<?xml version="1.0" encoding="UTF-8"?>
<!DOCTYPE html PUBLIC "-//W3C//DTD XHTML 1.0 Transitional//EN"
    "http://www.w3.org/TR/xhtml1/DTD/xhtml1-transitional.dtd">
<html xmlns="http://www.w3.org/1999/xhtml" xml:lang="en" lang="en">
 <head>
  <title>
</title>
<meta http-equiv="Content-Type" content="text/html;charset=utf-8" />
  <meta name='ocr-system' content='tesseract 3.04.00' />
  <meta name='ocr-capabilities' content='ocr_page ocr_carea ocr_par ocr_line ocrx_word'/>
</head>
<body>
  <div class='ocr_page' id='page_1' title='image "./operaquaesupers00halmgoog/operaquaesupers00halmgoog_0477.png"; bbox 0 0 4342 7459; ppageno 0'>
   <div class='ocr_carea' id='block_1_1' title="bbox 700 1250 1737 1344">
    <p class='ocr_par' dir='ltr' id='par_1_1' title="bbox 700 1250 1737 1344">
     <span class='ocr_line' id='line_1_1' title="bbox 700 1250 1737 1344; baseline -0.011 -17"><span class='ocrx_word' id='word_1_1' title='bbox 700 1264 767 1328; x_wconf 70' lang='lat' dir='ltr'><strong>aa.</strong></span> <span class='ocrx_word' id='word_1_2' title='bbox 788 1261 845 1326; x_wconf 90' lang='lat' dir='ltr'><strong>m.</strong></span> <span class='ocrx_word' id='word_1_3' title='bbox 874 1260 948 1327; x_wconf 64' lang='lat' dir='ltr'><strong>cir.</strong></span> <span class='ocrx_word' id='word_1_4' title='bbox 971 1259 1196 1325; x_wconf 83' lang='lat' dir='ltr'><strong>xvv-xvn</strong></span> <span class='ocrx_word' id='word_1_5' title='bbox 1225 1257 1272 1344; x_wconf 73' lang='lat' dir='ltr'><strong>sy</strong></span> <span class='ocrx_word' id='word_1_6' title='bbox 1293 1253 1442 1323; x_wconf 81' lang='lat' dir='ltr'><strong>ao-u.</strong></span> <span class='ocrx_word' id='word_1_7' title='bbox 1680 1250 1737 1317; x_wconf 71' lang='lat' dir='ltr'><strong>aar</strong></span> 
     </span>
    </p>
   </div>
   <div class='ocr_carea' id='block_1_2' title="bbox 386 1416 1798 3768">
    <p class='ocr_par' dir='ltr' id='par_1_2' title="bbox 407 1416 1745 1510">
     <span class='ocr_line' id='line_1_2' title="bbox 407 1416 1745 1510; baseline -0.007 -17"><span class='ocrx_word' id='word_1_8' title='bbox 407 1448 480 1494; x_wconf 75' lang='lat' dir='ltr'><strong>aasz</strong></span> <span class='ocrx_word' id='word_1_9' title='bbox 502 1424 760 1510; x_wconf 82' lang='lat' dir='ltr'><strong>antiquissimum</strong></span> <span class='ocrx_word' id='word_1_10' title='bbox 781 1424 856 1486; x_wconf 91' lang='lat' dir='ltr'><strong>love</strong></span> <span class='ocrx_word' id='word_1_11' title='bbox 870 1430 996 1496; x_wconf 89' lang='lat' dir='ltr'><strong>natum,</strong></span> <span class='ocrx_word' id='word_1_12' title='bbox 1020 1420 1077 1484; x_wconf 90' lang='lat' dir='ltr'><strong>sed</strong></span> <span class='ocrx_word' id='word_1_13' title='bbox 1092 1422 1166 1485; x_wconf 90' lang='lat' dir='ltr'><strong>item</strong></span> <span class='ocrx_word' id='word_1_14' title='bbox 1182 1421 1258 1484; x_wconf 90' lang='lat' dir='ltr'><strong>love</strong></span> <span class='ocrx_word' id='word_1_15' title='bbox 1273 1416 1495 1504; x_wconf 86' lang='lat' dir='ltr'><strong>antiquissimo</strong></span> <span class='ocrx_word' id='word_1_16' title='bbox 1511 1444 1543 1457; x_wconf 88' lang='grc'><strong>-·</strong></span> <span class='ocrx_word' id='word_1_17' title='bbox 1565 1435 1639 1480; x_wconf 89' lang='lat' dir='ltr'><strong>nam</strong></span> <span class='ocrx_word' id='word_1_18' title='bbox 1653 1418 1745 1483; x_wconf 89' lang='lat' dir='ltr'><strong>loves</strong></span> 
     </span>
    </p>

    <p class='ocr_par' dir='ltr' id='par_1_3' title="bbox 408 1512 1748 1607">
     <span class='ocr_line' id='line_1_3' title="bbox 408 1512 1748 1607; baseline -0.008 -20"><span class='ocrx_word' id='word_1_19' title='bbox 408 1541 540 1607; x_wconf 88' lang='lat' dir='ltr'><strong>quoque</strong></span> <span class='ocrx_word' id='word_1_20' title='bbox 563 1520 664 1604; x_wconf 88' lang='lat' dir='ltr'><strong>pluris</strong></span> <span class='ocrx_word' id='word_1_21' title='bbox 681 1520 714 1582; x_wconf 93' lang='lat' dir='ltr'><strong>in</strong></span> <span class='ocrx_word' id='word_1_22' title='bbox 737 1518 849 1603; x_wconf 80' lang='lat' dir='ltr'><strong>priscis</strong></span> <span class='ocrx_word' id='word_1_23' title='bbox 865 1517 1056 1579; x_wconf 87' lang='lat' dir='ltr'><strong>Graecorum</strong></span> <span class='ocrx_word' id='word_1_24' title='bbox 1078 1515 1192 1578; x_wconf 90' lang='lat' dir='ltr'><strong>litteris</strong></span> <span class='ocrx_word' id='word_1_25' title='bbox 1214 1516 1393 1579; x_wconf 79' lang='lat' dir='ltr'><strong>invenimus</strong></span> <span class='ocrx_word' id='word_1_26' title='bbox 1408 1534 1467 1588; x_wconf 82' lang='lat'><strong>—3</strong></span> <span class='ocrx_word' id='word_1_27' title='bbox 1489 1531 1528 1574; x_wconf 81' lang='lat' dir='ltr'><strong>ex</strong></span> <span class='ocrx_word' id='word_1_28' title='bbox 1544 1531 1583 1574; x_wconf 85' lang='lat' dir='ltr'><strong>eo</strong></span> <span class='ocrx_word' id='word_1_29' title='bbox 1605 1512 1702 1594; x_wconf 78' lang='lat' dir='ltr'><strong>igitur</strong></span> <span class='ocrx_word' id='word_1_30' title='bbox 1715 1520 1748 1576; x_wconf 90' lang='lat' dir='ltr'><strong>et</strong></span> 
     </span>
    </p>

    <p class='ocr_par' dir='ltr' id='par_1_4' title="bbox 410 1604 1746 1701">
     <span class='ocr_line' id='line_1_4' title="bbox 410 1604 1746 1701; baseline -0.007 -21"><span class='ocrx_word' id='word_1_31' title='bbox 410 1617 564 1701; x_wconf 69' lang='lat' dir='ltr'><strong>Lysithoe</strong></span> <span class='ocrx_word' id='word_1_32' title='bbox 594 1621 642 1677; x_wconf 82' lang='lat' dir='ltr'><strong>est</strong></span> <span class='ocrx_word' id='word_1_33' title='bbox 672 1614 700 1675; x_wconf 87' lang='lat' dir='ltr'><strong>is</strong></span> <span class='ocrx_word' id='word_1_34' title='bbox 725 1612 896 1686; x_wconf 86' lang='lat' dir='ltr'><strong>Hercules,</strong></span> <span class='ocrx_word' id='word_1_35' title='bbox 927 1631 1021 1693; x_wconf 92' lang='lat' dir='ltr'><strong>quem</strong></span> <span class='ocrx_word' id='word_1_36' title='bbox 1043 1609 1274 1674; x_wconf 80' lang='lat' dir='ltr'><strong>concertavisse</strong></span> <span class='ocrx_word' id='word_1_37' title='bbox 1296 1630 1367 1673; x_wconf 93' lang='lat' dir='ltr'><strong>cum</strong></span> <span class='ocrx_word' id='word_1_38' title='bbox 1389 1607 1535 1690; x_wconf 76' lang='lat' dir='ltr'><strong>Apolline</strong></span> <span class='ocrx_word' id='word_1_39' title='bbox 1559 1604 1598 1668; x_wconf 92' lang='lat' dir='ltr'><strong>de</strong></span> <span class='ocrx_word' id='word_1_40' title='bbox 1621 1608 1746 1691; x_wconf 90' lang='lat' dir='ltr'><strong>tripode</strong></span> 
     </span>
    </p>

    <p class='ocr_par' dir='ltr' id='par_1_5' title="bbox 411 1701 1747 1793">
     <span class='ocr_line' id='line_1_5' title="bbox 411 1701 1747 1793; baseline -0.007 -19"><span class='ocrx_word' id='word_1_41' title='bbox 411 1712 605 1793; x_wconf 89' lang='lat' dir='ltr'><strong>accepimus.</strong></span> <span class='ocrx_word' id='word_1_42' title='bbox 641 1708 730 1770; x_wconf 82' lang='lat' dir='ltr'><strong>Alter</strong></span> <span class='ocrx_word' id='word_1_43' title='bbox 759 1707 893 1769; x_wconf 80' lang='lat' dir='ltr'><strong>traditur</strong></span> <span class='ocrx_word' id='word_1_44' title='bbox 917 1705 992 1768; x_wconf 91' lang='lat' dir='ltr'><strong>Nilo</strong></span> <span class='ocrx_word' id='word_1_45' title='bbox 1023 1713 1116 1767; x_wconf 91' lang='lat' dir='ltr'><strong>natus</strong></span> <span class='ocrx_word' id='word_1_46' title='bbox 1144 1706 1334 1788; x_wconf 75' lang='lat' dir='ltr'><strong>Aegyptius,</strong></span> <span class='ocrx_word' id='word_1_47' title='bbox 1365 1723 1460 1787; x_wconf 87' lang='lat' dir='ltr'><strong>quem</strong></span> <span class='ocrx_word' id='word_1_48' title='bbox 1486 1705 1575 1765; x_wconf 90' lang='lat' dir='ltr'><strong>aiunt</strong></span> <span class='ocrx_word' id='word_1_49' title='bbox 1596 1701 1747 1786; x_wconf 77' lang='lat' dir='ltr'><strong>Phrygias</strong></span> 
     </span>
    </p>

    <p class='ocr_par' dir='ltr' id='par_1_6' title="bbox 412 1798 1773 1978">
     <span class='ocr_line' id='line_1_6' title="bbox 412 1798 1773 1884; baseline -0.007 -15"><span class='ocrx_word' id='word_1_50' title='bbox 412 1803 533 1869; x_wconf 83' lang='lat' dir='ltr'><strong>litteras</strong></span> <span class='ocrx_word' id='word_1_51' title='bbox 555 1802 792 1884; x_wconf 85' lang='lat' dir='ltr'><strong>conscripsisse.</strong></span> <span class='ocrx_word' id='word_1_52' title='bbox 828 1799 953 1862; x_wconf 88' lang='lat' dir='ltr'><strong>Tertius</strong></span> <span class='ocrx_word' id='word_1_53' title='bbox 976 1807 1024 1862; x_wconf 90' lang='lat' dir='ltr'><strong>est</strong></span> <span class='ocrx_word' id='word_1_54' title='bbox 1045 1818 1087 1862; x_wconf 84' lang='lat' dir='ltr'><strong>ex</strong></span> <span class='ocrx_word' id='word_1_55' title='bbox 1108 1798 1212 1861; x_wconf 84' lang='lat' dir='ltr'><strong>Idaeis</strong></span> <span class='ocrx_word' id='word_1_56' title='bbox 1234 1800 1361 1882; x_wconf 73' lang='lat' dir='ltr'><strong>Digitio,</strong></span> <span class='ocrx_word' id='word_1_57' title='bbox 1383 1800 1432 1862; x_wconf 91' lang='lat' dir='ltr'><strong>cui</strong></span> <span class='ocrx_word' id='word_1_58' title='bbox 1447 1799 1577 1866; x_wconf 79' lang='lat' dir='ltr'><strong>inferias</strong></span> <span class='ocrx_word' id='word_1_59' title='bbox 1591 1800 1773 1864; x_wconf 78' lang='lat' dir='ltr'><strong>adseruato</strong></span> 
     </span>
     <span class='ocr_line' id='line_1_7' title="bbox 414 1892 1750 1978; baseline -0.001 -17"><span class='ocrx_word' id='word_1_60' title='bbox 414 1898 555 1975; x_wconf 85' lang='lat' dir='ltr'><strong>Quartus</strong></span> <span class='ocrx_word' id='word_1_61' title='bbox 575 1896 661 1959; x_wconf 92' lang='lat' dir='ltr'><strong>lovis</strong></span> <span class='ocrx_word' id='word_1_62' title='bbox 684 1902 733 1957; x_wconf 88' lang='lat' dir='ltr'><strong>est</strong></span> <span class='ocrx_word' id='word_1_63' title='bbox 754 1904 787 1958; x_wconf 90' lang='lat' dir='ltr'><strong>et</strong></span> <span class='ocrx_word' id='word_1_64' title='bbox 808 1894 969 1967; x_wconf 79' lang='lat' dir='ltr'><strong>Asteriae,</strong></span> <span class='ocrx_word' id='word_1_65' title='bbox 992 1894 1131 1956; x_wconf 87' lang='lat' dir='ltr'><strong>Latonae</strong></span> <span class='ocrx_word' id='word_1_66' title='bbox 1154 1892 1288 1966; x_wconf 89' lang='lat' dir='ltr'><strong>sororis,</strong></span> <span class='ocrx_word' id='word_1_67' title='bbox 1311 1892 1367 1977; x_wconf 88' lang='lat' dir='ltr'><strong>qui</strong></span> <span class='ocrx_word' id='word_1_68' title='bbox 1381 1894 1456 1978; x_wconf 87' lang='lat' dir='ltr'><strong>Tyri</strong></span> <span class='ocrx_word' id='word_1_69' title='bbox 1472 1898 1610 1960; x_wconf 86' lang='lat' dir='ltr'><strong>maxime</strong></span> <span class='ocrx_word' id='word_1_70' title='bbox 1626 1897 1750 1973; x_wconf 88' lang='lat' dir='ltr'><strong>coliiur,</strong></span> 
     </span>
    </p>

    <p class='ocr_par' dir='ltr' id='par_1_7' title="bbox 414 1985 1750 2073">
     <span class='ocr_line' id='line_1_8' title="bbox 414 1985 1750 2073; baseline -0.004 -16"><span class='ocrx_word' id='word_1_71' title='bbox 414 1994 505 2058; x_wconf 88' lang='lat' dir='ltr'><strong>cuius</strong></span> <span class='ocrx_word' id='word_1_72' title='bbox 532 1989 758 2073; x_wconf 73' lang='lat' dir='ltr'><strong>Karthaginem</strong></span> <span class='ocrx_word' id='word_1_73' title='bbox 787 1985 883 2051; x_wconf 86' lang='lat' dir='ltr'><strong>liliam</strong></span> <span class='ocrx_word' id='word_1_74' title='bbox 912 1986 1029 2050; x_wconf 84' lang='lat' dir='ltr'><strong>serunt.</strong></span> <span class='ocrx_word' id='word_1_75' title='bbox 1072 1987 1211 2061; x_wconf 89' lang='lat' dir='ltr'><strong>Quintus</strong></span> <span class='ocrx_word' id='word_1_76' title='bbox 1239 1986 1275 2049; x_wconf 90' lang='lat' dir='ltr'><strong>iu</strong></span> <span class='ocrx_word' id='word_1_77' title='bbox 1299 1987 1406 2063; x_wconf 88' lang='lat' dir='ltr'><strong>ludia,</strong></span> <span class='ocrx_word' id='word_1_78' title='bbox 1429 1989 1485 2072; x_wconf 83' lang='lat' dir='ltr'><strong>qui</strong></span> <span class='ocrx_word' id='word_1_79' title='bbox 1507 1988 1602 2053; x_wconf 89' lang='lat' dir='ltr'><strong>Belus</strong></span> <span class='ocrx_word' id='word_1_80' title='bbox 1624 1989 1750 2053; x_wconf 85' lang='lat' dir='ltr'><strong>dicitnr.</strong></span> 
     </span>
    </p>

    <p class='ocr_par' dir='ltr' id='par_1_8' title="bbox 414 2080 1752 2169">
     <span class='ocr_line' id='line_1_9' title="bbox 414 2080 1752 2169; baseline -0.001 -19"><span class='ocrx_word' id='word_1_81' title='bbox 414 2087 532 2150; x_wconf 85' lang='lat' dir='ltr'><strong>Sextus</strong></span> <span class='ocrx_word' id='word_1_82' title='bbox 553 2085 605 2149; x_wconf 91' lang='lat' dir='ltr'><strong>hic</strong></span> <span class='ocrx_word' id='word_1_83' title='bbox 627 2105 669 2148; x_wconf 86' lang='lat' dir='ltr'><strong>ex</strong></span> <span class='ocrx_word' id='word_1_84' title='bbox 688 2084 857 2157; x_wconf 89' lang='lat' dir='ltr'><strong>Alcmena,</strong></span> <span class='ocrx_word' id='word_1_85' title='bbox 880 2102 975 2166; x_wconf 90' lang='lat' dir='ltr'><strong>quem</strong></span> <span class='ocrx_word' id='word_1_86' title='bbox 990 2081 1133 2164; x_wconf 88' lang='lat' dir='ltr'><strong>luppiter</strong></span> <span class='ocrx_word' id='word_1_87' title='bbox 1149 2080 1274 2164; x_wconf 73' lang='lat' dir='ltr'><strong>genuit,</strong></span> <span class='ocrx_word' id='word_1_88' title='bbox 1296 2082 1353 2146; x_wconf 90' lang='lat' dir='ltr'><strong>sed</strong></span> <span class='ocrx_word' id='word_1_89' title='bbox 1368 2083 1481 2147; x_wconf 88' lang='lat' dir='ltr'><strong>tertius</strong></span> <span class='ocrx_word' id='word_1_90' title='bbox 1496 2084 1648 2168; x_wconf 88' lang='lat' dir='ltr'><strong>luppiter,</strong></span> <span class='ocrx_word' id='word_1_91' title='bbox 1670 2103 1752 2169; x_wconf 88' lang='lat' dir='ltr'><strong>quo-</strong></span> 
     </span>
    </p>

    <p class='ocr_par' dir='ltr' id='par_1_9' title="bbox 416 2174 1390 2261">
     <span class='ocr_line' id='line_1_10' title="bbox 416 2174 1390 2261; baseline -0.005 -17"><span class='ocrx_word' id='word_1_92' title='bbox 416 2182 520 2254; x_wconf 89' lang='lat' dir='ltr'><strong>niam,</strong></span> <span class='ocrx_word' id='word_1_93' title='bbox 542 2181 664 2243; x_wconf 92' lang='lat' dir='ltr'><strong>utiam</strong></span> <span class='ocrx_word' id='word_1_94' title='bbox 686 2178 822 2254; x_wconf 89' lang='lat' dir='ltr'><strong>docebo,</strong></span> <span class='ocrx_word' id='word_1_95' title='bbox 844 2175 945 2261; x_wconf 87' lang='lat' dir='ltr'><strong>pluvis</strong></span> <span class='ocrx_word' id='word_1_96' title='bbox 967 2176 1059 2238; x_wconf 91' lang='lat' dir='ltr'><strong>loves</strong></span> <span class='ocrx_word' id='word_1_97' title='bbox 1082 2174 1176 2238; x_wconf 85' lang='lat' dir='ltr'><strong>etiam</strong></span> <span class='ocrx_word' id='word_1_98' title='bbox 1200 2176 1390 2259; x_wconf 86' lang='lat' dir='ltr'><strong>accepimus.</strong></span> 
     </span>
    </p>

    <p class='ocr_par' dir='ltr' id='par_1_10' title="bbox 386 2267 1798 3768">
     <span class='ocr_line' id='line_1_11' title="bbox 499 2267 1790 2348; baseline 0.002 -12"><span class='ocrx_word' id='word_1_99' title='bbox 499 2273 597 2336; x_wconf 80' lang='lat' dir='ltr'><strong>xvii.</strong></span> <span class='ocrx_word' id='word_1_100' title='bbox 619 2270 671 2335; x_wconf 75' lang='grc'><strong>43.</strong></span> <span class='ocrx_word' id='word_1_101' title='bbox 702 2272 839 2347; x_wconf 88' lang='lat' dir='ltr'><strong>Quando</strong></span> <span class='ocrx_word' id='word_1_102' title='bbox 865 2271 949 2333; x_wconf 90' lang='lat' dir='ltr'><strong>enim</strong></span> <span class='ocrx_word' id='word_1_103' title='bbox 972 2269 1078 2331; x_wconf 92' lang='lat' dir='ltr'><strong>mein</strong></span> <span class='ocrx_word' id='word_1_104' title='bbox 1101 2268 1185 2332; x_wconf 90' lang='lat' dir='ltr'><strong>hune</strong></span> <span class='ocrx_word' id='word_1_105' title='bbox 1207 2267 1312 2332; x_wconf 89' lang='lat' dir='ltr'><strong>locum</strong></span> <span class='ocrx_word' id='word_1_106' title='bbox 1334 2269 1469 2336; x_wconf 85' lang='lat' dir='ltr'><strong>deduxit</strong></span> <span class='ocrx_word' id='word_1_107' title='bbox 1490 2274 1608 2348; x_wconf 89' lang='lat' dir='ltr'><strong>oratio,</strong></span> <span class='ocrx_word' id='word_1_108' title='bbox 1630 2273 1752 2339; x_wconf 88' lang='lat' dir='ltr'><strong>docebo</strong></span> <span class='ocrx_word' id='word_1_109' title='bbox 1762 2280 1790 2327; x_wconf 77' lang='lat'><strong>⁴⁰</strong></span> 
     </span>
     <span class='ocr_line' id='line_1_12' title="bbox 418 2363 1752 2449; baseline 0.001 -18"><span class='ocrx_word' id='word_1_110' title='bbox 418 2369 551 2432; x_wconf 89' lang='lat' dir='ltr'><strong>meliora</strong></span> <span class='ocrx_word' id='word_1_111' title='bbox 572 2387 623 2431; x_wconf 92' lang='lat' dir='ltr'><strong>me</strong></span> <span class='ocrx_word' id='word_1_112' title='bbox 645 2366 796 2430; x_wconf 90' lang='lat' dir='ltr'><strong>didicisse</strong></span> <span class='ocrx_word' id='word_1_113' title='bbox 818 2364 858 2428; x_wconf 89' lang='lat' dir='ltr'><strong>de</strong></span> <span class='ocrx_word' id='word_1_114' title='bbox 880 2364 1021 2429; x_wconf 87' lang='lat' dir='ltr'><strong>colendis</strong></span> <span class='ocrx_word' id='word_1_115' title='bbox 1043 2364 1093 2426; x_wconf 91' lang='lat' dir='ltr'><strong>dis</strong></span> <span class='ocrx_word' id='word_1_116' title='bbox 1115 2363 1337 2427; x_wconf 80' lang='lat' dir='ltr'><strong>inmortalibus</strong></span> <span class='ocrx_word' id='word_1_117' title='bbox 1357 2365 1427 2429; x_wconf 89' lang='lat' dir='ltr'><strong>inre</strong></span> <span class='ocrx_word' id='word_1_118' title='bbox 1441 2365 1605 2449; x_wconf 88' lang='lat' dir='ltr'><strong>pontificio</strong></span> <span class='ocrx_word' id='word_1_119' title='bbox 1620 2375 1652 2432; x_wconf 87' lang='lat' dir='ltr'><strong>et</strong></span> <span class='ocrx_word' id='word_1_120' title='bbox 1665 2387 1752 2432; x_wconf 89' lang='lat' dir='ltr'><strong>more</strong></span> 
     </span>
     <span class='ocr_line' id='line_1_13' title="bbox 418 2455 1754 2545; baseline 0.001 -20"><span class='ocrx_word' id='word_1_121' title='bbox 418 2464 573 2527; x_wconf 89' lang='lat' dir='ltr'><strong>maiorum</strong></span> <span class='ocrx_word' id='word_1_122' title='bbox 595 2460 822 2545; x_wconf 89' lang='lat' dir='ltr'><strong>capedunculis</strong></span> <span class='ocrx_word' id='word_1_123' title='bbox 843 2460 901 2535; x_wconf 92' lang='lat' dir='ltr'><strong>iis,</strong></span> <span class='ocrx_word' id='word_1_124' title='bbox 931 2478 1010 2542; x_wconf 84' lang='lat' dir='ltr'><strong>quas</strong></span> <span class='ocrx_word' id='word_1_125' title='bbox 1030 2459 1133 2521; x_wconf 86' lang='lat' dir='ltr'><strong>Numa</strong></span> <span class='ocrx_word' id='word_1_126' title='bbox 1154 2455 1246 2521; x_wconf 89' lang='lat' dir='ltr'><strong>nohis</strong></span> <span class='ocrx_word' id='word_1_127' title='bbox 1267 2458 1412 2542; x_wconf 87' lang='lat' dir='ltr'><strong>reliquit,</strong></span> <span class='ocrx_word' id='word_1_128' title='bbox 1440 2460 1481 2523; x_wconf 91' lang='lat' dir='ltr'><strong>de</strong></span> <span class='ocrx_word' id='word_1_129' title='bbox 1503 2461 1621 2545; x_wconf 86' lang='lat' dir='ltr'><strong>quihus</strong></span> <span class='ocrx_word' id='word_1_130' title='bbox 1642 2461 1676 2524; x_wconf 89' lang='lat' dir='ltr'><strong>iu</strong></span> <span class='ocrx_word' id='word_1_131' title='bbox 1698 2459 1754 2527; x_wconf 90' lang='lat' dir='ltr'><strong>illa</strong></span> 
     </span>
     <span class='ocr_line' id='line_1_14' title="bbox 417 2551 1753 2634; baseline -0.002 -11"><span class='ocrx_word' id='word_1_132' title='bbox 417 2556 548 2623; x_wconf 85' lang='lat' dir='ltr'><strong>aureole</strong></span> <span class='ocrx_word' id='word_1_133' title='bbox 571 2554 768 2619; x_wconf 86' lang='lat' dir='ltr'><strong>oratiuncula</strong></span> <span class='ocrx_word' id='word_1_134' title='bbox 791 2552 868 2617; x_wconf 87' lang='lat' dir='ltr'><strong>dicit</strong></span> <span class='ocrx_word' id='word_1_135' title='bbox 884 2551 1032 2625; x_wconf 77' lang='lat' dir='ltr'><strong>haelias,</strong></span> <span class='ocrx_word' id='word_1_136' title='bbox 1062 2570 1157 2634; x_wconf 89' lang='lat' dir='ltr'><strong>quam</strong></span> <span class='ocrx_word' id='word_1_137' title='bbox 1184 2552 1362 2616; x_wconf 89' lang='lat' dir='ltr'><strong>rationibus</strong></span> <span class='ocrx_word' id='word_1_138' title='bbox 1386 2553 1575 2619; x_wconf 88' lang='lat' dir='ltr'><strong>Stoicorum.</strong></span> <span class='ocrx_word' id='word_1_139' title='bbox 1612 2554 1645 2619; x_wconf 89' lang='lat' dir='ltr'><strong>Si</strong></span> <span class='ocrx_word' id='word_1_140' title='bbox 1668 2556 1753 2621; x_wconf 85' lang='lat' dir='ltr'><strong>enim</strong></span> 
     </span>
     <span class='ocr_line' id='line_1_15' title="bbox 417 2644 1753 2733; baseline 0 -18"><span class='ocrx_word' id='word_1_141' title='bbox 417 2670 474 2715; x_wconf 90' lang='lat' dir='ltr'><strong>vos</strong></span> <span class='ocrx_word' id='word_1_142' title='bbox 496 2669 628 2733; x_wconf 89' lang='lat' dir='ltr'><strong>sequar,</strong></span> <span class='ocrx_word' id='word_1_143' title='bbox 650 2648 702 2712; x_wconf 88' lang='lat' dir='ltr'><strong>dic</strong></span> <span class='ocrx_word' id='word_1_144' title='bbox 719 2645 796 2731; x_wconf 88' lang='lat' dir='ltr'><strong>qaid</strong></span> <span class='ocrx_word' id='word_1_145' title='bbox 812 2648 842 2711; x_wconf 89' lang='lat' dir='ltr'><strong>ei</strong></span> <span class='ocrx_word' id='word_1_146' title='bbox 856 2644 1083 2730; x_wconf 86' lang='lat' dir='ltr'><strong>respondeam,</strong></span> <span class='ocrx_word' id='word_1_147' title='bbox 1108 2646 1162 2730; x_wconf 87' lang='lat' dir='ltr'><strong>qui</strong></span> <span class='ocrx_word' id='word_1_148' title='bbox 1178 2665 1228 2709; x_wconf 87' lang='lat' dir='ltr'><strong>ma</strong></span> <span class='ocrx_word' id='word_1_149' title='bbox 1243 2648 1289 2711; x_wconf 89' lang='lat' dir='ltr'><strong>sic</strong></span> <span class='ocrx_word' id='word_1_150' title='bbox 1302 2654 1412 2730; x_wconf 79' lang='lat' dir='ltr'><strong>roget:</strong></span> <span class='ocrx_word' id='word_1_151' title='bbox 1435 2649 1516 2712; x_wconf 90' lang='lat' dir='ltr'><strong>Sidi</strong></span> <span class='ocrx_word' id='word_1_152' title='bbox 1532 2659 1617 2724; x_wconf 87' lang='lat' dir='ltr'><strong>sant,</strong></span> <span class='ocrx_word' id='word_1_153' title='bbox 1639 2658 1753 2715; x_wconf 86' lang='lat' dir='ltr'><strong>suntne</strong></span> 
     </span>
     <span class='ocr_line' id='line_1_16' title="bbox 418 2738 1792 2830; baseline -0.003 -19"><span class='ocrx_word' id='word_1_154' title='bbox 418 2746 513 2811; x_wconf 87' lang='lat' dir='ltr'><strong>etiam</strong></span> <span class='ocrx_word' id='word_1_155' title='bbox 535 2740 698 2830; x_wconf 75' lang='lat' dir='ltr'><strong>Nymphae</strong></span> <span class='ocrx_word' id='word_1_156' title='bbox 722 2741 827 2804; x_wconf 81' lang='lat' dir='ltr'><strong>deaei</strong></span> <span class='ocrx_word' id='word_1_157' title='bbox 856 2740 882 2804; x_wconf 93' lang='lat' dir='ltr'><strong>si</strong></span> <span class='ocrx_word' id='word_1_158' title='bbox 905 2739 1085 2824; x_wconf 84' lang='lat' dir='ltr'><strong>Nymphae,</strong></span> <span class='ocrx_word' id='word_1_159' title='bbox 1114 2738 1238 2803; x_wconf 85' lang='lat' dir='ltr'><strong>Panisci</strong></span> <span class='ocrx_word' id='word_1_160' title='bbox 1260 2742 1355 2804; x_wconf 87' lang='lat' dir='ltr'><strong>etiam</strong></span> <span class='ocrx_word' id='word_1_161' title='bbox 1376 2748 1409 2806; x_wconf 89' lang='lat' dir='ltr'><strong>et</strong></span> <span class='ocrx_word' id='word_1_162' title='bbox 1431 2741 1557 2828; x_wconf 75' lang='lat' dir='ltr'><strong>satyrii</strong></span> <span class='ocrx_word' id='word_1_163' title='bbox 1584 2743 1627 2808; x_wconf 83' lang='lat' dir='ltr'><strong>lli</strong></span> <span class='ocrx_word' id='word_1_164' title='bbox 1647 2749 1792 2810; x_wconf 70' lang='lat' dir='ltr'><strong>autemtb</strong></span> 
     </span>
     <span class='ocr_line' id='line_1_17' title="bbox 418 2833 1755 2924; baseline -0.001 -21"><span class='ocrx_word' id='word_1_165' title='bbox 418 2859 484 2903; x_wconf 92' lang='lat' dir='ltr'><strong>non</strong></span> <span class='ocrx_word' id='word_1_166' title='bbox 511 2846 604 2902; x_wconf 87' lang='lat' dir='ltr'><strong>sunt:</strong></span> <span class='ocrx_word' id='word_1_167' title='bbox 634 2856 675 2900; x_wconf 93' lang='lat' dir='ltr'><strong>ne</strong></span> <span class='ocrx_word' id='word_1_168' title='bbox 702 2835 867 2920; x_wconf 79' lang='lat' dir='ltr'><strong>Nymphae</strong></span> <span class='ocrx_word' id='word_1_169' title='bbox 892 2834 1022 2918; x_wconf 89' lang='lat' dir='ltr'><strong>quidem</strong></span> <span class='ocrx_word' id='word_1_170' title='bbox 1050 2833 1172 2915; x_wconf 76' lang='lat' dir='ltr'><strong>igitur?</strong></span> <span class='ocrx_word' id='word_1_171' title='bbox 1201 2836 1241 2897; x_wconf 93' lang='lat' dir='ltr'><strong>At</strong></span> <span class='ocrx_word' id='word_1_172' title='bbox 1263 2854 1371 2899; x_wconf 90' lang='lat' dir='ltr'><strong>earnm</strong></span> <span class='ocrx_word' id='word_1_173' title='bbox 1393 2836 1511 2919; x_wconf 85' lang='lat' dir='ltr'><strong>templa</strong></span> <span class='ocrx_word' id='word_1_174' title='bbox 1532 2846 1607 2903; x_wconf 89' lang='lat' dir='ltr'><strong>sunt</strong></span> <span class='ocrx_word' id='word_1_175' title='bbox 1626 2838 1755 2924; x_wconf 91' lang='lat' dir='ltr'><strong>publice</strong></span> 
     </span>
     <span class='ocr_line' id='line_1_18' title="bbox 419 2926 1755 3016; baseline -0.001 -19"><span class='ocrx_word' id='word_1_176' title='bbox 419 2939 493 2997; x_wconf 87' lang='lat' dir='ltr'><strong>vota</strong></span> <span class='ocrx_word' id='word_1_177' title='bbox 515 2942 548 2996; x_wconf 88' lang='lat' dir='ltr'><strong>et</strong></span> <span class='ocrx_word' id='word_1_178' title='bbox 568 2929 722 2995; x_wconf 85' lang='lat' dir='ltr'><strong>dedicata.</strong></span> <span class='ocrx_word' id='word_1_179' title='bbox 758 2930 805 2991; x_wconf 91' lang='lat' dir='ltr'><strong>Ne</strong></span> <span class='ocrx_word' id='word_1_180' title='bbox 828 2929 925 2992; x_wconf 91' lang='lat' dir='ltr'><strong>ceteri</strong></span> <span class='ocrx_word' id='word_1_181' title='bbox 947 2926 1075 3012; x_wconf 91' lang='lat' dir='ltr'><strong>quidem</strong></span> <span class='ocrx_word' id='word_1_182' title='bbox 1099 2946 1174 3009; x_wconf 73' lang='lat' dir='ltr'><strong>ergo</strong></span> <span class='ocrx_word' id='word_1_183' title='bbox 1197 2926 1245 3002; x_wconf 91' lang='lat' dir='ltr'><strong>di,</strong></span> <span class='ocrx_word' id='word_1_184' title='bbox 1273 2949 1409 3012; x_wconf 88' lang='lat' dir='ltr'><strong>quorum</strong></span> <span class='ocrx_word' id='word_1_185' title='bbox 1430 2931 1548 3016; x_wconf 89' lang='lat' dir='ltr'><strong>templa</strong></span> <span class='ocrx_word' id='word_1_186' title='bbox 1569 2940 1644 2996; x_wconf 91' lang='lat' dir='ltr'><strong>sunt</strong></span> <span class='ocrx_word' id='word_1_187' title='bbox 1664 2931 1755 2995; x_wconf 89' lang='lat' dir='ltr'><strong>dedi·</strong></span> 
     </span>
     <span class='ocr_line' id='line_1_19' title="bbox 420 3022 1757 3115; baseline 0 -24"><span class='ocrx_word' id='word_1_188' title='bbox 420 3030 515 3091; x_wconf 82' lang='lat' dir='ltr'><strong>catal</strong></span> <span class='ocrx_word' id='word_1_189' title='bbox 538 3026 604 3110; x_wconf 74' lang='lat' dir='ltr'><strong>Age</strong></span> <span class='ocrx_word' id='word_1_190' title='bbox 626 3044 741 3108; x_wconf 87' lang='lat' dir='ltr'><strong>porro:</strong></span> <span class='ocrx_word' id='word_1_191' title='bbox 766 3024 871 3086; x_wconf 90' lang='lat' dir='ltr'><strong>lovem</strong></span> <span class='ocrx_word' id='word_1_192' title='bbox 891 3029 923 3085; x_wconf 89' lang='lat' dir='ltr'><strong>et</strong></span> <span class='ocrx_word' id='word_1_193' title='bbox 936 3024 1118 3103; x_wconf 89' lang='lat' dir='ltr'><strong>Neptunum</strong></span> <span class='ocrx_word' id='word_1_194' title='bbox 1134 3022 1229 3085; x_wconf 88' lang='lat' dir='ltr'><strong>deum</strong></span> <span class='ocrx_word' id='word_1_195' title='bbox 1244 3042 1415 3087; x_wconf 85' lang='lat' dir='ltr'><strong>numeras:</strong></span> <span class='ocrx_word' id='word_1_196' title='bbox 1437 3044 1515 3108; x_wconf 77' lang='lat' dir='ltr'><strong>ergo</strong></span> <span class='ocrx_word' id='word_1_197' title='bbox 1530 3026 1626 3093; x_wconf 84' lang='lat' dir='ltr'><strong>etiam</strong></span> <span class='ocrx_word' id='word_1_198' title='bbox 1643 3025 1757 3115; x_wconf 86' lang='lat' dir='ltr'><strong>Orcus,</strong></span> 
     </span>
     <span class='ocr_line' id='line_1_20' title="bbox 419 3111 1757 3200; baseline 0.001 -16"><span class='ocrx_word' id='word_1_199' title='bbox 419 3120 517 3184; x_wconf 80' lang='lat' dir='ltr'><strong>irater</strong></span> <span class='ocrx_word' id='word_1_200' title='bbox 545 3139 672 3193; x_wconf 90' lang='lat' dir='ltr'><strong>eornm,</strong></span> <span class='ocrx_word' id='word_1_201' title='bbox 702 3118 797 3191; x_wconf 90' lang='lat' dir='ltr'><strong>dens,</strong></span> <span class='ocrx_word' id='word_1_202' title='bbox 820 3115 935 3200; x_wconf 72' lang='lat' dir='ltr'><strong>atilli,</strong></span> <span class='ocrx_word' id='word_1_203' title='bbox 965 3116 1019 3199; x_wconf 88' lang='lat' dir='ltr'><strong>qui</strong></span> <span class='ocrx_word' id='word_1_204' title='bbox 1049 3111 1147 3177; x_wconf 80' lang='lat' dir='ltr'><strong>fluere</strong></span> <span class='ocrx_word' id='word_1_205' title='bbox 1169 3113 1254 3199; x_wconf 88' lang='lat' dir='ltr'><strong>apud</strong></span> <span class='ocrx_word' id='word_1_206' title='bbox 1276 3116 1397 3181; x_wconf 86' lang='lat' dir='ltr'><strong>interos</strong></span> <span class='ocrx_word' id='word_1_207' title='bbox 1419 3116 1578 3194; x_wconf 86' lang='lat' dir='ltr'><strong>dicuntur,</strong></span> <span class='ocrx_word' id='word_1_208' title='bbox 1599 3120 1757 3198; x_wconf 88' lang='lat' dir='ltr'><strong>Acheron,</strong></span> 
     </span>
     <span class='ocr_line' id='line_1_21' title="bbox 423 3209 1796 3299; baseline -0.005 -21"><span class='ocrx_word' id='word_1_209' title='bbox 423 3213 574 3299; x_wconf 82' lang='lat' dir='ltr'><strong>Cocytus,</strong></span> <span class='ocrx_word' id='word_1_210' title='bbox 594 3209 877 3298; x_wconf 74' lang='lat' dir='ltr'><strong>Pyriphlegethon,</strong></span> <span class='ocrx_word' id='word_1_211' title='bbox 900 3216 966 3272; x_wconf 89' lang='lat' dir='ltr'><strong>tum</strong></span> <span class='ocrx_word' id='word_1_212' title='bbox 987 3209 1129 3284; x_wconf 86' lang='lat' dir='ltr'><strong>Charon,</strong></span> <span class='ocrx_word' id='word_1_213' title='bbox 1151 3216 1217 3272; x_wconf 88' lang='lat' dir='ltr'><strong>tum</strong></span> <span class='ocrx_word' id='word_1_214' title='bbox 1234 3209 1387 3275; x_wconf 85' lang='lat' dir='ltr'><strong>Cerberus</strong></span> <span class='ocrx_word' id='word_1_215' title='bbox 1410 3210 1443 3275; x_wconf 91' lang='lat' dir='ltr'><strong>di</strong></span> <span class='ocrx_word' id='word_1_216' title='bbox 1464 3212 1607 3297; x_wconf 90' lang='lat' dir='ltr'><strong>putandi.</strong></span> <span class='ocrx_word' id='word_1_217' title='bbox 1650 3209 1702 3277; x_wconf 76' lang='lat' dir='ltr'><strong>ll.</strong></span> <span class='ocrx_word' id='word_1_218' title='bbox 1718 3216 1796 3278; x_wconf 81' lang='lat' dir='ltr'><strong>Atat</strong></span> 
     </span>
     <span class='ocr_line' id='line_1_22' title="bbox 422 3302 1758 3394; baseline 0 -23"><span class='ocrx_word' id='word_1_219' title='bbox 422 3306 456 3371; x_wconf 90' lang='lat' dir='ltr'><strong>id</strong></span> <span class='ocrx_word' id='word_1_220' title='bbox 481 3308 610 3391; x_wconf 88' lang='lat' dir='ltr'><strong>quidem</strong></span> <span class='ocrx_word' id='word_1_221' title='bbox 632 3304 876 3388; x_wconf 86' lang='lat' dir='ltr'><strong>repudiandum.</strong></span> <span class='ocrx_word' id='word_1_222' title='bbox 909 3305 957 3366; x_wconf 92' lang='lat' dir='ltr'><strong>Ne</strong></span> <span class='ocrx_word' id='word_1_223' title='bbox 980 3302 1080 3366; x_wconf 87' lang='lat' dir='ltr'><strong>Orcus</strong></span> <span class='ocrx_word' id='word_1_224' title='bbox 1102 3304 1232 3386; x_wconf 87' lang='lat' dir='ltr'><strong>quidem</strong></span> <span class='ocrx_word' id='word_1_225' title='bbox 1254 3305 1374 3389; x_wconf 73' lang='lat' dir='ltr'><strong>igitur?</strong></span> <span class='ocrx_word' id='word_1_226' title='bbox 1408 3304 1493 3381; x_wconf 91' lang='lat' dir='ltr'><strong>Quid</strong></span> <span class='ocrx_word' id='word_1_227' title='bbox 1509 3305 1613 3373; x_wconf 89' lang='lat' dir='ltr'><strong>dicitis</strong></span> <span class='ocrx_word' id='word_1_228' title='bbox 1628 3328 1703 3394; x_wconf 75' lang='lat' dir='ltr'><strong>ergo</strong></span> <span class='ocrx_word' id='word_1_229' title='bbox 1718 3306 1758 3371; x_wconf 91' lang='lat' dir='ltr'><strong>de</strong></span> 
     </span>
     <span class='ocr_line' id='line_1_23' title="bbox 420 3397 1758 3486; baseline 0.002 -22"><span class='ocrx_word' id='word_1_230' title='bbox 420 3400 596 3465; x_wconf 76' lang='lat' dir='ltr'><strong>iratribus?</strong></span> <span class='ocrx_word' id='word_1_231' title='bbox 627 3400 714 3463; x_wconf 85' lang='lat' dir='ltr'><strong>llaec</strong></span> <span class='ocrx_word' id='word_1_232' title='bbox 743 3397 922 3462; x_wconf 84' lang='lat' dir='ltr'><strong>Carneades</strong></span> <span class='ocrx_word' id='word_1_233' title='bbox 951 3397 1070 3473; x_wconf 87' lang='lat' dir='ltr'><strong>aiebat,</strong></span> <span class='ocrx_word' id='word_1_234' title='bbox 1098 3416 1163 3460; x_wconf 89' lang='lat' dir='ltr'><strong>non</strong></span> <span class='ocrx_word' id='word_1_235' title='bbox 1192 3404 1227 3460; x_wconf 93' lang='lat' dir='ltr'><strong>ut</strong></span> <span class='ocrx_word' id='word_1_236' title='bbox 1253 3399 1331 3462; x_wconf 91' lang='lat' dir='ltr'><strong>dens</strong></span> <span class='ocrx_word' id='word_1_237' title='bbox 1360 3399 1551 3464; x_wconf 89' lang='lat' dir='ltr'><strong>tolleret-</strong></span> <span class='ocrx_word' id='word_1_238' title='bbox 1572 3401 1651 3486; x_wconf 87' lang='lat' dir='ltr'><strong>quid</strong></span> <span class='ocrx_word' id='word_1_239' title='bbox 1674 3402 1758 3467; x_wconf 89' lang='lat' dir='ltr'><strong>enim</strong></span> 
     </span>
     <span class='ocr_line' id='line_1_24' title="bbox 422 3491 1758 3580; baseline 0.001 -21"><span class='ocrx_word' id='word_1_240' title='bbox 422 3493 613 3579; x_wconf 87' lang='lat' dir='ltr'><strong>philosopho</strong></span> <span class='ocrx_word' id='word_1_241' title='bbox 640 3494 743 3558; x_wconf 90' lang='lat' dir='ltr'><strong>minus</strong></span> <span class='ocrx_word' id='word_1_242' title='bbox 770 3493 986 3557; x_wconf 80' lang='lat' dir='ltr'><strong>conveniensi</strong></span> <span class='ocrx_word' id='word_1_243' title='bbox 1008 3523 1050 3537; x_wconf 90' lang='lat'>-</span> <span class='ocrx_word' id='word_1_244' title='bbox 1072 3492 1128 3553; x_wconf 91' lang='lat' dir='ltr'><strong>sed</strong></span> <span class='ocrx_word' id='word_1_245' title='bbox 1156 3498 1192 3554; x_wconf 90' lang='lat' dir='ltr'><strong>ut</strong></span> <span class='ocrx_word' id='word_1_246' title='bbox 1214 3491 1338 3557; x_wconf 86' lang='lat' dir='ltr'><strong>Stoicos</strong></span> <span class='ocrx_word' id='word_1_247' title='bbox 1360 3492 1440 3557; x_wconf 89' lang='lat' dir='ltr'><strong>nihil</strong></span> <span class='ocrx_word' id='word_1_248' title='bbox 1462 3494 1503 3560; x_wconf 85' lang='lat' dir='ltr'><strong>de</strong></span> <span class='ocrx_word' id='word_1_249' title='bbox 1525 3493 1575 3560; x_wconf 85' lang='lat' dir='ltr'><strong>dis</strong></span> <span class='ocrx_word' id='word_1_250' title='bbox 1597 3495 1758 3580; x_wconf 83' lang='lat' dir='ltr'><strong>explicare</strong></span> 
     </span>
     <span class='ocr_line' id='line_1_25' title="bbox 423 3585 1760 3671; baseline 0 -18"><span class='ocrx_word' id='word_1_251' title='bbox 423 3590 637 3654; x_wconf 89' lang='lat' dir='ltr'><strong>convinceret.</strong></span> <span class='ocrx_word' id='word_1_252' title='bbox 669 3589 781 3671; x_wconf 86' lang='lat' dir='ltr'><strong>ltaque</strong></span> <span class='ocrx_word' id='word_1_253' title='bbox 803 3586 1041 3670; x_wconf 86' lang='lat' dir='ltr'><strong>insequebatur.</strong></span> <span class='ocrx_word' id='word_1_254' title='bbox 1078 3585 1165 3661; x_wconf 91' lang='lat' dir='ltr'><strong>Quid</strong></span> <span class='ocrx_word' id='word_1_255' title='bbox 1188 3586 1289 3662; x_wconf 89' lang='lat' dir='ltr'><strong>enim,</strong></span> <span class='ocrx_word' id='word_1_256' title='bbox 1312 3588 1434 3664; x_wconf 88' lang='lat' dir='ltr'><strong>aiebat,</strong></span> <span class='ocrx_word' id='word_1_257' title='bbox 1455 3589 1482 3653; x_wconf 88' lang='lat' dir='ltr'><strong>si</strong></span> <span class='ocrx_word' id='word_1_258' title='bbox 1503 3587 1537 3652; x_wconf 90' lang='lat' dir='ltr'><strong>hi</strong></span> <span class='ocrx_word' id='word_1_259' title='bbox 1558 3587 1670 3653; x_wconf 78' lang='lat' dir='ltr'><strong>iratam</strong></span> <span class='ocrx_word' id='word_1_260' title='bbox 1685 3598 1760 3655; x_wconf 89' lang='lat' dir='ltr'><strong>sunt</strong></span> 
     </span>
     <span class='ocr_line' id='line_1_26' title="bbox 386 3680 1798 3768; baseline -0.004 -20"><span class='ocrx_word' id='word_1_261' title='bbox 386 3749 388 3755; x_wconf 82' lang='grc'>,</span> <span class='ocrx_word' id='word_1_262' title='bbox 423 3683 457 3749; x_wconf 92' lang='lat' dir='ltr'><strong>in</strong></span> <span class='ocrx_word' id='word_1_263' title='bbox 479 3701 614 3746; x_wconf 87' lang='lat' dir='ltr'><strong>numero</strong></span> <span class='ocrx_word' id='word_1_264' title='bbox 637 3681 785 3757; x_wconf 87' lang='lat' dir='ltr'><strong>deorum,</strong></span> <span class='ocrx_word' id='word_1_265' title='bbox 813 3701 889 3745; x_wconf 92' lang='lat' dir='ltr'><strong>num</strong></span> <span class='ocrx_word' id='word_1_266' title='bbox 917 3680 958 3744; x_wconf 90' lang='lat' dir='ltr'><strong>de</strong></span> <span class='ocrx_word' id='word_1_267' title='bbox 982 3690 1071 3765; x_wconf 85' lang='lat' dir='ltr'><strong>patre</strong></span> <span class='ocrx_word' id='word_1_268' title='bbox 1095 3700 1205 3744; x_wconf 91' lang='lat' dir='ltr'><strong>eorum</strong></span> <span class='ocrx_word' id='word_1_269' title='bbox 1228 3680 1365 3746; x_wconf 90' lang='lat' dir='ltr'><strong>Saturno</strong></span> <span class='ocrx_word' id='word_1_270' title='bbox 1386 3683 1496 3765; x_wconf 72' lang='lat' dir='ltr'><strong>negari</strong></span> <span class='ocrx_word' id='word_1_271' title='bbox 1518 3689 1641 3766; x_wconf 88' lang='lat' dir='ltr'><strong>potest,</strong></span> <span class='ocrx_word' id='word_1_272' title='bbox 1663 3693 1798 3768; x_wconf 72' lang='lat' dir='ltr'><strong>quemn</strong></span> 
     </span>
    </p>
   </div>
   <div class='ocr_carea' id='block_1_3' title="bbox 424 3773 1804 4429">
    <p class='ocr_par' dir='ltr' id='par_1_11' title="bbox 424 3773 1804 4429">
     <span class='ocr_line' id='line_1_27' title="bbox 424 3773 1761 3864; baseline 0.001 -23"><span class='ocrx_word' id='word_1_273' title='bbox 424 3776 521 3860; x_wconf 75' lang='lat' dir='ltr'><strong>volgo</strong></span> <span class='ocrx_word' id='word_1_274' title='bbox 549 3776 686 3839; x_wconf 81' lang='lat' dir='ltr'><strong>maxime</strong></span> <span class='ocrx_word' id='word_1_275' title='bbox 713 3776 822 3838; x_wconf 88' lang='lat' dir='ltr'><strong>colunt</strong></span> <span class='ocrx_word' id='word_1_276' title='bbox 849 3773 889 3838; x_wconf 92' lang='lat' dir='ltr'><strong>ad</strong></span> <span class='ocrx_word' id='word_1_277' title='bbox 912 3774 1137 3840; x_wconf 70' lang='lat' dir='ltr'><strong>occidentem?</strong></span> <span class='ocrx_word' id='word_1_278' title='bbox 1166 3774 1222 3859; x_wconf 89' lang='lat' dir='ltr'><strong>qui</strong></span> <span class='ocrx_word' id='word_1_279' title='bbox 1245 3777 1271 3840; x_wconf 90' lang='lat' dir='ltr'><strong>si</strong></span> <span class='ocrx_word' id='word_1_280' title='bbox 1294 3783 1342 3840; x_wconf 89' lang='lat' dir='ltr'><strong>est</strong></span> <span class='ocrx_word' id='word_1_281' title='bbox 1363 3775 1457 3852; x_wconf 90' lang='lat' dir='ltr'><strong>deus,</strong></span> <span class='ocrx_word' id='word_1_282' title='bbox 1485 3785 1607 3861; x_wconf 86' lang='lat' dir='ltr'><strong>patrem</strong></span> <span class='ocrx_word' id='word_1_283' title='bbox 1629 3798 1761 3864; x_wconf 88' lang='lat' dir='ltr'><strong>quoqne</strong></span> 
     </span>
     <span class='ocr_line' id='line_1_28' title="bbox 427 3866 1762 3958; baseline 0.002 -25"><span class='ocrx_word' id='word_1_284' title='bbox 427 3870 498 3933; x_wconf 87' lang='lat' dir='ltr'><strong>eius</strong></span> <span class='ocrx_word' id='word_1_285' title='bbox 522 3868 649 3934; x_wconf 86' lang='lat' dir='ltr'><strong>Caelum</strong></span> <span class='ocrx_word' id='word_1_286' title='bbox 673 3890 743 3934; x_wconf 89' lang='lat' dir='ltr'><strong>esse</strong></span> <span class='ocrx_word' id='word_1_287' title='bbox 767 3872 860 3933; x_wconf 87' lang='lat' dir='ltr'><strong>deum</strong></span> <span class='ocrx_word' id='word_1_288' title='bbox 883 3866 1099 3932; x_wconf 88' lang='lat' dir='ltr'><strong>confitendum</strong></span> <span class='ocrx_word' id='word_1_289' title='bbox 1121 3877 1178 3934; x_wconf 88' lang='lat' dir='ltr'><strong>est.</strong></span> <span class='ocrx_word' id='word_1_290' title='bbox 1213 3868 1308 3946; x_wconf 91' lang='lat' dir='ltr'><strong>Quod</strong></span> <span class='ocrx_word' id='word_1_291' title='bbox 1330 3869 1357 3934; x_wconf 89' lang='lat' dir='ltr'><strong>si</strong></span> <span class='ocrx_word' id='word_1_292' title='bbox 1378 3871 1421 3935; x_wconf 81' lang='lat' dir='ltr'><strong>ita</strong></span> <span class='ocrx_word' id='word_1_293' title='bbox 1444 3879 1507 3948; x_wconf 86' lang='lat' dir='ltr'><strong>est,</strong></span> <span class='ocrx_word' id='word_1_294' title='bbox 1530 3872 1616 3936; x_wconf 88' lang='lat' dir='ltr'><strong>Caeli</strong></span> <span class='ocrx_word' id='word_1_295' title='bbox 1631 3892 1762 3958; x_wconf 79' lang='lat' dir='ltr'><strong>quoque</strong></span> 
     </span>
     <span class='ocr_line' id='line_1_29' title="bbox 427 3962 1763 4050; baseline 0.002 -23"><span class='ocrx_word' id='word_1_296' title='bbox 427 3972 577 4047; x_wconf 87' lang='lat' dir='ltr'><strong>parentes</strong></span> <span class='ocrx_word' id='word_1_297' title='bbox 607 3962 640 4027; x_wconf 92' lang='lat' dir='ltr'><strong>di</strong></span> <span class='ocrx_word' id='word_1_298' title='bbox 668 3964 806 4027; x_wconf 91' lang='lat' dir='ltr'><strong>habendi</strong></span> <span class='ocrx_word' id='word_1_299' title='bbox 836 3972 927 4039; x_wconf 87' lang='lat' dir='ltr'><strong>sunt,</strong></span> <span class='ocrx_word' id='word_1_300' title='bbox 954 3966 1069 4026; x_wconf 87' lang='lat' dir='ltr'><strong>Aether</strong></span> <span class='ocrx_word' id='word_1_301' title='bbox 1091 3970 1123 4026; x_wconf 89' lang='lat' dir='ltr'><strong>et</strong></span> <span class='ocrx_word' id='word_1_302' title='bbox 1143 3963 1220 4027; x_wconf 85' lang='lat' dir='ltr'><strong>Dies</strong></span> <span class='ocrx_word' id='word_1_303' title='bbox 1242 3983 1416 4050; x_wconf 84' lang='lat' dir='ltr'><strong>eorumque</strong></span> <span class='ocrx_word' id='word_1_304' title='bbox 1440 3962 1553 4030; x_wconf 77' lang='lat' dir='ltr'><strong>iratres</strong></span> <span class='ocrx_word' id='word_1_305' title='bbox 1575 3974 1607 4031; x_wconf 89' lang='lat' dir='ltr'><strong>et</strong></span> <span class='ocrx_word' id='word_1_306' title='bbox 1627 3985 1763 4043; x_wconf 84' lang='lat' dir='ltr'><strong>sorores,</strong></span> 
     </span>
     <span class='ocr_line' id='line_1_30' title="bbox 427 4057 1763 4144; baseline 0 -21"><span class='ocrx_word' id='word_1_307' title='bbox 427 4061 486 4144; x_wconf 87' lang='lat' dir='ltr'><strong>qui</strong></span> <span class='ocrx_word' id='word_1_308' title='bbox 509 4079 527 4123; x_wconf 90' lang='lat' dir='ltr'><strong>a</strong></span> <span class='ocrx_word' id='word_1_309' title='bbox 549 4058 731 4142; x_wconf 73' lang='lat' dir='ltr'><strong>genealogis</strong></span> <span class='ocrx_word' id='word_1_310' title='bbox 753 4058 892 4142; x_wconf 85' lang='lat' dir='ltr'><strong>antiquis</strong></span> <span class='ocrx_word' id='word_1_311' title='bbox 912 4057 958 4121; x_wconf 92' lang='lat' dir='ltr'><strong>sic</strong></span> <span class='ocrx_word' id='word_1_312' title='bbox 972 4058 1193 4134; x_wconf 89' lang='lat' dir='ltr'><strong>nominantur,</strong></span> <span class='ocrx_word' id='word_1_313' title='bbox 1215 4060 1326 4134; x_wconf 89' lang='lat' dir='ltr'><strong>Amor,</strong></span> <span class='ocrx_word' id='word_1_314' title='bbox 1348 4058 1462 4135; x_wconf 89' lang='lat' dir='ltr'><strong>Dolus,</strong></span> <span class='ocrx_word' id='word_1_315' title='bbox 1483 4059 1628 4136; x_wconf 83' lang='lat' dir='ltr'><strong>Morbus,</strong></span> <span class='ocrx_word' id='word_1_316' title='bbox 1650 4060 1763 4136; x_wconf 84' lang='lat' dir='ltr'><strong>Labor,</strong></span> 
     </span>
     <span class='ocr_line' id='line_1_31' title="bbox 430 4152 1804 4231; baseline 0.001 -14"><span class='ocrx_word' id='word_1_317' title='bbox 430 4154 625 4228; x_wconf 88' lang='lat' dir='ltr'><strong>lnvidentia,</strong></span> <span class='ocrx_word' id='word_1_318' title='bbox 648 4154 775 4227; x_wconf 86' lang='lat' dir='ltr'><strong>Fatum,</strong></span> <span class='ocrx_word' id='word_1_319' title='bbox 798 4153 967 4227; x_wconf 89' lang='lat' dir='ltr'><strong>Senectus,</strong></span> <span class='ocrx_word' id='word_1_320' title='bbox 988 4154 1090 4228; x_wconf 89' lang='lat' dir='ltr'><strong>hlors,</strong></span> <span class='ocrx_word' id='word_1_321' title='bbox 1112 4152 1290 4228; x_wconf 88' lang='lat' dir='ltr'><strong>Tenebrae,</strong></span> <span class='ocrx_word' id='word_1_322' title='bbox 1313 4154 1451 4230; x_wconf 85' lang='lat' dir='ltr'><strong>Miseria,</strong></span> <span class='ocrx_word' id='word_1_323' title='bbox 1472 4154 1632 4231; x_wconf 92' lang='lat' dir='ltr'><strong>Querella,</strong></span> <span class='ocrx_word' id='word_1_324' title='bbox 1648 4153 1764 4230; x_wconf 87' lang='lat' dir='ltr'><strong>Gratia,</strong></span> <span class='ocrx_word' id='word_1_325' title='bbox 1772 4162 1804 4210; x_wconf 73' lang='lat'><strong>³⁰</strong></span> 
     </span>
     <span class='ocr_line' id='line_1_32' title="bbox 426 4247 1765 4333; baseline 0.001 -21"><span class='ocrx_word' id='word_1_326' title='bbox 426 4249 541 4324; x_wconf 85' lang='lat' dir='ltr'><strong>Fraus,</strong></span> <span class='ocrx_word' id='word_1_327' title='bbox 576 4247 767 4321; x_wconf 87' lang='lat' dir='ltr'><strong>Pertinacia,</strong></span> <span class='ocrx_word' id='word_1_328' title='bbox 798 4247 930 4322; x_wconf 88' lang='lat' dir='ltr'><strong>Parcae,</strong></span> <span class='ocrx_word' id='word_1_329' title='bbox 960 4247 1167 4330; x_wconf 84' lang='lat' dir='ltr'><strong>Hesperides,</strong></span> <span class='ocrx_word' id='word_1_330' title='bbox 1195 4247 1341 4324; x_wconf 88' lang='lat' dir='ltr'><strong>Somnia,</strong></span> <span class='ocrx_word' id='word_1_331' title='bbox 1370 4270 1452 4333; x_wconf 88' lang='lat' dir='ltr'><strong>quos</strong></span> <span class='ocrx_word' id='word_1_332' title='bbox 1482 4251 1585 4313; x_wconf 90' lang='lat' dir='ltr'><strong>omnis</strong></span> <span class='ocrx_word' id='word_1_333' title='bbox 1605 4251 1710 4313; x_wconf 85' lang='lat' dir='ltr'><strong>Erebo</strong></span> <span class='ocrx_word' id='word_1_334' title='bbox 1733 4256 1765 4313; x_wconf 90' lang='lat' dir='ltr'><strong>et</strong></span> 
     </span>
     <span class='ocr_line' id='line_1_33' title="bbox 428 4340 1765 4429; baseline -0.001 -22"><span class='ocrx_word' id='word_1_335' title='bbox 428 4343 529 4407; x_wconf 87' lang='lat' dir='ltr'><strong>Nocte</strong></span> <span class='ocrx_word' id='word_1_336' title='bbox 559 4350 651 4405; x_wconf 86' lang='lat' dir='ltr'><strong>natos</strong></span> <span class='ocrx_word' id='word_1_337' title='bbox 680 4340 795 4405; x_wconf 80' lang='lat' dir='ltr'><strong>lerunt.</strong></span> <span class='ocrx_word' id='word_1_338' title='bbox 832 4342 896 4404; x_wconf 90' lang='lat' dir='ltr'><strong>Aut</strong></span> <span class='ocrx_word' id='word_1_339' title='bbox 924 4341 1019 4423; x_wconf 81' lang='lat' dir='ltr'><strong>igitur</strong></span> <span class='ocrx_word' id='word_1_340' title='bbox 1045 4341 1124 4404; x_wconf 88' lang='lat' dir='ltr'><strong>haec</strong></span> <span class='ocrx_word' id='word_1_341' title='bbox 1145 4350 1288 4407; x_wconf 86' lang='lat' dir='ltr'><strong>monstra</strong></span> <span class='ocrx_word' id='word_1_342' title='bbox 1307 4343 1472 4427; x_wconf 87' lang='lat' dir='ltr'><strong>probanda</strong></span> <span class='ocrx_word' id='word_1_343' title='bbox 1492 4351 1568 4408; x_wconf 89' lang='lat' dir='ltr'><strong>sunt</strong></span> <span class='ocrx_word' id='word_1_344' title='bbox 1588 4352 1643 4408; x_wconf 89' lang='lat' dir='ltr'><strong>ant</strong></span> <span class='ocrx_word' id='word_1_345' title='bbox 1664 4345 1765 4429; x_wconf 90' lang='lat' dir='ltr'><strong>prima</strong></span> 
     </span>
    </p>
   </div>
   <div class='ocr_carea' id='block_1_4' title="bbox 432 4630 1772 6056">
    <p class='ocr_par' dir='ltr' id='par_1_12' title="bbox 432 4630 1772 6056">
     <span class='ocr_line' id='line_1_34' title="bbox 498 4630 1768 4698; baseline 0 -15"><span class='ocrx_word' id='word_1_346' title='bbox 498 4634 522 4683; x_wconf 94' lang='grc'><strong>4.</strong></span> <span class='ocrx_word' id='word_1_347' title='bbox 542 4633 624 4683; x_wconf 71' lang='lat' dir='ltr'><strong>bueo</strong></span> <span class='ocrx_word' id='word_1_348' title='bbox 640 4636 730 4681; x_wconf 69' lang='lat' dir='ltr'><strong>notun</strong></span> <span class='ocrx_word' id='word_1_349' title='bbox 746 4632 765 4681; x_wconf 88' lang='lat' dir='ltr'><strong>B</strong></span> <span class='ocrx_word' id='word_1_350' title='bbox 791 4658 824 4668; x_wconf 96' lang='lat'>-</span> <span class='ocrx_word' id='word_1_351' title='bbox 846 4630 904 4681; x_wconf 75' lang='lat' dir='ltr'><strong>iton</strong></span> <span class='ocrx_word' id='word_1_352' title='bbox 920 4645 969 4694; x_wconf 82' lang='lat' dir='ltr'><strong>qao</strong></span> <span class='ocrx_word' id='word_1_353' title='bbox 985 4633 1043 4682; x_wconf 82' lang='lat' dir='ltr'><strong>icas</strong></span> <span class='ocrx_word' id='word_1_354' title='bbox 1060 4633 1117 4695; x_wconf 80' lang='lat' dir='ltr'><strong>(qao</strong></span> <span class='ocrx_word' id='word_1_355' title='bbox 1135 4645 1270 4698; x_wconf 82' lang='lat' dir='ltr'><strong>superscr.</strong></span> <span class='ocrx_word' id='word_1_356' title='bbox 1288 4646 1325 4684; x_wconf 93' lang='lat' dir='ltr'><strong>m.</strong></span> <span class='ocrx_word' id='word_1_357' title='bbox 1344 4644 1400 4685; x_wconf 88' lang='lat' dir='ltr'><strong>sec.</strong></span> <span class='ocrx_word' id='word_1_358' title='bbox 1419 4632 1487 4696; x_wconf 84' lang='lat' dir='ltr'><strong>rec.)</strong></span> <span class='ocrx_word' id='word_1_359' title='bbox 1503 4635 1524 4684; x_wconf 89' lang='lat' dir='ltr'><strong>A</strong></span> <span class='ocrx_word' id='word_1_360' title='bbox 1543 4658 1570 4671; x_wconf 95' lang='lat'>-</span> <span class='ocrx_word' id='word_1_361' title='bbox 1594 4631 1768 4695; x_wconf 47' lang='lat' dir='ltr'><strong>messoriam</strong></span> 
     </span>
     <span class='ocr_line' id='line_1_35' title="bbox 432 4706 1768 4774; baseline 0.002 -15"><span class='ocrx_word' id='word_1_362' title='bbox 432 4708 492 4759; x_wconf 65' lang='lat' dir='ltr'><strong>den</strong></span> <span class='ocrx_word' id='word_1_363' title='bbox 509 4707 566 4757; x_wconf 80' lang='lat' dir='ltr'><strong>tous</strong></span> <span class='ocrx_word' id='word_1_364' title='bbox 582 4710 601 4758; x_wconf 87' lang='lat' dir='ltr'>P</span> <span class='ocrx_word' id='word_1_365' title='bbox 621 4732 648 4743; x_wconf 89' lang='lat'>-</span> <span class='ocrx_word' id='word_1_366' title='bbox 667 4707 732 4756; x_wconf 79' lang='lat' dir='ltr'><strong>iouis</strong></span> <span class='ocrx_word' id='word_1_367' title='bbox 748 4707 807 4757; x_wconf 81' lang='lat' dir='ltr'><strong>A¹ll</strong></span> <span class='ocrx_word' id='word_1_368' title='bbox 818 4706 867 4757; x_wconf 83' lang='lat' dir='ltr'><strong>PV</strong></span> <span class='ocrx_word' id='word_1_369' title='bbox 892 4733 919 4743; x_wconf 90' lang='lat'><em>-</em></span> <span class='ocrx_word' id='word_1_370' title='bbox 942 4707 966 4757; x_wconf 88' lang='grc'><strong>3.</strong></span> <span class='ocrx_word' id='word_1_371' title='bbox 985 4708 1103 4769; x_wconf 74' lang='lat' dir='ltr'><strong>Lysithod&#39;</strong></span> <span class='ocrx_word' id='word_1_372' title='bbox 1116 4708 1265 4759; x_wconf 89' lang='lat' dir='ltr'><strong>Cveuzerus</strong></span> <span class='ocrx_word' id='word_1_373' title='bbox 1282 4707 1325 4771; x_wconf 84' lang='lat' dir='ltr'><strong>(ex</strong></span> <span class='ocrx_word' id='word_1_374' title='bbox 1341 4710 1378 4758; x_wconf 91' lang='lat' dir='ltr'><strong>lo.</strong></span> <span class='ocrx_word' id='word_1_375' title='bbox 1398 4708 1472 4772; x_wconf 83' lang='lat' dir='ltr'><strong>Lydo</strong></span> <span class='ocrx_word' id='word_1_376' title='bbox 1489 4708 1523 4759; x_wconf 89' lang='lat' dir='ltr'><strong>ds</strong></span> <span class='ocrx_word' id='word_1_377' title='bbox 1540 4707 1656 4760; x_wconf 85' lang='lat' dir='ltr'><strong>mensib.</strong></span> <span class='ocrx_word' id='word_1_378' title='bbox 1673 4722 1701 4774; x_wconf 83' lang='lat' dir='ltr'><strong>p.</strong></span> <span class='ocrx_word' id='word_1_379' title='bbox 1719 4708 1768 4762; x_wconf 70' lang='lat' dir='ltr'><strong>iil</strong></span> 
     </span>
     <span class='ocr_line' id='line_1_36' title="bbox 433 4782 1769 4844; baseline -0.002 -9"><span class='ocrx_word' id='word_1_380' title='bbox 433 4784 478 4835; x_wconf 86' lang='lat' dir='ltr'><strong>ed.</strong></span> <span class='ocrx_word' id='word_1_381' title='bbox 497 4783 639 4844; x_wconf 75' lang='lat' dir='ltr'><strong>licetherlz</strong></span> <span class='ocrx_word' id='word_1_382' title='bbox 663 4782 752 4844; x_wconf 73' lang='lat' dir='ltr'><strong>lusidio</strong></span> <span class='ocrx_word' id='word_1_383' title='bbox 768 4783 805 4843; x_wconf 87' lang='lat' dir='ltr'><strong>B,</strong></span> <span class='ocrx_word' id='word_1_384' title='bbox 832 4782 905 4843; x_wconf 67' lang='lat' dir='ltr'><strong>insito</strong></span> <span class='ocrx_word' id='word_1_385' title='bbox 922 4783 1041 4843; x_wconf 85' lang='lat' dir='ltr'><strong>ACPV,</strong></span> <span class='ocrx_word' id='word_1_386' title='bbox 1059 4784 1124 4833; x_wconf 74' lang='lat' dir='ltr'><strong>licito</strong></span> <span class='ocrx_word' id='word_1_387' title='bbox 1142 4784 1162 4833; x_wconf 87' lang='grc' dir='ltr'><strong>Ε</strong></span> <span class='ocrx_word' id='word_1_388' title='bbox 1181 4810 1209 4821; x_wconf 91' lang='grc'><strong>-</strong></span> <span class='ocrx_word' id='word_1_389' title='bbox 1227 4788 1263 4833; x_wconf 78' lang='lat' dir='ltr'><strong>sat</strong></span> <span class='ocrx_word' id='word_1_390' title='bbox 1278 4785 1300 4833; x_wconf 80' lang='lat' dir='ltr'><strong>is</strong></span> <span class='ocrx_word' id='word_1_391' title='bbox 1316 4784 1343 4834; x_wconf 89' lang='lat' dir='ltr'><strong>in</strong></span> <span class='ocrx_word' id='word_1_392' title='bbox 1359 4796 1452 4835; x_wconf 89' lang='lat' dir='ltr'><strong>rasura</strong></span> <span class='ocrx_word' id='word_1_393' title='bbox 1470 4784 1490 4833; x_wconf 86' lang='lat' dir='ltr'>B</span> <span class='ocrx_word' id='word_1_394' title='bbox 1509 4810 1537 4821; x_wconf 95' lang='lat'>-</span> <span class='ocrx_word' id='word_1_395' title='bbox 1555 4782 1662 4834; x_wconf 76' lang='lat' dir='ltr'><strong>herculis</strong></span> <span class='ocrx_word' id='word_1_396' title='bbox 1677 4783 1769 4835; x_wconf 68' lang='grc' dir='ltr'><strong>ΑΕἿΙ</strong></span> 
     </span>
     <span class='ocr_line' id='line_1_37' title="bbox 434 4856 1768 4923; baseline -0.001 -13"><span class='ocrx_word' id='word_1_397' title='bbox 434 4885 461 4897; x_wconf 91' lang='lat'>-</span> <span class='ocrx_word' id='word_1_398' title='bbox 481 4858 507 4910; x_wconf 81' lang='lat' dir='ltr'><strong>t.</strong></span> <span class='ocrx_word' id='word_1_399' title='bbox 526 4860 667 4921; x_wconf 80' lang='lat' dir='ltr'><strong>occepimus</strong></span> <span class='ocrx_word' id='word_1_400' title='bbox 683 4872 751 4909; x_wconf 89' lang='lat' dir='ltr'><strong>corr.</strong></span> <span class='ocrx_word' id='word_1_401' title='bbox 770 4871 803 4908; x_wconf 83' lang='lat' dir='ltr'><strong>ex</strong></span> <span class='ocrx_word' id='word_1_402' title='bbox 824 4859 959 4921; x_wconf 53' lang='lat' dir='ltr'><strong>ammanus</strong></span> <span class='ocrx_word' id='word_1_403' title='bbox 977 4859 1006 4909; x_wconf 85' lang='lat' dir='ltr'><strong>V.</strong></span> <span class='ocrx_word' id='word_1_404' title='bbox 1030 4858 1069 4909; x_wconf 87' lang='lat' dir='ltr'><strong>Cl.</strong></span> <span class='ocrx_word' id='word_1_405' title='bbox 1088 4872 1114 4908; x_wconf 87' lang='lat' dir='ltr'><strong>v.</strong></span> <span class='ocrx_word' id='word_1_406' title='bbox 1133 4859 1159 4909; x_wconf 85' lang='grc'><strong>0.</strong></span> <span class='ocrx_word' id='word_1_407' title='bbox 1179 4885 1206 4894; x_wconf 94' lang='grc'>-</span> <span class='ocrx_word' id='word_1_408' title='bbox 1231 4860 1379 4922; x_wconf 67' lang='lat' dir='ltr'><strong>hiacintus</strong></span> <span class='ocrx_word' id='word_1_409' title='bbox 1402 4860 1487 4923; x_wconf 72' lang='lat' dir='ltr'><strong>{mas</strong></span> <span class='ocrx_word' id='word_1_410' title='bbox 1508 4856 1600 4909; x_wconf 86' lang='lat' dir='ltr'><strong>maluit</strong></span> <span class='ocrx_word' id='word_1_411' title='bbox 1621 4859 1768 4909; x_wconf 80' lang='lat' dir='ltr'><strong>Ernesttus.</strong></span> 
     </span>
     <span class='ocr_line' id='line_1_38' title="bbox 437 4931 1772 4997; baseline 0 -13"><span class='ocrx_word' id='word_1_412' title='bbox 437 4962 464 4971; x_wconf 94' lang='lat'>-</span> <span class='ocrx_word' id='word_1_413' title='bbox 485 4934 602 4996; x_wconf 68' lang='lat' dir='ltr'><strong>odierant</strong></span> <span class='ocrx_word' id='word_1_414' title='bbox 618 4935 660 4983; x_wconf 84' lang='lat' dir='ltr'><strong>coi</strong></span> <span class='ocrx_word' id='word_1_415' title='bbox 677 4939 784 4997; x_wconf 78' lang='lat' dir='ltr'><strong>quartos</strong></span> <span class='ocrx_word' id='word_1_416' title='bbox 800 4931 840 4993; x_wconf 81' lang='lat' dir='ltr'><strong>e;</strong></span> <span class='ocrx_word' id='word_1_417' title='bbox 859 4934 976 4996; x_wconf 68' lang='lat' dir='ltr'><strong>odierant</strong></span> <span class='ocrx_word' id='word_1_418' title='bbox 992 4935 1045 4985; x_wconf 79' lang='lat' dir='ltr'><strong>Coi.</strong></span> <span class='ocrx_word' id='word_1_419' title='bbox 1059 4936 1171 4996; x_wconf 80' lang='lat' dir='ltr'><strong>Quartus</strong></span> <span class='ocrx_word' id='word_1_420' title='bbox 1182 4936 1233 4985; x_wconf 88' lang='lat' dir='ltr'><strong>lac.</strong></span> <span class='ocrx_word' id='word_1_421' title='bbox 1247 4936 1409 4991; x_wconf 86' lang='lat' dir='ltr'><strong>Gronovins;</strong></span> <span class='ocrx_word' id='word_1_422' title='bbox 1428 4935 1546 4997; x_wconf 64' lang='lat' dir='ltr'><strong>adimant</strong></span> <span class='ocrx_word' id='word_1_423' title='bbox 1555 4933 1645 4985; x_wconf 67' lang='lat' dir='ltr'><strong>Quies.</strong></span> <span class='ocrx_word' id='word_1_424' title='bbox 1660 4935 1772 4996; x_wconf 65' lang='lat' dir='ltr'><strong>obortu</strong></span> 
     </span>
     <span class='ocr_line' id='line_1_39' title="bbox 434 5007 1769 5075; baseline 0.001 -15"><span class='ocrx_word' id='word_1_425' title='bbox 434 5010 565 5060; x_wconf 84' lang='lat' dir='ltr'><strong>Davisius.</strong></span> <span class='ocrx_word' id='word_1_426' title='bbox 587 5036 614 5045; x_wconf 94' lang='lat'>-</span> <span class='ocrx_word' id='word_1_427' title='bbox 640 5009 664 5058; x_wconf 90' lang='grc'><strong>6.</strong></span> <span class='ocrx_word' id='word_1_428' title='bbox 683 5014 719 5059; x_wconf 81' lang='lat' dir='ltr'><strong>ast</strong></span> <span class='ocrx_word' id='word_1_429' title='bbox 741 5014 765 5059; x_wconf 81' lang='lat' dir='ltr'><strong>ct</strong></span> <span class='ocrx_word' id='word_1_430' title='bbox 782 5008 968 5061; x_wconf 85' lang='lat' dir='ltr'><strong>llaindorfius:</strong></span> <span class='ocrx_word' id='word_1_431' title='bbox 993 5015 1027 5060; x_wconf 84' lang='lat' dir='ltr'><strong>est</strong></span> <span class='ocrx_word' id='word_1_432' title='bbox 1044 5007 1084 5069; x_wconf 79' lang='lat' dir='ltr'><strong>n;</strong></span> <span class='ocrx_word' id='word_1_433' title='bbox 1108 5010 1168 5061; x_wconf 85' lang='lat' dir='ltr'><strong>eto</strong></span> <span class='ocrx_word' id='word_1_434' title='bbox 1190 5036 1217 5045; x_wconf 96' lang='lat'><em>-</em></span> <span class='ocrx_word' id='word_1_435' title='bbox 1237 5010 1260 5060; x_wconf 79' lang='lat'><strong>7.</strong></span> <span class='ocrx_word' id='word_1_436' title='bbox 1279 5011 1456 5075; x_wconf 66' lang='lat' dir='ltr'><strong>cmtbopaosm</strong></span> <span class='ocrx_word' id='word_1_437' title='bbox 1471 5013 1508 5070; x_wconf 93' lang='lat' dir='ltr'><strong>A,</strong></span> <span class='ocrx_word' id='word_1_438' title='bbox 1533 5010 1691 5073; x_wconf 64' lang='lat' dir='ltr'><strong>cuempiam</strong></span> <span class='ocrx_word' id='word_1_439' title='bbox 1708 5009 1769 5070; x_wconf 84' lang='lat' dir='ltr'><strong>CV,</strong></span> 
     </span>
     <span class='ocr_line' id='line_1_40' title="bbox 432 5080 1772 5148; baseline -0.001 -13"><span class='ocrx_word' id='word_1_440' title='bbox 432 5080 1772 5148; x_wconf 55' lang='lat' dir='ltr'><strong>inamoena—aticqaisou-ataneoott:amomooo-udortiiov¹-9.tmes</strong></span> 
     </span>
     <span class='ocr_line' id='line_1_41' title="bbox 434 5160 1770 5226; baseline 0.001 -16"><span class='ocrx_word' id='word_1_441' title='bbox 434 5160 457 5210; x_wconf 82' lang='lat' dir='ltr'>V</span> <span class='ocrx_word' id='word_1_442' title='bbox 476 5185 503 5197; x_wconf 88' lang='lat'>-</span> <span class='ocrx_word' id='word_1_443' title='bbox 524 5161 665 5221; x_wconf 78' lang='lat' dir='ltr'><strong>occepimus</strong></span> <span class='ocrx_word' id='word_1_444' title='bbox 682 5172 752 5210; x_wconf 89' lang='lat' dir='ltr'><strong>corr.</strong></span> <span class='ocrx_word' id='word_1_445' title='bbox 771 5173 804 5210; x_wconf 82' lang='lat' dir='ltr'><strong>er</strong></span> <span class='ocrx_word' id='word_1_446' title='bbox 821 5160 958 5223; x_wconf 75' lang='lat' dir='ltr'><strong>accipimus</strong></span> <span class='ocrx_word' id='word_1_447' title='bbox 974 5160 1011 5219; x_wconf 65' lang='grc' dir='ltr'><strong>Ἲς</strong></span> <span class='ocrx_word' id='word_1_448' title='bbox 1030 5162 1169 5223; x_wconf 79' lang='lat' dir='ltr'><strong>accipimus</strong></span> <span class='ocrx_word' id='word_1_449' title='bbox 1184 5163 1272 5213; x_wconf 84' lang='lat' dir='ltr'><strong>ABP.</strong></span> <span class='ocrx_word' id='word_1_450' title='bbox 1295 5160 1335 5212; x_wconf 79' lang='lat' dir='ltr'><strong>ct.</strong></span> <span class='ocrx_word' id='word_1_451' title='bbox 1353 5174 1379 5211; x_wconf 93' lang='lat' dir='ltr'><strong>v.</strong></span> <span class='ocrx_word' id='word_1_452' title='bbox 1398 5160 1423 5212; x_wconf 78' lang='lat' dir='ltr'><strong>l.</strong></span> <span class='ocrx_word' id='word_1_453' title='bbox 1445 5188 1472 5198; x_wconf 90' lang='lat'>-</span> <span class='ocrx_word' id='word_1_454' title='bbox 1492 5162 1533 5212; x_wconf 81' lang='lat' dir='ltr'><strong>ta.</strong></span> <span class='ocrx_word' id='word_1_455' title='bbox 1550 5160 1591 5226; x_wconf 83' lang='lat' dir='ltr'><strong>its]</strong></span> <span class='ocrx_word' id='word_1_456' title='bbox 1607 5161 1646 5211; x_wconf 85' lang='lat' dir='ltr'><strong>hir</strong></span> <span class='ocrx_word' id='word_1_457' title='bbox 1661 5162 1694 5221; x_wconf 88' lang='grc' dir='ltr'><strong>Β;</strong></span> <span class='ocrx_word' id='word_1_458' title='bbox 1714 5174 1770 5212; x_wconf 91' lang='lat' dir='ltr'><strong>om.</strong></span> 
     </span>
     <span class='ocr_line' id='line_1_42' title="bbox 434 5234 1769 5301; baseline -0.001 -15"><span class='ocrx_word' id='word_1_459' title='bbox 434 5238 455 5286; x_wconf 90' lang='lat' dir='ltr'><strong>A</strong></span> <span class='ocrx_word' id='word_1_460' title='bbox 466 5236 485 5287; x_wconf 89' lang='lat' dir='ltr'>C</span> <span class='ocrx_word' id='word_1_461' title='bbox 496 5235 574 5286; x_wconf 85' lang='lat' dir='ltr'><strong>EPV</strong></span> <span class='ocrx_word' id='word_1_462' title='bbox 594 5262 621 5275; x_wconf 94' lang='lat'>-</span> <span class='ocrx_word' id='word_1_463' title='bbox 641 5235 680 5286; x_wconf 89' lang='grc'><strong>43.</strong></span> <span class='ocrx_word' id='word_1_464' title='bbox 698 5235 732 5285; x_wconf 89' lang='lat' dir='ltr'><strong>ad</strong></span> <span class='ocrx_word' id='word_1_465' title='bbox 750 5249 827 5298; x_wconf 79' lang='lat' dir='ltr'><strong>quom</strong></span> <span class='ocrx_word' id='word_1_466' title='bbox 844 5235 906 5286; x_wconf 88' lang='lat' dir='ltr'><strong>ead.</strong></span> <span class='ocrx_word' id='word_1_467' title='bbox 919 5248 956 5287; x_wconf 89' lang='lat' dir='ltr'><strong>m.</strong></span> <span class='ocrx_word' id='word_1_468' title='bbox 970 5235 1136 5301; x_wconf 88' lang='lat' dir='ltr'><strong>adscriptum</strong></span> <span class='ocrx_word' id='word_1_469' title='bbox 1154 5239 1195 5287; x_wconf 85' lang='lat' dir='ltr'><strong>est</strong></span> <span class='ocrx_word' id='word_1_470' title='bbox 1211 5237 1308 5301; x_wconf 64' lang='lat' dir='ltr'><strong>refersit</strong></span> <span class='ocrx_word' id='word_1_471' title='bbox 1325 5237 1351 5286; x_wconf 88' lang='lat' dir='ltr'><strong>in</strong></span> <span class='ocrx_word' id='word_1_472' title='bbox 1368 5249 1453 5299; x_wconf 79' lang='lat' dir='ltr'><strong>marg.</strong></span> <span class='ocrx_word' id='word_1_473' title='bbox 1467 5236 1487 5287; x_wconf 85' lang='lat' dir='ltr'>C</span> <span class='ocrx_word' id='word_1_474' title='bbox 1501 5261 1528 5271; x_wconf 97' lang='lat'>-</span> <span class='ocrx_word' id='word_1_475' title='bbox 1546 5237 1587 5286; x_wconf 81' lang='lat' dir='ltr'><strong>tb.</strong></span> <span class='ocrx_word' id='word_1_476' title='bbox 1603 5235 1701 5299; x_wconf 64' lang='lat' dir='ltr'><strong>ponem</strong></span> <span class='ocrx_word' id='word_1_477' title='bbox 1711 5234 1769 5285; x_wconf 65' lang='grc' dir='ltr'><strong>ΜΒ</strong></span> 
     </span>
     <span class='ocr_line' id='line_1_43' title="bbox 435 5309 1771 5375; baseline -0.001 -12"><span class='ocrx_word' id='word_1_478' title='bbox 435 5312 503 5363; x_wconf 83' lang='lat' dir='ltr'><strong>PV:</strong></span> <span class='ocrx_word' id='word_1_479' title='bbox 521 5325 599 5375; x_wconf 81' lang='lat' dir='ltr'><strong>pones</strong></span> <span class='ocrx_word' id='word_1_480' title='bbox 616 5312 684 5369; x_wconf 85' lang='lat' dir='ltr'><strong>CE;</strong></span> <span class='ocrx_word' id='word_1_481' title='bbox 703 5315 734 5362; x_wconf 86' lang='lat' dir='ltr'><strong>A²</strong></span> <span class='ocrx_word' id='word_1_482' title='bbox 750 5312 815 5375; x_wconf 88' lang='lat' dir='ltr'><strong>quid</strong></span> <span class='ocrx_word' id='word_1_483' title='bbox 831 5311 944 5363; x_wconf 88' lang='lat' dir='ltr'><strong>voluerit</strong></span> <span class='ocrx_word' id='word_1_484' title='bbox 961 5309 1033 5362; x_wconf 90' lang='lat' dir='ltr'><strong>haud</strong></span> <span class='ocrx_word' id='word_1_485' title='bbox 1049 5310 1141 5374; x_wconf 86' lang='lat' dir='ltr'><strong>liquet.</strong></span> <span class='ocrx_word' id='word_1_486' title='bbox 1162 5338 1189 5348; x_wconf 95' lang='lat'>-</span> <span class='ocrx_word' id='word_1_487' title='bbox 1208 5317 1232 5363; x_wconf 86' lang='lat' dir='ltr'><strong>st</strong></span> <span class='ocrx_word' id='word_1_488' title='bbox 1248 5325 1302 5363; x_wconf 89' lang='lat' dir='ltr'><strong>om.</strong></span> <span class='ocrx_word' id='word_1_489' title='bbox 1321 5311 1343 5360; x_wconf 89' lang='lat' dir='ltr'>V</span> <span class='ocrx_word' id='word_1_490' title='bbox 1361 5336 1389 5347; x_wconf 95' lang='lat'>-</span> <span class='ocrx_word' id='word_1_491' title='bbox 1407 5310 1444 5361; x_wconf 80' lang='lat' dir='ltr'><strong>hii</strong></span> <span class='ocrx_word' id='word_1_492' title='bbox 1460 5311 1480 5361; x_wconf 87' lang='lat' dir='ltr'>C</span> <span class='ocrx_word' id='word_1_493' title='bbox 1494 5336 1521 5346; x_wconf 94' lang='lat'><em>—</em></span> <span class='ocrx_word' id='word_1_494' title='bbox 1543 5311 1583 5361; x_wconf 86' lang='grc'><strong>46.</strong></span> <span class='ocrx_word' id='word_1_495' title='bbox 1601 5323 1633 5361; x_wconf 80' lang='lat' dir='ltr'><strong>aa</strong></span> <span class='ocrx_word' id='word_1_496' title='bbox 1648 5310 1771 5372; x_wconf 65' lang='lat' dir='ltr'><strong>nymphas</strong></span> 
     </span>
     <span class='ocr_line' id='line_1_44' title="bbox 435 5384 1771 5451; baseline -0.003 -13"><span class='ocrx_word' id='word_1_497' title='bbox 435 5389 535 5451; x_wconf 62' lang='lat' dir='ltr'><strong>widem</strong></span> <span class='ocrx_word' id='word_1_498' title='bbox 552 5388 588 5438; x_wconf 81' lang='lat' dir='ltr'><strong>E:</strong></span> <span class='ocrx_word' id='word_1_499' title='bbox 612 5400 643 5437; x_wconf 81' lang='lat' dir='ltr'><strong>ns</strong></span> <span class='ocrx_word' id='word_1_500' title='bbox 659 5388 782 5449; x_wconf 70' lang='lat' dir='ltr'><strong>sumptos</strong></span> <span class='ocrx_word' id='word_1_501' title='bbox 798 5388 859 5438; x_wconf 81' lang='lat' dir='ltr'><strong>deoc</strong></span> <span class='ocrx_word' id='word_1_502' title='bbox 875 5388 975 5451; x_wconf 68' lang='lat' dir='ltr'><strong>quim</strong></span> <span class='ocrx_word' id='word_1_503' title='bbox 992 5387 1149 5445; x_wconf 83' lang='lat' dir='ltr'><strong>ABCPV;</strong></span> <span class='ocrx_word' id='word_1_504' title='bbox 1173 5400 1204 5438; x_wconf 83' lang='lat' dir='ltr'><strong>os</strong></span> <span class='ocrx_word' id='word_1_505' title='bbox 1220 5386 1349 5450; x_wconf 68' lang='lat' dir='ltr'><strong>Nymphas</strong></span> <span class='ocrx_word' id='word_1_506' title='bbox 1365 5387 1465 5450; x_wconf 68' lang='lat' dir='ltr'><strong>uscidae</strong></span> <span class='ocrx_word' id='word_1_507' title='bbox 1481 5387 1541 5436; x_wconf 73' lang='lat' dir='ltr'><strong>deos</strong></span> <span class='ocrx_word' id='word_1_508' title='bbox 1557 5386 1587 5435; x_wconf 91' lang='lat'><strong>0.</strong></span> <span class='ocrx_word' id='word_1_509' title='bbox 1611 5384 1650 5436; x_wconf 84' lang='lat' dir='ltr'><strong>Gt.</strong></span> <span class='ocrx_word' id='word_1_510' title='bbox 1669 5384 1771 5435; x_wconf 87' lang='lat' dir='ltr'><strong>Schoe-</strong></span> 
     </span>
     <span class='ocr_line' id='line_1_45' title="bbox 436 5459 1771 5527; baseline -0.004 -13"><span class='ocrx_word' id='word_1_511' title='bbox 436 5476 565 5515; x_wconf 86' lang='lat' dir='ltr'><strong>mannam</strong></span> <span class='ocrx_word' id='word_1_512' title='bbox 583 5463 652 5513; x_wconf 81' lang='lat' dir='ltr'><strong>Dias.</strong></span> <span class='ocrx_word' id='word_1_513' title='bbox 671 5462 703 5511; x_wconf 89' lang='lat' dir='ltr'><strong>Vl</strong></span> <span class='ocrx_word' id='word_1_514' title='bbox 722 5477 748 5526; x_wconf 91' lang='lat' dir='ltr'><strong>p.</strong></span> <span class='ocrx_word' id='word_1_515' title='bbox 763 5463 794 5511; x_wconf 95' lang='grc'><strong>40</strong></span> <span class='ocrx_word' id='word_1_516' title='bbox 811 5475 853 5526; x_wconf 61' lang='lat' dir='ltr'><strong>sq,</strong></span> <span class='ocrx_word' id='word_1_517' title='bbox 874 5489 899 5500; x_wconf 96' lang='lat'><em>-</em></span> <span class='ocrx_word' id='word_1_518' title='bbox 920 5464 999 5527; x_wconf 67' lang='lat' dir='ltr'><strong>ipisus</strong></span> <span class='ocrx_word' id='word_1_519' title='bbox 1015 5465 1049 5512; x_wconf 84' lang='lat' dir='ltr'><strong>od</strong></span> <span class='ocrx_word' id='word_1_520' title='bbox 1065 5476 1154 5513; x_wconf 82' lang='lat' dir='ltr'><strong>soram</strong></span> <span class='ocrx_word' id='word_1_521' title='bbox 1171 5463 1192 5511; x_wconf 86' lang='lat' dir='ltr'>V</span> <span class='ocrx_word' id='word_1_522' title='bbox 1211 5488 1237 5498; x_wconf 92' lang='lat'><em>-</em></span> <span class='ocrx_word' id='word_1_523' title='bbox 1259 5463 1299 5512; x_wconf 81' lang='grc'><strong>47,</strong></span> <span class='ocrx_word' id='word_1_524' title='bbox 1317 5462 1442 5513; x_wconf 73' lang='lat' dir='ltr'><strong>dedicate</strong></span> <span class='ocrx_word' id='word_1_525' title='bbox 1462 5461 1639 5525; x_wconf 73' lang='lat' dir='ltr'><strong>Quidipitur?</strong></span> <span class='ocrx_word' id='word_1_526' title='bbox 1655 5459 1771 5509; x_wconf 68' lang='lat' dir='ltr'><strong>nscsoeri</strong></span> 
     </span>
     <span class='ocr_line' id='line_1_46' title="bbox 436 5534 1767 5601; baseline -0.002 -13"><span class='ocrx_word' id='word_1_527' title='bbox 436 5539 457 5588; x_wconf 92' lang='grc'><strong>0</strong></span> <span class='ocrx_word' id='word_1_528' title='bbox 476 5564 503 5572; x_wconf 86' lang='grc'><strong>-</strong></span> <span class='ocrx_word' id='word_1_529' title='bbox 524 5538 565 5588; x_wconf 88' lang='grc'><strong>48.</strong></span> <span class='ocrx_word' id='word_1_530' title='bbox 584 5538 656 5587; x_wconf 61' lang='lat' dir='ltr'><strong>&amp;usa</strong></span> <span class='ocrx_word' id='word_1_531' title='bbox 673 5534 713 5587; x_wconf 78' lang='lat' dir='ltr'><strong>ti:</strong></span> <span class='ocrx_word' id='word_1_532' title='bbox 731 5537 788 5586; x_wconf 81' lang='lat' dir='ltr'><strong>deos</strong></span> <span class='ocrx_word' id='word_1_533' title='bbox 804 5537 838 5595; x_wconf 75' lang='lat'><strong>03</strong></span> <span class='ocrx_word' id='word_1_534' title='bbox 857 5534 967 5587; x_wconf 88' lang='lat' dir='ltr'><strong>seclusit</strong></span> <span class='ocrx_word' id='word_1_535' title='bbox 983 5535 1107 5587; x_wconf 79' lang='lat' dir='ltr'><strong>Klotzias.</strong></span> <span class='ocrx_word' id='word_1_536' title='bbox 1122 5562 1149 5572; x_wconf 95' lang='lat'>-</span> <span class='ocrx_word' id='word_1_537' title='bbox 1170 5537 1210 5588; x_wconf 81' lang='lat'><strong>⁴9.</strong></span> <span class='ocrx_word' id='word_1_538' title='bbox 1228 5538 1272 5599; x_wconf 78' lang='lat' dir='ltr'><strong>qul</strong></span> <span class='ocrx_word' id='word_1_539' title='bbox 1286 5539 1370 5601; x_wconf 71' lang='lat' dir='ltr'><strong>namt</strong></span> <span class='ocrx_word' id='word_1_540' title='bbox 1384 5537 1453 5599; x_wconf 79' lang='lat' dir='ltr'><strong>opud</strong></span> <span class='ocrx_word' id='word_1_541' title='bbox 1468 5536 1570 5594; x_wconf 62' lang='lat' dir='ltr'><strong>binos.</strong></span> <span class='ocrx_word' id='word_1_542' title='bbox 1587 5547 1698 5585; x_wconf 67' lang='lat' dir='ltr'><strong>warna</strong></span> <span class='ocrx_word' id='word_1_543' title='bbox 1708 5535 1727 5585; x_wconf 81' lang='grc' dir='ltr'>Ρ</span> <span class='ocrx_word' id='word_1_544' title='bbox 1739 5558 1767 5569; x_wconf 98' lang='grc'>-</span> 
     </span>
     <span class='ocr_line' id='line_1_47' title="bbox 436 5606 1768 5676; baseline -0.002 -14"><span class='ocrx_word' id='word_1_545' title='bbox 436 5612 478 5662; x_wconf 78' lang='lat'><strong>20.</strong></span> <span class='ocrx_word' id='word_1_546' title='bbox 497 5612 615 5674; x_wconf 67' lang='lat' dir='ltr'><strong>cocytltua</strong></span> <span class='ocrx_word' id='word_1_547' title='bbox 635 5612 715 5661; x_wconf 85' lang='lat' dir='ltr'><strong>BCV</strong></span> <span class='ocrx_word' id='word_1_548' title='bbox 742 5637 769 5646; x_wconf 93' lang='lat'>-</span> <span class='ocrx_word' id='word_1_549' title='bbox 793 5611 973 5676; x_wconf 66' lang='lat' dir='ltr'><strong>pyriflcpsthcs</strong></span> <span class='ocrx_word' id='word_1_550' title='bbox 994 5610 1034 5663; x_wconf 79' lang='lat' dir='ltr'><strong>e:</strong></span> <span class='ocrx_word' id='word_1_551' title='bbox 1059 5612 1141 5673; x_wconf 72' lang='lat' dir='ltr'><strong>scus,</strong></span> <span class='ocrx_word' id='word_1_552' title='bbox 1166 5612 1311 5675; x_wconf 70' lang='lat' dir='ltr'><strong>Phtspstbos</strong></span> <span class='ocrx_word' id='word_1_553' title='bbox 1332 5614 1367 5671; x_wconf 72' lang='grc' dir='ltr'><strong>ος</strong></span> <span class='ocrx_word' id='word_1_554' title='bbox 1390 5612 1472 5673; x_wconf 66' lang='lat' dir='ltr'><strong>Stoa,</strong></span> <span class='ocrx_word' id='word_1_555' title='bbox 1496 5609 1700 5672; x_wconf 72' lang='lat' dir='ltr'><strong>Pyriphloostbos</strong></span> <span class='ocrx_word' id='word_1_556' title='bbox 1716 5606 1768 5660; x_wconf 87' lang='lat' dir='ltr'><strong>alli.</strong></span> 
     </span>
     <span class='ocr_line' id='line_1_48' title="bbox 439 5683 1771 5751; baseline -0.004 -12"><span class='ocrx_word' id='word_1_557' title='bbox 439 5712 467 5724; x_wconf 92' lang='lat'>-</span> <span class='ocrx_word' id='word_1_558' title='bbox 488 5686 717 5750; x_wconf 73' lang='lat' dir='ltr'><strong>ditusntputoodi</strong></span> <span class='ocrx_word' id='word_1_559' title='bbox 735 5686 755 5737; x_wconf 88' lang='lat' dir='ltr'>C</span> <span class='ocrx_word' id='word_1_560' title='bbox 775 5713 801 5723; x_wconf 98' lang='lat'>-</span> <span class='ocrx_word' id='word_1_561' title='bbox 820 5687 854 5735; x_wconf 81' lang='lat' dir='ltr'><strong>ad</strong></span> <span class='ocrx_word' id='word_1_562' title='bbox 870 5687 897 5737; x_wconf 83' lang='lat' dir='ltr'><strong>id</strong></span> <span class='ocrx_word' id='word_1_563' title='bbox 914 5687 944 5737; x_wconf 85' lang='lat' dir='ltr'><strong>v¹</strong></span> <span class='ocrx_word' id='word_1_564' title='bbox 963 5712 991 5723; x_wconf 90' lang='lat'><em>-</em></span> <span class='ocrx_word' id='word_1_565' title='bbox 1009 5687 1050 5737; x_wconf 70' lang='lat' dir='ltr'><strong>it.</strong></span> <span class='ocrx_word' id='word_1_566' title='bbox 1069 5701 1129 5751; x_wconf 74' lang='lat' dir='ltr'><strong>erpo</strong></span> <span class='ocrx_word' id='word_1_567' title='bbox 1145 5687 1206 5737; x_wconf 78' lang='lat' dir='ltr'><strong>hacc</strong></span> <span class='ocrx_word' id='word_1_568' title='bbox 1223 5687 1252 5737; x_wconf 79' lang='lat' dir='ltr'><strong>dc</strong></span> <span class='ocrx_word' id='word_1_569' title='bbox 1268 5689 1327 5738; x_wconf 88' lang='lat' dir='ltr'><strong>P-</strong></span> <span class='ocrx_word' id='word_1_570' title='bbox 1346 5688 1387 5738; x_wconf 73' lang='lat'><strong>22.</strong></span> <span class='ocrx_word' id='word_1_571' title='bbox 1404 5683 1771 5737; x_wconf 70' lang='lat' dir='ltr'><strong>hoacnmadst-aiebat</strong></span> 
     </span>
     <span class='ocr_line' id='line_1_49' title="bbox 439 5757 1767 5827; baseline -0.003 -14"><span class='ocrx_word' id='word_1_572' title='bbox 439 5766 520 5827; x_wconf 80' lang='lat' dir='ltr'><strong>(corr.</strong></span> <span class='ocrx_word' id='word_1_573' title='bbox 539 5762 686 5826; x_wconf 73' lang='lat' dir='ltr'><strong>erepebat)</strong></span> <span class='ocrx_word' id='word_1_574' title='bbox 704 5763 740 5811; x_wconf 88' lang='lat' dir='ltr'><strong>B:</strong></span> <span class='ocrx_word' id='word_1_575' title='bbox 766 5760 985 5825; x_wconf 74' lang='lat' dir='ltr'><strong>coebotACEV</strong></span> <span class='ocrx_word' id='word_1_576' title='bbox 1005 5789 1032 5801; x_wconf 89' lang='lat'>-</span> <span class='ocrx_word' id='word_1_577' title='bbox 1051 5763 1093 5814; x_wconf 74' lang='lat' dir='ltr'><strong>it.</strong></span> <span class='ocrx_word' id='word_1_578' title='bbox 1112 5762 1203 5827; x_wconf 72' lang='lat' dir='ltr'><strong>cochet</strong></span> <span class='ocrx_word' id='word_1_579' title='bbox 1218 5761 1250 5814; x_wconf 70' lang='grc' dir='ltr'>Ψ</span> <span class='ocrx_word' id='word_1_580' title='bbox 1269 5790 1296 5800; x_wconf 97' lang='grc'>-</span> <span class='ocrx_word' id='word_1_581' title='bbox 1315 5763 1341 5813; x_wconf 83' lang='lat' dir='ltr'><strong>hi</strong></span> <span class='ocrx_word' id='word_1_582' title='bbox 1357 5761 1396 5814; x_wconf 76' lang='lat' dir='ltr'><strong>n:</strong></span> <span class='ocrx_word' id='word_1_583' title='bbox 1424 5762 1443 5812; x_wconf 87' lang='lat' dir='ltr'><strong>ii</strong></span> <span class='ocrx_word' id='word_1_584' title='bbox 1465 5764 1484 5813; x_wconf 91' lang='lat'>0</span> <span class='ocrx_word' id='word_1_585' title='bbox 1509 5788 1536 5798; x_wconf 94' lang='lat'><em>—</em></span> <span class='ocrx_word' id='word_1_586' title='bbox 1561 5761 1603 5812; x_wconf 76' lang='lat'><strong>25.</strong></span> <span class='ocrx_word' id='word_1_587' title='bbox 1620 5760 1712 5823; x_wconf 74' lang='lat' dir='ltr'><strong>maort</strong></span> <span class='ocrx_word' id='word_1_588' title='bbox 1727 5757 1767 5811; x_wconf 81' lang='lat' dir='ltr'><strong>u:</strong></span> 
     </span>
     <span class='ocr_line' id='line_1_50' title="bbox 439 5836 1770 5903; baseline -0.002 -14"><span class='ocrx_word' id='word_1_589' title='bbox 439 5841 467 5889; x_wconf 73' lang='lat' dir='ltr'><strong>id</strong></span> <span class='ocrx_word' id='word_1_590' title='bbox 487 5840 616 5903; x_wconf 64' lang='lat' dir='ltr'><strong>morio</strong></span> <span class='ocrx_word' id='word_1_591' title='bbox 643 5864 671 5874; x_wconf 89' lang='lat'><em>-</em></span> <span class='ocrx_word' id='word_1_592' title='bbox 697 5838 739 5887; x_wconf 72' lang='lat'><strong>26.</strong></span> <span class='ocrx_word' id='word_1_593' title='bbox 757 5837 831 5901; x_wconf 72' lang='lat' dir='ltr'><strong>uotae</strong></span> <span class='ocrx_word' id='word_1_594' title='bbox 854 5850 924 5888; x_wconf 90' lang='lat' dir='ltr'><strong>corr.</strong></span> <span class='ocrx_word' id='word_1_595' title='bbox 942 5839 969 5888; x_wconf 90' lang='lat' dir='ltr'><strong>ia</strong></span> <span class='ocrx_word' id='word_1_596' title='bbox 989 5839 1098 5903; x_wconf 78' lang='lat' dir='ltr'><strong>uolpiv</strong></span> <span class='ocrx_word' id='word_1_597' title='bbox 1120 5866 1148 5877; x_wconf 94' lang='lat'><em>-</em></span> <span class='ocrx_word' id='word_1_598' title='bbox 1172 5836 1770 5889; x_wconf 72' lang='lat' dir='ltr'><strong>odoccidootsmcotssvtP-dasecsto—</strong></span> 
     </span>
     <span class='ocr_line' id='line_1_51' title="bbox 441 5910 1768 5972; baseline -0.002 -8"><span class='ocrx_word' id='word_1_599' title='bbox 441 5912 483 5964; x_wconf 73' lang='lat'><strong>29.</strong></span> <span class='ocrx_word' id='word_1_600' title='bbox 502 5914 572 5963; x_wconf 77' lang='lat' dir='ltr'><strong>dotus</strong></span> <span class='ocrx_word' id='word_1_601' title='bbox 588 5910 627 5964; x_wconf 77' lang='lat' dir='ltr'><strong>e:</strong></span> <span class='ocrx_word' id='word_1_602' title='bbox 647 5915 719 5964; x_wconf 84' lang='lat' dir='ltr'><strong>dolor</strong></span> <span class='ocrx_word' id='word_1_603' title='bbox 735 5913 786 5963; x_wconf 90' lang='lat' dir='ltr'><strong>alii.</strong></span> <span class='ocrx_word' id='word_1_604' title='bbox 807 5937 834 5950; x_wconf 91' lang='lat'><strong>·-</strong></span> <span class='ocrx_word' id='word_1_605' title='bbox 852 5913 954 5964; x_wconf 78' lang='lat' dir='ltr'><strong>morbus</strong></span> <span class='ocrx_word' id='word_1_606' title='bbox 971 5915 1031 5966; x_wconf 88' lang='lat' dir='ltr'><strong>cod.</strong></span> <span class='ocrx_word' id='word_1_607' title='bbox 1049 5913 1159 5966; x_wconf 78' lang='lat' dir='ltr'><strong>licelid:</strong></span> <span class='ocrx_word' id='word_1_608' title='bbox 1176 5915 1264 5965; x_wconf 75' lang='lat' dir='ltr'><strong>modes</strong></span> <span class='ocrx_word' id='word_1_609' title='bbox 1280 5912 1473 5972; x_wconf 81' lang='lat' dir='ltr'><strong>ABCEPV¹;</strong></span> <span class='ocrx_word' id='word_1_610' title='bbox 1491 5916 1573 5963; x_wconf 76' lang='lat' dir='ltr'><strong>asotos</strong></span> <span class='ocrx_word' id='word_1_611' title='bbox 1588 5911 1638 5972; x_wconf 84' lang='lat' dir='ltr'><strong>V²;</strong></span> <span class='ocrx_word' id='word_1_612' title='bbox 1656 5911 1768 5966; x_wconf 67' lang='lat' dir='ltr'><strong>usluto</strong></span> 
     </span>
     <span class='ocr_line' id='line_1_52' title="bbox 444 5985 1645 6056; baseline 0 -16"><span class='ocrx_word' id='word_1_613' title='bbox 444 6012 472 6028; x_wconf 92' lang='lat'><strong>·-</strong></span> <span class='ocrx_word' id='word_1_614' title='bbox 492 5989 533 6040; x_wconf 80' lang='lat'><strong>³0.</strong></span> <span class='ocrx_word' id='word_1_615' title='bbox 550 5990 662 6051; x_wconf 66' lang='lat' dir='ltr'><strong>umato</strong></span> <span class='ocrx_word' id='word_1_616' title='bbox 677 5988 725 6041; x_wconf 72' lang='lat' dir='ltr'><strong>il&#39;:</strong></span> <span class='ocrx_word' id='word_1_617' title='bbox 744 5989 873 6053; x_wconf 73' lang='lat' dir='ltr'><strong>coemtio</strong></span> <span class='ocrx_word' id='word_1_618' title='bbox 888 5987 980 6042; x_wconf 85' lang='lat' dir='ltr'><strong>ABV¹</strong></span> <span class='ocrx_word' id='word_1_619' title='bbox 996 5990 1032 6054; x_wconf 83' lang='lat' dir='ltr'><strong>(in</strong></span> <span class='ocrx_word' id='word_1_620' title='bbox 1050 5993 1072 6042; x_wconf 88' lang='lat' dir='ltr'><strong>A</strong></span> <span class='ocrx_word' id='word_1_621' title='bbox 1088 5990 1162 6056; x_wconf 85' lang='lat' dir='ltr'><strong>prior</strong></span> <span class='ocrx_word' id='word_1_622' title='bbox 1178 5988 1188 6040; x_wconf 90' lang='lat' dir='ltr'><strong>t</strong></span> <span class='ocrx_word' id='word_1_623' title='bbox 1204 5991 1335 6055; x_wconf 82' lang='lat' dir='ltr'><strong>expuncta</strong></span> <span class='ocrx_word' id='word_1_624' title='bbox 1352 5988 1420 6053; x_wconf 83' lang='lat' dir='ltr'><strong>est),</strong></span> <span class='ocrx_word' id='word_1_625' title='bbox 1437 5987 1541 6052; x_wconf 61' lang='lat' dir='ltr'><strong>caveto</strong></span> <span class='ocrx_word' id='word_1_626' title='bbox 1557 5985 1645 6040; x_wconf 80' lang='lat' dir='ltr'><strong>Clio.</strong></span> 
     </span>
    </p>
   </div>
   <div class='ocr_carea' id='block_1_5' title="bbox 0 0 2222 7459">
    <p class='ocr_par' dir='ltr' id='par_1_13' title="bbox 0 0 2222 7459">
     <span class='ocr_line' id='line_1_53' title="bbox 0 0 2222 7459; baseline 0 0"><span class='ocrx_word' id='word_1_627' title='bbox 0 0 2222 7459; x_wconf 95' lang='lat' dir='ltr'><strong> </strong></span> 
     </span>
    </p>
   </div>
  </div>
 </body>
</html>
