4342 7459
736 1227 805 1291 nn
826 1227 867 1290 11.
898 1225 973 1291 cn.
994 1226 1167 1290 vin-x.
1193 1223 1241 1310 ss
1263 1221 1407 1289 ts-as.
1676 1223 1738 1291 aas

408 1392 436 1456 si
455 1389 521 1454 isto
543 1388 649 1452 omnis
669 1382 758 1460 liunt,
780 1385 861 1449 nibil
883 1405 941 1449 nos
963 1384 1135 1452 admonere
1157 1392 1261 1468 potest
1280 1392 1317 1448 ut
1338 1386 1495 1449 cautiores
1513 1386 1631 1462 simus;
1655 1409 1737 1472 quo·

408 1505 473 1569 quo
494 1484 579 1547 enim
600 1482 697 1545 modo
717 1501 776 1544 nos
799 1482 999 1564 gesserimus,
1021 1481 1076 1545 liet
1095 1491 1200 1547 tamen
1222 1479 1312 1553 illud,
1335 1478 1420 1561 quod
1436 1478 1576 1543 laturum
1591 1488 1650 1543 ast.
1680 1482 1736 1544 Sin

407 1578 566 1646 autemid
589 1584 694 1659 potest
715 1573 808 1651 flecti,
831 1577 953 1639 nullum
975 1585 1024 1639 est
1046 1576 1164 1640 latum:
1186 1576 1229 1638 its
1251 1593 1292 1637 no
1314 1573 1468 1637 divinatio
1491 1575 1634 1658 quidem,
1657 1595 1736 1657 quo·

406 1674 493 1737 nism
515 1688 554 1733 ea
573 1689 678 1733 rerum
701 1669 880 1733 futurarum
902 1682 962 1734 est.
991 1671 1077 1733 Nihil
1093 1678 1198 1734 autem
1214 1678 1262 1732 est
1284 1689 1341 1752 pro
1363 1676 1447 1732 certo
1468 1668 1624 1744 loturum,
1647 1670 1734 1754 quod

406 1771 512 1850 potest
532 1762 639 1845 aliqua
659 1764 882 1848 procuratione
905 1765 1048 1828 accidere
1070 1786 1112 1829 ne
1134 1763 1196 1829 liat
1744 1781 1760 1829 o

490 1858 546 1921 IX.
569 1853 620 1918 ᾗ.
642 1860 746 1939 Atque
767 1876 827 1939 ego
849 1877 889 1920 ne
912 1860 1021 1922 utilem
1044 1859 1174 1942 quidem
1195 1857 1332 1919 arbitror
1353 1876 1423 1920 esse
1445 1855 1538 1919 nobis
1559 1854 1735 1920 futurarum

406 1973 512 2018 rerum
534 1951 709 2016 scientiam.
755 1949 845 2026 Quae
874 1952 958 2014 enim
988 1954 1053 2016 vita
1081 1953 1195 2016 luisset
1224 1950 1368 2024 Priamo,
1402 1951 1429 2014 si
1459 1950 1499 2013 ab
1520 1948 1737 2016 adulescentia

407 2049 519 2112 scisset
550 2065 632 2129 quos
662 2051 796 2107 eventus
825 2047 998 2109 senectutis
1029 2055 1115 2109 esset
1147 2044 1335 2109 habiturust
1379 2046 1537 2107 Abeamus
1564 2064 1582 2106 a
1611 2044 1736 2119 tabulis,

407 2143 556 2226 propiora
569 2141 743 2203 videamus.
774 2138 1031 2203 Clarissimorum
1053 2138 1217 2203 bominum
1240 2146 1365 2201 nostrae
1385 2138 1519 2200 civitatis
1535 2139 1735 2220 gravissimos

407 2236 512 2299 exitus
533 2234 567 2295 in
591 2232 812 2296 Consolatione
835 2234 1030 2317 collegimus.
1075 2234 1161 2310 Quid
1185 2232 1308 2314 igitur?
1331 2240 1366 2294 ut
1387 2232 1570 2295 omittamus
1591 2234 1774 2314 superio-so

407 2330 467 2403 ris,
488 2329 636 2392 Marcone
659 2325 771 2389 Crasso
795 2337 886 2410 putas
907 2328 986 2391 utile
1007 2326 1118 2400 luisse,
1140 2335 1207 2389 tum
1230 2347 1300 2389 oum
1324 2325 1478 2388 maxumis
1500 2324 1615 2407 opibus
1637 2324 1738 2391 iortu-

407 2424 522 2507 nisque
543 2419 686 2493 florebat,
707 2420 790 2483 scire
812 2420 875 2484 sibi
896 2421 1063 2486 interfecto
1081 2421 1194 2484 Publio
1216 2416 1284 2481 lilio
1307 2418 1515 2501 exercituque
1530 2419 1635 2484 deleto
1650 2431 1737 2485 trans

407 2516 598 2597 Euphratem
625 2534 697 2577 cum
720 2514 894 2597 ignominia
915 2524 948 2579 et
969 2514 1127 2578 dedecore
1149 2533 1220 2576 esse
1242 2512 1461 2596 pereundum?
1503 2513 1552 2574 An
1575 2514 1631 2577 Cn.
1646 2517 1738 2580 Pom·

407 2608 515 2691 peinm
544 2627 654 2671 censes
682 2608 783 2671 tribus
810 2610 877 2673 suis
905 2609 1143 2682 consulatibus,
1177 2608 1277 2670 tribus
1308 2606 1497 2688 triumphis,
1531 2610 1739 2675 maximarum

407 2722 512 2765 rerum
541 2701 641 2785 gloria
670 2701 1000 2778 laetaturumluisse,
1032 2704 1060 2766 si
1082 2703 1178 2765 sciret
1205 2722 1240 2765 se
1261 2702 1295 2764 in
1318 2700 1489 2764 solitudine
1511 2705 1737 2787 Aegyptiorum
1747 2726 1775 2772 ss

407 2794 598 2861 trucidatum
619 2795 659 2858 iri
681 2796 799 2859 amisso
821 2800 978 2873 exercitu,
1001 2806 1075 2881 post
1097 2804 1228 2860 mortam
1251 2815 1326 2859 sero
1347 2814 1386 2859 ea
1408 2803 1633 2871 consecutura,
1655 2818 1737 2881 quae

408 2890 477 2954 sine
498 2890 638 2954 lacrimis
659 2909 724 2954 non
747 2910 915 2973 possumus
938 2892 1066 2955 diceret
1110 2887 1162 2951 23.
1185 2889 1271 2966 Quid
1293 2909 1368 2953 vero
1391 2888 1557 2954 Caesarem
1577 2901 1735 2976 putamus,

408 2986 436 3049 si
457 2983 632 3049 divinasset
651 2984 720 3048 lore
741 2993 778 3047 ut
798 2986 830 3048 in
854 3006 892 3049 eo
914 2994 1045 3061 senatu,
1070 3005 1165 3069 quem
1188 2984 1306 3046 maiore
1328 3003 1369 3046 cx
1391 2992 1481 3066 parte
1501 2986 1571 3066 ipse
1592 2996 1738 3069 cooptas-

409 3087 468 3154 set,
489 3081 523 3142 in
545 3078 632 3143 curis
647 3079 807 3162 Pompeia,
829 3087 901 3142 ante
924 3080 1025 3162 ipsius
1046 3079 1177 3162 Pompei
1199 3077 1420 3151 simulacrum,
1435 3087 1483 3142 tot
1498 3080 1737 3143 centurionibus

408 3174 474 3237 suis
496 3171 764 3255 inspectantibus,
791 3190 811 3236 a
833 3173 1050 3237 nobilissumis
1072 3172 1213 3247 civibus,
1242 3173 1354 3255 partim
1377 3173 1472 3236 etism
1494 3191 1513 3236 a
1534 3193 1569 3235 se
1591 3175 1775 3239 omnibusso

409 3267 502 3331 rebus
522 3265 659 3338 ornatis,
682 3263 857 3329 trucidatus
879 3267 921 3329 ita
943 3268 1080 3342 iaceret,
1109 3275 1145 3329 ut
1166 3264 1205 3329 sd
1229 3267 1299 3330 eius
1321 3284 1436 3348 corpus
1457 3285 1523 3329 non
1544 3269 1640 3332 modo
1661 3270 1739 3332 ami·

409 3379 519 3424 corun
540 3359 596 3422 sed
619 3378 659 3421 ne
680 3378 843 3423 servorum
866 3360 995 3445 quidem
1018 3361 1189 3445 quisquam
1204 3358 1383 3432 accederet,
1406 3380 1471 3443 qno
1485 3363 1625 3427 cruciatu
1641 3361 1737 3426 animi

409 3455 503 3517 num
525 3458 668 3515 acturum
689 3451 810 3517 luisset
844 3454 935 3518 Certe
957 3455 1053 3537 igitur
1073 3454 1231 3536 ignoratio
1252 3452 1430 3517 futurorum
1453 3455 1606 3518 malorum
1630 3456 1740 3519 utilior

410 3555 575 3629 estonam
597 3545 740 3609 scientia.
784 3544 836 3610 Sl.
866 3552 946 3612 Nam
973 3546 1052 3611 illud
1080 3547 1211 3633 quidem
1238 3548 1322 3620 diei,
1356 3550 1541 3632 praesertim
1567 3570 1586 3613 a
1614 3550 1738 3625 Stoicis,

409 3639 499 3704 nullo
521 3638 616 3703 modo
638 3648 760 3723 potest:
782 3663 845 3707 non
867 3644 946 3707 isset
966 3643 1007 3706 ad
1029 3662 1115 3707 arma
1130 3642 1317 3726 Pompeius,
1342 3660 1406 3703 non
1429 3643 1593 3706 transisset
1608 3643 1777 3711 Crassusss

408 3733 624 3817 Euphratem
658 3755 724 3799 non
754 3739 947 3821 suscepisset
976 3738 1095 3801 bellum
1121 3738 1215 3802 civile
1244 3735 1370 3799 Caesar.
1413 3738 1485 3800 Non
1513 3738 1608 3820 igitur
1633 3737 1739 3801 letalis

409 3829 516 3892 exitus
536 3828 731 3906 babuerunt3
754 3832 849 3895 vultis
872 3841 977 3897 autem
1000 3834 1128 3896 evenire
1150 3830 1258 3895 omnia
1278 3829 1361 3894 lato:
1383 3830 1464 3894 nibil
1485 3850 1561 3915 ergo
1583 3832 1647 3895 illis
1668 3852 1739 3914 pro-

408 3922 521 3987 luissat
542 3923 692 3986 divinare.
734 3926 838 4009 Atque
860 3927 955 3990 etism
977 3947 1104 3990 omnem
1126 3924 1264 3988 fructum
1286 3925 1369 3988 vitae
1391 3926 1562 4009 superioris
1583 3926 1740 4010 perdidis-

409 4025 500 4092 sent;
529 4017 606 4101 quid
628 4019 713 4082 enim
736 4029 842 4102 posset
863 4022 903 4085 iis
924 4041 995 4086 esse
1017 4021 1153 4094 laetum,
1175 4020 1279 4082 exitus
1301 4039 1378 4082 suos
1399 4020 1638 4102 cogitanttbnst
1683 4021 1738 4094 lta,

409 4130 539 4194 quoquo
562 4129 633 4174 sese
654 4114 806 4177 verterint
828 4115 943 4190 Stoici,
972 4118 1076 4179 iaceat
1101 4133 1231 4177 necesse
1260 4121 1309 4175 est
1330 4114 1432 4176 omnis
1456 4132 1564 4177 eornm
1587 4113 1775 4178 sollertiaao

410 4204 443 4268 Si
465 4205 550 4267 enim
572 4204 624 4280 id,
647 4207 733 4290 quod
757 4218 943 4273 eventurum
965 4217 1028 4282 est,
1051 4208 1101 4272 vel
1123 4207 1184 4270 boc
1205 4206 1255 4270 vel
1277 4206 1334 4269 illo
1358 4206 1452 4270 modo
1475 4217 1581 4290 potest
1602 4210 1737 4283 evenire,

408 4298 536 4363 t'ortuna
558 4300 642 4362 valet
664 4300 852 4383 plurimum3
884 4323 966 4385 qnae
988 4311 1094 4366 autem
1116 4300 1245 4363 fortuita
1268 4307 1355 4374 sunt,
1378 4309 1465 4364 certa
1486 4321 1557 4364 esse
1579 4322 1643 4364 non
1666 4323 1739 4384 pos·

409 4402 494 4457 sunt.
538 4393 595 4456 Sin
616 4404 721 4457 autem
744 4404 865 4458 certum
888 4404 947 4469 est,
969 4396 1047 4481 quid
1070 4415 1197 4479 quaque
1219 4395 1259 4456 de
1281 4415 1315 4457 re
1338 4414 1468 4478 quoque
1490 4403 1633 4477 tempore
1654 4396 1739 4460 futu·

409 4505 480 4550 rum
502 4488 562 4562 sit,
592 4486 670 4570 quid
699 4496 748 4551 est
775 4486 861 4572 quod
889 4507 939 4552 me
967 4490 1118 4553 adiuvent
1139 4488 1341 4572 haruspices,
1371 4509 1442 4551 oum
1471 4508 1523 4552 res
1546 4490 1738 4553 tristissimas

410 4579 557 4664 portendi
579 4580 754 4644 dixerunt?
1748 4608 1777 4655 ss

495 4674 535 4737 X.
558 4671 610 4737 25.
634 4676 764 4739 Addunt
784 4675 825 4740 ad
847 4683 1023 4742 extremum
1045 4678 1152 4741 omnia
1173 4676 1275 4740 levius
1298 4695 1410 4739 casura
1424 4677 1519 4740 rebus
1535 4675 1649 4741 divinis
1664 4698 1739 4761 pro-

410 4769 537 4834 curatis.
572 4769 605 4832 Si
628 4771 711 4834 enim
733 4771 815 4835 nibil
835 4768 871 4835 fit
892 4781 982 4835 extra
1003 4771 1118 4847 latum,
1139 4768 1219 4835 nibil
1238 4771 1335 4834 levari
1351 4790 1385 4833 re
1401 4769 1507 4836 divina
1522 4781 1637 4854 potest
1670 4773 1738 4836 Hoc

479 5032 503 5081 4.
521 5032 701 5082 numerati
721 5058 748 5069 -
767 5034 922 5096 maneas
941 5059 969 5070 -
988 5033 1013 5084 2.
1032 5031 1235 5097 estsup.lin.t
1256 5057 1283 5067 -
1302 5031 1326 5082 6.
1345 5030 1399 5095 sao]
1416 5044 1476 5095 erpo
1493 5032 1515 5082 ll
1534 5057 1561 5069 -
1583 5034 1607 5083 8.
1626 5033 1741 5083 obiturus

411 5105 434 5158 ll
453 5133 479 5145 -
499 5106 524 5156 9.
540 5107 663 5169 propiora
678 5106 771 5172 vulgo:
788 5109 926 5172 propriora
942 5109 972 5169 C,
991 5106 1024 5157 cl.
1043 5109 1062 5166 t,
1077 5107 1133 5171 8⁴³
1147 5134 1175 5145 -
1195 5107 1235 5157 40.
1253 5107 1393 5169 superiom
1410 5106 1458 5156 ΗΟ
1476 5131 1503 5141 -
1523 5107 1563 5156 lt.
1575 5109 1660 5171 (auset
1672 5110 1694 5159 ll
1706 5135 1739 5146 -

409 5184 531 5233 stasim
547 5183 620 5233 Ello
640 5208 667 5219 -
687 5183 727 5233 ⁴³.
745 5185 869 5247 esbum
885 5184 950 5243 All,
967 5183 1083 5245 soboas
1100 5183 1119 5233 B
1138 5196 1170 5233 cx
1188 5194 1258 5232 corr.
1279 5206 1307 5217 -
1327 5180 1367 5230 44.
1385 5180 1493 5244 triumfis
1508 5183 1530 5230 Α
1547 5207 1575 5217 -
1595 5184 1635 5234 ts.
1653 5198 1740 5233 renam

411 5269 465 5307 om.
484 5257 503 5307 B
531 5283 557 5293 -
583 5256 669 5319 laissa
686 5258 718 5308 ΗΙ
737 5285 764 5295 -
791 5262 873 5309 uisset
889 5257 1034 5309 Lambinus
1061 5283 1089 5294 -·
1115 5270 1141 5307 se
1158 5256 1430 5319 comedissemus
1446 5256 1646 5306 motrsoeidausm
1665 5258 1739 5309 t'abrt

411 5344 500 5396 susp,
523 5345 549 5382 se
564 5334 592 5382 ia
608 5332 688 5382 otiosa
704 5333 825 5397 demtis
841 5335 942 5385 maden
959 5333 1113 5383 trucidatam
1128 5331 1169 5382 vel
1187 5345 1213 5382 se
1228 5344 1246 5381 ss
1261 5331 1411 5393 spadonibus
1426 5331 1554 5394 Aaoyptiis
1569 5332 1667 5381 &mam
1683 5338 1740 5382 tru-

410 5408 521 5458 otdstsss
538 5407 658 5458 Densius
676 5408 779 5469 maluit,
802 5423 828 5460 ss
843 5410 976 5459 seusiam
990 5409 1018 5457 iss
1033 5408 1086 5457 solo
1103 5407 1281 5471 demtionem
1296 5406 1450 5456 tmctdotssm
1473 5406 1620 5457 l'renzelins
1645 5434 1670 5444 -
1698 5410 1738 5459 46.

411 5495 439 5532 so
456 5483 515 5533 lt-
536 5484 576 5533 ts.
589 5486 762 5545 cooptosssttt
782 5511 810 5522 -
830 5487 869 5535 aa.
886 5486 1002 5548 pompeio
1019 5485 1056 5535 C:
1075 5484 1226 5545 Pompeiana
1243 5481 1321 5533 codd.
1335 5480 1401 5533 dett.
1415 5482 1548 5533 ltoserio
1568 5506 1594 5518 -
1614 5484 1652 5533 20,
1667 5483 1740 5533 sobi-

411 5556 511 5607 tlsstssis
528 5559 599 5608 ΒΗΟ
619 5584 645 5596 -
666 5560 708 5609 tt.
727 5561 852 5611 admotu
867 5560 901 5620 B,
920 5559 1013 5609 mimis
1030 5559 1051 5609 tt
1069 5584 1102 5595 -
1118 5558 1158 5608 22.
1172 5558 1267 5622 ae]aec
1283 5558 1302 5608 B
1321 5582 1347 5592 -
1367 5557 1407 5607 25.
1426 5570 1476 5606 soa
1492 5557 1620 5605 transisset
1636 5555 1741 5608 Crassus

412 5632 567 5695 supernam
583 5647 634 5683 sos
650 5635 707 5685 isset
723 5636 757 5685 od
773 5650 849 5685 ems
865 5636 994 5698 Pompeias
1014 5633 1092 5685 codd.
1111 5634 1174 5697 lteg.
1193 5635 1220 5682 et
1237 5630 1347 5683 cantab.
1366 5632 1463 5682 berbii
1482 5657 1508 5666 -
1535 5633 1652 5681 tractaret
1669 5634 1690 5683 tt
1711 5657 1737 5669 -

413 5708 644 5769 28.th
664 5737 691 5746 -
709 5712 799 5772 {mles
817 5710 865 5762 llO
884 5736 910 5746 -
929 5710 1067 5762 satan:
1085 5708 1179 5758 tasas
1199 5733 1224 5746 -
1245 5707 1496 5770 locauerunt·
1515 5719 1566 5757 sesa
1583 5707 1617 5757 C:
1635 5720 1660 5756 se
1677 5708 1696 5757 0
1711 5734 1738 5745 ·-

413 5784 969 5836 urtsrssttt-tucsottt-sotsrtiolt
990 5781 1497 5843 -atastssassa-aanoptcos
1518 5782 1743 5834 -aostsennt

414 5857 480 5908 tlt:
498 5858 611 5908 wast
628 5860 686 5919 ΒΟ,
711 5858 745 5910 cl.
764 5858 924 5923 lladvlgium
944 5858 980 5909 ad
997 5859 1052 5911 Clc.
1070 5857 1106 5909 de
1124 5858 1188 5909 tion.
1207 5872 1233 5924 p.
1246 5859 1295 5909 690
1318 5884 1346 5895 -
1373 5858 1414 5908 tt.
1432 5857 1741 5920 cdcmt-—proearcttu

415 5934 513 5986 sissia
529 5934 696 5985 Foertscbius
713 5932 730 5985 Ι.
740 5933 758 5985 4.
770 5933 822 6000 pt
834 5957 862 5970 -
882 5933 1034 5986 titinio
1046 5933 1080 5984 c:
1098 5934 1217 5985 assuas
1231 5932 1353 5985 baiulus
1365 5932 1400 5995 0,
1414 5931 1495 5997 mis,
1513 5931 1616 5983 dmin
1627 5931 1741 5999 Ernestt

470 6033 560 6084 cisne
578 6033 606 6080 r.
618 6033 659 6084 tr.
1478 6020 1521 6089 34
