4342 7459
869 1258 1289 1346 cm.xx1.3372-8t.
1675 1239 1738 1326 cai

411 1422 563 1488 Catonem
586 1420 692 1484 dicere
712 1419 831 1496 audiri,
853 1421 1044 1486 dissuendae
1066 1423 1167 1506 magis
1190 1441 1285 1511 quarn
1308 1420 1549 1497 discindendae,
1565 1424 1625 1487 nisi
1640 1441 1740 1507 quae·

410 1516 483 1580 dam
512 1514 552 1578 ad
580 1514 708 1578 modum
735 1513 945 1579 intolerabilis
967 1517 1082 1579 iniuria
1105 1516 1275 1591 exarserit,
1305 1524 1341 1580 ut
1362 1537 1468 1602 nequo
1489 1525 1610 1581 rectum
1633 1537 1739 1601 neque

410 1609 579 1674 honestum
607 1608 649 1671 sit
677 1628 736 1672 nec
765 1605 833 1671 lieri
862 1611 964 1693 possit
991 1619 1113 1674 utnon
1136 1610 1240 1674 statim
1263 1611 1412 1675 alienatio
1436 1611 1671 1694 disiunctioque
1692 1609 1739 1673 fa-

411 1703 535 1772 ciunda
549 1702 600 1766 sit
643 1698 695 1763 77.
719 1701 774 1765 Sin
797 1710 901 1766 autem
924 1711 979 1766 aut
1001 1723 1125 1767 morum
1147 1713 1202 1768 sut
1223 1705 1398 1768 studiorum
1422 1707 1627 1769 commutatio
1641 1724 1740 1787 quae-

410 1798 494 1872 dam,
516 1805 551 1860 ut
571 1793 638 1860 beri
660 1792 753 1870 solet,
775 1793 857 1860 facta
878 1797 938 1860 erit
959 1797 1068 1860 autin
1090 1797 1136 1861 rei
1154 1797 1299 1883 publicae
1313 1798 1456 1882 partibus
1472 1799 1629 1862 dissensio
1643 1797 1762 1860 inter-e

410 1890 541 1955 cesserit
569 1923 612 1935 -
640 1890 758 1972 loquor
779 1890 865 1953 enim
886 1893 967 1965 iam,
998 1900 1032 1955 ut
1053 1892 1149 1976 paulo
1171 1898 1244 1955 ante
1268 1892 1355 1967 dixi,
1386 1913 1451 1955 non
1475 1892 1515 1956 de
1537 1892 1738 1975 sapientium,

410 1985 467 2049 sed
490 1984 529 2047 de
552 1984 773 2047 communibus
794 1984 942 2048 amicitiis
958 2019 1014 2060 —,
1036 1984 1210 2049 cavendum
1233 1987 1295 2048 erit
1316 2004 1357 2048 ne
1377 2006 1441 2049 non
1463 1986 1566 2049 solum
1581 1984 1738 2048 amicitiae

409 2079 590 2161 depositae,
621 2077 679 2141 sed
709 2080 803 2143 etiam
832 2079 1019 2144 inimicitiae
1050 2088 1216 2162 susceptae
1246 2077 1421 2143 videantur.
1466 2079 1550 2143 llibil
1579 2084 1664 2143 enlm
1690 2084 1740 2141 est

409 2173 533 2255 turpius
562 2191 659 2255 quam
685 2192 756 2237 cum
779 2193 818 2237 ec
840 2173 958 2237 bellum
980 2192 1110 2256 gerere,
1139 2192 1276 2255 quocum
1299 2172 1498 2237 familiariter
1519 2174 1648 2237 vixeris.
1691 2171 1739 2235 Ab

409 2265 550 2328 amicitia
570 2265 611 2340 Q.
626 2266 757 2348 Pompei
780 2286 851 2331 meo
874 2269 1002 2331 nomine
1024 2286 1058 2330 se
1081 2273 1272 2341 removerat,
1293 2275 1331 2329 ut
1351 2266 1447 2341 scitis,
1470 2266 1586 2349 Scipio,
1608 2274 1777 2349 propterte

409 2358 643 2422 dissensionem
671 2367 794 2435 autem,
824 2380 908 2444 quae
936 2368 1005 2424 erat
1032 2360 1066 2423 in
1089 2379 1123 2421 re
1152 2359 1295 2442 publica,
1326 2359 1485 2422 alienatus
1507 2367 1555 2423 est
1576 2378 1596 2422 a
1617 2358 1740 2439 collega

409 2459 518 2515 nostm
540 2453 686 2517 bletello:
717 2461 886 2538 utrumque
908 2453 972 2537 egit
993 2453 1132 2535 graviter
1158 2453 1346 2515 auctoritate
1376 2460 1408 2515 et
1438 2453 1615 2516 offensione
1641 2450 1739 2514 animi

409 2565 475 2610 uon
496 2545 621 2609 acerba.
663 2543 716 2609 78.
746 2547 1000 2622 Quamobrem
1029 2548 1163 2631 primum
1193 2547 1298 2609 danda
1325 2555 1492 2630 operaest
1513 2566 1553 2610 ne
1577 2564 1640 2630 qua
1661 2546 1741 2608 ami·

410 2658 518 2703 corum
540 2640 673 2704 discidia
694 2637 789 2703 bant:
811 2642 861 2705 sin
885 2640 949 2704 tale
970 2640 1091 2724 aliquid
1114 2641 1271 2717 evenerit,
1287 2649 1323 2704 ut
1337 2641 1495 2704 extinctae
1510 2643 1617 2724 potius
1631 2639 1741 2703 amici·

410 2733 473 2798 tiae
495 2754 590 2818 quam
612 2752 784 2819 oppressae
806 2754 877 2798 esse
899 2735 1076 2798 rideantur.
1116 2734 1297 2799 &rendum
1315 2754 1392 2798 rero
1411 2755 1453 2798 ne
1468 2736 1564 2799 etiam
1579 2736 1613 2797 in
1628 2751 1740 2817 graves
1749 2750 1778 2797 ta

410 2827 593 2892 inimicitias
615 2836 859 2892 concertantes
881 2829 1055 2903 amicitiae,
1077 2848 1119 2891 ex
1143 2828 1259 2911 quibus
1282 2829 1403 2912 iurgia,
1427 2829 1610 2903 maledieta,
1632 2834 1741 2891 contu·

411 2922 525 2987 mellae
547 2922 728 3005 gignuntur.
771 2922 861 2997 Quae
892 2931 998 2986 umen
1028 2923 1055 2985 si
1083 2922 1265 2987 tolerabiles
1293 2931 1400 2993 erunt,
1430 2922 1583 2986 ferundae
1609 2929 1684 2985 eunt
1709 2927 1742 2984 et

411 3016 465 3080 bic
485 3015 588 3081 bonos
609 3016 708 3081 reteri
731 3015 889 3080 amicitiae
911 3015 1110 3090 tribuendus,
1132 3025 1167 3080 ut
1188 3017 1216 3079 is
1238 3017 1270 3079 in
1293 3018 1387 3101 eulpa
1405 3017 1463 3092 sit,
1479 3018 1535 3100 qui
1548 3016 1660 3092 iaciat,
1676 3034 1739 3079 non

411 3109 455 3184 ie,
476 3108 533 3193 qui
556 3110 693 3192 patiatur
713 3108 871 3172 iniuriam.

493 3203 632 3266 Omnino
647 3204 788 3266 omnium
806 3201 919 3266 borum
936 3204 1083 3267 vitiorum
1098 3213 1194 3288 atque
1208 3206 1480 3270 incommodorum
1494 3224 1559 3268 una
1573 3205 1680 3268 cantio
1692 3211 1778 3268 estro
1887 3241 1890 3248 ·

410 3306 508 3382 atque
530 3317 594 3361 una
615 3297 766 3380 provisio,
790 3304 825 3359 ut
845 3316 886 3360 ne
907 3298 1001 3361 nimis
1022 3298 1085 3361 cito
1106 3300 1239 3381 diligere
1265 3300 1420 3382 incipiant
1433 3317 1515 3362 nere
1529 3318 1594 3362 non
1615 3299 1739 3382 dignos.

409 3388 461 3454 79.
482 3391 576 3476 Digni
598 3397 704 3454 autem
726 3400 801 3454 sunt
822 3390 969 3465 amicitia,
992 3392 1108 3476 quibus
1129 3394 1163 3456 in
1186 3394 1265 3477 ipsis
1279 3395 1364 3457 inest
1377 3411 1471 3457 causa
1487 3411 1544 3455 cur
1558 3393 1740 3477 diligantur.

410 3488 526 3550 llarum
547 3486 669 3569 genusl
694 3493 725 3547 et
747 3485 877 3568 quidem
899 3488 1006 3549 omnia
1028 3487 1190 3568 praeclara
1211 3507 1298 3561 rara,
1320 3488 1564 3570 necquicquam
1580 3484 1741 3551 difficilius

411 3600 506 3664 quam
529 3581 668 3663 reperire
698 3580 784 3662 quod
814 3580 857 3643 sit
886 3582 972 3645 omni
1001 3601 1042 3643 ex
1064 3589 1153 3664 parts
1175 3583 1208 3645 in
1230 3600 1288 3645 suo
1310 3600 1426 3664 genere
1447 3578 1633 3664 perfectum.
1677 3581 1740 3645 Sed

409 3674 555 3759 plerique
584 3693 690 3758 neque
718 3673 752 3735 in
781 3674 877 3737 rebus
905 3673 1053 3738 humanis
1083 3676 1255 3758 quicquam
1284 3674 1403 3737 bonum
1430 3683 1548 3739 norunt
1569 3675 1629 3737 nisi
1654 3673 1778 3756 quodtr

408 3766 609 3831 fructuosum
632 3769 684 3840 sit,
705 3775 737 3830 et
757 3770 876 3831 amieos
899 3777 1058 3851 umquam
1081 3769 1220 3853 pecudes
1244 3788 1298 3833 eos
1320 3769 1518 3854 potissimum
1534 3770 1684 3854 diligunt,
1698 3788 1740 3830 ex

410 3861 527 3944 quibus
548 3870 678 3944 sperant
700 3881 734 3925 se
757 3864 927 3925 maximum
949 3861 1085 3925 fructum
1101 3883 1173 3927 esse
1188 3873 1348 3947 capturos.
1391 3861 1444 3926 80.
1467 3864 1513 3926 lta
1529 3862 1740 3946 pulcherrima

409 3954 465 4017 illa
493 3962 527 4018 et
552 3956 689 4018 maxime
717 3956 854 4019 naturali
883 3965 991 4020 carent
1019 3957 1160 4020 amicitia
1185 3977 1242 4040 per
1269 3977 1304 4020 se
1326 3965 1358 4020 et
1379 3964 1510 4039 propter
1531 3976 1565 4020 se
1588 3955 1739 4038 expetita,

409 4069 470 4112 neo
490 4049 552 4132 ipsi
574 4045 635 4112 sibi
657 4049 804 4132 exemplo
827 4059 918 4125 sunt,
947 4049 1027 4113 baec
1056 4051 1105 4114 vis
1135 4051 1293 4114 amicitiae
1314 4059 1347 4114 et
1368 4052 1471 4133 qualis
1494 4057 1526 4114 et
1548 4057 1668 4132 quanta
1689 4049 1738 4111 sit.

409 4146 481 4227 lpse
503 4144 588 4206 enim
610 4162 645 4207 se
666 4144 802 4225 quisque
824 4142 937 4225 diligit,
960 4164 1024 4205 non
1048 4152 1084 4206 ut
1104 4142 1244 4227 aliquam
1265 4163 1336 4207 ase
1351 4147 1422 4226 ipsc
1441 4141 1618 4205 mercedem
1633 4143 1777 4224 exigatsc

410 4238 548 4301 caritatis
570 4255 656 4310 suae,
679 4236 735 4299 sed
759 4236 846 4319 quod
869 4256 928 4319 per
949 4256 985 4300 se
1007 4238 1146 4321 quisque
1168 4237 1226 4300 sibi
1250 4257 1342 4300 carus
1358 4246 1416 4300 est.
1453 4234 1547 4311 Quod
1570 4235 1630 4296 nisi
1654 4234 1739 4296 idem

409 4330 441 4392 in
464 4330 632 4393 amicitiam
655 4329 876 4404 transferetur,
905 4350 998 4395 verus
1020 4334 1142 4394 amicus
1163 4350 1336 4412 numquam
1359 4330 1555 4412 reperietur3
1585 4338 1634 4392 est
1654 4330 1738 4391 enim

409 4425 455 4496 is,
484 4425 539 4507 qui
568 4433 616 4487 est
644 4432 803 4507 tamquam
832 4425 914 4489 alter
945 4424 1040 4487 idem.
1089 4419 1141 4486 8t.
1164 4424 1260 4499 Quod
1282 4425 1308 4486 si
1332 4423 1393 4487 hoc
1414 4431 1545 4506 apparet
1565 4425 1599 4485 in
1621 4423 1739 4496 bestiis,

409 4515 605 4592 volueribus,
630 4518 793 4594 nantibus,
816 4515 1013 4601 agrestibus,
1035 4519 1205 4592 cicuribus,
1228 4517 1315 4592 ieris,
1337 4518 1473 4602 primum
1496 4524 1531 4580 ut
1552 4537 1586 4580 se
1609 4516 1741 4598 diligant

475 4695 498 4745 t.
518 4694 740 4745 massmanno
765 4722 791 4731 -
819 4695 843 4746 ³.
862 4697 1012 4760 sequestert
1028 4697 1069 4746 BS
1091 4722 1115 4732 -
1140 4696 1257 4760 [mendo
1275 4694 1322 4744 DO
1340 4719 1367 4729 -
1395 4692 1419 4744 l.
1438 4697 1523 4742 osma
1539 4698 1585 4741 ossi
1601 4693 1639 4742 C:
1657 4697 1741 4742 auem

409 4770 477 4821 0-
501 4770 860 4821 studioraenoatmonsnd
887 4796 914 4808 -
941 4771 1118 4821 tinomss
1145 4795 1172 4806 -
1201 4768 1447 4831 seoquusame
1474 4792 1501 4805 -
1529 4767 1686 4817 tumems
1711 4791 1738 4801 -

409 4844 583 4906 mentiens
610 4870 637 4880 -
669 4844 694 4894 8.
713 4845 848 4906 depositae
870 4846 891 4893 G
917 4871 944 4881 -
974 4846 1122 4895 inimicitias
1138 4845 1215 4895 etium
1235 4844 1255 4893 0
1279 4868 1306 4879 -
1338 4848 1375 4892 est
1391 4842 1506 4891 omno
1531 4867 1558 4878 -
1591 4841 1616 4890 9,
1635 4853 1742 4904 quocum

410 4921 491 4969 liGS:
510 4921 612 4984 qatcssn
629 4919 702 4970 1)Εο
722 4944 747 4955 -
768 4920 808 4969 to.
822 4921 903 4982 quinti
919 4921 988 4971 BGS
1006 4945 1033 4957 -
1052 4919 1192 4982 Pompeio
1210 4944 1237 4954 -
1258 4919 1298 4967 ts.
1312 4920 1464 4967 auctoritate
1481 4922 1505 4966 et
1520 4913 1626 4966 inclusit
1638 4916 1741 4977 Madvig

410 4994 516 5057 (opusc.
535 4994 650 5055 11,181);
677 4994 801 5046 sulficere
817 4995 925 5046 videtur
940 4997 1092 5046 auctoritate
1108 4993 1187 5044 obelo
1205 4995 1312 5052 notare,
1331 5004 1385 5055 quo
1402 4989 1534 5041 vocabulo
1551 4990 1660 5054 quidam
1678 4989 1740 5039 illud

409 5072 524 5134 prouder
540 5067 654 5120 voluisse
671 5071 777 5120 videtur
793 5069 936 5136 explicare.
963 5097 990 5108 -
1018 5070 1057 5119 13.
1077 5084 1154 5132 quom
1170 5068 1201 5117 od
1217 5081 1318 5117 remu
1329 5068 1466 5116 uideuatur
1482 5067 1581 5116 Nonius
1599 5080 1624 5131 p.
1637 5065 1695 5126 tte,
1708 5067 1740 5116 bd

411 5170 438 5182 -
458 5158 536 5207 opero
551 5150 586 5193 est
603 5144 664 5204 EG,
683 5145 800 5194 Nonius:
818 5151 855 5195 est
871 5158 948 5208 opero
965 5145 1033 5195 BES
1053 5170 1077 5182 -
1104 5157 1136 5193 sse
1152 5157 1217 5206 quoe
1233 5145 1275 5193 lis
1293 5167 1320 5180 -
1347 5142 1388 5193 tl.
1407 5143 1548 5193 dimidioo
1568 5169 1595 5180 -
1618 5144 1741 5205 pociusG

412 5246 439 5258 -
458 5218 696 5269 metensem&
715 5243 741 5256 -
762 5222 803 5271 15.
822 5220 1221 5281 οὸρνοοωοοάἀοαηωνΝοοίυο
1241 5241 1267 5254 -
1292 5218 1454 5267 ulmeri)
1475 5242 1500 5253 -
1529 5218 1737 5267 1111111111-

410 5295 451 5344 t'l.
469 5293 617 5344 tdterobites
635 5296 671 5353 G,
693 5296 873 5345 tdarowiores
890 5296 911 5344 1)
931 5321 957 5331 -
982 5294 1104 5356 fumidos
1121 5293 1184 5343 EG:
1210 5293 1327 5355 semdae
1345 5293 1437 5343 illiso
1462 5318 1489 5328 -
1517 5293 1556 5343 18.
1575 5294 1654 5342 bonor
1671 5293 1692 5341 1)
1712 5317 1739 5328 -

408 5369 782 5420 1111111οαοηὴοπιωθῦε
819 5397 845 5440 -1
881 5371 922 5420 11.
940 5383 991 5419 noo
1007 5368 1174 5431 digoosllli:
1199 5369 1399 5432 tedipcosBGs
1426 5392 1453 5405 -
1483 5367 1524 5417 11.
1543 5365 1741 5428 quibusipsisli

411 5469 439 5481 -
466 5443 508 5494 td.
532 5449 556 5493 et
578 5444 684 5508 peden]
709 5444 822 5507 equidem
843 5445 861 5495 S
893 5470 921 5481 -
957 5456 1024 5493 roro
1046 5442 1184 5503 praeclaro
1207 5443 1234 5501 S,
1264 5442 1313 5493 sed
1339 5441 1401 5493 edd.
1427 5443 1509 5505 signis
1534 5442 1742 5505 transpositionis

411 5543 439 5554 -
467 5518 508 5569 11.
531 5520 558 5567 iss
579 5532 730 5582 peumsrso
754 5519 797 5568 bs
822 5543 849 5554 -
877 5519 919 5569 16.
938 5519 1150 5582 deligantliles
1168 5518 1326 5581 diupunti),
1349 5518 1489 5581 ditipoets
1516 5541 1543 5551 -
1574 5518 1613 5566 18.
1633 5522 1742 5565 amure-

408 5592 492 5652 lioS,
516 5606 586 5643 corr.
606 5590 876 5643 milnaoturollitt
903 5619 930 5630 -
957 5592 1119 5655 npuuoc:
1144 5594 1321 5654 soepstmooo
1347 5618 1374 5630 -
1402 5593 1443 5641 19.
1462 5589 1633 5652 exsibiipsi
1650 5592 1742 5649 masc

407 5668 621 5730 tpstascsids'li
654 5692 681 5703 -
715 5668 837 5729 ctqasolts
862 5681 927 5718 nos:
955 5674 990 5717 est
1007 5666 1091 5730 qualis
1112 5666 1197 5726 Bes,
1220 5669 1303 5731 quotu
1324 5668 1399 5718 1)Εο
1433 5692 1458 5703 -
1492 5665 1533 5715 30,
1551 5680 1569 5716 o
1586 5666 1680 5726 seipso
1703 5667 1740 5714 G:

407 5742 534 5805 huosa
553 5742 584 5800 li,
607 5744 733 5806 oseipss
756 5743 854 5794 BDSO
882 5769 909 5778 -
935 5745 1025 5806 seipas
1039 5743 1213 5793 mercedemf)
1243 5768 1269 5780 -
1302 5740 1672 5805 septemdecem:
1697 5738 1743 5789 sibi

410 5817 514 5880 qouque
529 5830 551 5866 c.
570 5818 632 5878 ΕΟ,
656 5820 759 5882 quisque
775 5831 851 5867 corase
866 5817 952 5868 sibiD
981 5844 1008 5855 -
1035 5818 1076 5867 ³2.
1096 5817 1276 5879 transferretur
1298 5820 1317 5868 B
1345 5843 1373 5854 -
1399 5827 1538 5876 numquam
1554 5815 1651 5863 ombus
1673 5814 1739 5864 Ε-

409 5893 1074 5957 romb-{tdqtsiestcwutdsmo-
1102 5892 1377 5956 diffidasti-f
1402 5891 1742 5956 componebamus

409 5971 496 6024 sedit.
514 5971 549 6035 E,
572 5971 657 6023 ssdtt.
674 5971 796 6035 ipsust),
820 5968 991 6034 seipsoedit.
1012 5968 1042 6022 0.
