4342 7459
435 1229 499 1297 'iot
942 1232 996 1298 lili
1018 1234 1071 1297 RE
1093 1232 1263 1299 eunucu

436 1417 533 1483 quam
560 1394 749 1462 addixerat·
806 1396 877 1463 Nee
910 1414 992 1461 vero
1027 1397 1177 1462 levitatis
1203 1388 1459 1463 Atheniensium
1489 1398 1779 1487 crudelitatisque

436 1502 471 1566 in
496 1500 717 1584 amplissimos
743 1502 829 1566 elvis
862 1500 1017 1581 exempla
1043 1497 1219 1586 deliciunt,
1253 1519 1338 1586 quae
1369 1504 1450 1567 nata
1481 1507 1516 1568 et
1549 1503 1779 1589 frequentata

435 1601 525 1689 apud
551 1603 629 1668 illos
654 1604 752 1668 eiiam
782 1605 816 1669 in
843 1604 1085 1690 gravissmam
1114 1605 1284 1669 civilatem
1314 1610 1463 1670 nostram
1491 1604 1609 1671 dicunt
1637 1604 1778 1672 redun-

436 1707 546 1774 dasse.
567 1776 572 1787 ,
590 1702 627 1772 6.
653 1708 735 1774 Nam
758 1709 814 1773 vel
836 1708 969 1771 exilium
985 1708 1111 1773 Camilli
1135 1708 1190 1772 vel
1213 1707 1352 1773 offensio
1373 1708 1777 1802 commemoraturus-

413 1802 533 1891 opst]
555 1811 619 1895 lae,
640 1811 695 1876 vel
718 1810 843 1875 invidia
857 1810 1001 1876 Nasicae
1024 1812 1080 1875 vel
1101 1812 1254 1894 expulsio
1270 1812 1431 1876 Laenatis
1445 1808 1624 1895 veiopimi
1648 1806 1777 1889 idan-

435 1917 527 1981 natlo
555 1915 612 1981 vel
642 1915 723 2003 iuga
749 1914 881 1979 Metelli
912 1916 969 1978 vel
998 1916 1211 1980 acerbissima
1240 1912 1278 1982 0.
1301 1914 1392 1979 Mari
1421 1914 1536 1983 clades
1565 1907 1776 2001 [principun

436 2010 570 2110 caedes]
600 2005 671 2084 vel'
685 2037 798 2084 eorum
827 2020 1000 2083 muliorum
1024 2025 1154 2107 pestes,
1185 2037 1270 2103 quae
1293 2020 1393 2102 paulo
1417 2021 1494 2103 post
1515 2023 1656 2085 secutae
1677 2022 1777 2086 nui.

436 2122 508 2188 Neo
528 2140 612 2187 vero
635 2122 697 2187 iam
719 2140 792 2187 meo
815 2124 946 2187 nomine
967 2123 1152 2204 abstinent,
1176 2128 1226 2202 et,
1248 2121 1366 2199 eredo,
1388 2125 1466 2208 quia
1486 2127 1603 2187 nostro
1625 2124 1777 2189 conubis

436 2243 477 2292 ae
500 2226 649 2309 periculo
671 2244 748 2291 sese
777 2228 810 2290 in
833 2227 890 2290 illa
912 2228 1108 2309 vitantque
1131 2228 1199 2290 otio
1222 2232 1445 2292 conservatos
1469 2230 1603 2311 putant,
1626 2228 1779 2316 mulus

400 2329 536 2393 ioatiam
566 2326 608 2394 de
639 2329 736 2415 nobis
763 2333 948 2413 queruntur
979 2332 1013 2392 et
1042 2332 1219 2393 amantius.
1273 2325 1345 2394 Sed
1376 2329 1465 2394 baud
1496 2329 1595 2395 facile
1625 2330 1777 2397 dixeri·

436 2450 512 2519 our,
534 2449 607 2498 eum
629 2433 692 2515 ipsi
714 2428 865 2497 discendi
886 2434 944 2496 aut
966 2432 1095 2495 visendi
1118 2450 1220 2498 eausa
1242 2434 1345 2496 maria
1366 2435 1553 2497 tramittant
1574 2425 1605 2482 ἦ
1619 2426 1652 2484 ὓ
1666 2429 1701 2490 ii

855 2528 1084 2614 [beniamin
1102 2534 1233 2614 popiaoe
1252 2530 1350 2615 duae]

437 2629 562 2718 p·259·]
586 2638 647 2704 iv.
672 2633 708 2702 7.
730 2629 979 2716 *iitsaivnm
996 2658 1071 2705 esse
1086 2642 1262 2705 consulatu
1277 2641 1394 2706 abiens
1408 2641 1442 2705 iu
1458 2641 1628 2720 contione,
1641 2641 1777 2726 populo

436 2742 589 2807 Romano
612 2741 696 2807 idem
719 2743 865 2826 iurante,
894 2745 1071 2825 iurassent,
1102 2745 1203 2809 facile
1224 2746 1414 2809 iniuriarum
1437 2744 1577 2808 omnium
1600 2761 1777 2829 compen-

399 2856 545 2911 tiaarem
574 2863 685 2911 euram
712 2850 748 2911 et
775 2849 971 2931 molestiam·
1024 2849 1226 2933 Quamquam
1259 2851 1364 2913 nostri
1396 2866 1496 2913 casus
1524 2849 1600 2932 pias
1628 2846 1777 2916 nonoris

437 2949 626 3015 babuerunt
651 2954 913 3036 quamlaboris,
946 2971 1053 3037 neque
1080 2960 1207 3017 tantum
1236 2954 1411 3017 molestiae
1438 2955 1595 3033 quantum
1626 2952 1777 3040 gloriar,

437 3056 658 3139 maioremque
692 3055 850 3120 laetitiam
884 3074 926 3120 ex
960 3055 1128 3120 desiderio
1162 3056 1321 3122 bonorum
1355 3057 1564 3140 percepimus
1594 3074 1699 3140 quam
1731 3074 1777 3121 ex

436 3157 564 3222 laetitia
585 3158 806 3241 improborum
830 3158 987 3223 dolorem.
1029 3155 1100 3225 Sed
1122 3162 1150 3224 si
1173 3161 1288 3243 aliter,
1318 3164 1355 3222 nt
1379 3159 1465 3241 dixi,
1486 3157 1692 3238 accidisset,
1716 3160 1777 3241 qui

437 3253 565 3341 p.260·]
595 3279 729 3344 possem
760 3254 879 3346 queri?
899 3257 904 3339 Ι
924 3281 996 3328 cum
1020 3262 1097 3326 mibi
1119 3262 1200 3326 nibli
1224 3263 1396 3346 inproviso
1419 3280 1482 3328 neo
1504 3263 1648 3349 gravius
1671 3282 1777 3347 quau

399 3369 705 3447 ”expectavissem
728 3384 788 3448 pro
812 3369 915 3429 tantis
938 3368 1018 3429 meis
1039 3366 1141 3430 factis
1162 3368 1358 3429 evenisset..
1386 3365 1422 3430 is
1443 3366 1528 3430 enim
1553 3364 1697 3447 fueram,
1720 3369 1777 3433 eui

437 3485 511 3534 oum
534 3469 650 3534 liceret
671 3474 730 3532 aut
752 3470 893 3531 maiores
915 3486 957 3531 ex
982 3470 1050 3532 otio
1074 3468 1204 3533 fruetus
1226 3487 1349 3550 capere
1367 3487 1462 3553 quam
1481 3470 1606 3533 ceteris
1629 3473 1778 3553 prepter

439 3573 564 3634 variam
591 3572 791 3636 suavitatem
819 3569 1023 3654 studiorum,
1053 3573 1086 3634 in
1111 3571 1230 3655 quibus
1252 3589 1272 3633 a
1295 3573 1438 3655 puerilia
1460 3572 1630 3653 vixeram,
1659 3576 1725 3636 aut
1746 3573 1777 3637 si

439 3671 518 3758 quid
539 3674 707 3739 accideret
729 3677 883 3739 acerbius
906 3677 1091 3757 universis,
1122 3695 1190 3738 non
1217 3676 1445 3759 praecipuam,
1473 3673 1533 3739 sed
1558 3692 1674 3758 parem
1698 3693 1778 3742 eu

438 3778 563 3843 ceteris
583 3776 739 3842 fortunae
761 3779 989 3844 condicionem
1012 3780 1136 3862 subire,
1158 3797 1223 3842 nou
1248 3777 1468 3843 dubitaverim
1490 3795 1540 3842 me
1557 3780 1779 3863 gravidata

401 3892 470 3959 alp.
485 3872 549 3958 lib]
579 3883 833 3962 tempestatibus
860 3882 866 3958 Ι
889 3900 929 3948 ao
960 3901 1066 3965 paene
1096 3882 1286 3947 fulminibus
1308 3884 1391 3967 ipsis
1413 3883 1544 3948 obvium
1567 3882 1661 3949 ferre
1683 3901 1779 3951 eon·

438 3982 678 4049 servandorum
706 3988 826 4052 elvirum
855 4005 958 4053 cansa
989 3988 1135 4071 meisque
1167 3990 1313 4070 propriis
1343 3987 1499 4070 periculis
1530 4003 1655 4067 parere
1676 4005 1781 4053 eon-

440 4089 693 4171 munerationis
716 4092 828 4153 otiam.
886 4091 922 4154 8.
959 4090 1075 4173 Neque
1107 4092 1191 4152 enim
1221 4089 1285 4154 hae
1314 4108 1376 4153 nos
1407 4091 1513 4172 patria
1542 4090 1622 4177 lege
1653 4093 1782 4179 genuit

437 4194 496 4272 aut
518 4190 690 4270 educavit,
713 4199 749 4255 ut
773 4194 862 4256 nulia
885 4196 978 4277 quasi
1001 4195 1156 4256 alimenta
1179 4195 1394 4274 exspectaret
1416 4211 1435 4255 a
1458 4193 1554 4257 nobis
1576 4209 1619 4257 ac
1644 4197 1783 4260 lantum

438 4294 535 4360 modo
565 4298 689 4360 nostris
715 4299 788 4380 ipsa
815 4296 995 4362 commodis
1023 4299 1176 4360 serviens
1205 4299 1309 4359 tutum
1341 4295 1527 4382 perfugium
1558 4285 1631 4359 otio
1657 4301 1785 4365 nostro

400 4398 671 4481 sosuppeilitaret
700 4404 734 4463 et
762 4401 972 4484 tranquillum
1001 4397 1045 4465 ad
1076 4401 1218 4483 quietem
1245 4399 1370 4477 locum,
1399 4396 1459 4463 sed
1488 4402 1523 4462 ut
1555 4398 1728 4479 plurimas
1750 4408 1788 4469 et

1671 4548 1788 4562 ’.ὴ

505 4633 530 4683 i.
548 4634 612 4683 oieb
628 4647 690 4684 nos:
709 4597 781 4684 curu}
799 4636 828 4692 C,
847 4636 941 4685 civero
962 4661 989 4671 -
1010 4598 1089 4684 naras:
1107 4636 1126 4685 C
1147 4661 1173 4669 -·
1194 4634 1217 4684 ³.
1231 4647 1321 4683 urcunr
1339 4635 1373 4684 C:
1393 4634 1548 4684 dinumero
1568 4659 1596 4670 -
1617 4635 1646 4687 l.
1661 4640 1792 4693 aedan

1498 4718 1512 4743 li

441 4754 582 4803 Otacente
601 4756 640 4803 Du
654 4756 716 4804 llieu
736 4780 763 4790 -
783 4769 893 4806 ιιιιιιιε
912 4758 931 4806 C
950 4758 1103 4819 (vestigium
1121 4756 1223 4807 litterae
1243 4770 1249 4803 1
1268 4757 1374 4816 erasae)
1395 4784 1422 4793 -
1452 4756 1476 4806 6,
1495 4769 1738 4813 ouuacaamssrm
1758 4765 1791 4825 C,

441 4874 530 4924 ultime
550 4874 668 4923 adeleia
689 4902 714 4910 -
736 4842 794 4926 uam
813 4879 832 4925 C
854 4905 878 4913 —
903 4880 1046 4938 principum
1062 4879 1149 4926 coedes
1166 4892 1227 4927 cum
1246 4879 1350 4928 blosero
1369 4877 1523 4928 inclusimus
1550 4904 1577 4914 -
1606 4880 1635 4930 7.
1652 4886 1794 4945 ραυαοο

442 4974 469 4985 -
488 4950 513 4998 8.
530 4963 575 4997 noe
592 4963 652 4997 uero
669 4952 721 4998 inm
737 4965 791 4999 areo
808 4953 906 4999 nomine
923 4952 1027 5001 abilam
1050 4953 1114 5014 (sic)
1138 4953 1214 5002 alieri
1235 4954 1381 5002 transiemus
1399 4953 1510 5003 Messius
1534 4965 1559 5016 p.
1575 4954 1627 5003 aio
1654 4960 1738 5010 liud.
1760 4989 1795 5000 ...

440 5036 494 5072 meo
511 5025 669 5074 Arusianus:
689 5026 776 5075 onae
798 5052 823 5059 —
844 5026 884 5074 ti.
903 5031 964 5075 anio
981 5029 1078 5076 solitam
1097 5028 1159 5091 quid
1178 5028 1357 5091 supplendum
1375 5029 1417 5089 sii,
1436 5031 1548 5091 apparet
1566 5042 1600 5078 ex
1618 5043 1667 5083 or.
1689 5037 1720 5087 in
1737 5039 1794 5088 Pis.

442 5144 485 5208 56
502 5148 569 5194 extr.
591 5170 618 5180 -
639 5144 678 5195 lt.
699 5108 815 5194 iungere
835 5148 864 5204 C,
884 5148 1067 5197 iaraeisserno
1097 5176 1121 5183 —
1151 5150 1191 5198 io.
1212 5163 1313 5199 aleonis
1332 5150 1361 5199 C¹
1383 5177 1408 5185 —
1433 5150 1472 5198 t8.
1492 5149 1568 5198 aliter
1584 5152 1623 5213 ut]
1644 5167 1675 5204 v.
1694 5157 1796 5210 itendit

440 5221 516 5269 Turs.
534 5221 552 5278 i,
566 5220 614 5269 269
635 5247 660 5254 -
682 5221 720 5269 te.
740 5234 829 5277 Quaem
848 5224 866 5271 C
889 5250 912 5259 -
935 5236 1048 5272 innorrso
1067 5226 1086 5271 i:
1105 5224 1193 5272 addita
1212 5239 1224 5272 ι
1241 5238 1301 5288 sup.
1315 5224 1358 5273 lin.
1379 5249 1405 5259 -
1425 5224 1466 5273 20.
1485 5225 1526 5271 eni
1543 5237 1601 5275 om.
1617 5227 1664 5289 (Ξῖ,
1686 5231 1798 5285 addidit

442 5356 476 5391 m.
496 5343 511 5391 2
530 5344 555 5391 in
574 5355 673 5404 marg..
701 5343 816 5404 quisine
835 5356 914 5392 causa
932 5343 1049 5394 molebat
1067 5344 1246 5395 i'r.C.iVolif
1272 5370 1298 5382 -
1327 5349 1367 5397 ii.
1387 5346 1452 5410 eum]
1469 5307 1537 5395 [effe
1560 5373 1588 5383 -
1610 5316 1744 5407 laionnc
1766 5381 1795 5394 -

571 5426 616 5450 ω-

441 5467 482 5518 22.
496 5478 583 5514 sruuio
617 5467 636 5513 a·
656 5490 682 5499 -
703 5465 743 5512 23.
758 5479 890 5513 ,testatas
908 5466 937 5515 (ζ’
957 5493 982 5501 -
997 5467 1041 5541 vil.
1056 5469 1220 5517 conditionem
1237 5469 1256 5517 0
1275 5494 1301 5502 —
1323 5468 1362 5516 25.
1377 5481 1472 5517 axanae
1490 5467 1509 5516 C
1530 5494 1557 5503 -
1579 5482 1747 5528 ruuxraxrus
1764 5482 1796 5531 C.

442 5540 692 5599 ·Emendationem,
717 5539 751 5588 de
769 5552 821 5602 que
839 5540 922 5589 Maius
939 5542 964 5590 in
982 5542 1132 5602 addendis,
1158 5557 1211 5593 nou
1229 5546 1302 5607 potui
1320 5556 1458 5593 eernere.»
1486 5544 1534 5591 Du
1553 5543 1651 5596 llieu
1687 5575 1720 5588 ·-
1752 5554 1796 5605 ιο,

498 5623 512 5646 Ι
703 5623 727 5646 ΙΙ
881 5621 907 5646 lx

443 5625 753 5711 asoarusaer'cuursaanuc
783 5688 809 5698 -
836 5662 876 5711 28.
896 5665 1069 5713 srecrxaerc
1099 5692 1125 5700 -
1156 5666 1196 5713 ⁶29.
1217 5679 1343 5714 ειίιιιοιιιε
1361 5667 1390 5721 C,
1409 5664 1457 5714 sed
1476 5676 1544 5713 corr.
1566 5666 1593 5714 i.
1615 5680 1657 5717 m.
1691 5698 1722 5710 -
1751 5675 1794 5728 aa„

388 5813 395 5824 ·
443 5788 467 5832 ot
483 5783 578 5846 trono]
596 5744 800 5839 aennossinuru
825 5784 844 5833 C
862 5781 957 5833 deletis
975 5784 1066 5835 litteris
1086 5801 1099 5833 a
1117 5790 1144 5835 et
1162 5801 1184 5834 ru
1210 5813 1236 5821 —
1265 5788 1307 5836 sed
1323 5792 1351 5835 at
1365 5787 1490 5849 plurimos
1507 5788 1531 5834 et
1546 5790 1693 5844 aimanor
1710 5800 1796 5847 soseri

442 5860 521 5907 sami
538 5860 630 5921 bryonia
647 5859 733 5907 eonati
746 5860 829 5921 portis
844 5861 900 5920 ipsa
917 5860 963 5907 sibi
979 5862 1005 5909 id
1022 5862 1154 5910 utilitatem
1171 5874 1244 5910 mom
1258 5863 1437 5925 pipnmorolsr
1453 5861 1552 5911 Nouius
1571 5874 1600 5925 p.
1612 5863 1678 5917 li'i.
1701 5871 1795 5922 ιΕυι.

444 5931 507 5985 dem
531 5931 618 5982 iocum
640 5945 670 5984 se
692 5933 788 5998 legisse
809 5937 874 5985 satis
892 5935 1021 5997 significat
1037 5938 1176 5987 flectemus
1193 5936 1288 5988 doctus
1306 5937 1427 5988 ethnicus
1444 5934 1516 6001 apud
1533 5938 1729 6002 augustinum
1746 5960 1792 6014 sp
