4342 7459
440 1252 461 1321 2
838 1254 1162 1321 ACADEMICORUM
1182 1256 1365 1321 Pllltlllllbl

441 1426 571 1511 genium
592 1432 809 1509 agnoscerent.
845 1427 921 1490 Post
941 1426 981 1489 ad
1003 1427 1251 1491 blitbridaticum
1273 1424 1391 1487 bellum
1412 1425 1528 1487 missus
1542 1442 1562 1487 a
1576 1430 1688 1488 senatu
1702 1444 1769 1488 non

440 1520 536 1583 modo
569 1500 750 1604 ‹lpinionem
783 1519 859 1584 vicit
887 1521 1043 1594 omnium,
1077 1540 1159 1605 quae
1189 1521 1228 1583 de
1255 1520 1370 1582 virtute
1392 1519 1461 1581 eius
1483 1525 1565 1593 erat,
1596 1516 1769 1581 sedetiam

440 1614 570 1698 gloriam
593 1616 801 1700 superiorum.
845 1610 875 1676 ⁶2.
898 1615 998 1697 ldque
1020 1635 1059 1677 eo
1081 1614 1140 1678 fuit
1161 1614 1354 1687 mirabilius,
1385 1612 1471 1696 quod
1498 1612 1538 1675 ab
1561 1632 1599 1676 eo
1620 1612 1689 1675 laus
1711 1612 1771 1674 im·

438 1709 597 1791 paratoria
629 1728 694 1771 non
727 1708 895 1771 admodum
929 1709 1188 1790 exspectabatur,
1223 1708 1278 1792 qui
1306 1707 1554 1771 adulescentiam
1587 1706 1620 1769 in
1650 1705 1769 1768 lorensi

416 1821 555 1886 sopera,
579 1810 766 1887 quaesturae
789 1801 971 1864 diuturnum
995 1809 1132 1885 tempus,
1154 1805 1285 1865 Murena
1307 1802 1425 1865 bellum
1452 1806 1484 1865 in
1506 1803 1608 1865 Ponto
1630 1808 1770 1884 gerente,

439 1899 473 1960 in
494 1898 568 1961 Asia
591 1917 669 1981 pace
692 1903 940 1979 consumpserat.
978 1895 1040 1959 Sed
1063 1895 1257 1960 incredibilis
1274 1897 1430 1980 quaedam
1453 1896 1571 1980 ingenii
1586 1894 1770 1978 magnitudo

440 2011 504 2055 non
534 1990 726 2054 desideravit
753 1989 921 2052 indocilem
950 2011 1026 2053 usus
1048 1991 1259 2073 disciplinam.
1302 1992 1416 2073 ltaque
1438 2011 1507 2054 cum
1533 1997 1634 2053 totum
1658 1989 1717 2050 iter
1740 1994 1772 2050 et

439 2087 673 2170 navigationem
703 2086 952 2166 consumpsisset
977 2085 1092 2167 partim
1115 2085 1147 2147 in
1170 2082 1388 2165 percontando
1412 2103 1430 2147 a
1452 2083 1578 2166 peritis,
1601 2081 1714 2164 partim
1737 2081 1770 2142 in

439 2181 534 2244 rebus
557 2181 654 2263 gestis
676 2180 836 2263 legendis,
859 2180 892 2240 in
915 2178 1021 2240 Asiam
1043 2177 1145 2239 lactus
1168 2178 1340 2258 imperator
1361 2178 1465 2252 venit,
1488 2197 1559 2240 cum
1574 2183 1658 2238 esset
1671 2176 1772 2236 Roma

402 2274 599 2358 soprolectus
621 2275 666 2336 rei
691 2273 835 2336 militaris
857 2274 956 2334 rudis.
994 2271 1113 2333 Habuit
1134 2270 1220 2332 cuim
1242 2269 1383 2333 divinam
1406 2270 1564 2355 quandam
1586 2271 1769 2333 memoriam

439 2389 562 2442 rerum,
586 2368 751 2432 verborum
773 2368 924 2429 maiorem
946 2365 1136 2427 Hortensius
1158 2399 1199 2407 -
1222 2364 1293 2438 sed,
1320 2386 1386 2449 quo
1408 2366 1480 2449 plus
1501 2366 1534 2427 in
1556 2363 1694 2445 negotiis
1717 2380 1770 2443 ge·

438 2464 546 2528 rendis
568 2483 618 2525 res
634 2480 728 2545 quam
743 2459 839 2523 verba
861 2468 1009 2542 prosunt,
1031 2458 1175 2521 hocerat
1190 2459 1341 2524 memoria
1356 2460 1411 2522 illa
1426 2459 1651 2543 praestantior:
1674 2476 1768 2540 quam

437 2557 538 2621 luisse
558 2556 592 2618 in
614 2553 845 2628 Themistocle,
872 2574 967 2636 quom
989 2551 1083 2614 facile
1107 2552 1257 2614 Graeciae
1279 2553 1452 2636 principem
1476 2554 1639 2636 ponimus,
1662 2551 1770 2633 singu·

438 2653 538 2715 larem
558 2650 673 2713 lerunt.
707 2648 770 2723 Qui
793 2646 921 2731 quidem
944 2646 1038 2708 etiam
1061 2645 1224 2727 pollicenti
1244 2647 1366 2709 cuidam
1382 2668 1415 2709 se
1430 2654 1528 2710 artem
1544 2649 1574 2711 ei
1588 2647 1769 2718 memoriae,

402 2761 521 2832 ecquae
544 2755 611 2810 tum
633 2744 769 2826 primum
791 2741 1026 2824 proferebatur,
1056 2740 1244 2802 traditurum
1266 2739 1471 2822 respondisse
1492 2740 1606 2804 dicitur
1627 2740 1769 2806 oblivisci

439 2862 473 2905 se
505 2839 600 2905 malle
633 2838 771 2900 discere:
810 2834 924 2908 credo,
957 2834 1043 2916 quod
1081 2833 1258 2896 haerebant
1294 2835 1326 2897 in
1367 2836 1516 2897 memoria
1551 2855 1769 2919 quaecumque

439 2936 583 3000 audierat
611 2942 643 2997 et
672 2931 807 2994 viderat.
851 2930 920 2992 Tali
949 2928 1078 3009 ingenio
1104 2928 1268 3010 praeditus
1291 2930 1442 2992 Lucullus
1464 2930 1654 2993 adiunxerat
1674 2929 1769 2990 etiam

438 3028 543 3102 illam,
567 3045 662 3111 quam
677 3025 905 3089 Themistocles
928 3030 1102 3107 spreverat,
1125 3022 1335 3104 disciplinam.
1371 3026 1496 3109 ltaque,
1518 3032 1559 3106 ut
1567 3023 1680 3087 litteris
1696 3043 1771 3086 cou-

440 3124 600 3205 signamus
630 3139 711 3204 quae
734 3119 936 3182 monimentis
959 3117 1110 3180 mandare
1132 3118 1291 3192 volumus,
1321 3119 1366 3182 sio
1390 3119 1443 3182 ille
1466 3120 1501 3182 in
1523 3119 1627 3181 animo
1649 3136 1700 3179 res
1722 3117 1770 3178 in-

401 3217 580 3299 sosculptas
609 3213 755 3277 babebat.
800 3210 829 3274 3.
858 3214 978 3275 Tantus
1006 3230 1080 3293 ergo
1108 3211 1280 3293 imperator
1300 3213 1332 3275 in
1356 3215 1441 3276 omni
1465 3233 1580 3296 genere
1602 3211 1678 3275 belli
1699 3209 1770 3284 fuit,

439 3310 585 3393 proeliis,
616 3306 918 3391 oppugnationibus,
947 3305 1114 3368 navalibus
1144 3307 1257 3388 pugnis
1279 3307 1439 3390 totiusque
1460 3307 1537 3371 belli
1558 3307 1769 3369 instrumento

439 3414 472 3468 ot
492 3404 663 3486 adparatu,
686 3411 722 3464 ut
742 3402 797 3466 ille
819 3422 877 3464 rex
899 3410 972 3484 post
993 3399 1209 3462 Alexandrum
1231 3420 1398 3462 maxumus
1419 3399 1505 3463 bunc
1527 3420 1546 3464 a
1568 3419 1602 3464 se
1617 3401 1769 3463 maiorem

439 3499 551 3562 ducem
573 3498 733 3579 cognitum
756 3516 851 3580 quam
875 3514 1068 3579 quemquam
1092 3513 1220 3567 eorum,
1251 3513 1332 3576 quos
1355 3493 1499 3574 legisset,
1528 3495 1689 3558 fateretur.
1731 3493 1768 3554 ln

440 3590 552 3654 eodem
579 3598 667 3652 tanta
697 3589 866 3673 prudentia
886 3587 948 3651 suit
969 3590 1002 3651 in
1024 3586 1258 3651 constituendis
1280 3586 1557 3673 temperandisque
1579 3589 1769 3663 civitatibus,

401 3693 528 3748 manu
556 3685 716 3767 aequitas,
745 3691 781 3746 ut
808 3682 904 3746 bodie
934 3690 996 3745 stet
1015 3683 1090 3745 Asia
1113 3682 1238 3745 Luculli
1264 3681 1415 3744 institutis
1438 3685 1602 3748 servandis
1625 3692 1657 3748 et
1678 3683 1771 3769 quasi

439 3777 581 3860 vestigiis
603 3777 843 3860 persequendis.
878 3776 940 3839 Sed
964 3778 1023 3840 etsi
1046 3795 1252 3859 magnacum
1274 3774 1409 3838 utilitate
1424 3776 1470 3838 rei
1485 3777 1642 3859 publicae,
1664 3786 1770 3842 tamen

440 3872 559 3935 diutius
581 3891 677 3955 quam
699 3869 812 3933 vellem
834 3878 921 3933 tanta
942 3872 989 3934 vis
1004 3872 1129 3935 virtutis
1151 3879 1246 3954 atque
1269 3870 1389 3952 ingenii
1411 3874 1612 3954 peregrinata
1631 3870 1712 3936 eluit
1731 3871 1771 3934 eb

440 3965 541 4031 oculis
571 3973 603 4029 et
628 3965 688 4028 lori
717 3972 749 4027 et
775 3965 892 4027 curiae.
935 3964 1020 4039 Quin
1052 3967 1163 4040 etiam,
1193 3985 1263 4027 cum
1285 3964 1387 4026 victor
1408 3984 1427 4028 a
1448 3965 1662 4030 Mithridatico
1684 3965 1770 4029 bello

439 4059 637 4133 revertisset,
666 4059 865 4122 inimicorum
888 4059 1044 4123 calumnia
1067 4060 1204 4123 triennio
1225 4058 1344 4121 tardius
1369 4080 1465 4142 quam
1487 4060 1640 4124 debuerat
1660 4062 1772 4125 trium·

402 4154 561 4239 aopbavit.
602 4155 668 4217 Nos
699 4154 782 4217 enim
815 4152 962 4217 consules
991 4152 1226 4217 introduximus
1248 4172 1349 4235 paene
1370 4155 1403 4216 in
1426 4155 1536 4218 urbem
1558 4175 1685 4220 currum
1707 4156 1772 4219 ela·

440 4247 569 4312 rissumi
599 4248 679 4311 viri:
708 4249 797 4311 cuius
826 4248 902 4311 mibi
932 4247 1102 4310 consilium
1130 4255 1162 4311 et
1186 4248 1358 4311 auctoritas
1380 4249 1456 4332 quid
1478 4258 1545 4314 tum
1566 4250 1602 4314 in
1623 4249 1771 4314 maximis

440 4343 535 4407 rebus
562 4341 735 4425 profuisset
761 4341 916 4416 dicerem,
948 4343 1011 4405 nisi
1040 4342 1080 4404 de
1109 4362 1160 4405 me
1183 4341 1253 4424 ipso
1276 4342 1444 4406 dicendum
1467 4351 1567 4419 esset,
1600 4344 1688 4429 quod
1711 4343 1771 4407 boc

439 4445 580 4522 temporo
613 4456 678 4499 non
708 4443 758 4498 est
789 4455 930 4499 necesse.
974 4437 1020 4498 lta
1048 4435 1178 4517 privabo
1206 4436 1311 4520 potius
1340 4435 1431 4499 illum
1454 4436 1561 4501 debito
1587 4439 1770 4503 testimonio

441 4551 537 4616 quam
560 4530 593 4593 id
615 4548 688 4593 cum
710 4549 779 4592 mea
801 4530 895 4592 laude
918 4531 1159 4593 communicem.

403 4636 432 4683 ao
505 4625 544 4686 ll.
566 4620 597 4686 l.
626 4624 687 4686 Sed
717 4644 799 4708 quae
825 4624 973 4706 populari
1000 4624 1100 4707 gloria
1131 4624 1271 4689 decorari
1294 4627 1328 4690 in
1351 4625 1483 4690 Lucullo
1506 4626 1703 4704 debuerunt,
1733 4647 1770 4693 ea

439 4718 507 4783 iere
529 4726 604 4782 sunt
626 4726 658 4781 et
679 4718 808 4782 Graecis
830 4718 942 4782 litteris
964 4720 1121 4783 celebrata
1143 4729 1175 4783 et
1196 4721 1326 4784 Latinis.
1358 4722 1423 4785 Nos
1445 4732 1549 4789 autem
1571 4722 1625 4786 illa
1641 4731 1771 4787 externa

442 4834 514 4876 cum
536 4811 658 4886 multis,
680 4811 759 4876 baec
781 4813 930 4875 interiora
952 4833 1023 4876 oum
1045 4816 1155 4896 paucis
1178 4835 1219 4878 ex
1239 4816 1310 4898 ipso
1333 4835 1427 4900 saepo
1450 4818 1669 4901 cognovimus.
1705 4820 1771 4883 bla-

441 4905 508 4970 ioro
532 4906 615 4968 enim
638 4906 744 4969 studio
767 4906 917 4969 Lucullus
939 4909 1110 4971 cumomni
1128 4908 1302 4973 litterarum
1318 4911 1443 4993 generi,
1466 4919 1533 4974 tum
1547 4912 1771 4999 philosophiae

442 4999 568 5064 deditus
589 4998 662 5074 fuit,
686 5019 781 5083 quam
803 5000 858 5084 qui
881 5001 971 5064 illum
993 5002 1181 5085 ignorabant
1200 5004 1450 5081 arbitrabantur,
1471 5025 1530 5069 nec
1545 5025 1622 5071 vero
1640 5008 1771 5072 ineunte

507 5357 531 5406 t.
549 5362 723 5420 cognoscerent
739 5358 789 5408 Go
808 5383 835 5392 -
854 5356 1071 5410 mbrtdottcumc
1092 5386 1119 5395 —
1138 5360 1218 5411 missis
1233 5356 1295 5412 ΨΒ1
1310 5390 1336 5399 -
1355 5361 1380 5415 l.
1398 5364 1624 5427 exspectabaturv
1640 5368 1667 5419 in
1684 5380 1768 5431 marg.

441 5443 478 5483 m.
496 5431 526 5481 2:
544 5431 703 5494 spectabatur
719 5433 739 5482 C
759 5459 786 5468 -
808 5433 975 5497 odolescentia
992 5436 1011 5484 B
1031 5462 1058 5472 -
1081 5436 1106 5484 6,
1124 5437 1152 5485 io
1167 5437 1227 5486 Astu
1241 5452 1304 5499 poce
1319 5439 1385 5488 VG:
1409 5441 1436 5488 in
1452 5440 1526 5492 Asius
1544 5457 1610 5507 poce
1625 5443 1720 5497 ABE:
1743 5444 1771 5492 in

439 5506 501 5556 Asia
517 5506 543 5555 io
556 5520 621 5569 paee
638 5505 790 5559 Guilelmus.
810 5534 837 5543 -
857 5509 882 5558 7.
900 5522 973 5557 suum
990 5508 1018 5559 Βι
1036 5537 1063 5547 -
1081 5511 1106 5562 8.
1122 5515 1293 5573 percontando
1309 5513 1354 5563 Ψε
1370 5519 1582 5582 percurrendos,
1597 5519 1771 5582 percontando

440 5581 474 5640 B,
489 5584 658 5643 percontendo
675 5581 706 5631 Ψ
718 5608 745 5618 -
767 5581 807 5633 ll.
826 5583 953 5632 cchorr
980 5590 1096 5635 exet-
1114 5588 1154 5636 47,
1167 5592 1190 5636 ct
1206 5588 1323 5637 audierat
1334 5590 1353 5638 0
1366 5602 1427 5640 cum
1438 5604 1491 5641 uuo
1503 5593 1563 5644 cod.
1578 5594 1726 5645 Goerenzii.
1741 5618 1769 5630 -

439 5660 463 5705 et
479 5655 555 5706 Νι
578 5663 606 5706 ut
621 5654 666 5718 A',
690 5662 734 5707 out
751 5658 770 5707 B
790 5686 816 5694 -
837 5660 994 5721 praedictum
1010 5658 1041 5709 Ψ
1061 5689 1089 5698 -
1114 5662 1154 5713 ts.
1172 5664 1333 5725 toeotptoslt
1354 5691 1380 5701 -
1405 5666 1446 5715 Sl.
1462 5668 1568 5731 proeliis
1583 5669 1603 5720 B
1621 5695 1650 5706 -
1674 5670 1770 5719 betru-

438 5732 515 5780 meoti
532 5731 562 5791 V,
580 5733 750 5781 iasbumeotir
766 5734 787 5781 G
805 5757 833 5768 -
851 5734 893 5783 25.
912 5735 966 5784 odie
983 5732 1015 5784 Ψ
1031 5764 1064 5772 -
1080 5736 1122 5786 27.
1141 5738 1214 5799 offuit
1230 5739 1262 5799 V,
1280 5738 1360 5802 abfuit
1376 5738 1436 5792 ΛὈ
1454 5767 1482 5778 ·-
1501 5743 1542 5793 29.
1560 5744 1674 5795 uertssset
1690 5739 1721 5794 V¹
1741 5768 1768 5779 -

439 5803 480 5855 30.
498 5804 560 5856 urbe
576 5805 605 5856 Β1
624 5833 652 5843 -
670 5807 835 5857 ctorbmmin'
852 5808 885 5865 B;
904 5809 1037 5859 ctoriutmt
1051 5810 1102 5859 oiri
1118 5811 1201 5861 AVO
1217 5836 1242 5846 -
1263 5812 1304 5862 32.
1319 5815 1471 5876 profuissent
1487 5815 1547 5867 cod.
1561 5816 1672 5870 Ellensts
1690 5817 1768 5883 prob.

439 5879 544 5930 Davisio
562 5906 589 5916 —
608 5895 633 5931 es
649 5884 691 5933 sed
707 5881 738 5933 Ψ
757 5909 784 5919 -
804 5883 844 5934 33.
862 5886 949 5945 itaque
964 5885 986 5933 V
1005 5911 1032 5921 -
1052 5884 1094 5937 at.
1106 5899 1164 5938 evm
1179 5887 1240 5937 cub
1260 5914 1288 5925 —
1306 5888 1347 5938 ³5.
1363 5891 1481 5953 popotorl
1495 5890 1541 5957 A¹,
1556 5893 1675 5959 pomclarl
1690 5889 1721 5946 Βι
1736 5918 1771 5933 ·-

438 5955 1438 6027 decmmV¹-36.asotsereE-3l.moremati-warnere&
