4342 7459
678 1261 746 1323 Lu.
767 1261 805 1322 V.
833 1258 909 1322 Car.
932 1254 1227 1321 xxxi-xxm.
1251 1253 1298 1339 §S
1321 1251 1356 1318 al
1370 1253 1467 1320 -96,
1670 1249 1732 1318 205

408 1429 549 1494 latentur
570 1450 604 1493 se
626 1428 747 1491 virtutis
768 1445 879 1499 causa,
902 1426 962 1489 nisi
985 1446 1022 1490 ea
1043 1426 1236 1508 voluptatem
1251 1433 1386 1501 crearet,
1408 1446 1449 1489 ne
1464 1446 1590 1490 manum
1606 1426 1732 1511 quidem

409 1544 558 1590 versuros
580 1522 694 1595 fuisse,
724 1521 801 1605 quid
828 1520 931 1583 lacere
961 1540 1019 1583 uos
1042 1529 1183 1603 oportet,
1213 1521 1269 1604 qni
1292 1522 1433 1605 quamvis
1455 1522 1616 1608 minimam
1638 1522 1733 1585 animi

407 1618 634 1703 praestantiam
656 1616 803 1679 omnibus
826 1615 916 1676 bouis
938 1618 1079 1697 corporis
1101 1615 1221 1678 anteire
1244 1615 1402 1690 dicamus,
1428 1624 1463 1678 ut
1483 1635 1520 1678 ea
1543 1635 1583 1678 ne
1605 1616 1638 1677 in
1660 1634 1735 1678 con·

408 1721 518 1796 spectu
542 1711 668 1794 quidem
692 1709 934 1791 relinquantur?
957 1708 1036 1782 Quis
1059 1716 1108 1770 est
1128 1709 1212 1797 enim
1235 1710 1289 1791 qui
1308 1708 1370 1771 boc
1385 1708 1496 1772 cadere
1512 1709 1545 1771 in
1561 1709 1734 1792 sapientem

407 1807 514 1870 dicere
537 1804 666 1874 audeat,
689 1811 738 1874 ut,
760 1801 787 1863 si
809 1800 877 1862 fieri
902 1802 1015 1884 possit,
1038 1803 1184 1864 virtutem
1207 1803 1241 1864 in
1262 1811 1449 1885 perpetuum
1467 1802 1598 1878 abiciat,
1620 1811 1660 1867 ut·
1679 1804 1754 1867 (lo-⁵

406 1900 474 1963 lore
504 1899 591 1963 omui
621 1896 792 1959 liberetur?
824 1894 903 1970 Quis
932 1903 1074 1957 nostrum
1099 1895 1229 1971 dixerit,
1259 1916 1341 1979 quos
1363 1916 1429 1958 nou
1451 1896 1549 1979 pudet
1571 1919 1622 1973 ea,
1652 1919 1734 1982 quae

409 1993 506 2056 Stoici
535 2010 647 2074 aspera
676 1990 799 2061 dicunt,
831 1989 912 2052 mala
941 1988 1062 2062 dicere,
1092 1990 1205 2052 melius
1235 2009 1305 2052 esse
1333 1990 1468 2072 turpiter
1488 1991 1608 2075 aliquid
1630 1991 1734 2056 iacere

409 2107 478 2149 cnm
508 2086 671 2166 voluptate
700 2102 794 2166 quam
824 2083 957 2146 honeste
986 2104 1057 2145 cum
1091 2083 1221 2146 doloret
1263 2078 1313 2143 tl.
1337 2084 1433 2146 Nobis
1455 2084 1657 2150 Heracleotes
1678 2087 1735 2150 ille

408 2179 581 2262 Dionysius
608 2178 762 2260 llagitiose
792 2176 962 2239 descivisse
986 2177 1111 2239 videtur
1131 2198 1151 2239 a
1173 2176 1287 2239 Stoicis
1316 2185 1447 2259 propter
1467 2178 1630 2244 oculorum
1646 2180 1736 2244 dolo·

409 2293 487 2335 rem.
531 2271 630 2346 Quasi
658 2290 733 2333 vero
762 2270 821 2331 hoc
848 2270 1011 2333 didicisset
1031 2290 1049 2331 a
1072 2272 1216 2342 Zenone,
1245 2290 1310 2333 uon
1338 2271 1463 2345 dolere,
1492 2293 1563 2337 cum
1592 2275 1774 2339 doleretltc

409 2366 492 2429 lllud
521 2365 664 2428 audierat
694 2385 753 2426 nec
781 2371 884 2439 tamen
907 2363 1075 2437 didicerat,
1103 2364 1220 2427 malum
1242 2365 1322 2427 illud
1344 2385 1409 2428 nou
1431 2386 1515 2442 esse,
1543 2368 1618 2451 quia
1644 2377 1735 2452 turpe

410 2482 475 2525 uon
497 2468 598 2533 esset,
621 2467 652 2521 et
674 2479 743 2521 esse
766 2457 931 2521 ferendum
948 2460 1022 2521 viro.
1060 2458 1120 2520 llic
1142 2458 1169 2520 si
1191 2458 1418 2542 Peripateticus
1440 2460 1568 2535 fuisset,
1590 2484 1736 2546 perman-

411 2556 519 2629 sisset,
541 2553 651 2626 credo,
673 2553 705 2614 in
728 2552 898 2623 sententia,
922 2552 976 2634 qui
993 2551 1134 2614 dolorem
1151 2552 1267 2615 malum
1284 2553 1394 2616 dicunt
1409 2575 1489 2630 esse,
1511 2555 1551 2619 de
1566 2557 1735 2638 asperitate

410 2658 514 2712 autem
543 2648 612 2710 eius
641 2645 763 2709 fortiter
792 2645 920 2707 ferenda
943 2647 1141 2729 praecipiunt
1164 2645 1273 2709 eadem
1296 2668 1378 2730 quae
1401 2649 1508 2712 Stoici.
1544 2651 1585 2714 Et
1606 2650 1734 2735 quidem

410 2741 566 2806 Arcesilas
592 2748 681 2814 tuus,
710 2740 769 2803 etsi
799 2739 860 2801 fuit
887 2740 918 2801 iu
951 2740 1136 2804 disserendo
1166 2742 1370 2822 pertinacior,
1401 2751 1506 2806 tamen
1528 2754 1636 2808 noster
1657 2744 1773 2819 fuit3t⁶

410 2837 582 2900 eratenim
604 2835 795 2898 Polemonis.
839 2835 869 2896 ls
893 2853 962 2895 cum
985 2834 1110 2896 arderet
1133 2834 1291 2916 podagrae
1313 2835 1490 2912 doloribus,
1513 2838 1735 2922 visitassetque

409 2931 570 2994 homiuem
586 2928 779 3002 Charmides,
800 2927 929 3009 Epicuri
946 2927 1184 3009 perfamiliaris,
1206 2936 1237 2990 et
1253 2930 1351 2993 tristis
1366 2930 1476 3005 exiret,
1498 2933 1591 2996 Mane
1606 2953 1735 3015 quaeso,

410 3023 528 3107 inquit,
560 3022 728 3085 Charmide
755 3029 880 3093 noster;
909 3020 988 3082 nihil
1017 3021 1106 3082 illinc
1134 3022 1196 3084 huc
1225 3024 1386 3104 pervenit:
1418 3025 1555 3088 ostendit
1583 3025 1681 3109 pedes
1704 3036 1737 3089 et

410 3126 530 3202 pectus.
567 3121 610 3179 Ac
633 3124 739 3179 tamen
760 3116 811 3178 bic
833 3114 941 3177 mallet
962 3133 1027 3176 uon
1049 3113 1168 3177 dolere.

493 3211 627 3273 xxxss.
649 3206 700 3271 95.
729 3210 815 3271 Haec
844 3207 940 3291 igitur
969 3217 1016 3271 est
1038 3218 1147 3271 nostra
1167 3210 1265 3284 ratio,
1295 3230 1377 3294 quae
1400 3211 1456 3273 tibi
1480 3213 1605 3276 videtur
1626 3215 1775 3276 incon-so

411 3313 514 3378 stans,
544 3324 616 3366 curn
643 3309 772 3387 propter
796 3302 919 3366 virtutis
947 3300 1114 3363 caelestem
1146 3302 1305 3385 quandam
1334 3310 1366 3366 et
1392 3301 1531 3369 divinam
1553 3315 1735 3391 tantamque

410 3398 648 3480 praestantiam,
681 3403 731 3469 ut,
763 3395 817 3458 obi
847 3397 947 3458 virtus
977 3396 1019 3457 sit
1046 3414 1163 3477 resque
1191 3416 1322 3479 magnae
1352 3404 1384 3459 et
1412 3418 1532 3462 summe
1561 3400 1735 3463 laudabiles

410 3492 526 3554 virtute
548 3499 672 3571 gestae,
694 3490 738 3553 ibi
760 3510 830 3552 esse
854 3488 979 3551 miseria
1002 3495 1033 3549 et
1056 3507 1204 3551 aerumna
1223 3510 1286 3553 non
1306 3490 1417 3572 possit,
1439 3498 1545 3557 tamen
1560 3494 1649 3557 labor
1662 3515 1736 3578 pos·

412 3584 467 3658 sit,
491 3586 593 3666 possit
615 3585 768 3657 molestia,
792 3604 855 3646 uon
880 3582 1019 3644 dubitem
1042 3581 1147 3644 dicere
1170 3601 1280 3645 omnes
1303 3584 1460 3665 sapientes
1483 3601 1614 3671 semper
1627 3590 1736 3653 beatos

410 3697 494 3751 esse,
522 3678 580 3741 sed
606 3686 711 3741 umen
743 3674 809 3738 lieri
837 3695 931 3759 posse
960 3684 995 3738 ut
1021 3675 1063 3739 sit
1083 3675 1165 3739 alins
1187 3676 1252 3739 alio
1273 3677 1405 3740 beatior.
1448 3681 1545 3764 Atqui
1566 3682 1625 3746 iste
1646 3682 1772 3746 locuste

410 3779 471 3845 est,
497 3770 586 3845 Piso,
617 3770 673 3833 tibi
704 3771 799 3834 etiam
829 3779 923 3853 atque
953 3770 1049 3832 etiam
1071 3768 1320 3845 confirmandus,
1348 3772 1494 3855 inquam:
1524 3795 1618 3857 quem
1641 3776 1667 3839 si
1690 3785 1737 3840 te·

409 3865 533 3939 nneris,
555 3884 621 3927 non
644 3866 740 3928 modo
756 3885 861 3928 meum
878 3864 1078 3938 Ciceronem,
1101 3864 1156 3925 sed
1174 3866 1266 3927 etiam
1281 3865 1451 3947 meipsum
1465 3867 1605 3931 abducas
1618 3869 1737 3933 licebit.

409 3955 458 4020 96.
482 3960 562 4021 Tum
586 3959 739 4035 Quintus,
767 3959 843 4022 Mihi
866 3957 1008 4042 quidem,
1036 3958 1159 4040 inquit,
1182 3960 1257 4022 satis
1278 3959 1340 4022 hoc
1362 3959 1581 4025 confirmatum
1604 3962 1736 4038 videtur,

410 4050 574 4136 laetorque
603 4072 672 4116 earn
702 4052 955 4137 philosophiam,
985 4052 1075 4114 cuius
1104 4059 1198 4116 antea
1220 4052 1446 4136 supellectilem
1470 4056 1569 4138 pluris
1590 4055 1737 4122 aestima-

409 4144 478 4207 bam
507 4166 602 4228 quam
634 4148 854 4228 possessiones
876 4146 1070 4228 reliquarum
1096 4180 1131 4188 -
1156 4145 1200 4207 ita
1223 4145 1299 4207 mihi
1321 4145 1408 4209 dives
1430 4148 1612 4225 videbatur,
1641 4160 1676 4215 ut
1696 4153 1775 4215 abac

410 4257 445 4299 ea
474 4247 585 4320 petere
620 4259 746 4321 possem
782 4236 933 4322 quicquid
970 4239 1001 4300 in
1032 4238 1144 4300 studiis
1175 4240 1290 4301 nostris
1318 4240 1538 4321 concupissem
1570 4278 1627 4317 -,
1655 4244 1737 4307 hanc

410 4332 504 4413 igitur
529 4332 631 4395 laetor
657 4332 751 4394 etiam
779 4334 950 4394 acutiorem
979 4340 1133 4413 repertam
1166 4352 1259 4414 quam
1282 4340 1418 4407 ceteras,
1448 4334 1532 4417 quod
1556 4338 1684 4419 quidam
1707 4339 1736 4401 ei

410 4425 520 4489 deesse
544 4426 700 4489 dicebaut.
737 4428 805 4488 Non
829 4446 923 4509 quam
947 4434 1086 4488 nostram
1110 4427 1256 4508 quidem,
1279 4427 1383 4510 inquit
1404 4428 1596 4511 Pomponius
1618 4431 1736 4504 iocans,

411 4518 462 4581 sed
487 4541 538 4583 me
558 4520 687 4582 hercule
701 4530 847 4603 pergrata
864 4520 940 4582 mibi
956 4519 1016 4581 suit
1032 4520 1133 4581 oratio
1149 4528 1211 4581 tua.
1235 4520 1323 4594 Quae
1339 4522 1422 4584 enim
1438 4521 1501 4584 dici
1517 4523 1627 4587 Latine
1643 4545 1736 4607 posse

411 4634 471 4676 uon
502 4614 692 4687 arbitrabar,
722 4636 759 4677 ea
783 4615 866 4677 dicta
894 4622 1008 4676 sunta
1031 4620 1078 4686 te,
1107 4632 1166 4674 nec
1189 4615 1292 4676 minus
1314 4614 1409 4697 plane
1432 4636 1526 4698 quam
1550 4618 1697 4681 dicuutur
1718 4637 1773 4683 aas

472 4896 496 4942 t.
514 4893 627 4953 fetentia
643 4907 668 4942 se
686 4894 747 4943 EG:
773 4894 884 4954 fetentur
900 4893 922 4940 si
939 4893 972 4947 B:
990 4906 1016 4941 re
1031 4891 1180 4952 sctmturO
1202 4918 1225 4926 —
1251 4891 1402 4953 voluptatem
1418 4899 1515 4943 crsorct
1532 4908 1594 4947 nos:
1612 4898 1738 4959 uoluptate

408 4974 514 5016 moeret
538 4968 572 5023 B;
599 4968 750 5029 voluptatem
771 4969 863 5017 acciret
888 4968 941 5016 ΜΟ
960 4994 985 5002 -
1013 4966 1119 5028 quidem]
1140 4966 1200 5029 quid
1219 4967 1268 5016 BE
1289 4993 1316 5004 -
1334 4966 1358 5016 3.
1374 4969 1558 5029 praestantiam
1574 4972 1653 5021 animi
1670 4974 1688 5022 Β
1708 5000 1734 5008 -

409 5043 431 5091 t.
449 5043 518 5105 quos]
539 5045 594 5103 quis
611 5043 659 5092 BE
680 5070 704 5077 -
725 5043 749 5091 9.
768 5042 905 5103 monuit]
923 5057 987 5103 peric
1005 5043 1034 5090 Β.
1063 5040 1190 5090 «Volebat
1206 5052 1306 5099 recum,
1330 5042 1358 5088 ut
1376 5044 1417 5091 est
1433 5042 1509 5092 Tusc.
1530 5043 1564 5102 ll,
1583 5044 1598 5106 5
1615 5046 1673 5095 oo.»
1691 5048 1736 5096 On.

411 5142 435 5152 —
461 5118 501 5166 tu.
522 5118 600 5177 Quasi
623 5116 779 5167 Lambinus:
806 5118 865 5177 Quis
886 5116 964 5166 codd.
991 5142 1016 5150 -
1043 5116 1164 5164 didicisset
1187 5119 1209 5163 et
1226 5128 1243 5163 n
1260 5115 1309 5164 ΒΕ
1328 5139 1355 5150 -
1381 5116 1422 5164 is.
1440 5122 1463 5165 st
1479 5129 1529 5165 csse
1546 5118 1691 5170 Manutius:
1715 5127 1739 5171 et

409 5200 465 5242 stret
483 5193 561 5243 codd.
583 5194 646 5243 etO
666 5218 692 5227 -
711 5191 774 5255 viro]
792 5207 851 5241 cero
870 5192 887 5240 Β
908 5218 934 5230 -
960 5192 999 5240 ⁴3.
1018 5192 1060 5252 qui
1078 5192 1109 5239 B:
1136 5190 1256 5253 quonium
1272 5190 1292 5238 0
1311 5217 1337 5225 -
1357 5190 1451 5240 malum
1468 5193 1552 5241 dicaci
1568 5194 1630 5244 BE:
1654 5197 1739 5245 dicoot

410 5269 504 5316 wrm
521 5269 576 5316 Mo
598 5294 623 5302 -
643 5279 700 5314 esre,
721 5267 757 5315 De
775 5267 793 5314 Ε
812 5269 871 5326 (nou
890 5268 922 5325 se)
941 5266 960 5313 0
980 5290 1006 5312 -.·
1027 5265 1066 5311 ⁴7.
1087 5264 1229 5313 chorioides
1245 5264 1277 5312 Β;
1300 5263 1440 5314 Cnmsodcs
1456 5269 1537 5317 ceteri
1555 5270 1633 5321 codd.
1653 5276 1680 5321 et
1697 5274 1736 5329 M,

410 5342 543 5391 &niodo
560 5354 621 5390 cum
640 5343 743 5391 Davisio
761 5343 781 5388 0
801 5368 826 5377 -
846 5342 961 5402 epicuros
979 5341 996 5388 Β
1013 5365 1039 5373 -
1060 5339 1099 5387 48.
1119 5340 1230 5387 coronide
1246 5339 1280 5394 Β;
1298 5340 1402 5389 carnide
1419 5341 1452 5399 E;
1472 5343 1600 5395 Carneade
1616 5347 1655 5404 M;
1675 5348 1738 5397 Cor-

410 5418 519 5466 oindeO
540 5443 566 5451 —
587 5417 626 5464 Β).
648 5417 907 5465 estnoncm.E-
928 5415 1125 5463 reviruisse
1147 5415 1554 5469 -ibstomB-ibcssc
1571 5422 1688 5471 MctosB
1710 5449 1735 5457 -

410 5493 456 5540 sist
473 5493 492 5540 Β
511 5494 573 5550 (non
592 5490 619 5549 Ε)
634 5516 660 5525 -
680 5490 720 5540 28.
740 5490 846 5553 quidem]
865 5492 924 5553 quid
941 5490 999 5538 Β-
1019 5489 1058 5536 99.
1078 5488 1206 5552 laetorque
1222 5502 1277 5537 eom
1294 5490 1426 5539 Davisius:
1447 5491 1527 5541 laetor
1542 5497 1641 5558 quidem
1658 5495 1736 5546 codd.

412 5567 471 5616 etO
491 5590 517 5600 -
538 5565 579 5613 99.
599 5565 683 5628 quom]
702 5566 761 5625 quid
779 5566 865 5613 ΒΕ-
888 5565 1043 5623 reliquorum
1060 5564 1163 5627 Madvig
1180 5569 1207 5613 et
1219 5563 1398 5627 Wesenberg:
1417 5566 1570 5629 reliquorum
1587 5570 1665 5621 codd.
1679 5573 1738 5620 et0

413 5666 437 5675 -
456 5641 497 5690 ³2.
515 5640 621 5700 quidam
638 5643 698 5700 (nou
717 5641 822 5700 quidem)
846 5641 925 5688 etiam
950 5640 968 5687 E
994 5664 1020 5673 ·-
1045 5636 1085 5687 si.
1105 5639 1165 5687 mhi
1183 5639 1230 5699 suit
1248 5641 1268 5688 G
1285 5641 1311 5687 et
1329 5639 1473 5702 Madvigius
1492 5642 1525 5702 (in
1542 5643 1734 5704 adnotationel:

411 5715 455 5775 {rsit
479 5717 540 5764 mibi
570 5712 726 5766 Lambinus;
753 5714 801 5775 suit
825 5726 878 5762 om.
901 5712 982 5762 ceteri
1000 5711 1078 5761 codd.
1101 5715 1127 5761 et
1144 5713 1197 5761 ΜΟ
1218 5740 1244 5749 -
1271 5715 1312 5763 35.
1331 5727 1347 5761 o
1364 5720 1387 5763 tc
1406 5729 1449 5764 coc
1467 5717 1550 5765 minos
1566 5719 1641 5779 ploos
1656 5717 1739 5769 ambis

413 5802 486 5849 mm
512 5790 630 5838 diamur
654 5802 671 5837 n
694 5789 797 5837 Graccis
821 5790 887 5849 aptis
912 5789 946 5844 Β,
972 5801 990 5835 c
1014 5791 1037 5835 tc
1061 5800 1105 5835 osc
1129 5788 1211 5836 miuus
1232 5788 1320 5849 ploos,
1342 5802 1418 5851 quom
1440 5791 1557 5840 dicontur
1580 5808 1598 5842 o
1620 5794 1737 5854 Graccis,

413 5876 453 5912 esc
474 5865 558 5912 oricus
580 5864 648 5924 aptis
668 5862 751 5911 wbis
773 5865 807 5920 G;
835 5874 852 5909 a
874 5867 897 5911 ts
917 5860 997 5911 corbis
1018 5863 1097 5923 aptis,
1120 5875 1164 5913 osc
1184 5864 1266 5914 minor
1285 5864 1361 5927 ploos
1377 5879 1454 5928 quom
1470 5867 1587 5917 dicum
1603 5880 1620 5917 n
1636 5869 1739 5919 Graccis

415 5935 576 5987 Schuetalus.
