4342 7459
447 1249 509 1319 l00
733 1254 788 1319 llll
809 1254 965 1320 FINIBUS
986 1253 1185 1320 BONORUM
1203 1254 1257 1321 ET
1278 1255 1480 1322 Minoaue

445 1425 509 1491 frui
531 1459 588 1504 -,
609 1444 674 1490 non
696 1425 812 1490 dicitur
831 1425 951 1493 laetitia
972 1447 1031 1490 nec
1053 1425 1203 1510 gandium
1226 1427 1259 1490 in
1281 1447 1425 1511 corpere.
1469 1421 1521 1489 ll.
1542 1426 1580 1490 In
1601 1445 1641 1490 eo
1661 1430 1768 1490 autern

446 1523 591 1605 voluptas
619 1520 760 1583 omnium
788 1521 899 1584 Latine
925 1520 1124 1604 loquentium
1151 1541 1238 1585 more
1260 1522 1405 1605 ponitur,
1431 1541 1503 1585 cum
1525 1521 1699 1604 percipitur
1719 1542 1768 1598 ea,

445 1637 528 1700 quae
551 1635 678 1680 sensum
700 1614 839 1699 aliquem
861 1622 1002 1689 moveat,
1032 1612 1219 1679 iucunditas.
1262 1616 1352 1679 Hanc
1373 1635 1503 1699 quoque
1527 1613 1769 1691 iucunditatem,

445 1711 473 1773 si
494 1710 558 1785 vis,
587 1708 722 1772 transfer
741 1708 775 1770 in
797 1708 953 1772 animum:
983 1709 1122 1772 iuvare
1144 1709 1229 1772 enim
1255 1710 1289 1772 in
1311 1716 1447 1793 utroque
1469 1710 1583 1775 dicitur
1603 1730 1644 1776 ex
1666 1730 1770 1796 eoque

420 1805 664 1869 cincundum:
686 1801 782 1866 modo
803 1803 969 1885 intellegas
989 1803 1073 1865 inter
1092 1802 1199 1877 illurn,
1222 1802 1278 1887 qui
1301 1803 1385 1866 dicat
1521 1875 1524 1884 ,

612 1900 738 1961 Tanta
759 1896 924 1960 laetitia
944 1904 1085 1961 auctus
1107 1916 1207 1972 sum,
1230 1904 1270 1960 nt
1291 1897 1398 1960 nibil
1421 1906 1592 1975 constet,

444 2001 476 2057 et
497 2013 586 2070 eum,
608 1991 663 2077 qui

727 2088 833 2151 Nunc
856 2083 1007 2149 demum
1027 2084 1125 2149 mihi
1146 2085 1304 2151 animus
1326 2088 1460 2164 ardet,

444 2202 579 2266 quorum
600 2181 680 2245 alter
700 2180 821 2244 laetitia
842 2180 969 2262 gestiat,
991 2179 1071 2243 alter
1093 2178 1204 2254 doloro
1221 2180 1391 2256 crucietur,
1413 2201 1485 2245 esse
1506 2181 1596 2247 illum
1617 2181 1770 2259 modium,

406 2290 434 2337 so
485 2275 724 2358 Quamquam
746 2273 845 2338 baec
866 2274 1072 2337 internos
1094 2294 1222 2357 nuper
1243 2274 1394 2339 notitia
1415 2274 1620 2341 admodum
1642 2283 1716 2352 set,

441 2372 500 2454 qui
520 2390 580 2434 nec
601 2368 735 2433 laetetur
755 2388 814 2431 nec
836 2376 984 2451 angatur,
1006 2368 1148 2451 itemque
1170 2368 1254 2430 inter
1274 2389 1363 2445 eum,
1385 2370 1441 2453 qui
1463 2370 1603 2453 potiatur
1624 2370 1769 2455 corporis

443 2464 592 2549 expetitis
618 2462 848 2546 voluptatibus,
881 2467 912 2524 et
940 2481 1027 2536 eum,
1059 2462 1114 2545 qui
1145 2461 1302 2525 crucietur
1329 2462 1461 2527 summis
1483 2461 1666 2539 doloribus,
1697 2484 1770 2529 esse

442 2577 529 2634 eum,
553 2558 608 2641 qui
629 2564 768 2639 utroque
789 2560 903 2619 careat.

526 2653 564 2714 V.
586 2646 638 2713 lc.
666 2650 791 2713 Satisne
820 2649 918 2732 igitur
944 2650 1054 2714 videor
1082 2650 1146 2714 vim
1171 2649 1339 2715 verborum
1367 2659 1476 2716 tenere
1511 2670 1552 2715 an
1579 2653 1769 2723 aumatium

403 2760 527 2811 renunc
547 2743 598 2809 vel
621 2743 741 2807 Graece
762 2742 853 2827 loqui
874 2741 926 2806 vel
947 2743 1059 2806 Latine
1082 2743 1267 2808 docendus?
1294 2745 1334 2807 Et
1355 2752 1461 2812 tamen
1482 2744 1555 2809 vide
1578 2766 1634 2822 ne,
1656 2746 1683 2810 si
1706 2766 1769 2830 ego

441 2861 506 2906 non
526 2838 726 2919 intellegam,
756 2836 834 2920 quid
855 2835 1010 2920 Epicurus
1030 2837 1195 2922 loquatur,
1223 2859 1294 2904 cum
1316 2839 1451 2916 Graece,
1471 2848 1509 2903 ut
1529 2840 1657 2916 videor,
1679 2839 1770 2905 lucu·

440 2936 544 3000 lenter
564 2933 678 3006 sciam,
700 2931 743 2994 sit
763 2931 871 3014 aliqua
892 2930 985 3013 culpa
998 2931 1085 3006 eius,
1109 2933 1164 3015 qui
1181 2934 1226 2996 ita
1240 2931 1405 3016 loquatur,
1427 2940 1464 2995 at
1477 2953 1542 2996 non
1557 2933 1769 3017 intellegatur.

441 3028 534 3107 Quod
556 3025 680 3089 duobus
702 3024 806 3088 modis
828 3025 897 3088 sinc
919 3025 1125 3108 reprensione
1147 3024 1199 3100 fit,
1229 3026 1256 3090 si
1279 3034 1334 3090 aut
1355 3027 1395 3089 de
1416 3026 1579 3091 industria·
1593 3026 1707 3104 iacias,
1733 3038 1770 3092 ut

439 3122 635 3194 Heraclitus,
668 3127 933 3203 cognomento
956 3121 1023 3203 qui
1054 3115 1273 3197 cccccccccc
1301 3120 1560 3204 perhibetur,
1592 3122 1690 3206 quia
1720 3122 1769 3186 de

401 3226 585 3282 tonatura
606 3213 727 3279 nimis
749 3212 925 3277 obscure
946 3215 1189 3290 memoravit,
1211 3222 1355 3278 autenm
1375 3234 1481 3279 rerum
1496 3216 1682 3291 obscuritas,
1701 3235 1768 3280 non

439 3311 605 3375 verborum
626 3307 703 3371 iacit
722 3316 760 3370 ut
779 3327 844 3371 non
863 3307 1066 3390 intellegatur
1088 3310 1205 3384 oratio,
1228 3308 1331 3391 qualis
1352 3317 1400 3373 est
1420 3309 1454 3371 in
1469 3309 1600 3373 Timaeo
1614 3309 1768 3374 Platonis.

438 3406 595 3487 Epicurus
624 3408 745 3477 autem,
776 3408 812 3464 ut
833 3402 963 3486 opinor,
995 3422 1055 3465 nac
1082 3421 1148 3464 non
1170 3402 1253 3475 vult,
1289 3401 1314 3463 si
1341 3402 1457 3485 pessit,
1488 3403 1583 3488 plane
1605 3409 1638 3467 et
1657 3410 1768 3486 aperte

438 3498 544 3582 loqui,
566 3514 626 3558 nec
648 3494 688 3557 de
710 3514 745 3557 re
767 3494 911 3569 obscura,
932 3501 969 3556 ut
983 3494 1124 3578 physici,
1148 3504 1203 3559 aut
1216 3491 1393 3570 artificiosa,
1415 3504 1451 3561 ut
1465 3496 1688 3571 mathematici,
1709 3495 1767 3561 sed

439 3594 479 3656 do
500 3589 618 3654 illustri
639 3596 673 3651 et
692 3587 778 3651 facili
800 3594 833 3651 et
853 3588 916 3650 iam
938 3588 972 3650 in
986 3589 1100 3670 vulgus
1115 3595 1283 3673 pervagata
1297 3588 1447 3672 loquitur.
1484 3590 1686 3675 Quamquam
1700 3610 1768 3653 non

400 3686 561 3768 abnegatis
587 3702 647 3746 nos
674 3682 876 3764 intellegere,
905 3679 982 3765 quid
1011 3682 1052 3745 sit
1080 3682 1245 3765 voluptas,
1274 3681 1331 3745 sed
1354 3682 1432 3766 quid
1452 3683 1508 3747 ille
1529 3684 1630 3760 dicat3
1660 3703 1767 3766 equo

439 3775 588 3851 efficitur,
610 3795 676 3838 non
697 3783 732 3838 ut
754 3795 813 3839 nos
835 3795 900 3838 non
922 3775 1160 3858 intellegamus,
1183 3796 1267 3860 quae
1288 3778 1336 3841 vis
1358 3778 1399 3840 sit
1420 3778 1512 3842 istius
1526 3777 1630 3853 verbi,
1652 3777 1710 3842 sed
1732 3783 1768 3840 ut

436 3874 492 3938 ille
514 3890 573 3935 suo
595 3887 684 3932 mere
705 3868 871 3953 loquatur,
893 3878 1035 3932 nostrum
1058 3870 1214 3953 neglegat.
1251 3867 1301 3932 ld.
1317 3871 1351 3933 Si
1369 3872 1453 3934 enim
1473 3870 1560 3935 idem
1580 3871 1658 3935 dicit
1680 3869 1767 3955 quod

437 3967 667 4048 Hieronymus,
689 3963 744 4047 qui
765 3971 875 4027 censet
896 3983 1055 4026 summum
1075 3963 1195 4027 bonnm
1218 3983 1288 4027 esse
1310 3964 1380 4028 sine
1401 3964 1468 4029 ulla
1488 3964 1634 4028 molestia
1648 3964 1767 4038 rivere,

437 4082 494 4127 cur
515 4059 634 4123 mavult
655 4056 758 4121 dicere
780 4058 975 4142 voluptatem
997 4078 1093 4142 quam
1111 4058 1301 4122 vacuitatem
1317 4058 1447 4134 doloris,
1469 4066 1506 4123 ut
1524 4058 1579 4121 ille
1598 4055 1685 4132 facit,
1708 4056 1766 4141 qui

399 4155 515 4241 ecquid
546 4154 631 4218 dicat
663 4152 843 4236 intellegit?
870 4153 921 4216 sin
949 4159 1055 4215 autem
1083 4152 1280 4234 voluptatem
1310 4158 1402 4234 putat
1427 4149 1661 4235 adiungendam
1683 4168 1766 4223 eam,

438 4271 520 4335 quac
541 4249 583 4312 sit
604 4247 637 4309 in
658 4254 747 4309 motu
760 4246 864 4311 —sic
884 4246 969 4310 enim
990 4245 1130 4329 appellat
1150 4246 1232 4308 banc
1248 4244 1384 4320 dulcem,
1406 4244 1440 4308 in
1461 4253 1561 4319 motu,
1582 4242 1672 4307 illam
1683 4240 1766 4306 nibil

437 4343 592 4419 dolentis,
613 4340 647 4402 in
668 4340 839 4405 stabilitate
860 4374 917 4416 -,
940 4340 1018 4424 quid
1040 4339 1163 4402 tendit?
1185 4358 1257 4402 curn
1280 4335 1405 4402 efficere
1427 4358 1492 4403 nen
1514 4338 1617 4422 possit
1638 4342 1675 4400 ut
1697 4336 1766 4400 cui·

437 4455 547 4519 quam,
579 4435 635 4520 qui
660 4434 730 4518 ipse
754 4434 816 4498 sibi
837 4442 933 4499 notus
956 4434 1012 4508 sit,
1039 4433 1101 4497 hoc
1124 4439 1188 4508 est,
1216 4434 1382 4516 quisnam
1403 4442 1548 4498 naturam
1570 4449 1766 4515 sensumque

437 4528 651 4612 perspexerit,
680 4529 822 4593 vacuitas
850 4528 969 4592 doloris
998 4534 1031 4591 et
1052 4527 1199 4609 voluptas
1227 4528 1312 4591 idem
1334 4549 1405 4592 esse
1428 4527 1582 4594 videatur.
1625 4525 1694 4592 Hoc
1716 4531 1767 4587 est

400 4622 503 4685 aerim
524 4618 654 4698 afferre,
676 4623 856 4706 Torquate,
878 4621 1040 4696 sensibus,
1062 4628 1255 4705 extorquere
1277 4623 1452 4687 exanimis
1474 4620 1674 4706 cognitiones
1692 4637 1765 4682 ver·

437 4716 561 4789 borum,
584 4715 701 4798 quibus
722 4715 836 4780 imbuti
857 4736 978 4779 sumus.
1015 4714 1095 4790 Quis
1118 4716 1202 4778 enim
1224 4724 1287 4791 est,
1308 4716 1364 4800 qui
1386 4738 1450 4782 non
1471 4714 1679 4783 videat'baec
1692 4732 1765 4777 esse

437 4810 471 4874 iu
492 4818 605 4873 natura
625 4830 731 4873 rerum
754 4810 832 4873 trial
854 4830 970 4885 unum,
993 4829 1064 4872 cum
1086 4808 1121 4871 iu
1135 4808 1298 4891 veluptate
1313 4831 1440 4887 sumus,
1461 4801 1612 4887 alterum,
1634 4829 1708 4874 curn
1729 4808 1765 4872 in

438 4904 563 4980 dolore,
594 4904 722 4967 tertium
741 4904 823 4979 boc,
850 4905 884 4967 in
906 4923 969 4988 quo
993 4922 1077 4967 nunc
1100 4902 1248 4986 equidem
1270 4924 1356 4980 sum,
1384 4903 1478 4968 credo
1501 4905 1578 4969 item
1599 4923 1674 4981 vos,
1704 4922 1766 4966 nee

438 4998 470 5059 in
493 4996 604 5060 dolore
625 5017 684 5061 nec
706 4998 739 5060 in
759 4998 939 5083 voluptate;
969 4998 1058 5061 utin
1078 4996 1239 5081 voluptate
1263 4999 1305 5062 sit
1326 5000 1382 5085 qui
1404 4999 1565 5083 epuletur,
1594 4998 1629 5062 in
1651 4996 1764 5061 dolore

439 5162 555 5176 ,-

503 5289 528 5338 b.
546 5285 868 5351 lucuodsonltotcrdumlt
888 5314 915 5325 ·-
934 5288 959 5338 6.
977 5288 1149 5339 ouctu'll-
1168 5287 1205 5353 ot]
1223 5289 1321 5339 etB-
1340 5290 1615 5341 constetureomlt-
1634 5287 1659 5340 9.
1677 5286 1765 5354 mele‘

438 5359 468 5413 l¹
487 5387 514 5399 -
539 5363 580 5411 tt.
597 5363 709 5424 corporo
725 5364 839 5425 sepelitis
854 5362 917 5413 AB:
941 5365 1055 5426 expetitis
1070 5365 1183 5427 corporis
1199 5366 1219 5415 0
1238 5391 1265 5401 -
1290 5366 1330 5415 ti.
1345 5366 1480 5429 voluptatis
1495 5366 1514 5416 B
1533 5390 1562 5402 —
1586 5363 1712 5415 macter
1728 5365 1762 5413 A:

435 5437 595 5488 «commeo
610 5437 692 5488 BblO
711 5462 739 5473 -
759 5436 799 5488 tl.
815 5436 876 5501 olm]
892 5438 963 5488 ciem
979 5440 998 5489 B
1017 5465 1045 5475 -
1065 5439 1104 5490 46.
1122 5439 1268 5503 loquiturB
1288 5467 1315 5478 -
1334 5440 1375 5492 ta.
1393 5446 1556 5506 cognomenta
1572 5442 1592 5492 B
1611 5466 1639 5479 ·-
1656 5440 1766 5489 scoticas

436 5513 486 5562 ΑΒ
506 5534 533 5548 -
552 5512 593 5562 rt.
609 5512 711 5574 plotone
730 5513 752 5562 Α
771 5538 798 5546 -
821 5511 864 5563 il.
881 5518 904 5562 et
921 5513 973 5561 ἰαιι
989 5515 1122 5564 Goerenz:
1143 5515 1220 5565 etiem
1240 5518 1291 5567 ΑΒ
1309 5541 1336 5551 -
1359 5516 1513 5577 loquuturi}
1534 5541 1560 5554 -
1583 5514 1625 5565 ib.
1642 5512 1696 5577 sos]
1714 5528 1765 5563 ιιοιι

437 5587 504 5636 Ε-
526 5588 685 5649 aquosa:
709 5589 889 5648 aequeo-
915 5588 1180 5652 adamarit·
1207 5589 1762 5657 coapostaoaom.B-3tl.putotlt:

433 5663 667 5724 putotdtcotb-
686 5663 728 5714 32.
746 5662 962 5727 mlwmlt-
980 5663 1021 5713 33.
1039 5664 1485 5717 ιὶὸίιιοιιιιΑΒιιιοιιιιιιὺιΟ-
1504 5662 1764 5728 ”mmmmm

438 5760 467 5772 -·
485 5737 619 5786 oieetwlt
639 5764 666 5773 -
690 5738 731 5789 ³5.
749 5738 907 5803 cognitiones]
929 5740 1089 5804 coqttcttooes
1109 5744 1176 5791 Α-
1198 5739 1330 5790 verbosum
1351 5741 1496 5793 delendum
1517 5742 1611 5792 censet
1629 5739 1719 5803 blake)
1737 5738 1763 5790 tn

436 5809 567 5862 blnemos.
585 5811 621 5873 ll,
639 5825 666 5876 p.
678 5812 736 5864 tta.
763 5813 838 5863 ldem
854 5826 881 5877 p.
895 5812 951 5873 sot,
966 5814 996 5863 tr
1014 5813 1085 5864 delet
1101 5815 1196 5865 dicebat
1211 5841 1239 5852 -
1257 5815 1298 5865 36.
1316 5818 1383 5866 enim
1397 5824 1434 5868 cst
1449 5819 1484 5868 a:
1501 5821 1538 5867 est
1551 5818 1618 5868 eotm
1634 5816 1719 5870 balo
1732 5841 1761 5855 -

436 5883 478 5933 38.
495 5886 806 5951 eqactdeosmlladvig:
824 5887 1068 5948 commum
1087 5891 1248 5939 aomoaB-
1266 5892 1325 5941 ium
1341 5892 1491 5945 Ernestius:
1509 5891 1686 5953 wendile,
1704 5890 1764 5955 qoi-

437 5957 530 6010 douo
550 5986 578 5997 -
595 5973 640 6010 eos
656 5962 707 6011 ab
726 5988 754 5999 -
773 5961 814 6013 39.
830 5960 956 6025 υοὶιιρωιο
972 5964 1035 6013 AB:
1052 5964 1180 6028 adaptate
1194 5977 1245 6018 ease
1260 5966 1320 6017 DO.
