4342 7459
733 1258 864 1325 Lmlt
892 1253 1428 1342 cn.x11-x1v.§§30-37.
1511 1300 1521 1319 .
1681 1247 1739 1317 Ill

416 1420 563 1486 volumus
583 1420 773 1504 procedere,
795 1420 837 1485 ad
858 1419 989 1485 deorum
1011 1429 1154 1484 naturam
1176 1419 1400 1504 perveniamus
1415 1438 1547 1483 necesse
1561 1425 1619 1481 est.
1639 1416 1745 1479 Primo

416 1516 501 1580 enim
523 1517 803 1581 animadvertimus
823 1536 844 1579 a
865 1522 977 1580 natura
999 1516 1148 1578 sustineri
1171 1534 1222 1588 ea,
1245 1534 1328 1598 quae
1343 1516 1544 1597 gignunture
1562 1521 1655 1587 terra,
1677 1510 1747 1594 qui·

414 1610 474 1675 bus
496 1620 609 1674 natura
630 1611 712 1675 nihil
733 1611 843 1674 tribuit
864 1610 1017 1693 amplius,
1040 1629 1133 1693 mam
1157 1618 1192 1672 ut
1214 1628 1253 1672 ea
1273 1609 1387 1672 alendo
1409 1616 1504 1692 atque
1517 1606 1664 1690 augendo
1680 1613 1748 1667 tue·

413 1715 511 1769 retur.
556 1702 607 1767 dl.
629 1705 744 1767 Bestiis
766 1714 872 1768 autem
888 1724 1017 1767 sensum
1032 1711 1064 1767 et
1077 1713 1198 1766 motum
1215 1702 1301 1767 dedit
1316 1711 1434 1765 etcum
1453 1700 1590 1786 quodam
1605 1699 1748 1782 adpetitu

413 1819 577 1864 accessum
606 1798 645 1861 ad
675 1817 726 1861 res
755 1798 924 1871 salutares,
947 1818 965 1859 a
986 1797 1143 1880 pestiferis
1165 1817 1346 1861 recessum:
1376 1798 1437 1860 hoc
1460 1796 1579 1859 homini
1602 1794 1772 1877 ampliusue

414 1893 502 1977 quod
524 1893 647 1956 addidit
668 1893 836 1966 rationem,
866 1910 931 1975 qua
953 1900 1137 1973 regerentur
1159 1893 1255 1954 animi
1277 1891 1451 1974 adpetitus,
1475 1890 1529 1972 qui
1552 1897 1618 1951 tum
1642 1889 1750 1950 remit·

411 1995 569 2061 tarentus,
591 1992 659 2048 tum
682 1987 931 2049 continerentur.
975 1986 1061 2047 XIII.
1085 1985 1223 2059 Quartus
1245 1993 1351 2048 autem
1373 1984 1491 2066 gradus
1510 1991 1559 2045 est
1580 1990 1612 2045 et
1633 1980 1750 2044 altissi-

413 2102 484 2145 mus
506 2100 633 2153 eorum,
656 2081 712 2163 qui
734 2088 848 2141 natura
869 2080 946 2141 boni
968 2078 1194 2162 sapientesque
1216 2080 1403 2161 gignuntur,
1426 2078 1541 2160 quibus
1556 2096 1575 2139 a
1592 2074 1748 2159 principio

411 2174 588 2238 innascitur
609 2176 689 2236 ratio
711 2181 798 2235 recta
817 2181 1046 2255 constansque,
1069 2193 1153 2255 quae
1169 2194 1265 2256 supra
1279 2174 1438 2236 hominem
1453 2171 1594 2254 putanda
1608 2176 1656 2232 est
1671 2168 1749 2230 deo·

411 2288 476 2352 que
498 2268 680 2340 tribuenda,
702 2267 734 2329 id
758 2274 806 2330 est
827 2266 964 2340 mundo,
987 2268 1020 2329 in
1042 2287 1108 2349 quo
1130 2287 1261 2331 necesse
1283 2277 1331 2330 est
1351 2266 1522 2351 perfectam
1546 2263 1631 2326 iliam
1650 2270 1787 2345 atquaso

410 2362 590 2426 absolutam
618 2353 724 2424 inesse
752 2362 919 2424 rationem.
963 2358 1013 2423 35.
1037 2364 1150 2443 Neque
1179 2362 1261 2424 enim
1284 2361 1346 2424 dici
1373 2367 1479 2443 potest
1499 2358 1532 2421 iu
1553 2358 1621 2421 ulla
1641 2376 1747 2418 rerum

410 2456 608 2519 institutione
630 2475 695 2517 uon
717 2473 788 2518 esse
810 2454 932 2538 aliquid
952 2449 1128 2519 extremum
1144 2446 1239 2540 atque
1252 2454 1437 2538 perfeetum.
1471 2454 1511 2516 Ut
1526 2452 1611 2514 enirn
1626 2451 1659 2513 in
1674 2450 1748 2527 vite,

410 2558 447 2613 ut
469 2550 502 2611 in
524 2548 661 2633 monde,
683 2549 747 2611 nisi
766 2568 847 2632 quae
862 2551 911 2611 vis
926 2548 1064 2623 obstitit,
1087 2549 1232 2614 videmus
1247 2559 1389 2613 naturam
1406 2569 1464 2611 suo
1479 2547 1618 2632 quodam
1634 2548 1748 2610 itinere

409 2643 451 2708 ad
474 2642 621 2706 ultimum
644 2644 825 2726 pervenire,
854 2651 950 2724 atque
972 2651 1009 2705 ut
1037 2645 1160 2726 pictura
1181 2652 1214 2707 et
1234 2644 1354 2707 t‘abrica
1375 2652 1565 2725 ceteraeque
1586 2648 1671 2705 artes
1692 2641 1748 2704 ha·

410 2737 487 2799 bent
502 2737 661 2820 quendam
684 2735 822 2799 absoluti
838 2737 944 2818 operis
961 2738 1123 2813 effectum,
1146 2738 1193 2800 sic
1208 2739 1240 2800 in
1257 2740 1342 2801 omui
1358 2745 1470 2800 natura
1485 2757 1522 2800 ac
1537 2737 1637 2799 multo
1652 2735 1785 2798 etiamts

408 2832 510 2913 magis
532 2849 664 2894 necesse
686 2838 735 2893 est
756 2829 880 2894 absolvi
901 2829 1023 2914 aliquid
1037 2851 1074 2893 ac
1092 2829 1210 2915 perfici.
1245 2832 1370 2895 Etenim
1386 2832 1500 2895 ceteris
1513 2831 1636 2894 naturis
1649 2830 1748 2893 multa

409 2933 557 2998 externa,
586 2943 650 3006 quo
680 2926 785 2987 miuus
813 2923 1038 3008 perficiantur,
1068 2934 1204 3009 possunt
1233 2926 1404 2999 obsistere,
1434 2926 1611 2988 universam
1640 2931 1746 2987 autem

411 3027 559 3082 naturam
589 3018 676 3081 nulla
698 3038 749 3081 res
770 3026 877 3101 potest
898 3018 1070 3100 impedire,
1100 3028 1270 3102 propterea
1291 3018 1377 3103 quod
1401 3020 1503 3082 omnis
1525 3027 1655 3081 naturas
1678 3018 1747 3100 ipsa

410 3112 541 3176 cohibet
562 3120 595 3176 et
616 3113 772 3175 continet.
809 3111 967 3188 Quocirca
988 3132 1119 3176 necesse
1141 3120 1190 3175 est
1211 3134 1281 3177 esse
1295 3121 1443 3196 quartum
1466 3113 1555 3176 illum
1579 3121 1611 3176 et
1631 3111 1747 3175 altissi-

410 3226 498 3270 mum
520 3206 669 3289 gradum,
698 3223 762 3290 quo
792 3206 881 3270 nulla
902 3207 949 3269 vis
971 3207 1073 3289 possit
1094 3206 1257 3270 accedere.
1293 3204 1345 3270 36.
1367 3207 1399 3270 Is
1420 3214 1527 3270 autem
1550 3215 1599 3268 ost
1619 3203 1784 3288 padusae

408 3300 443 3363 in
472 3320 538 3384 quo
566 3320 672 3365 rerum
701 3302 843 3364 omnium
870 3307 983 3364 natura
1012 3301 1153 3383 ponitur,
1185 3320 1267 3383 quae
1290 3304 1441 3385 quoniam
1467 3302 1540 3364 talis
1562 3308 1628 3374 est,
1657 3307 1748 3363 utet

411 3395 532 3477 praesit
553 3396 700 3459 omnibus
722 3403 755 3458 et
777 3414 846 3458 eam
869 3394 957 3456 nulla
979 3414 1030 3457 res
1052 3396 1152 3478 possit
1168 3395 1328 3477 inpedire,
1351 3416 1484 3459 necesse
1498 3390 1547 3458 est
1561 3396 1747 3477 intellegen-

411 3497 475 3552 tem
498 3507 569 3551 osso
591 3488 747 3553 mundum
769 3498 802 3552 et
823 3490 952 3573 quidem
975 3489 1069 3551 etiam
1092 3490 1277 3573 sapientem.
1313 3490 1397 3566 Quid
1414 3499 1519 3553 autem
1535 3499 1585 3553 est
1605 3489 1748 3552 inscitius

410 3601 508 3666 quam
536 3600 606 3644 eam
637 3591 797 3658 naturam,
828 3603 912 3666 quae
934 3583 1038 3646 omnis
1068 3602 1119 3646 res
1141 3585 1183 3646 sit
1203 3583 1378 3667 conplexa,
1405 3605 1468 3647 uon
1490 3592 1652 3667 optumam
1674 3582 1747 3655 dici,

412 3684 482 3749 aut,
511 3696 583 3739 cum
605 3677 647 3740 sit
668 3685 817 3760 optuma,
847 3697 912 3740 non
936 3677 1073 3760 primum
1095 3678 1287 3740 animantem
1310 3696 1396 3752 esse,
1422 3677 1538 3741 deinde
1558 3677 1692 3740 rationis
1715 3684 1784 3739 etse

411 3770 541 3835 consilii
568 3780 765 3852 compotem,
797 3780 959 3854 postremo
990 3770 1191 3854 sapientem?
1225 3771 1288 3848 Qui
1316 3774 1401 3836 euim
1430 3782 1537 3855 potest
1563 3773 1654 3835 aliter
1675 3791 1746 3834 esse

411 3868 564 3949 optuma?
592 3866 704 3949 Neque
719 3866 816 3940 enim,
839 3868 865 3929 si
880 3866 1029 3948 stirpium
1044 3866 1158 3928 similis
1173 3867 1214 3929 sit
1228 3876 1283 3931 aut
1297 3869 1390 3931 etiam
1405 3867 1593 3939 bestiarum,
1617 3873 1747 3947 optuma

409 3958 552 4045 putanda
582 3962 623 4024 sit
650 3960 757 4044 potius
779 3981 875 4043 quam
896 3961 1091 4034 deterruma,
1120 3980 1180 4024 nec
1201 3980 1292 4035 reno,
1322 3962 1348 4024 si
1371 3962 1504 4024 rationis
1525 3960 1684 4044 particeps
1707 3959 1748 4021 sit

409 4073 469 4118 nec
491 4055 533 4116 ait
554 4062 661 4131 tamen
683 4073 703 4117 a
725 4055 883 4136 principio
906 4055 1051 4137 sapiens,
1082 4074 1147 4118 non
1170 4055 1212 4118 sit
1233 4055 1373 4118 deterior
1393 4053 1502 4116 mundi
1525 4055 1629 4138 potius
1652 4072 1746 4135 quam

408 4149 548 4212 humana
570 4148 728 4212 conditio:
750 4148 847 4211 homo
870 4149 954 4212 enim
977 4150 1105 4235 sapiens
1128 4145 1195 4211 lieri
1220 4157 1340 4231 potest,
1363 4147 1499 4210 muudus
1521 4156 1642 4219 autem,
1666 4147 1692 4208 si
1714 4147 1784 4208 inae

410 4253 540 4306 aeterno
568 4244 731 4325 praeteriti
762 4244 913 4325 temporis
936 4245 1038 4326 spatio
1060 4242 1121 4305 fuit
1143 4242 1314 4324 insipiens,
1339 4262 1511 4325 numquam
1534 4243 1676 4323 proiecto
1699 4261 1747 4302 sa-

410 4337 565 4421 pientiam
588 4345 817 4419 consequetur:
841 4338 883 4399 ita
899 4336 959 4399 erit
973 4336 1102 4398 homine
1118 4337 1266 4398 deterior.
1300 4336 1392 4410 Quod
1409 4336 1560 4418 quoniam
1575 4333 1746 4397 absurdum

412 4440 478 4504 est,
507 4439 539 4493 et
568 4431 696 4514 sapiens
723 4451 743 4492 a
771 4431 930 4512 principio
958 4430 1095 4491 muudus
1118 4442 1149 4492 et
1172 4431 1250 4492 deus
1273 4432 1436 4492 habendus
1459 4439 1518 4492 est.
1561 4428 1612 4491 37.
1634 4430 1747 4510 Neque

409 4526 497 4587 enim
519 4533 568 4586 est
589 4525 760 4606 quicquam
784 4524 871 4586 aliud
894 4533 1020 4606 praeter
1042 4527 1212 4599 muudum,
1235 4526 1286 4587 cui
1309 4524 1388 4585 nibil
1411 4525 1492 4586 absit
1514 4524 1666 4607 quodque
1689 4544 1747 4584 un·

408 4619 507 4704 dique
536 4627 645 4700 aptum
674 4627 769 4701 atque
800 4618 974 4701 perfectum
1011 4619 1239 4701 expletumque
1270 4620 1310 4681 sit
1336 4618 1483 4680 omnibus
1511 4618 1576 4679 suis
1607 4617 1784 4678 numerista

409 4723 442 4778 et
471 4712 625 4795 partibus.
670 4713 754 4773 XIV.
778 4713 863 4774 Scite
893 4714 978 4775 enim
1002 4713 1211 4795 Chrysippus,
1242 4720 1277 4774 ut
1304 4712 1397 4794 clipei
1421 4732 1515 4773 causa
1538 4710 1747 4783 involucrum,

409 4808 555 4890 vaginam
578 4812 683 4868 autem
707 4806 819 4888 gladii,
852 4806 898 4868 sic
919 4814 1045 4889 praeter
1066 4806 1219 4868 mundum
1242 4816 1346 4869 cetera
1368 4808 1475 4867 omnia
1497 4805 1629 4867 aliorum
1652 4796 1749 4865 causa

409 4920 481 4965 csse
504 4909 668 4984 generata,
700 4908 734 4962 ut
757 4919 810 4962 eas
834 4899 942 4982 fruges
964 4907 1061 4981 atque
1084 4898 1222 4973 fructus,
1253 4920 1334 4981 quos
1357 4908 1440 4961 terra
1462 4900 1576 4981 giguit,
1606 4899 1747 4960 animan·

477 5218 501 5268 t.
520 5229 607 5267 eorum
624 5217 765 5278 (superscr.
780 5216 839 5274 dih
857 5240 883 5249 —
902 5216 988 5276 poma
1004 5216 1054 5264 AB
1067 5214 1118 5264 EV
1133 5238 1158 5250 -
1179 5216 1203 5264 ἲ.
1222 5215 1361 5276 pipnuntur
1375 5215 1521 5263 Manutius:
1541 5216 1680 5277 plynostur
1695 5212 1747 5264 eto

411 5320 439 5332 -
457 5295 483 5343 e.
501 5294 579 5342 moini
598 5294 742 5353 (superscr.
756 5291 779 5350 t)
797 5292 819 5339 Α
839 5316 865 5328 -
886 5290 910 5339 6.
929 5291 1009 5339 edidit
1027 5291 1058 5337 V¹
1072 5314 1098 5325 -
1119 5290 1143 5338 t.
1163 5291 1259 5352 prodas
1276 5297 1298 5339 et
1315 5292 1450 5339 citissimus
1466 5295 1500 5338 est
1518 5291 1538 5338 0
1558 5316 1585 5326 -
1605 5291 1628 5338 S.
1648 5303 1748 5338 acram

409 5370 508 5434 [priore
525 5382 540 5414 r
557 5372 642 5424 erasa]
662 5366 683 5414 V
702 5391 728 5400 -
752 5366 918 5427 sapientisque
940 5365 988 5414 BC
1010 5391 1036 5400 -
1060 5364 1083 5413 9.
1104 5370 1138 5414 est
1159 5367 1190 5414 de
1206 5366 1317 5424 eoquaB
1340 5391 1364 5400 -
1390 5366 1430 5413 tl.
1450 5366 1476 5413 ic
1493 5366 1545 5413 utto
1562 5365 1609 5412 V²z
1635 5366 1661 5412 ia
1677 5365 1748 5412 natio

407 5441 606 5495 ABCEPV¹;
628 5444 654 5491 io
676 5442 721 5489 iilo
742 5442 762 5489 0
787 5468 813 5477 -
838 5442 877 5491 ti.
897 5442 924 5489 iu
941 5442 1009 5489 uitae
1027 5440 1074 5497 V¹;
1100 5442 1188 5489 inuitat
1205 5442 1223 5490 B
1243 5466 1269 5475 —
1294 5440 1333 5490 43.
1354 5442 1388 5487 im
1407 5444 1501 5502 pecuda
1517 5444 1538 5489 :t
1559 5465 1585 5476 -
1606 5441 1695 5488 obstitit
1713 5440 1746 5499 (in

408 5530 494 5579 marg.
515 5515 574 5565 ead.
595 5530 630 5566 m.
645 5516 743 5579 optigit)
761 5515 782 5563 V
801 5542 828 5552 -
848 5518 958 5577 quodum
975 5529 1044 5565 corr.
1064 5530 1096 5564 ex
1115 5516 1241 5579 quoddam
1258 5515 1277 5564 B
1297 5541 1323 5550 -
1345 5515 1384 5565 ts.
1404 5522 1480 5576 utque
1497 5529 1566 5564 corr.
1581 5529 1613 5563 ex
1629 5516 1745 5572 odqued

409 5620 438 5631 -
459 5594 499 5644 lb.
519 5592 625 5641 absoluti
642 5605 712 5640 corr.
732 5604 764 5640 ex
782 5590 886 5640 obsoleti
904 5592 924 5637 V
940 5617 965 5625 -
988 5591 1026 5639 ti.
1041 5597 1125 5639 omero
1137 5603 1207 5639 corr.
1223 5604 1253 5639 es
1268 5595 1334 5639 stes
1346 5593 1380 5646 Α,
1401 5605 1433 5639 ex
1445 5592 1539 5639 huucll
1555 5617 1580 5625 -
1596 5591 1635 5639 49,
1650 5589 1747 5649 quoibst

407 5673 430 5723 Α
449 5695 477 5706 -
497 5669 538 5718 20.
557 5669 661 5729 quoda
681 5694 708 5703 -
727 5667 758 5731 Is]
776 5667 849 5716 hisB
869 5692 895 5701 -
915 5667 956 5715 tt.
975 5679 1062 5714 reram
1078 5667 1159 5714 omnis
1174 5672 1270 5714 ssdtttra
1287 5666 1356 5715 Bate
1375 5665 1408 5713 ad
1427 5666 1480 5714 Cic.
1499 5664 1532 5712 de
1550 5665 1627 5725 legg.
1649 5676 1673 5726 p.
1689 5663 1745 5713 tat.

410 5770 439 5781 -
458 5745 500 5794 25.
519 5749 622 5805 optumo
643 5739 721 5802 ΒΨ,
748 5743 842 5803 optima
864 5742 932 5791 CE:
959 5746 1088 5803 eptuusom
1105 5740 1177 5799 ΡΨ,
1201 5742 1359 5801 optimumst
1382 5765 1408 5775 -
1434 5740 1474 5788 ed.
1494 5740 1567 5788 aliter
1581 5743 1660 5799 potest
1677 5739 1697 5786 0
1717 5765 1744 5775 -

409 5819 452 5869 29.
470 5819 554 5881 potius
570 5831 624 5867 om.
638 5820 657 5867 P
669 5844 702 5853 -
719 5817 760 5866 ³0.
779 5817 891 5865 condicio
907 5815 930 5862 V
945 5843 971 5851 -
991 5815 1032 5866 ai.
1050 5818 1092 5864 cai
1110 5818 1180 5878 tante
1199 5816 1329 5878 rasuram)
1347 5817 1365 5864 B
1377 5831 1382 5863 :
1403 5828 1451 5876 qao
1467 5816 1486 5864 Α
1499 5815 1517 5863 C
1528 5814 1547 5862 E
1558 5815 1575 5862 P
1585 5814 1606 5860 V
1618 5841 1649 5850 —
1666 5815 1747 5874 quod-

408 5894 691 5959 qss--eopteuenque
705 5894 737 5941 sit
754 5904 809 5942 om.
828 5892 848 5942 C
870 5918 895 5927 -
915 5890 956 5940 ³5.
975 5892 1007 5940 ait
1024 5904 1078 5941 om.
1097 5892 1118 5941 Α
1137 5916 1163 5926 -
1184 5891 1225 5941 36.
1243 5892 1296 5941 Scit
1312 5892 1378 5943 euim
1394 5892 1413 5940 P
1433 5915 1456 5926 -
1477 5889 1540 5952 elipe
1555 5889 1608 5940 AV
1627 5890 1705 5954 (corr.
1719 5891 1745 5942 in

407 5968 482 6033 clipei
496 5969 532 6031 Δ,
550 5969 577 6019 in
593 5969 672 6031 clypei
690 5968 718 6029 V)
739 5994 766 6004 -
786 5967 827 6017 37.
845 5967 943 6033 sapias
960 5967 980 6019 c
1000 5992 1027 6003 -
1046 5965 1089 6019 38.
1106 5966 1196 6031 ptpmt
1212 5966 1241 6018 0,
