<?xml version="1.0" encoding="UTF-8"?>
<!DOCTYPE html PUBLIC "-//W3C//DTD XHTML 1.0 Transitional//EN"
    "http://www.w3.org/TR/xhtml1/DTD/xhtml1-transitional.dtd">
<html xmlns="http://www.w3.org/1999/xhtml" xml:lang="en" lang="en">
 <head>
  <title>
</title>
<meta http-equiv="Content-Type" content="text/html;charset=utf-8" />
  <meta name='ocr-system' content='tesseract 3.04.00' />
  <meta name='ocr-capabilities' content='ocr_page ocr_carea ocr_par ocr_line ocrx_word'/>
</head>
<body>
  <div class='ocr_page' id='page_1' title='image "./operaquaesupers00halmgoog/operaquaesupers00halmgoog_0975.png"; bbox 0 0 4342 7459; ppageno 0'>
   <div class='ocr_carea' id='block_1_1' title="bbox 938 1241 1735 1315">
    <p class='ocr_par' dir='ltr' id='par_1_1' title="bbox 938 1241 1735 1315">
     <span class='ocr_line' id='line_1_1' title="bbox 938 1241 1735 1315; baseline -0.011 0"><span class='ocrx_word' id='word_1_1' title='bbox 938 1249 1197 1315; x_wconf 77' lang='lat' dir='ltr'><strong>FRAGMENTA.</strong></span> <span class='ocrx_word' id='word_1_2' title='bbox 1671 1241 1735 1307; x_wconf 55' lang='lat' dir='ltr'><strong>wll</strong></span> 
     </span>
    </p>
   </div>
   <div class='ocr_carea' id='block_1_2' title="bbox 406 1402 1796 4119">
    <p class='ocr_par' dir='ltr' id='par_1_2' title="bbox 406 1402 1761 2240">
     <span class='ocr_line' id='line_1_2' title="bbox 406 1402 1734 1483; baseline -0.007 -11"><span class='ocrx_word' id='word_1_3' title='bbox 406 1408 440 1472; x_wconf 90' lang='lat' dir='ltr'><strong>id</strong></span> <span class='ocrx_word' id='word_1_4' title='bbox 459 1410 558 1472; x_wconf 82' lang='lat' dir='ltr'><strong>sciet?</strong></span> <span class='ocrx_word' id='word_1_5' title='bbox 595 1408 672 1483; x_wconf 84' lang='lat' dir='ltr'><strong>Quis</strong></span> <span class='ocrx_word' id='word_1_6' title='bbox 689 1405 839 1469; x_wconf 88' lang='lat' dir='ltr'><strong>iudicabit</strong></span> <span class='ocrx_word' id='word_1_7' title='bbox 858 1424 919 1467; x_wconf 94' lang='lat' dir='ltr'><strong>non</strong></span> <span class='ocrx_word' id='word_1_8' title='bbox 939 1406 1035 1467; x_wconf 90' lang='lat' dir='ltr'><strong>luisse</strong></span> <span class='ocrx_word' id='word_1_9' title='bbox 1054 1405 1204 1467; x_wconf 77' lang='lat' dir='ltr'><strong>causam?</strong></span> <span class='ocrx_word' id='word_1_10' title='bbox 1221 1435 1260 1449; x_wconf 92' lang='grc'><strong>-</strong></span> <span class='ocrx_word' id='word_1_11' title='bbox 1283 1403 1393 1482; x_wconf 73' lang='lat' dir='ltr'><strong>linget</strong></span> <span class='ocrx_word' id='word_1_12' title='bbox 1416 1402 1522 1464; x_wconf 86' lang='lat' dir='ltr'><strong>luisse.</strong></span> <span class='ocrx_word' id='word_1_13' title='bbox 1544 1434 1582 1449; x_wconf 89' lang='lat'><em>-</em></span> <span class='ocrx_word' id='word_1_14' title='bbox 1600 1402 1659 1476; x_wconf 84' lang='lat' dir='ltr'><strong>Qui</strong></span> <span class='ocrx_word' id='word_1_15' title='bbox 1679 1419 1734 1463; x_wconf 83' lang='lat' dir='ltr'><strong>ro·</strong></span> 
     </span>
     <span class='ocr_line' id='line_1_3' title="bbox 407 1495 1732 1585; baseline -0.006 -20"><span class='ocrx_word' id='word_1_16' title='bbox 407 1503 549 1567; x_wconf 86' lang='lat' dir='ltr'><strong>tellemus</strong></span> <span class='ocrx_word' id='word_1_17' title='bbox 569 1504 709 1585; x_wconf 89' lang='lat' dir='ltr'><strong>potuisse</strong></span> <span class='ocrx_word' id='word_1_18' title='bbox 728 1520 791 1563; x_wconf 90' lang='lat' dir='ltr'><strong>non</strong></span> <span class='ocrx_word' id='word_1_19' title='bbox 810 1500 897 1578; x_wconf 89' lang='lat' dir='ltr'><strong>dare,</strong></span> <span class='ocrx_word' id='word_1_20' title='bbox 918 1501 945 1562; x_wconf 90' lang='lat' dir='ltr'><strong>si</strong></span> <span class='ocrx_word' id='word_1_21' title='bbox 964 1499 1136 1561; x_wconf 77' lang='lat' dir='ltr'><strong>noluisset?</strong></span> <span class='ocrx_word' id='word_1_22' title='bbox 1151 1499 1235 1559; x_wconf 87' lang='lat' dir='ltr'><strong>—Vi</strong></span> <span class='ocrx_word' id='word_1_23' title='bbox 1255 1506 1397 1577; x_wconf 89' lang='lat' dir='ltr'><strong>ereptum</strong></span> <span class='ocrx_word' id='word_1_24' title='bbox 1419 1514 1491 1559; x_wconf 90' lang='lat' dir='ltr'><strong>esso</strong></span> <span class='ocrx_word' id='word_1_25' title='bbox 1511 1495 1604 1558; x_wconf 89' lang='lat' dir='ltr'><strong>dicet.</strong></span> <span class='ocrx_word' id='word_1_26' title='bbox 1644 1496 1732 1570; x_wconf 87' lang='lat' dir='ltr'><strong>Quae</strong></span> 
     </span>
     <span class='ocr_line' id='line_1_4' title="bbox 406 1591 1734 1680; baseline -0.008 -19"><span class='ocrx_word' id='word_1_27' title='bbox 406 1606 512 1680; x_wconf 89' lang='lat' dir='ltr'><strong>potest</strong></span> <span class='ocrx_word' id='word_1_28' title='bbox 540 1598 716 1678; x_wconf 72' lang='lat' dir='ltr'><strong>eloquentia</strong></span> <span class='ocrx_word' id='word_1_29' title='bbox 746 1596 932 1677; x_wconf 89' lang='lat' dir='ltr'><strong>disputando</strong></span> <span class='ocrx_word' id='word_1_30' title='bbox 960 1595 1056 1674; x_wconf 78' lang='lat' dir='ltr'><strong>ignoti</strong></span> <span class='ocrx_word' id='word_1_31' title='bbox 1085 1594 1217 1655; x_wconf 89' lang='lat' dir='ltr'><strong>hominis</strong></span> <span class='ocrx_word' id='word_1_32' title='bbox 1244 1592 1468 1673; x_wconf 87' lang='lat' dir='ltr'><strong>impudentiam</strong></span> <span class='ocrx_word' id='word_1_33' title='bbox 1498 1591 1677 1653; x_wconf 79' lang='lat' dir='ltr'><strong>conlutarei</strong></span> <span class='ocrx_word' id='word_1_34' title='bbox 1695 1623 1734 1635; x_wconf 94' lang='grc'>-</span> 
     </span>
     <span class='ocr_line' id='line_1_5' title="bbox 406 1687 1733 1770; baseline -0.008 -15"><span class='ocrx_word' id='word_1_35' title='bbox 406 1693 454 1755; x_wconf 80' lang='grc'><strong>20.</strong></span> <span class='ocrx_word' id='word_1_36' title='bbox 481 1694 548 1755; x_wconf 84' lang='grc' dir='ltr'>Νοιι</span> <span class='ocrx_word' id='word_1_37' title='bbox 568 1709 658 1770; x_wconf 78' lang='lat' dir='ltr'><strong>agam</strong></span> <span class='ocrx_word' id='word_1_38' title='bbox 679 1691 772 1769; x_wconf 77' lang='lat' dir='ltr'><strong>igitur</strong></span> <span class='ocrx_word' id='word_1_39' title='bbox 796 1709 866 1751; x_wconf 90' lang='lat' dir='ltr'><strong>cum</strong></span> <span class='ocrx_word' id='word_1_40' title='bbox 890 1690 948 1751; x_wconf 88' lang='lat' dir='ltr'><strong>ista</strong></span> <span class='ocrx_word' id='word_1_41' title='bbox 973 1687 1142 1751; x_wconf 84' lang='lat' dir='ltr'><strong>Sardorum</strong></span> <span class='ocrx_word' id='word_1_42' title='bbox 1169 1687 1398 1768; x_wconf 79' lang='lat' dir='ltr'><strong>conspiratione</strong></span> <span class='ocrx_word' id='word_1_43' title='bbox 1425 1693 1457 1747; x_wconf 91' lang='lat' dir='ltr'><strong>et</strong></span> <span class='ocrx_word' id='word_1_44' title='bbox 1479 1703 1549 1747; x_wconf 93' lang='lat' dir='ltr'><strong>cum</strong></span> <span class='ocrx_word' id='word_1_45' title='bbox 1570 1701 1733 1764; x_wconf 83' lang='lat' dir='ltr'><strong>expresso,</strong></span> 
     </span>
     <span class='ocr_line' id='line_1_6' title="bbox 408 1777 1761 1864; baseline -0.01 -15"><span class='ocrx_word' id='word_1_46' title='bbox 408 1793 515 1849; x_wconf 88' lang='lat' dir='ltr'><strong>coacto</strong></span> <span class='ocrx_word' id='word_1_47' title='bbox 536 1784 762 1864; x_wconf 78' lang='lat' dir='ltr'>sollicitatoque</span> <span class='ocrx_word' id='word_1_48' title='bbox 781 1783 917 1864; x_wconf 90' lang='lat' dir='ltr'><strong>periurio</strong></span> <span class='ocrx_word' id='word_1_49' title='bbox 938 1781 1103 1856; x_wconf 76' lang='lat' dir='ltr'><strong>subtiliter,</strong></span> <span class='ocrx_word' id='word_1_50' title='bbox 1128 1799 1231 1860; x_wconf 91' lang='lat' dir='ltr'><strong>neque</strong></span> <span class='ocrx_word' id='word_1_51' title='bbox 1251 1799 1310 1843; x_wconf 91' lang='lat' dir='ltr'><strong>acu</strong></span> <span class='ocrx_word' id='word_1_52' title='bbox 1329 1778 1484 1860; x_wconf 88' lang='lat' dir='ltr'><strong>quaedam</strong></span> <span class='ocrx_word' id='word_1_53' title='bbox 1504 1777 1668 1842; x_wconf 85' lang='lat' dir='ltr'><strong>enucleato</strong></span> <span class='ocrx_word' id='word_1_54' title='bbox 1687 1790 1761 1840; x_wconf 80' lang='grc' dir='ltr'>ιιι-ι</span> 
     </span>
     <span class='ocr_line' id='line_1_7' title="bbox 408 1872 1735 1959; baseline -0.007 -17"><span class='ocrx_word' id='word_1_55' title='bbox 408 1887 555 1959; x_wconf 78' lang='lat' dir='ltr'><strong>gumenta</strong></span> <span class='ocrx_word' id='word_1_56' title='bbox 575 1878 768 1959; x_wconf 76' lang='lat' dir='ltr'><strong>conquiram,</strong></span> <span class='ocrx_word' id='word_1_57' title='bbox 789 1878 847 1938; x_wconf 88' lang='lat' dir='ltr'><strong>sed</strong></span> <span class='ocrx_word' id='word_1_58' title='bbox 867 1884 973 1938; x_wconf 91' lang='lat' dir='ltr'><strong>contra</strong></span> <span class='ocrx_word' id='word_1_59' title='bbox 993 1876 1143 1956; x_wconf 89' lang='lat' dir='ltr'><strong>impetum</strong></span> <span class='ocrx_word' id='word_1_60' title='bbox 1162 1876 1256 1935; x_wconf 89' lang='lat' dir='ltr'><strong>istum</strong></span> <span class='ocrx_word' id='word_1_61' title='bbox 1275 1872 1397 1935; x_wconf 92' lang='lat' dir='ltr'><strong>illorum</strong></span> <span class='ocrx_word' id='word_1_62' title='bbox 1418 1873 1536 1955; x_wconf 89' lang='lat' dir='ltr'><strong>impetu</strong></span> <span class='ocrx_word' id='word_1_63' title='bbox 1556 1891 1613 1953; x_wconf 82' lang='lat' dir='ltr'><strong>ego</strong></span> <span class='ocrx_word' id='word_1_64' title='bbox 1628 1881 1735 1934; x_wconf 89' lang='lat' dir='ltr'><strong>nostro</strong></span> 
     </span>
     <span class='ocr_line' id='line_1_8' title="bbox 409 1966 1737 2052; baseline -0.005 -17"><span class='ocrx_word' id='word_1_65' title='bbox 409 1991 592 2036; x_wconf 91' lang='lat' dir='ltr'><strong>concurram</strong></span> <span class='ocrx_word' id='word_1_66' title='bbox 618 1982 713 2052; x_wconf 90' lang='lat' dir='ltr'><strong>atquo</strong></span> <span class='ocrx_word' id='word_1_67' title='bbox 743 1972 914 2049; x_wconf 79' lang='lat' dir='ltr'><strong>confligam.</strong></span> <span class='ocrx_word' id='word_1_68' title='bbox 964 1973 1032 2031; x_wconf 93' lang='lat' dir='ltr'><strong>Non</strong></span> <span class='ocrx_word' id='word_1_69' title='bbox 1052 1977 1102 2031; x_wconf 91' lang='lat' dir='ltr'><strong>est</strong></span> <span class='ocrx_word' id='word_1_70' title='bbox 1119 1987 1200 2031; x_wconf 90' lang='lat' dir='ltr'><strong>uuus</strong></span> <span class='ocrx_word' id='word_1_71' title='bbox 1219 1968 1292 2029; x_wconf 90' lang='lat' dir='ltr'><strong>mibi</strong></span> <span class='ocrx_word' id='word_1_72' title='bbox 1312 1969 1446 2049; x_wconf 91' lang='lat' dir='ltr'><strong>quisque</strong></span> <span class='ocrx_word' id='word_1_73' title='bbox 1471 1987 1510 2030; x_wconf 85' lang='lat' dir='ltr'><strong>ex</strong></span> <span class='ocrx_word' id='word_1_74' title='bbox 1528 1966 1650 2030; x_wconf 90' lang='lat' dir='ltr'><strong>illorum</strong></span> <span class='ocrx_word' id='word_1_75' title='bbox 1670 1969 1737 2031; x_wconf 86' lang='lat' dir='ltr'><strong>scie</strong></span> 
     </span>
     <span class='ocr_line' id='line_1_9' title="bbox 409 2061 1739 2148; baseline -0.005 -19"><span class='ocrx_word' id='word_1_76' title='bbox 409 2066 649 2148; x_wconf 84' lang='lat' dir='ltr'><strong>protrahendus,</strong></span> <span class='ocrx_word' id='word_1_77' title='bbox 670 2084 774 2146; x_wconf 89' lang='lat' dir='ltr'><strong>neque</strong></span> <span class='ocrx_word' id='word_1_78' title='bbox 789 2084 859 2127; x_wconf 91' lang='lat' dir='ltr'><strong>cum</strong></span> <span class='ocrx_word' id='word_1_79' title='bbox 873 2064 1002 2142; x_wconf 79' lang='lat' dir='ltr'><strong>singulis</strong></span> <span class='ocrx_word' id='word_1_80' title='bbox 1017 2061 1242 2126; x_wconf 90' lang='lat' dir='ltr'><strong>decertandum</strong></span> <span class='ocrx_word' id='word_1_81' title='bbox 1261 2070 1355 2143; x_wconf 90' lang='lat' dir='ltr'><strong>atque</strong></span> <span class='ocrx_word' id='word_1_82' title='bbox 1368 2062 1587 2143; x_wconf 65' lang='lat' dir='ltr'><strong>pugnandum</strong></span> <span class='ocrx_word' id='word_1_83' title='bbox 1607 2069 1672 2124; x_wconf 89' lang='lat' dir='ltr'><strong>tota</strong></span> <span class='ocrx_word' id='word_1_84' title='bbox 1689 2070 1739 2124; x_wconf 89' lang='lat' dir='ltr'><strong>est</strong></span> 
     </span>
     <span class='ocr_line' id='line_1_10' title="bbox 410 2160 1042 2240; baseline -0.009 -15"><span class='ocrx_word' id='word_1_85' title='bbox 410 2163 495 2225; x_wconf 86' lang='lat' dir='ltr'><strong>acies</strong></span> <span class='ocrx_word' id='word_1_86' title='bbox 514 2160 565 2224; x_wconf 93' lang='lat' dir='ltr'><strong>illa</strong></span> <span class='ocrx_word' id='word_1_87' title='bbox 585 2180 647 2223; x_wconf 93' lang='lat' dir='ltr'><strong>uno</strong></span> <span class='ocrx_word' id='word_1_88' title='bbox 667 2162 786 2240; x_wconf 90' lang='lat' dir='ltr'><strong>impetu</strong></span> <span class='ocrx_word' id='word_1_89' title='bbox 805 2160 1042 2240; x_wconf 88' lang='lat' dir='ltr'><strong>prosternenda.</strong></span> 
     </span>
    </p>

    <p class='ocr_par' dir='ltr' id='par_1_3' title="bbox 411 2250 1777 3068">
     <span class='ocr_line' id='line_1_11' title="bbox 486 2250 1777 2326; baseline -0.003 -10"><span class='ocrx_word' id='word_1_90' title='bbox 486 2256 534 2317; x_wconf 81' lang='lat'><strong>21.</strong></span> <span class='ocrx_word' id='word_1_91' title='bbox 563 2255 619 2316; x_wconf 87' lang='lat' dir='ltr'><strong>Est</strong></span> <span class='ocrx_word' id='word_1_92' title='bbox 638 2256 719 2314; x_wconf 90' lang='lat' dir='ltr'><strong>enirn</strong></span> <span class='ocrx_word' id='word_1_93' title='bbox 739 2272 835 2314; x_wconf 91' lang='lat' dir='ltr'><strong>unum</strong></span> <span class='ocrx_word' id='word_1_94' title='bbox 855 2253 1023 2314; x_wconf 85' lang='lat' dir='ltr'><strong>maximum</strong></span> <span class='ocrx_word' id='word_1_95' title='bbox 1044 2252 1137 2313; x_wconf 92' lang='lat' dir='ltr'><strong>totius</strong></span> <span class='ocrx_word' id='word_1_96' title='bbox 1161 2250 1322 2312; x_wconf 86' lang='lat' dir='ltr'><strong>Sardiniae</strong></span> <span class='ocrx_word' id='word_1_97' title='bbox 1348 2251 1581 2313; x_wconf 87' lang='lat' dir='ltr'><strong>lrumentarium</strong></span> <span class='ocrx_word' id='word_1_98' title='bbox 1608 2251 1777 2326; x_wconf 85' lang='lat' dir='ltr'><strong>crimen,⁴⁰</strong></span> 
     </span>
     <span class='ocr_line' id='line_1_12' title="bbox 412 2342 1737 2428; baseline -0.005 -17"><span class='ocrx_word' id='word_1_99' title='bbox 412 2349 452 2411; x_wconf 90' lang='lat' dir='ltr'><strong>de</strong></span> <span class='ocrx_word' id='word_1_100' title='bbox 472 2367 534 2428; x_wconf 94' lang='lat' dir='ltr'><strong>quo</strong></span> <span class='ocrx_word' id='word_1_101' title='bbox 554 2350 690 2411; x_wconf 88' lang='lat' dir='ltr'><strong>Triarius</strong></span> <span class='ocrx_word' id='word_1_102' title='bbox 714 2366 819 2410; x_wconf 91' lang='lat' dir='ltr'><strong>omnes</strong></span> <span class='ocrx_word' id='word_1_103' title='bbox 845 2347 964 2409; x_wconf 85' lang='lat' dir='ltr'><strong>Sardos</strong></span> <span class='ocrx_word' id='word_1_104' title='bbox 991 2346 1209 2425; x_wconf 81' lang='lat' dir='ltr'><strong>interrogavit,</strong></span> <span class='ocrx_word' id='word_1_105' title='bbox 1239 2342 1323 2425; x_wconf 93' lang='lat' dir='ltr'><strong>quod</strong></span> <span class='ocrx_word' id='word_1_106' title='bbox 1352 2362 1452 2425; x_wconf 76' lang='lat' dir='ltr'><strong>genus</strong></span> <span class='ocrx_word' id='word_1_107' title='bbox 1481 2364 1542 2407; x_wconf 92' lang='lat' dir='ltr'><strong>nno</strong></span> <span class='ocrx_word' id='word_1_108' title='bbox 1571 2345 1737 2406; x_wconf 88' lang='lat' dir='ltr'><strong>testimonii</strong></span> 
     </span>
     <span class='ocr_line' id='line_1_13' title="bbox 411 2440 1738 2520; baseline -0.003 -16"><span class='ocrx_word' id='word_1_109' title='bbox 411 2443 538 2504; x_wconf 88' lang='lat' dir='ltr'><strong>loedere</strong></span> <span class='ocrx_word' id='word_1_110' title='bbox 558 2451 590 2505; x_wconf 90' lang='lat' dir='ltr'><strong>ot</strong></span> <span class='ocrx_word' id='word_1_111' title='bbox 602 2460 759 2504; x_wconf 91' lang='lat' dir='ltr'><strong>consensu</strong></span> <span class='ocrx_word' id='word_1_112' title='bbox 771 2444 907 2503; x_wconf 91' lang='lat' dir='ltr'><strong>omnium</strong></span> <span class='ocrx_word' id='word_1_113' title='bbox 924 2450 973 2503; x_wconf 95' lang='lat' dir='ltr'><strong>est</strong></span> <span class='ocrx_word' id='word_1_114' title='bbox 984 2441 1209 2502; x_wconf 87' lang='lat' dir='ltr'><strong>confirmatum.</strong></span> <span class='ocrx_word' id='word_1_115' title='bbox 1249 2440 1339 2514; x_wconf 90' lang='lat' dir='ltr'><strong>Quod</strong></span> <span class='ocrx_word' id='word_1_116' title='bbox 1354 2457 1412 2519; x_wconf 79' lang='lat' dir='ltr'><strong>ogo</strong></span> <span class='ocrx_word' id='word_1_117' title='bbox 1433 2442 1551 2502; x_wconf 91' lang='lat' dir='ltr'><strong>crimen</strong></span> <span class='ocrx_word' id='word_1_118' title='bbox 1569 2449 1738 2520; x_wconf 89' lang='lat' dir='ltr'><strong>antequam</strong></span> 
     </span>
     <span class='ocr_line' id='line_1_14' title="bbox 411 2532 1738 2618; baseline -0.004 -18"><span class='ocrx_word' id='word_1_119' title='bbox 411 2538 538 2616; x_wconf 83' lang='lat' dir='ltr'><strong>attingo,</strong></span> <span class='ocrx_word' id='word_1_120' title='bbox 560 2544 632 2618; x_wconf 91' lang='lat' dir='ltr'><strong>peto</strong></span> <span class='ocrx_word' id='word_1_121' title='bbox 646 2536 777 2612; x_wconf 89' lang='lat' dir='ltr'><strong>avobis,</strong></span> <span class='ocrx_word' id='word_1_122' title='bbox 796 2535 928 2611; x_wconf 92' lang='lat' dir='ltr'><strong>iudices,</strong></span> <span class='ocrx_word' id='word_1_123' title='bbox 949 2543 983 2597; x_wconf 92' lang='lat' dir='ltr'><strong>ut</strong></span> <span class='ocrx_word' id='word_1_124' title='bbox 997 2554 1045 2596; x_wconf 91' lang='lat' dir='ltr'><strong>me</strong></span> <span class='ocrx_word' id='word_1_125' title='bbox 1061 2536 1155 2596; x_wconf 88' lang='lat' dir='ltr'><strong>totius</strong></span> <span class='ocrx_word' id='word_1_126' title='bbox 1174 2541 1298 2596; x_wconf 89' lang='lat' dir='ltr'><strong>nostrae</strong></span> <span class='ocrx_word' id='word_1_127' title='bbox 1318 2532 1508 2596; x_wconf 87' lang='lat' dir='ltr'><strong>detensionis</strong></span> <span class='ocrx_word' id='word_1_128' title='bbox 1527 2535 1618 2616; x_wconf 91' lang='lat' dir='ltr'><strong>quasi</strong></span> <span class='ocrx_word' id='word_1_129' title='bbox 1636 2552 1738 2614; x_wconf 79' lang='lat' dir='ltr'><strong>quoe-</strong></span> 
     </span>
     <span class='ocr_line' id='line_1_15' title="bbox 412 2629 1739 2711; baseline -0.001 -19"><span class='ocrx_word' id='word_1_130' title='bbox 412 2629 485 2692; x_wconf 82' lang='lat' dir='ltr'><strong>dum</strong></span> <span class='ocrx_word' id='word_1_131' title='bbox 508 2630 611 2693; x_wconf 89' lang='lat' dir='ltr'><strong>iacere</strong></span> <span class='ocrx_word' id='word_1_132' title='bbox 639 2629 839 2693; x_wconf 78' lang='lat' dir='ltr'><strong>fundamenta</strong></span> <span class='ocrx_word' id='word_1_133' title='bbox 866 2630 1034 2710; x_wconf 88' lang='lat' dir='ltr'><strong>patiamini.</strong></span> <span class='ocrx_word' id='word_1_134' title='bbox 1082 2631 1169 2703; x_wconf 88' lang='lat' dir='ltr'><strong>Quae</strong></span> <span class='ocrx_word' id='word_1_135' title='bbox 1188 2630 1215 2690; x_wconf 87' lang='lat' dir='ltr'><strong>si</strong></span> <span class='ocrx_word' id='word_1_136' title='bbox 1235 2637 1341 2706; x_wconf 89' lang='lat' dir='ltr'><strong>erunt,</strong></span> <span class='ocrx_word' id='word_1_137' title='bbox 1363 2637 1398 2691; x_wconf 90' lang='lat' dir='ltr'><strong>ut</strong></span> <span class='ocrx_word' id='word_1_138' title='bbox 1414 2647 1484 2695; x_wconf 86' lang='lat' dir='ltr'><strong>mea</strong></span> <span class='ocrx_word' id='word_1_139' title='bbox 1504 2630 1580 2691; x_wconf 92' lang='lat' dir='ltr'><strong>ratio</strong></span> <span class='ocrx_word' id='word_1_140' title='bbox 1600 2638 1632 2690; x_wconf 90' lang='lat' dir='ltr'><strong>et</strong></span> <span class='ocrx_word' id='word_1_141' title='bbox 1651 2631 1739 2711; x_wconf 77' lang='lat' dir='ltr'><strong>cogi·</strong></span> 
     </span>
     <span class='ocr_line' id='line_1_16' title="bbox 412 2721 1777 2804; baseline -0.001 -17"><span class='ocrx_word' id='word_1_142' title='bbox 412 2725 485 2787; x_wconf 87' lang='lat' dir='ltr'><strong>tatio</strong></span> <span class='ocrx_word' id='word_1_143' title='bbox 504 2726 580 2802; x_wconf 87' lang='lat' dir='ltr'><strong>lert,</strong></span> <span class='ocrx_word' id='word_1_144' title='bbox 605 2725 706 2804; x_wconf 88' lang='lat' dir='ltr'><strong>posita</strong></span> <span class='ocrx_word' id='word_1_145' title='bbox 726 2733 759 2785; x_wconf 89' lang='lat' dir='ltr'><strong>et</strong></span> <span class='ocrx_word' id='word_1_146' title='bbox 777 2727 961 2801; x_wconf 90' lang='lat' dir='ltr'><strong>constituta,</strong></span> <span class='ocrx_word' id='word_1_147' title='bbox 987 2721 1105 2785; x_wconf 92' lang='lat' dir='ltr'><strong>nullam</strong></span> <span class='ocrx_word' id='word_1_148' title='bbox 1129 2724 1336 2786; x_wconf 82' lang='lat' dir='ltr'><strong>accusationis</strong></span> <span class='ocrx_word' id='word_1_149' title='bbox 1361 2732 1481 2803; x_wconf 90' lang='lat' dir='ltr'><strong>partem</strong></span> <span class='ocrx_word' id='word_1_150' title='bbox 1508 2724 1737 2804; x_wconf 89' lang='lat' dir='ltr'><strong>pertimescam.</strong></span> <span class='ocrx_word' id='word_1_151' title='bbox 1748 2729 1777 2775; x_wconf 69' lang='grc' dir='ltr'><strong>ιδ</strong></span> 
     </span>
     <span class='ocr_line' id='line_1_17' title="bbox 412 2817 1737 2899; baseline 0.002 -19"><span class='ocrx_word' id='word_1_152' title='bbox 412 2818 460 2880; x_wconf 83' lang='lat'><strong>22.</strong></span> <span class='ocrx_word' id='word_1_153' title='bbox 491 2819 596 2880; x_wconf 87' lang='lat' dir='ltr'><strong>Dicam</strong></span> <span class='ocrx_word' id='word_1_154' title='bbox 626 2819 708 2880; x_wconf 90' lang='lat' dir='ltr'><strong>enim</strong></span> <span class='ocrx_word' id='word_1_155' title='bbox 732 2819 866 2899; x_wconf 89' lang='lat' dir='ltr'><strong>primum</strong></span> <span class='ocrx_word' id='word_1_156' title='bbox 892 2817 933 2879; x_wconf 92' lang='lat' dir='ltr'><strong>de</strong></span> <span class='ocrx_word' id='word_1_157' title='bbox 952 2819 1021 2899; x_wconf 91' lang='lat' dir='ltr'><strong>ipso</strong></span> <span class='ocrx_word' id='word_1_158' title='bbox 1041 2836 1156 2897; x_wconf 76' lang='lat' dir='ltr'><strong>genere</strong></span> <span class='ocrx_word' id='word_1_159' title='bbox 1180 2818 1404 2896; x_wconf 89' lang='lat' dir='ltr'><strong>accusationis,</strong></span> <span class='ocrx_word' id='word_1_160' title='bbox 1429 2826 1537 2898; x_wconf 86' lang='lat' dir='ltr'><strong>postea</strong></span> <span class='ocrx_word' id='word_1_161' title='bbox 1556 2817 1597 2880; x_wconf 94' lang='lat' dir='ltr'><strong>de</strong></span> <span class='ocrx_word' id='word_1_162' title='bbox 1618 2820 1737 2897; x_wconf 81' lang='lat' dir='ltr'><strong>Sardis,</strong></span> 
     </span>
     <span class='ocr_line' id='line_1_18' title="bbox 413 2909 1740 2994; baseline 0.001 -21"><span class='ocrx_word' id='word_1_163' title='bbox 413 2921 477 2975; x_wconf 92' lang='lat' dir='ltr'><strong>tum</strong></span> <span class='ocrx_word' id='word_1_164' title='bbox 499 2916 592 2975; x_wconf 89' lang='lat' dir='ltr'><strong>etism</strong></span> <span class='ocrx_word' id='word_1_165' title='bbox 611 2931 711 2992; x_wconf 90' lang='lat' dir='ltr'><strong>pauca</strong></span> <span class='ocrx_word' id='word_1_166' title='bbox 732 2912 771 2973; x_wconf 92' lang='lat' dir='ltr'><strong>de</strong></span> <span class='ocrx_word' id='word_1_167' title='bbox 790 2913 924 2974; x_wconf 90' lang='lat' dir='ltr'><strong>Scauro:</strong></span> <span class='ocrx_word' id='word_1_168' title='bbox 948 2911 1062 2991; x_wconf 93' lang='lat' dir='ltr'><strong>quibus</strong></span> <span class='ocrx_word' id='word_1_169' title='bbox 1083 2911 1179 2973; x_wconf 90' lang='lat' dir='ltr'><strong>rebus</strong></span> <span class='ocrx_word' id='word_1_170' title='bbox 1200 2909 1361 2991; x_wconf 86' lang='lat' dir='ltr'><strong>explicetis</strong></span> <span class='ocrx_word' id='word_1_171' title='bbox 1381 2920 1445 2972; x_wconf 92' lang='lat' dir='ltr'><strong>tum</strong></span> <span class='ocrx_word' id='word_1_172' title='bbox 1466 2911 1602 2994; x_wconf 90' lang='lat' dir='ltr'><strong>denique</strong></span> <span class='ocrx_word' id='word_1_173' title='bbox 1622 2911 1740 2975; x_wconf 86' lang='lat' dir='ltr'><strong>adhoc</strong></span> 
     </span>
     <span class='ocr_line' id='line_1_19' title="bbox 414 3004 1430 3068; baseline -0.001 -1"><span class='ocrx_word' id='word_1_174' title='bbox 414 3006 561 3068; x_wconf 84' lang='lat' dir='ltr'><strong>horribile</strong></span> <span class='ocrx_word' id='word_1_175' title='bbox 581 3015 613 3067; x_wconf 95' lang='lat' dir='ltr'><strong>et</strong></span> <span class='ocrx_word' id='word_1_176' title='bbox 632 3005 863 3067; x_wconf 91' lang='lat' dir='ltr'><strong>lormidolosum</strong></span> <span class='ocrx_word' id='word_1_177' title='bbox 882 3006 1115 3068; x_wconf 90' lang='lat' dir='ltr'><strong>lrumentarium</strong></span> <span class='ocrx_word' id='word_1_178' title='bbox 1136 3007 1253 3067; x_wconf 91' lang='lat' dir='ltr'><strong>crimen</strong></span> <span class='ocrx_word' id='word_1_179' title='bbox 1270 3004 1430 3068; x_wconf 90' lang='lat' dir='ltr'><strong>accedam.</strong></span> 
     </span>
    </p>

    <p class='ocr_par' dir='ltr' id='par_1_4' title="bbox 416 3099 1796 4119">
     <span class='ocr_line' id='line_1_20' title="bbox 489 3099 1740 3180; baseline 0.001 -17"><span class='ocrx_word' id='word_1_180' title='bbox 489 3102 538 3163; x_wconf 80' lang='grc'><strong>23.</strong></span> <span class='ocrx_word' id='word_1_181' title='bbox 569 3099 660 3175; x_wconf 86' lang='lat' dir='ltr'><strong>Quod</strong></span> <span class='ocrx_word' id='word_1_182' title='bbox 679 3108 728 3162; x_wconf 90' lang='lat' dir='ltr'><strong>est</strong></span> <span class='ocrx_word' id='word_1_183' title='bbox 747 3101 839 3180; x_wconf 80' lang='lat' dir='ltr'><strong>igitur</strong></span> <span class='ocrx_word' id='word_1_184' title='bbox 858 3101 917 3161; x_wconf 90' lang='lat' dir='ltr'><strong>hoc</strong></span> <span class='ocrx_word' id='word_1_185' title='bbox 936 3099 1154 3175; x_wconf 90' lang='lat' dir='ltr'><strong>accusationis,</strong></span> <span class='ocrx_word' id='word_1_186' title='bbox 1174 3100 1281 3177; x_wconf 89' lang='lat' dir='ltr'><strong>Triari,</strong></span> <span class='ocrx_word' id='word_1_187' title='bbox 1302 3101 1424 3178; x_wconf 76' lang='lat' dir='ltr'><strong>genus?</strong></span> <span class='ocrx_word' id='word_1_188' title='bbox 1468 3100 1617 3179; x_wconf 90' lang='lat' dir='ltr'><strong>Primum,</strong></span> <span class='ocrx_word' id='word_1_189' title='bbox 1637 3110 1672 3164; x_wconf 93' lang='lat' dir='ltr'><strong>ut</strong></span> <span class='ocrx_word' id='word_1_190' title='bbox 1689 3102 1740 3165; x_wconf 91' lang='lat' dir='ltr'><strong>in·</strong></span> 
     </span>
     <span class='ocr_line' id='line_1_21' title="bbox 417 3193 1780 3276; baseline 0.001 -19"><span class='ocrx_word' id='word_1_191' title='bbox 417 3196 563 3274; x_wconf 91' lang='lat' dir='ltr'><strong>quisitum</strong></span> <span class='ocrx_word' id='word_1_192' title='bbox 583 3213 646 3256; x_wconf 91' lang='lat' dir='ltr'><strong>noo</strong></span> <span class='ocrx_word' id='word_1_193' title='bbox 665 3195 749 3256; x_wconf 88' lang='lat' dir='ltr'><strong>ieris.</strong></span> <span class='ocrx_word' id='word_1_194' title='bbox 789 3196 876 3268; x_wconf 88' lang='lat' dir='ltr'><strong>Quae</strong></span> <span class='ocrx_word' id='word_1_195' title='bbox 896 3195 951 3255; x_wconf 92' lang='lat' dir='ltr'><strong>luit</strong></span> <span class='ocrx_word' id='word_1_196' title='bbox 968 3196 1027 3256; x_wconf 89' lang='lat' dir='ltr'><strong>ista</strong></span> <span class='ocrx_word' id='word_1_197' title='bbox 1048 3204 1110 3256; x_wconf 88' lang='lat' dir='ltr'><strong>tam</strong></span> <span class='ocrx_word' id='word_1_198' title='bbox 1130 3196 1234 3268; x_wconf 73' lang='lat' dir='ltr'><strong>ieros,</strong></span> <span class='ocrx_word' id='word_1_199' title='bbox 1260 3202 1323 3255; x_wconf 85' lang='lat' dir='ltr'><strong>tom</strong></span> <span class='ocrx_word' id='word_1_200' title='bbox 1342 3193 1501 3274; x_wconf 83' lang='lat' dir='ltr'><strong>explorata</strong></span> <span class='ocrx_word' id='word_1_201' title='bbox 1523 3195 1613 3257; x_wconf 93' lang='lat' dir='ltr'><strong>buius</strong></span> <span class='ocrx_word' id='word_1_202' title='bbox 1633 3198 1780 3276; x_wconf 71' lang='lat' dir='ltr'><strong>oppii-2⁰</strong></span> 
     </span>
     <span class='ocr_line' id='line_1_22' title="bbox 416 3286 1743 3353; baseline 0.002 -4"><span class='ocrx_word' id='word_1_203' title='bbox 416 3288 520 3350; x_wconf 89' lang='lat' dir='ltr'><strong>mendi</strong></span> <span class='ocrx_word' id='word_1_204' title='bbox 541 3287 677 3350; x_wconf 76' lang='lat' dir='ltr'><strong>fiducia?</strong></span> <span class='ocrx_word' id='word_1_205' title='bbox 714 3289 822 3349; x_wconf 90' lang='lat' dir='ltr'><strong>Pueris</strong></span> <span class='ocrx_word' id='word_1_206' title='bbox 849 3287 940 3349; x_wconf 88' lang='lat' dir='ltr'><strong>nobis</strong></span> <span class='ocrx_word' id='word_1_207' title='bbox 967 3289 1093 3349; x_wconf 89' lang='lat' dir='ltr'><strong>audisse</strong></span> <span class='ocrx_word' id='word_1_208' title='bbox 1114 3287 1222 3349; x_wconf 89' lang='lat' dir='ltr'><strong>videor</strong></span> <span class='ocrx_word' id='word_1_209' title='bbox 1243 3288 1276 3348; x_wconf 91' lang='lat' dir='ltr'><strong>L.</strong></span> <span class='ocrx_word' id='word_1_210' title='bbox 1298 3287 1424 3348; x_wconf 88' lang='lat' dir='ltr'><strong>Aelium</strong></span> <span class='ocrx_word' id='word_1_211' title='bbox 1444 3286 1621 3353; x_wconf 91' lang='lat' dir='ltr'><strong>libertinum</strong></span> <span class='ocrx_word' id='word_1_212' title='bbox 1642 3289 1743 3351; x_wconf 87' lang='lat' dir='ltr'><strong>bomi-</strong></span> 
     </span>
     <span class='ocr_line' id='line_1_23' title="bbox 416 3382 1741 3462; baseline 0.003 -18"><span class='ocrx_word' id='word_1_213' title='bbox 416 3401 488 3444; x_wconf 92' lang='lat' dir='ltr'><strong>nem</strong></span> <span class='ocrx_word' id='word_1_214' title='bbox 516 3382 672 3444; x_wconf 90' lang='lat' dir='ltr'><strong>literatum</strong></span> <span class='ocrx_word' id='word_1_215' title='bbox 697 3401 734 3444; x_wconf 92' lang='lat' dir='ltr'><strong>ac</strong></span> <span class='ocrx_word' id='word_1_216' title='bbox 758 3383 906 3460; x_wconf 82' lang='lat' dir='ltr'><strong>facetum,</strong></span> <span class='ocrx_word' id='word_1_217' title='bbox 932 3400 1002 3444; x_wconf 90' lang='lat' dir='ltr'><strong>cum</strong></span> <span class='ocrx_word' id='word_1_218' title='bbox 1025 3383 1229 3445; x_wconf 88' lang='lat' dir='ltr'><strong>ulcisceretur</strong></span> <span class='ocrx_word' id='word_1_219' title='bbox 1253 3383 1374 3462; x_wconf 88' lang='lat' dir='ltr'><strong>patroni</strong></span> <span class='ocrx_word' id='word_1_220' title='bbox 1399 3383 1543 3462; x_wconf 88' lang='lat' dir='ltr'><strong>iniurias,</strong></span> <span class='ocrx_word' id='word_1_221' title='bbox 1570 3403 1684 3445; x_wconf 91' lang='lat' dir='ltr'><strong>nomen</strong></span> <span class='ocrx_word' id='word_1_222' title='bbox 1703 3387 1741 3459; x_wconf 89' lang='lat' dir='ltr'><strong>Q.</strong></span> 
     </span>
     <span class='ocr_line' id='line_1_24' title="bbox 417 3475 1744 3559; baseline 0.003 -22"><span class='ocrx_word' id='word_1_223' title='bbox 417 3478 572 3549; x_wconf 87' lang='lat' dir='ltr'><strong>liuttonis,</strong></span> <span class='ocrx_word' id='word_1_224' title='bbox 594 3476 725 3538; x_wconf 91' lang='lat' dir='ltr'><strong>hominis</strong></span> <span class='ocrx_word' id='word_1_225' title='bbox 745 3475 960 3553; x_wconf 89' lang='lat' dir='ltr'><strong>sordidissimi,</strong></span> <span class='ocrx_word' id='word_1_226' title='bbox 989 3475 1150 3538; x_wconf 89' lang='lat' dir='ltr'><strong>detulisse.</strong></span> <span class='ocrx_word' id='word_1_227' title='bbox 1195 3479 1221 3537; x_wconf 89' lang='lat' dir='ltr'><strong>A</strong></span> <span class='ocrx_word' id='word_1_228' title='bbox 1240 3494 1303 3556; x_wconf 95' lang='lat' dir='ltr'><strong>quo</strong></span> <span class='ocrx_word' id='word_1_229' title='bbox 1323 3495 1394 3539; x_wconf 92' lang='lat' dir='ltr'><strong>cum</strong></span> <span class='ocrx_word' id='word_1_230' title='bbox 1414 3486 1629 3556; x_wconf 78' lang='lat' dir='ltr'><strong>quaereretur,</strong></span> <span class='ocrx_word' id='word_1_231' title='bbox 1649 3497 1744 3559; x_wconf 90' lang='lat' dir='ltr'><strong>quam</strong></span> 
     </span>
     <span class='ocr_line' id='line_1_25' title="bbox 419 3569 1744 3651; baseline 0.002 -20"><span class='ocrx_word' id='word_1_232' title='bbox 419 3570 609 3650; x_wconf 85' lang='lat' dir='ltr'><strong>provinciam</strong></span> <span class='ocrx_word' id='word_1_233' title='bbox 629 3578 683 3632; x_wconf 91' lang='lat' dir='ltr'><strong>aut</strong></span> <span class='ocrx_word' id='word_1_234' title='bbox 702 3588 796 3650; x_wconf 89' lang='lat' dir='ltr'><strong>quarn</strong></span> <span class='ocrx_word' id='word_1_235' title='bbox 815 3569 897 3631; x_wconf 90' lang='lat' dir='ltr'><strong>diem</strong></span> <span class='ocrx_word' id='word_1_236' title='bbox 918 3571 1042 3632; x_wconf 90' lang='lat' dir='ltr'><strong>testium</strong></span> <span class='ocrx_word' id='word_1_237' title='bbox 1068 3569 1257 3651; x_wconf 83' lang='lat' dir='ltr'><strong>postularet,</strong></span> <span class='ocrx_word' id='word_1_238' title='bbox 1281 3570 1389 3633; x_wconf 83' lang='lat' dir='ltr'><strong>borum</strong></span> <span class='ocrx_word' id='word_1_239' title='bbox 1408 3570 1467 3633; x_wconf 92' lang='lat' dir='ltr'><strong>sibi</strong></span> <span class='ocrx_word' id='word_1_240' title='bbox 1488 3579 1643 3649; x_wconf 88' lang='lat' dir='ltr'><strong>octavam,</strong></span> <span class='ocrx_word' id='word_1_241' title='bbox 1669 3570 1744 3633; x_wconf 91' lang='lat' dir='ltr'><strong>dum</strong></span> 
     </span>
     <span class='ocr_line' id='line_1_26' title="bbox 418 3662 1786 3744; baseline 0.002 -20"><span class='ocrx_word' id='word_1_242' title='bbox 418 3664 451 3724; x_wconf 93' lang='lat' dir='ltr'><strong>in</strong></span> <span class='ocrx_word' id='word_1_243' title='bbox 468 3664 534 3725; x_wconf 89' lang='lat' dir='ltr'><strong>loro</strong></span> <span class='ocrx_word' id='word_1_244' title='bbox 555 3662 680 3725; x_wconf 87' lang='lat' dir='ltr'><strong>bovario</strong></span> <span class='ocrx_word' id='word_1_245' title='bbox 700 3665 881 3744; x_wconf 90' lang='lat' dir='ltr'><strong>inquireret,</strong></span> <span class='ocrx_word' id='word_1_246' title='bbox 902 3663 1079 3743; x_wconf 87' lang='lat' dir='ltr'><strong>postulavit.</strong></span> <span class='ocrx_word' id='word_1_247' title='bbox 1126 3667 1173 3726; x_wconf 79' lang='lat'><strong>24.</strong></span> <span class='ocrx_word' id='word_1_248' title='bbox 1194 3665 1258 3725; x_wconf 90' lang='lat' dir='ltr'><strong>lloc</strong></span> <span class='ocrx_word' id='word_1_249' title='bbox 1277 3671 1311 3726; x_wconf 91' lang='lat' dir='ltr'><strong>tu</strong></span> <span class='ocrx_word' id='word_1_250' title='bbox 1329 3665 1413 3726; x_wconf 89' lang='lat' dir='ltr'><strong>idem</strong></span> <span class='ocrx_word' id='word_1_251' title='bbox 1433 3664 1487 3726; x_wconf 93' lang='lat' dir='ltr'><strong>tibi</strong></span> <span class='ocrx_word' id='word_1_252' title='bbox 1505 3666 1538 3725; x_wconf 92' lang='lat' dir='ltr'><strong>in</strong></span> <span class='ocrx_word' id='word_1_253' title='bbox 1555 3667 1594 3726; x_wconf 88' lang='lat' dir='ltr'><strong>ll.</strong></span> <span class='ocrx_word' id='word_1_254' title='bbox 1614 3665 1744 3728; x_wconf 87' lang='lat' dir='ltr'><strong>Aemilio</strong></span> <span class='ocrx_word' id='word_1_255' title='bbox 1753 3668 1786 3718; x_wconf 64' lang='grc' dir='ltr'><strong>ιδ</strong></span> 
     </span>
     <span class='ocr_line' id='line_1_27' title="bbox 419 3756 1745 3839; baseline 0.001 -20"><span class='ocrx_word' id='word_1_256' title='bbox 419 3758 537 3820; x_wconf 90' lang='lat' dir='ltr'><strong>Scauro</strong></span> <span class='ocrx_word' id='word_1_257' title='bbox 557 3759 671 3837; x_wconf 89' lang='lat' dir='ltr'><strong>putasti</strong></span> <span class='ocrx_word' id='word_1_258' title='bbox 693 3776 765 3819; x_wconf 88' lang='lat' dir='ltr'><strong>esse</strong></span> <span class='ocrx_word' id='word_1_259' title='bbox 784 3758 982 3820; x_wconf 75' lang='lat' dir='ltr'><strong>laciendum?</strong></span> <span class='ocrx_word' id='word_1_260' title='bbox 1002 3793 1037 3803; x_wconf 93' lang='lat'><em>-</em></span> <span class='ocrx_word' id='word_1_261' title='bbox 1054 3756 1176 3820; x_wconf 74' lang='lat' dir='ltr'><strong>«Deleta</strong></span> <span class='ocrx_word' id='word_1_262' title='bbox 1197 3760 1290 3835; x_wconf 90' lang='lat' dir='ltr'><strong>enirn,</strong></span> <span class='ocrx_word' id='word_1_263' title='bbox 1310 3759 1421 3839; x_wconf 89' lang='lat' dir='ltr'><strong>inquit,</strong></span> <span class='ocrx_word' id='word_1_264' title='bbox 1441 3776 1536 3821; x_wconf 87' lang='lat' dir='ltr'><strong>causa</strong></span> <span class='ocrx_word' id='word_1_265' title='bbox 1555 3758 1596 3821; x_wconf 88' lang='lat' dir='ltr'><strong>ad</strong></span> <span class='ocrx_word' id='word_1_266' title='bbox 1616 3778 1666 3820; x_wconf 89' lang='lat' dir='ltr'><strong>me</strong></span> <span class='ocrx_word' id='word_1_267' title='bbox 1682 3761 1745 3821; x_wconf 82' lang='lat' dir='ltr'><strong>lio·</strong></span> 
     </span>
     <span class='ocr_line' id='line_1_28' title="bbox 418 3851 1746 3925; baseline 0.003 -14"><span class='ocrx_word' id='word_1_268' title='bbox 418 3871 488 3914; x_wconf 91' lang='lat' dir='ltr'><strong>mae</strong></span> <span class='ocrx_word' id='word_1_269' title='bbox 509 3860 586 3913; x_wconf 74' lang='lat' dir='ltr'><strong>esto.</strong></span> <span class='ocrx_word' id='word_1_270' title='bbox 608 3884 644 3898; x_wconf 93' lang='lat'><em>-</em></span> <span class='ocrx_word' id='word_1_271' title='bbox 664 3852 769 3925; x_wconf 81' lang='lat' dir='ltr'><strong>Ouidi</strong></span> <span class='ocrx_word' id='word_1_272' title='bbox 788 3851 828 3913; x_wconf 90' lang='lat' dir='ltr'><strong>ad</strong></span> <span class='ocrx_word' id='word_1_273' title='bbox 848 3871 898 3913; x_wconf 91' lang='lat' dir='ltr'><strong>me</strong></span> <span class='ocrx_word' id='word_1_274' title='bbox 918 3852 1012 3914; x_wconf 92' lang='lat' dir='ltr'><strong>Siculi</strong></span> <span class='ocrx_word' id='word_1_275' title='bbox 1038 3871 1142 3914; x_wconf 93' lang='lat' dir='ltr'><strong>nonne</strong></span> <span class='ocrx_word' id='word_1_276' title='bbox 1165 3855 1294 3915; x_wconf 86' lang='lat' dir='ltr'><strong>Romam</strong></span> <span class='ocrx_word' id='word_1_277' title='bbox 1319 3870 1445 3915; x_wconf 91' lang='lat' dir='ltr'><strong>causam</strong></span> <span class='ocrx_word' id='word_1_278' title='bbox 1472 3851 1594 3915; x_wconf 87' lang='lat' dir='ltr'><strong>Siciliae</strong></span> <span class='ocrx_word' id='word_1_279' title='bbox 1620 3852 1746 3917; x_wconf 89' lang='lat' dir='ltr'><strong>detule-</strong></span> 
     </span>
     <span class='ocr_line' id='line_1_29' title="bbox 419 3938 1796 4026; baseline 0.005 -20"><span class='ocrx_word' id='word_1_280' title='bbox 419 3945 511 4006; x_wconf 78' lang='lat' dir='ltr'><strong>runt?</strong></span> <span class='ocrx_word' id='word_1_281' title='bbox 541 3946 634 4024; x_wconf 89' lang='lat' dir='ltr'><strong>Atqui</strong></span> <span class='ocrx_word' id='word_1_282' title='bbox 654 3945 794 4006; x_wconf 86' lang='lat' dir='ltr'><strong>homiues</strong></span> <span class='ocrx_word' id='word_1_283' title='bbox 814 3946 987 4026; x_wconf 89' lang='lat' dir='ltr'><strong>prudentes</strong></span> <span class='ocrx_word' id='word_1_284' title='bbox 1006 3955 1129 4022; x_wconf 88' lang='lat' dir='ltr'><strong>natura,</strong></span> <span class='ocrx_word' id='word_1_285' title='bbox 1149 3944 1251 4007; x_wconf 92' lang='lat' dir='ltr'><strong>callidi</strong></span> <span class='ocrx_word' id='word_1_286' title='bbox 1271 3963 1342 4023; x_wconf 90' lang='lat' dir='ltr'><strong>usu,</strong></span> <span class='ocrx_word' id='word_1_287' title='bbox 1362 3944 1501 4008; x_wconf 89' lang='lat' dir='ltr'><strong>doctrina</strong></span> <span class='ocrx_word' id='word_1_288' title='bbox 1522 3938 1645 4009; x_wconf 86' lang='lat' dir='ltr'><strong>eruditi.</strong></span> <span class='ocrx_word' id='word_1_289' title='bbox 1684 3949 1746 4009; x_wconf 88' lang='lat' dir='ltr'><strong>Ta·</strong></span> <span class='ocrx_word' id='word_1_290' title='bbox 1792 4005 1796 4013; x_wconf 94' lang='lat'><strong>.</strong></span> 
     </span>
     <span class='ocr_line' id='line_1_30' title="bbox 419 4038 1748 4119; baseline 0.003 -20"><span class='ocrx_word' id='word_1_291' title='bbox 419 4057 492 4101; x_wconf 91' lang='lat' dir='ltr'><strong>men</strong></span> <span class='ocrx_word' id='word_1_292' title='bbox 514 4056 571 4119; x_wconf 81' lang='lat' dir='ltr'><strong>ego</strong></span> <span class='ocrx_word' id='word_1_293' title='bbox 596 4038 668 4099; x_wconf 91' lang='lat' dir='ltr'><strong>mibi</strong></span> <span class='ocrx_word' id='word_1_294' title='bbox 696 4039 873 4119; x_wconf 84' lang='lat' dir='ltr'><strong>provinciae</strong></span> <span class='ocrx_word' id='word_1_295' title='bbox 900 4057 1028 4102; x_wconf 89' lang='lat' dir='ltr'><strong>causam</strong></span> <span class='ocrx_word' id='word_1_296' title='bbox 1054 4039 1088 4100; x_wconf 93' lang='lat' dir='ltr'><strong>in</strong></span> <span class='ocrx_word' id='word_1_297' title='bbox 1106 4039 1296 4119; x_wconf 88' lang='lat' dir='ltr'><strong>provinciam</strong></span> <span class='ocrx_word' id='word_1_298' title='bbox 1321 4040 1421 4119; x_wconf 91' lang='lat' dir='ltr'><strong>ipsam</strong></span> <span class='ocrx_word' id='word_1_299' title='bbox 1447 4040 1696 4118; x_wconf 76' lang='lat' dir='ltr'><strong>cognoscendam</strong></span> <span class='ocrx_word' id='word_1_300' title='bbox 1716 4049 1748 4103; x_wconf 90' lang='lat' dir='ltr'><strong>et</strong></span> 
     </span>
    </p>
   </div>
   <div class='ocr_carea' id='block_1_3' title="bbox 420 4284 1756 5933">
    <p class='ocr_par' dir='ltr' id='par_1_5' title="bbox 420 4284 1756 5933">
     <span class='ocr_line' id='line_1_31' title="bbox 421 4284 1749 4356; baseline 0.003 -20"><span class='ocrx_word' id='word_1_301' title='bbox 421 4284 561 4349; x_wconf 67' lang='lat' dir='ltr'><strong>deputem</strong></span> <span class='ocrx_word' id='word_1_302' title='bbox 585 4284 690 4351; x_wconf 78' lang='lat' dir='ltr'><strong>quirit.</strong></span> <span class='ocrx_word' id='word_1_303' title='bbox 711 4324 717 4336; x_wconf 93' lang='lat'><strong>.</strong></span> <span class='ocrx_word' id='word_1_304' title='bbox 737 4298 788 4349; x_wconf 91' lang='lat' dir='ltr'><strong>.p.</strong></span> <span class='ocrx_word' id='word_1_305' title='bbox 807 4287 847 4336; x_wconf 75' lang='lat'><strong>2:</strong></span> <span class='ocrx_word' id='word_1_306' title='bbox 871 4285 929 4337; x_wconf 77' lang='lat' dir='ltr'><strong>Noe</strong></span> <span class='ocrx_word' id='word_1_307' title='bbox 948 4286 1057 4337; x_wconf 73' lang='lat' dir='ltr'><strong>tobubtt</strong></span> <span class='ocrx_word' id='word_1_308' title='bbox 1078 4286 1145 4350; x_wconf 82' lang='lat' dir='ltr'><strong>quod</strong></span> <span class='ocrx_word' id='word_1_309' title='bbox 1165 4287 1257 4337; x_wconf 68' lang='lat' dir='ltr'><strong>dorm?</strong></span> <span class='ocrx_word' id='word_1_310' title='bbox 1278 4284 1392 4337; x_wconf 66' lang='lat' dir='ltr'><strong>tuom«</strong></span> <span class='ocrx_word' id='word_1_311' title='bbox 1410 4300 1435 4337; x_wconf 86' lang='lat' dir='ltr'><strong>se</strong></span> <span class='ocrx_word' id='word_1_312' title='bbox 1451 4286 1520 4337; x_wconf 82' lang='lat' dir='ltr'><strong>diets.</strong></span> <span class='ocrx_word' id='word_1_313' title='bbox 1555 4289 1657 4351; x_wconf 69' lang='lat' dir='ltr'><strong>orcisti</strong></span> <span class='ocrx_word' id='word_1_314' title='bbox 1672 4289 1749 4356; x_wconf 67' lang='lat' dir='ltr'><strong>sciet?</strong></span> 
     </span>
     <span class='ocr_line' id='line_1_32' title="bbox 421 4359 1750 4425; baseline 0.003 -14"><span class='ocrx_word' id='word_1_315' title='bbox 421 4363 478 4422; x_wconf 80' lang='lat' dir='ltr'><strong>quis</strong></span> <span class='ocrx_word' id='word_1_316' title='bbox 493 4362 520 4411; x_wconf 87' lang='lat' dir='ltr'><strong>td</strong></span> <span class='ocrx_word' id='word_1_317' title='bbox 535 4362 657 4412; x_wconf 60' lang='lat' dir='ltr'><strong>mouit</strong></span> <span class='ocrx_word' id='word_1_318' title='bbox 672 4376 723 4411; x_wconf 79' lang='lat' dir='ltr'><strong>eoo</strong></span> <span class='ocrx_word' id='word_1_319' title='bbox 738 4360 834 4423; x_wconf 68' lang='lat' dir='ltr'><strong>subm?</strong></span> <span class='ocrx_word' id='word_1_320' title='bbox 866 4362 975 4412; x_wconf 63' lang='lat' dir='ltr'><strong>&amp;usum</strong></span> <span class='ocrx_word' id='word_1_321' title='bbox 989 4363 1063 4425; x_wconf 69' lang='lat' dir='ltr'><strong>fluuit</strong></span> <span class='ocrx_word' id='word_1_322' title='bbox 1077 4359 1162 4424; x_wconf 61' lang='lat' dir='ltr'><strong>[etism.</strong></span> <span class='ocrx_word' id='word_1_323' title='bbox 1198 4362 1276 4424; x_wconf 72' lang='grc' dir='ltr'>οιισιιι</span> <span class='ocrx_word' id='word_1_324' title='bbox 1295 4360 1452 4423; x_wconf 68' lang='lat' dir='ltr'><strong>refellemus?</strong></span> <span class='ocrx_word' id='word_1_325' title='bbox 1484 4361 1594 4413; x_wconf 74' lang='lat' dir='ltr'><strong>Potuisse</strong></span> <span class='ocrx_word' id='word_1_326' title='bbox 1614 4375 1666 4413; x_wconf 80' lang='lat' dir='ltr'><strong>oon</strong></span> <span class='ocrx_word' id='word_1_327' title='bbox 1687 4365 1750 4416; x_wconf 84' lang='lat' dir='ltr'><strong>dure</strong></span> 
     </span>
     <span class='ocr_line' id='line_1_33' title="bbox 421 4434 1751 4499; baseline 0.004 -13"><span class='ocrx_word' id='word_1_328' title='bbox 421 4449 462 4486; x_wconf 87' lang='lat' dir='ltr'><strong>se:</strong></span> <span class='ocrx_word' id='word_1_329' title='bbox 479 4436 599 4498; x_wconf 78' lang='lat' dir='ltr'><strong>notuisse,</strong></span> <span class='ocrx_word' id='word_1_330' title='bbox 623 4443 651 4487; x_wconf 88' lang='lat' dir='ltr'><strong>ut</strong></span> <span class='ocrx_word' id='word_1_331' title='bbox 667 4442 778 4499; x_wconf 85' lang='lat' dir='ltr'><strong>ereptum</strong></span> <span class='ocrx_word' id='word_1_332' title='bbox 800 4449 850 4486; x_wconf 81' lang='lat' dir='ltr'><strong>esse</strong></span> <span class='ocrx_word' id='word_1_333' title='bbox 867 4438 965 4487; x_wconf 74' lang='grc' dir='ltr'>ιιιεσνοι.</span> <span class='ocrx_word' id='word_1_334' title='bbox 986 4462 1013 4472; x_wconf 93' lang='grc'><strong>-</strong></span> <span class='ocrx_word' id='word_1_335' title='bbox 1034 4435 1120 4499; x_wconf 78' lang='lat' dir='ltr'><strong>Quid?</strong></span> <span class='ocrx_word' id='word_1_336' title='bbox 1141 4451 1191 4486; x_wconf 81' lang='lat' dir='ltr'><strong>non</strong></span> <span class='ocrx_word' id='word_1_337' title='bbox 1211 4436 1319 4485; x_wconf 71' lang='lat' dir='ltr'><strong>montet</strong></span> <span class='ocrx_word' id='word_1_338' title='bbox 1341 4437 1407 4499; x_wconf 85' lang='lat' dir='ltr'><strong>quod</strong></span> <span class='ocrx_word' id='word_1_339' title='bbox 1428 4434 1523 4486; x_wconf 64' lang='lat' dir='ltr'><strong>duest</strong></span> <span class='ocrx_word' id='word_1_340' title='bbox 1542 4463 1569 4473; x_wconf 93' lang='lat'>-</span> <span class='ocrx_word' id='word_1_341' title='bbox 1587 4437 1709 4490; x_wconf 69' lang='lat' dir='ltr'><strong>amous</strong></span> <span class='ocrx_word' id='word_1_342' title='bbox 1724 4452 1751 4492; x_wconf 83' lang='lat' dir='ltr'><strong>ss</strong></span> 
     </span>
     <span class='ocr_line' id='line_1_34' title="bbox 422 4512 1750 4578; baseline 0.003 -16"><span class='ocrx_word' id='word_1_343' title='bbox 422 4512 494 4562; x_wconf 85' lang='lat' dir='ltr'><strong>dicet.</strong></span> <span class='ocrx_word' id='word_1_344' title='bbox 515 4538 541 4547; x_wconf 97' lang='lat'>-</span> <span class='ocrx_word' id='word_1_345' title='bbox 562 4513 623 4575; x_wconf 80' lang='lat' dir='ltr'><strong>ouis</strong></span> <span class='ocrx_word' id='word_1_346' title='bbox 639 4513 666 4563; x_wconf 83' lang='lat' dir='ltr'><strong>id</strong></span> <span class='ocrx_word' id='word_1_347' title='bbox 682 4512 746 4561; x_wconf 82' lang='lat' dir='ltr'><strong>scit?</strong></span> <span class='ocrx_word' id='word_1_348' title='bbox 780 4512 841 4574; x_wconf 83' lang='lat' dir='ltr'><strong>Quis</strong></span> <span class='ocrx_word' id='word_1_349' title='bbox 856 4513 883 4562; x_wconf 78' lang='lat' dir='ltr'><strong>u</strong></span> <span class='ocrx_word' id='word_1_350' title='bbox 898 4514 1038 4564; x_wconf 67' lang='lat' dir='ltr'><strong>indicauit?</strong></span> <span class='ocrx_word' id='word_1_351' title='bbox 1070 4514 1128 4564; x_wconf 78' lang='lat' dir='ltr'><strong>Nou</strong></span> <span class='ocrx_word' id='word_1_352' title='bbox 1143 4514 1219 4576; x_wconf 72' lang='lat' dir='ltr'><strong>tuisse</strong></span> <span class='ocrx_word' id='word_1_353' title='bbox 1235 4514 1356 4564; x_wconf 79' lang='lat' dir='ltr'><strong>causum?</strong></span> <span class='ocrx_word' id='word_1_354' title='bbox 1374 4538 1402 4549; x_wconf 93' lang='lat'><em>-</em></span> <span class='ocrx_word' id='word_1_355' title='bbox 1420 4513 1508 4577; x_wconf 76' lang='lat' dir='ltr'><strong>Fiopet</strong></span> <span class='ocrx_word' id='word_1_356' title='bbox 1522 4512 1606 4576; x_wconf 70' lang='lat' dir='ltr'><strong>fuisse</strong></span> <span class='ocrx_word' id='word_1_357' title='bbox 1642 4516 1691 4578; x_wconf 81' lang='lat' dir='ltr'><strong>Qut</strong></span> <span class='ocrx_word' id='word_1_358' title='bbox 1706 4530 1750 4567; x_wconf 83' lang='lat' dir='ltr'><strong>re-</strong></span> 
     </span>
     <span class='ocr_line' id='line_1_35' title="bbox 420 4585 1749 4649; baseline 0.006 -13"><span class='ocrx_word' id='word_1_359' title='bbox 420 4585 531 4647; x_wconf 75' lang='lat' dir='ltr'><strong>tettemus</strong></span> <span class='ocrx_word' id='word_1_360' title='bbox 548 4589 671 4649; x_wconf 81' lang='lat' dir='ltr'><strong>potuisse,</strong></span> <span class='ocrx_word' id='word_1_361' title='bbox 694 4601 745 4638; x_wconf 83' lang='lat' dir='ltr'><strong>ooo</strong></span> <span class='ocrx_word' id='word_1_362' title='bbox 766 4587 829 4637; x_wconf 83' lang='lat' dir='ltr'><strong>dure</strong></span> <span class='ocrx_word' id='word_1_363' title='bbox 849 4587 871 4637; x_wconf 83' lang='lat' dir='ltr'><strong>st</strong></span> <span class='ocrx_word' id='word_1_364' title='bbox 892 4587 1028 4641; x_wconf 66' lang='lat' dir='ltr'><strong>notescet?</strong></span> <span class='ocrx_word' id='word_1_365' title='bbox 1068 4590 1097 4640; x_wconf 81' lang='lat' dir='ltr'><strong>Vt</strong></span> <span class='ocrx_word' id='word_1_366' title='bbox 1121 4589 1208 4649; x_wconf 83' lang='lat' dir='ltr'><strong>Beier,</strong></span> <span class='ocrx_word' id='word_1_367' title='bbox 1233 4590 1309 4639; x_wconf 86' lang='lat' dir='ltr'><strong>cuius</strong></span> <span class='ocrx_word' id='word_1_368' title='bbox 1331 4589 1359 4640; x_wconf 91' lang='lat' dir='ltr'><strong>et</strong></span> <span class='ocrx_word' id='word_1_369' title='bbox 1380 4587 1470 4639; x_wconf 88' lang='lat' dir='ltr'><strong>llelnr.</strong></span> <span class='ocrx_word' id='word_1_370' title='bbox 1489 4588 1617 4640; x_wconf 87' lang='lat' dir='ltr'><strong>ednotatt.</strong></span> <span class='ocrx_word' id='word_1_371' title='bbox 1640 4590 1749 4644; x_wconf 86' lang='lat' dir='ltr'><strong>consule</strong></span> 
     </span>
     <span class='ocr_line' id='line_1_36' title="bbox 422 4659 1751 4726; baseline 0.005 -17"><span class='ocrx_word' id='word_1_372' title='bbox 422 4661 494 4725; x_wconf 88' lang='lat' dir='ltr'><strong>apud</strong></span> <span class='ocrx_word' id='word_1_373' title='bbox 511 4663 593 4726; x_wconf 88' lang='lat' dir='ltr'><strong>ipsos.</strong></span> <span class='ocrx_word' id='word_1_374' title='bbox 628 4664 722 4713; x_wconf 87' lang='lat' dir='ltr'><strong>Nostro</strong></span> <span class='ocrx_word' id='word_1_375' title='bbox 740 4662 766 4712; x_wconf 93' lang='lat' dir='ltr'><strong>tn</strong></span> <span class='ocrx_word' id='word_1_376' title='bbox 783 4659 898 4713; x_wconf 84' lang='lat' dir='ltr'><strong>lectione</strong></span> <span class='ocrx_word' id='word_1_377' title='bbox 920 4664 1060 4716; x_wconf 76' lang='lat' dir='ltr'><strong>offendunt</strong></span> <span class='ocrx_word' id='word_1_378' title='bbox 1080 4667 1169 4717; x_wconf 86' lang='lat' dir='ltr'><strong>statim</strong></span> <span class='ocrx_word' id='word_1_379' title='bbox 1194 4664 1257 4714; x_wconf 83' lang='lat' dir='ltr'><strong>isto:</strong></span> <span class='ocrx_word' id='word_1_380' title='bbox 1283 4677 1334 4713; x_wconf 81' lang='lat' dir='ltr'><strong>ooo</strong></span> <span class='ocrx_word' id='word_1_381' title='bbox 1350 4661 1470 4725; x_wconf 70' lang='lat' dir='ltr'><strong>mutui,</strong></span> <span class='ocrx_word' id='word_1_382' title='bbox 1488 4664 1554 4726; x_wconf 83' lang='lat' dir='ltr'><strong>quod</strong></span> <span class='ocrx_word' id='word_1_383' title='bbox 1570 4664 1664 4716; x_wconf 82' lang='lat' dir='ltr'><strong>dures?</strong></span> <span class='ocrx_word' id='word_1_384' title='bbox 1695 4665 1751 4716; x_wconf 83' lang='lat' dir='ltr'><strong>liu-</strong></span> 
     </span>
     <span class='ocr_line' id='line_1_37' title="bbox 423 4736 1750 4807; baseline 0.004 -19"><span class='ocrx_word' id='word_1_385' title='bbox 423 4736 502 4788; x_wconf 79' lang='lat' dir='ltr'><strong>tuttse</strong></span> <span class='ocrx_word' id='word_1_386' title='bbox 517 4750 544 4788; x_wconf 86' lang='lat' dir='ltr'><strong>se</strong></span> <span class='ocrx_word' id='word_1_387' title='bbox 559 4738 638 4788; x_wconf 83' lang='lat' dir='ltr'><strong>dtcet:</strong></span> <span class='ocrx_word' id='word_1_388' title='bbox 661 4738 687 4788; x_wconf 93' lang='lat' dir='ltr'><strong>ln</strong></span> <span class='ocrx_word' id='word_1_389' title='bbox 705 4738 746 4788; x_wconf 88' lang='lat' dir='ltr'><strong>his</strong></span> <span class='ocrx_word' id='word_1_390' title='bbox 763 4738 836 4788; x_wconf 87' lang='lat' dir='ltr'><strong>enim</strong></span> <span class='ocrx_word' id='word_1_391' title='bbox 853 4741 880 4788; x_wconf 94' lang='lat' dir='ltr'><strong>et</strong></span> <span class='ocrx_word' id='word_1_392' title='bbox 897 4740 1019 4792; x_wconf 89' lang='lat' dir='ltr'><strong>Ciceroni</strong></span> <span class='ocrx_word' id='word_1_393' title='bbox 1036 4743 1064 4791; x_wconf 91' lang='lat' dir='ltr'><strong>et</strong></span> <span class='ocrx_word' id='word_1_394' title='bbox 1079 4740 1165 4791; x_wconf 85' lang='lat' dir='ltr'><strong>Sardo</strong></span> <span class='ocrx_word' id='word_1_395' title='bbox 1186 4737 1264 4804; x_wconf 85' lang='lat' dir='ltr'><strong>plone</strong></span> <span class='ocrx_word' id='word_1_396' title='bbox 1287 4738 1424 4788; x_wconf 82' lang='lat' dir='ltr'><strong>convenit:</strong></span> <span class='ocrx_word' id='word_1_397' title='bbox 1449 4750 1498 4788; x_wconf 92' lang='lat' dir='ltr'><strong>cur</strong></span> <span class='ocrx_word' id='word_1_398' title='bbox 1518 4739 1606 4803; x_wconf 71' lang='lat' dir='ltr'><strong>igitur,</strong></span> <span class='ocrx_word' id='word_1_399' title='bbox 1629 4744 1676 4792; x_wconf 86' lang='lat' dir='ltr'><strong>ant</strong></span> <span class='ocrx_word' id='word_1_400' title='bbox 1696 4755 1750 4807; x_wconf 90' lang='lat' dir='ltr'><strong>quo</strong></span> 
     </span>
     <span class='ocr_line' id='line_1_38' title="bbox 424 4811 1749 4880; baseline 0.005 -18"><span class='ocrx_word' id='word_1_401' title='bbox 424 4812 477 4863; x_wconf 85' lang='lat' dir='ltr'><strong>llos</strong></span> <span class='ocrx_word' id='word_1_402' title='bbox 494 4826 526 4863; x_wconf 84' lang='lat' dir='ltr'><strong>ea</strong></span> <span class='ocrx_word' id='word_1_403' title='bbox 544 4811 578 4864; x_wconf 89' lang='lat' dir='ltr'><strong>de</strong></span> <span class='ocrx_word' id='word_1_404' title='bbox 599 4827 628 4863; x_wconf 89' lang='lat' dir='ltr'><strong>re</strong></span> <span class='ocrx_word' id='word_1_405' title='bbox 646 4815 716 4863; x_wconf 89' lang='lat' dir='ltr'><strong>inter</strong></span> <span class='ocrx_word' id='word_1_406' title='bbox 735 4825 765 4864; x_wconf 87' lang='lat' dir='ltr'><strong>se</strong></span> <span class='ocrx_word' id='word_1_407' title='bbox 786 4813 956 4878; x_wconf 80' lang='lat' dir='ltr'><strong>oucepuotr</strong></span> <span class='ocrx_word' id='word_1_408' title='bbox 978 4828 1066 4880; x_wconf 91' lang='lat' dir='ltr'><strong>neque</strong></span> <span class='ocrx_word' id='word_1_409' title='bbox 1089 4817 1213 4866; x_wconf 83' lang='lat' dir='ltr'><strong>iuvamur</strong></span> <span class='ocrx_word' id='word_1_410' title='bbox 1235 4814 1324 4864; x_wconf 83' lang='lat' dir='ltr'><strong>Heinr.</strong></span> <span class='ocrx_word' id='word_1_411' title='bbox 1348 4813 1464 4877; x_wconf 70' lang='lat' dir='ltr'><strong>auspic:</strong></span> <span class='ocrx_word' id='word_1_412' title='bbox 1493 4827 1555 4865; x_wconf 81' lang='lat' dir='ltr'><strong>oum</strong></span> <span class='ocrx_word' id='word_1_413' title='bbox 1575 4816 1702 4868; x_wconf 69' lang='lat' dir='ltr'><strong>Aobitstt?</strong></span> <span class='ocrx_word' id='word_1_414' title='bbox 1721 4845 1749 4856; x_wconf 94' lang='lat'>-</span> 
     </span>
     <span class='ocr_line' id='line_1_39' title="bbox 424 4888 1752 4956; baseline 0.005 -17"><span class='ocrx_word' id='word_1_415' title='bbox 424 4902 486 4940; x_wconf 89' lang='lat' dir='ltr'><strong>cum</strong></span> <span class='ocrx_word' id='word_1_416' title='bbox 504 4891 539 4939; x_wconf 87' lang='lat' dir='ltr'><strong>ita</strong></span> <span class='ocrx_word' id='word_1_417' title='bbox 556 4888 774 4954; x_wconf 88' lang='lat' dir='ltr'><strong>respondendum</strong></span> <span class='ocrx_word' id='word_1_418' title='bbox 793 4889 899 4940; x_wconf 86' lang='lat' dir='ltr'><strong>luisset:</strong></span> <span class='ocrx_word' id='word_1_419' title='bbox 923 4890 980 4940; x_wconf 82' lang='lat' dir='ltr'><strong>Nos</strong></span> <span class='ocrx_word' id='word_1_420' title='bbox 995 4892 1110 4943; x_wconf 78' lang='lat' dir='ltr'><strong>tabuisse</strong></span> <span class='ocrx_word' id='word_1_421' title='bbox 1125 4905 1151 4942; x_wconf 81' lang='lat' dir='ltr'><strong>se</strong></span> <span class='ocrx_word' id='word_1_422' title='bbox 1166 4892 1239 4941; x_wconf 81' lang='lat' dir='ltr'><strong>dicet.</strong></span> <span class='ocrx_word' id='word_1_423' title='bbox 1275 4890 1334 4951; x_wconf 85' lang='lat' dir='ltr'><strong>Foc,</strong></span> <span class='ocrx_word' id='word_1_424' title='bbox 1353 4891 1408 4941; x_wconf 89' lang='lat' dir='ltr'><strong>Cic.</strong></span> <span class='ocrx_word' id='word_1_425' title='bbox 1427 4890 1583 4954; x_wconf 79' lang='lat' dir='ltr'><strong>scripsisse:</strong></span> <span class='ocrx_word' id='word_1_426' title='bbox 1603 4894 1687 4956; x_wconf 82' lang='lat' dir='ltr'><strong>Qutd‘t</strong></span> <span class='ocrx_word' id='word_1_427' title='bbox 1702 4895 1752 4945; x_wconf 78' lang='lat' dir='ltr'><strong>Au-</strong></span> 
     </span>
     <span class='ocr_line' id='line_1_40' title="bbox 424 4963 1752 5029; baseline 0.005 -14"><span class='ocrx_word' id='word_1_428' title='bbox 424 4964 507 5027; x_wconf 79' lang='lat' dir='ltr'><strong>but&#39;sti,</strong></span> <span class='ocrx_word' id='word_1_429' title='bbox 526 4966 592 5028; x_wconf 81' lang='lat' dir='ltr'><strong>quod</strong></span> <span class='ocrx_word' id='word_1_430' title='bbox 607 4980 658 5015; x_wconf 81' lang='lat' dir='ltr'><strong>ooo</strong></span> <span class='ocrx_word' id='word_1_431' title='bbox 675 4963 768 5015; x_wconf 82' lang='lat' dir='ltr'><strong>dores?</strong></span> <span class='ocrx_word' id='word_1_432' title='bbox 799 4964 919 5016; x_wconf 81' lang='lat' dir='ltr'><strong>llutuisse</strong></span> <span class='ocrx_word' id='word_1_433' title='bbox 933 4979 959 5016; x_wconf 83' lang='lat' dir='ltr'><strong>se</strong></span> <span class='ocrx_word' id='word_1_434' title='bbox 975 4966 1053 5017; x_wconf 70' lang='lat' dir='ltr'><strong>dicu:</strong></span> <span class='ocrx_word' id='word_1_435' title='bbox 1076 4968 1126 5018; x_wconf 90' lang='lat' dir='ltr'><strong>erit</strong></span> <span class='ocrx_word' id='word_1_436' title='bbox 1142 4966 1323 5016; x_wconf 77' lang='lat' dir='ltr'><strong>controversia</strong></span> <span class='ocrx_word' id='word_1_437' title='bbox 1347 4963 1417 5015; x_wconf 91' lang='lat' dir='ltr'><strong>inter</strong></span> <span class='ocrx_word' id='word_1_438' title='bbox 1433 4967 1589 5029; x_wconf 87' lang='lat' dir='ltr'><strong>utrumque:</strong></span> <span class='ocrx_word' id='word_1_439' title='bbox 1615 4967 1752 5021; x_wconf 73' lang='lat' dir='ltr'><strong>«Habuisti</strong></span> 
     </span>
     <span class='ocr_line' id='line_1_41' title="bbox 425 5040 1753 5106; baseline 0.004 -16"><span class='ocrx_word' id='word_1_440' title='bbox 425 5052 535 5090; x_wconf 87' lang='lat' dir='ltr'><strong>csusoro</strong></span> <span class='ocrx_word' id='word_1_441' title='bbox 553 5040 706 5104; x_wconf 77' lang='lat' dir='ltr'><strong>legitimam,</strong></span> <span class='ocrx_word' id='word_1_442' title='bbox 725 5053 774 5091; x_wconf 91' lang='lat' dir='ltr'><strong>cnr</strong></span> <span class='ocrx_word' id='word_1_443' title='bbox 791 5054 844 5091; x_wconf 93' lang='lat' dir='ltr'><strong>oon</strong></span> <span class='ocrx_word' id='word_1_444' title='bbox 862 5040 959 5092; x_wconf 77' lang='lat' dir='ltr'><strong>dores?</strong></span> <span class='ocrx_word' id='word_1_445' title='bbox 993 5042 1104 5093; x_wconf 77' lang='lat' dir='ltr'><strong>Habui».</strong></span> <span class='ocrx_word' id='word_1_446' title='bbox 1145 5041 1212 5101; x_wconf 85' lang='lat' dir='ltr'><strong>Scit,</strong></span> <span class='ocrx_word' id='word_1_447' title='bbox 1230 5040 1313 5101; x_wconf 88' lang='lat' dir='ltr'><strong>recte,</strong></span> <span class='ocrx_word' id='word_1_448' title='bbox 1337 5040 1457 5104; x_wconf 78' lang='lat' dir='ltr'><strong>putuit.</strong></span> <span class='ocrx_word' id='word_1_449' title='bbox 1477 5041 1629 5093; x_wconf 82' lang='lat' dir='ltr'><strong>Lectionum</strong></span> <span class='ocrx_word' id='word_1_450' title='bbox 1645 5044 1677 5093; x_wconf 94' lang='lat' dir='ltr'><strong>A.</strong></span> <span class='ocrx_word' id='word_1_451' title='bbox 1696 5044 1753 5106; x_wconf 82' lang='lat' dir='ltr'><strong>quis</strong></span> 
     </span>
     <span class='ocr_line' id='line_1_42' title="bbox 424 5115 1748 5180; baseline 0.005 -15"><span class='ocrx_word' id='word_1_452' title='bbox 424 5115 451 5165; x_wconf 84' lang='lat' dir='ltr'><strong>td</strong></span> <span class='ocrx_word' id='word_1_453' title='bbox 466 5117 588 5165; x_wconf 77' lang='grc' dir='ltr'>ιιιιιιοιιιιιι</span> <span class='ocrx_word' id='word_1_454' title='bbox 605 5115 700 5178; x_wconf 73' lang='lat' dir='ltr'><strong>(undet</strong></span> <span class='ocrx_word' id='word_1_455' title='bbox 719 5116 840 5166; x_wconf 75' lang='lat' dir='ltr'><strong>iudicauit</strong></span> <span class='ocrx_word' id='word_1_456' title='bbox 855 5115 912 5167; x_wconf 88' lang='lat' dir='ltr'><strong>scii.</strong></span> <span class='ocrx_word' id='word_1_457' title='bbox 926 5118 1025 5167; x_wconf 83' lang='lat' dir='ltr'><strong>Scauro</strong></span> <span class='ocrx_word' id='word_1_458' title='bbox 1043 5117 1105 5168; x_wconf 87' lang='lat' dir='ltr'><strong>tecit</strong></span> <span class='ocrx_word' id='word_1_459' title='bbox 1116 5117 1154 5180; x_wconf 84' lang='lat' dir='ltr'><strong>s.)</strong></span> <span class='ocrx_word' id='word_1_460' title='bbox 1171 5116 1294 5167; x_wconf 82' lang='lat' dir='ltr'><strong>vitiosum</strong></span> <span class='ocrx_word' id='word_1_461' title='bbox 1311 5126 1421 5167; x_wconf 85' lang='lat' dir='ltr'><strong>censeo.</strong></span> <span class='ocrx_word' id='word_1_462' title='bbox 1455 5116 1555 5169; x_wconf 84' lang='lat' dir='ltr'><strong>sensns</strong></span> <span class='ocrx_word' id='word_1_463' title='bbox 1570 5119 1678 5169; x_wconf 86' lang='lat' dir='ltr'><strong>nostrae</strong></span> <span class='ocrx_word' id='word_1_464' title='bbox 1696 5123 1748 5171; x_wconf 83' lang='lat' dir='ltr'><strong>est:</strong></span> 
     </span>
     <span class='ocr_line' id='line_1_43' title="bbox 427 5189 1751 5257; baseline 0.004 -17"><span class='ocrx_word' id='word_1_465' title='bbox 427 5192 493 5250; x_wconf 82' lang='lat' dir='ltr'><strong>·Qui</strong></span> <span class='ocrx_word' id='word_1_466' title='bbox 510 5192 590 5241; x_wconf 82' lang='lat' dir='ltr'><strong>iudex</strong></span> <span class='ocrx_word' id='word_1_467' title='bbox 607 5190 800 5257; x_wconf 88' lang='lat' dir='ltr'><strong>pronuntiabit,</strong></span> <span class='ocrx_word' id='word_1_468' title='bbox 820 5205 872 5243; x_wconf 91' lang='lat' dir='ltr'><strong>oon</strong></span> <span class='ocrx_word' id='word_1_469' title='bbox 890 5191 970 5243; x_wconf 90' lang='lat' dir='ltr'><strong>luisse</strong></span> <span class='ocrx_word' id='word_1_470' title='bbox 988 5204 1112 5253; x_wconf 80' lang='lat' dir='ltr'><strong>causam,</strong></span> <span class='ocrx_word' id='word_1_471' title='bbox 1131 5205 1179 5242; x_wconf 91' lang='lat' dir='ltr'><strong>cnr</strong></span> <span class='ocrx_word' id='word_1_472' title='bbox 1195 5202 1248 5241; x_wconf 94' lang='lat' dir='ltr'><strong>non</strong></span> <span class='ocrx_word' id='word_1_473' title='bbox 1266 5189 1365 5240; x_wconf 87' lang='lat' dir='ltr'><strong>dores‘i</strong></span> <span class='ocrx_word' id='word_1_474' title='bbox 1399 5190 1448 5251; x_wconf 84' lang='lat' dir='ltr'><strong>Qui</strong></span> <span class='ocrx_word' id='word_1_475' title='bbox 1462 5191 1628 5255; x_wconf 85' lang='lat' dir='ltr'><strong>retellemus,</strong></span> <span class='ocrx_word' id='word_1_476' title='bbox 1651 5192 1751 5247; x_wconf 90' lang='lat' dir='ltr'><strong>licitum</strong></span> 
     </span>
     <span class='ocr_line' id='line_1_44' title="bbox 426 5262 1753 5330; baseline 0.005 -16"><span class='ocrx_word' id='word_1_477' title='bbox 426 5265 510 5317; x_wconf 83' lang='lat' dir='ltr'><strong>Sardo</strong></span> <span class='ocrx_word' id='word_1_478' title='bbox 528 5266 618 5325; x_wconf 85' lang='lat' dir='ltr'><strong>tuisse,</strong></span> <span class='ocrx_word' id='word_1_479' title='bbox 639 5280 690 5316; x_wconf 94' lang='lat' dir='ltr'><strong>oon</strong></span> <span class='ocrx_word' id='word_1_480' title='bbox 709 5264 773 5317; x_wconf 87' lang='lat' dir='ltr'><strong>dare</strong></span> <span class='ocrx_word' id='word_1_481' title='bbox 792 5266 841 5330; x_wconf 82' lang='lat' dir='ltr'><strong>(ios</strong></span> <span class='ocrx_word' id='word_1_482' title='bbox 859 5279 922 5317; x_wconf 91' lang='lat' dir='ltr'><strong>eum</strong></span> <span class='ocrx_word' id='word_1_483' title='bbox 939 5264 1065 5317; x_wconf 87' lang='lat' dir='ltr'><strong>habuisse</strong></span> <span class='ocrx_word' id='word_1_484' title='bbox 1083 5278 1136 5316; x_wconf 93' lang='lat' dir='ltr'><strong>non</strong></span> <span class='ocrx_word' id='word_1_485' title='bbox 1153 5263 1253 5327; x_wconf 81' lang='lat' dir='ltr'><strong>dandi),</strong></span> <span class='ocrx_word' id='word_1_486' title='bbox 1271 5265 1295 5316; x_wconf 90' lang='lat' dir='ltr'><strong>si</strong></span> <span class='ocrx_word' id='word_1_487' title='bbox 1312 5262 1473 5317; x_wconf 71' lang='lat' dir='ltr'><strong>noluissem·</strong></span> <span class='ocrx_word' id='word_1_488' title='bbox 1499 5268 1624 5318; x_wconf 89' lang='lat' dir='ltr'><strong>Ceterum</strong></span> <span class='ocrx_word' id='word_1_489' title='bbox 1636 5269 1661 5319; x_wconf 93' lang='lat' dir='ltr'><strong>ln</strong></span> <span class='ocrx_word' id='word_1_490' title='bbox 1675 5281 1753 5320; x_wconf 92' lang='lat' dir='ltr'><strong>men·</strong></span> 
     </span>
     <span class='ocr_line' id='line_1_45' title="bbox 427 5339 1753 5405; baseline 0.005 -15"><span class='ocrx_word' id='word_1_491' title='bbox 427 5341 481 5391; x_wconf 91' lang='lat' dir='ltr'><strong>tem</strong></span> <span class='ocrx_word' id='word_1_492' title='bbox 499 5341 563 5391; x_wconf 89' lang='lat' dir='ltr'><strong>mibi</strong></span> <span class='ocrx_word' id='word_1_493' title='bbox 581 5343 666 5391; x_wconf 84' lang='lat' dir='ltr'><strong>venit:</strong></span> <span class='ocrx_word' id='word_1_494' title='bbox 686 5342 734 5404; x_wconf 81' lang='lat' dir='ltr'><strong>Qut</strong></span> <span class='ocrx_word' id='word_1_495' title='bbox 750 5339 907 5403; x_wconf 67' lang='lat' dir='ltr'><strong>aretem?</strong></span> <span class='ocrx_word' id='word_1_496' title='bbox 926 5368 953 5378; x_wconf 92' lang='lat'><em>-</em></span> <span class='ocrx_word' id='word_1_497' title='bbox 971 5341 1125 5403; x_wconf 79' lang='lat' dir='ltr'><strong>Poposcisse:</strong></span> <span class='ocrx_word' id='word_1_498' title='bbox 1142 5354 1193 5390; x_wconf 79' lang='lat' dir='ltr'><strong>ooo</strong></span> <span class='ocrx_word' id='word_1_499' title='bbox 1209 5341 1314 5390; x_wconf 77' lang='lat' dir='ltr'><strong>darete</strong></span> <span class='ocrx_word' id='word_1_500' title='bbox 1329 5341 1449 5401; x_wconf 63' lang='lat' dir='ltr'><strong>solutum</strong></span> <span class='ocrx_word' id='word_1_501' title='bbox 1472 5344 1510 5405; x_wconf 79' lang='lat' dir='ltr'><strong>(ut</strong></span> <span class='ocrx_word' id='word_1_502' title='bbox 1527 5342 1652 5393; x_wconf 81' lang='lat' dir='ltr'><strong>divinavit</strong></span> <span class='ocrx_word' id='word_1_503' title='bbox 1672 5346 1753 5397; x_wconf 88' lang='lat' dir='ltr'><strong>etism</strong></span> 
     </span>
     <span class='ocr_line' id='line_1_46' title="bbox 426 5414 1753 5483; baseline 0.005 -19"><span class='ocrx_word' id='word_1_504' title='bbox 426 5415 612 5476; x_wconf 77' lang='lat' dir='ltr'><strong>B.eloct.A.1</strong></span> <span class='ocrx_word' id='word_1_505' title='bbox 628 5417 654 5465; x_wconf 85' lang='lat' dir='ltr'><strong>ct</strong></span> <span class='ocrx_word' id='word_1_506' title='bbox 670 5420 783 5477; x_wconf 71' lang='lat' dir='ltr'><strong>ereptm</strong></span> <span class='ocrx_word' id='word_1_507' title='bbox 799 5428 850 5466; x_wconf 86' lang='lat' dir='ltr'><strong>esse</strong></span> <span class='ocrx_word' id='word_1_508' title='bbox 866 5416 938 5466; x_wconf 83' lang='lat' dir='ltr'><strong>diest.</strong></span> <span class='ocrx_word' id='word_1_509' title='bbox 971 5417 1112 5478; x_wconf 81' lang='lat' dir='ltr'><strong>Poposctsse</strong></span> <span class='ocrx_word' id='word_1_510' title='bbox 1127 5416 1267 5476; x_wconf 88' lang='lat' dir='ltr'><strong>Scaurum,</strong></span> <span class='ocrx_word' id='word_1_511' title='bbox 1281 5414 1351 5479; x_wconf 66' lang='lat' dir='ltr'><strong>(ulfi.</strong></span> <span class='ocrx_word' id='word_1_512' title='bbox 1362 5416 1413 5478; x_wconf 75' lang='lat' dir='ltr'><strong>ts.)</strong></span> <span class='ocrx_word' id='word_1_513' title='bbox 1430 5415 1582 5481; x_wconf 88' lang='lat' dir='ltr'><strong>sequidem</strong></span> <span class='ocrx_word' id='word_1_514' title='bbox 1599 5422 1753 5483; x_wconf 89' lang='lat' dir='ltr'><strong>promptum</strong></span> 
     </span>
     <span class='ocr_line' id='line_1_47' title="bbox 427 5488 1753 5557; baseline 0.003 -14"><span class='ocrx_word' id='word_1_515' title='bbox 427 5491 509 5543; x_wconf 87' lang='lat' dir='ltr'><strong>tuisse</strong></span> <span class='ocrx_word' id='word_1_516' title='bbox 521 5490 687 5542; x_wconf 83' lang='lat' dir='ltr'><strong>addendum</strong></span> <span class='ocrx_word' id='word_1_517' title='bbox 704 5503 752 5555; x_wconf 91' lang='lat' dir='ltr'><strong>pro</strong></span> <span class='ocrx_word' id='word_1_518' title='bbox 769 5489 860 5541; x_wconf 89' lang='lat' dir='ltr'><strong>debito</strong></span> <span class='ocrx_word' id='word_1_519' title='bbox 877 5502 941 5551; x_wconf 86' lang='lat' dir='ltr'><strong>suo;</strong></span> <span class='ocrx_word' id='word_1_520' title='bbox 960 5488 1130 5540; x_wconf 86' lang='lat' dir='ltr'><strong>nihilominus</strong></span> <span class='ocrx_word' id='word_1_521' title='bbox 1142 5491 1167 5540; x_wconf 83' lang='lat' dir='ltr'><strong>vi</strong></span> <span class='ocrx_word' id='word_1_522' title='bbox 1184 5490 1235 5541; x_wconf 90' lang='lat' dir='ltr'><strong>sibi</strong></span> <span class='ocrx_word' id='word_1_523' title='bbox 1253 5495 1279 5542; x_wconf 91' lang='lat' dir='ltr'><strong>et</strong></span> <span class='ocrx_word' id='word_1_524' title='bbox 1296 5492 1392 5542; x_wconf 88' lang='lat' dir='ltr'><strong>iniuste</strong></span> <span class='ocrx_word' id='word_1_525' title='bbox 1409 5493 1532 5557; x_wconf 86' lang='lat' dir='ltr'><strong>ereptum</strong></span> <span class='ocrx_word' id='word_1_526' title='bbox 1544 5505 1605 5544; x_wconf 84' lang='lat' dir='ltr'><strong>esse</strong></span> <span class='ocrx_word' id='word_1_527' title='bbox 1616 5507 1632 5543; x_wconf 92' lang='grc' dir='ltr'><strong>ιι</strong></span> <span class='ocrx_word' id='word_1_528' title='bbox 1643 5496 1753 5547; x_wconf 85' lang='lat' dir='ltr'><strong>Scauro.</strong></span> 
     </span>
     <span class='ocr_line' id='line_1_48' title="bbox 430 5566 1754 5633; baseline 0 -16"><span class='ocrx_word' id='word_1_529' title='bbox 430 5593 457 5603; x_wconf 95' lang='lat'><em>-</em></span> <span class='ocrx_word' id='word_1_530' title='bbox 476 5570 501 5617; x_wconf 86' lang='lat' dir='ltr'><strong>s.</strong></span> <span class='ocrx_word' id='word_1_531' title='bbox 519 5579 598 5629; x_wconf 79' lang='lat' dir='ltr'><strong>oeque</strong></span> <span class='ocrx_word' id='word_1_532' title='bbox 613 5568 657 5616; x_wconf 82' lang='lat' dir='ltr'><strong>T.:</strong></span> <span class='ocrx_word' id='word_1_533' title='bbox 676 5579 721 5616; x_wconf 83' lang='lat' dir='ltr'><strong>uec</strong></span> <span class='ocrx_word' id='word_1_534' title='bbox 737 5568 783 5623; x_wconf 84' lang='lat' dir='ltr'><strong>A.;</strong></span> <span class='ocrx_word' id='word_1_535' title='bbox 806 5579 885 5628; x_wconf 82' lang='lat' dir='ltr'><strong>oeque</strong></span> <span class='ocrx_word' id='word_1_536' title='bbox 906 5572 984 5616; x_wconf 82' lang='lat' dir='ltr'><strong>acuto</strong></span> <span class='ocrx_word' id='word_1_537' title='bbox 1006 5566 1171 5630; x_wconf 77' lang='lat' dir='ltr'><strong>quaedamst</strong></span> <span class='ocrx_word' id='word_1_538' title='bbox 1187 5566 1317 5617; x_wconf 72' lang='lat' dir='ltr'><strong>eoucboto</strong></span> <span class='ocrx_word' id='word_1_539' title='bbox 1333 5566 1476 5630; x_wconf 77' lang='lat' dir='ltr'><strong>Kreyssigii</strong></span> <span class='ocrx_word' id='word_1_540' title='bbox 1493 5568 1562 5619; x_wconf 91' lang='lat' dir='ltr'><strong>coni.</strong></span> <span class='ocrx_word' id='word_1_541' title='bbox 1586 5594 1614 5605; x_wconf 91' lang='lat'><strong>-·</strong></span> <span class='ocrx_word' id='word_1_542' title='bbox 1632 5570 1657 5619; x_wconf 84' lang='grc'><strong>6.</strong></span> <span class='ocrx_word' id='word_1_543' title='bbox 1675 5570 1754 5633; x_wconf 83' lang='lat' dir='ltr'><strong>tmpe-</strong></span> 
     </span>
     <span class='ocr_line' id='line_1_49' title="bbox 428 5640 1756 5707; baseline 0.004 -15"><span class='ocrx_word' id='word_1_544' title='bbox 428 5646 482 5692; x_wconf 81' lang='lat' dir='ltr'><strong>tuot</strong></span> <span class='ocrx_word' id='word_1_545' title='bbox 498 5644 573 5693; x_wconf 83' lang='lat' dir='ltr'><strong>istum</strong></span> <span class='ocrx_word' id='word_1_546' title='bbox 589 5642 691 5691; x_wconf 81' lang='lat' dir='ltr'><strong>iliorum</strong></span> <span class='ocrx_word' id='word_1_547' title='bbox 707 5643 754 5692; x_wconf 77' lang='lat' dir='ltr'><strong>A:</strong></span> <span class='ocrx_word' id='word_1_548' title='bbox 772 5642 893 5704; x_wconf 85' lang='lat' dir='ltr'><strong>impetum</strong></span> <span class='ocrx_word' id='word_1_549' title='bbox 908 5643 1014 5692; x_wconf 77' lang='grc' dir='ltr'>ιἰιοιιιιιι</span> <span class='ocrx_word' id='word_1_550' title='bbox 1029 5641 1058 5692; x_wconf 87' lang='grc' dir='ltr'><strong>Τ.</strong></span> <span class='ocrx_word' id='word_1_551' title='bbox 1077 5666 1105 5677; x_wconf 95' lang='grc'><strong>-</strong></span> <span class='ocrx_word' id='word_1_552' title='bbox 1125 5640 1338 5705; x_wconf 62' lang='lat' dir='ltr'><strong>immitisque</strong></span> <span class='ocrx_word' id='word_1_553' title='bbox 1352 5642 1414 5692; x_wconf 82' lang='lat' dir='ltr'><strong>mibi</strong></span> <span class='ocrx_word' id='word_1_554' title='bbox 1430 5644 1462 5694; x_wconf 90' lang='lat' dir='ltr'><strong>A.</strong></span> <span class='ocrx_word' id='word_1_555' title='bbox 1482 5669 1510 5680; x_wconf 95' lang='lat'><em>-</em></span> <span class='ocrx_word' id='word_1_556' title='bbox 1533 5641 1573 5694; x_wconf 83' lang='lat' dir='ltr'><strong>tt.</strong></span> <span class='ocrx_word' id='word_1_557' title='bbox 1590 5643 1756 5707; x_wconf 66' lang='lat' dir='ltr'><strong>pamm</strong></span> 
     </span>
     <span class='ocr_line' id='line_1_50' title="bbox 427 5716 1753 5783; baseline 0.003 -15"><span class='ocrx_word' id='word_1_558' title='bbox 427 5719 510 5769; x_wconf 85' lang='lat' dir='ltr'><strong>lucere</strong></span> <span class='ocrx_word' id='word_1_559' title='bbox 525 5719 554 5768; x_wconf 89' lang='lat' dir='ltr'><strong>T.</strong></span> <span class='ocrx_word' id='word_1_560' title='bbox 576 5744 602 5754; x_wconf 90' lang='lat'>-</span> <span class='ocrx_word' id='word_1_561' title='bbox 621 5719 663 5768; x_wconf 77' lang='lat' dir='ltr'><strong>st.</strong></span> <span class='ocrx_word' id='word_1_562' title='bbox 689 5719 716 5768; x_wconf 84' lang='lat'><strong>1..</strong></span> <span class='ocrx_word' id='word_1_563' title='bbox 728 5717 834 5779; x_wconf 84' lang='lat' dir='ltr'><strong>Aetium]</strong></span> <span class='ocrx_word' id='word_1_564' title='bbox 850 5718 890 5767; x_wconf 89' lang='lat' dir='ltr'><strong>sic</strong></span> <span class='ocrx_word' id='word_1_565' title='bbox 905 5719 950 5775; x_wconf 76' lang='lat'><strong>1³.;</strong></span> <span class='ocrx_word' id='word_1_566' title='bbox 968 5729 1076 5767; x_wconf 75' lang='lat' dir='ltr'><strong>usam</strong></span> <span class='ocrx_word' id='word_1_567' title='bbox 1092 5716 1133 5778; x_wconf 77' lang='lat' dir='ltr'><strong>T..</strong></span> <span class='ocrx_word' id='word_1_568' title='bbox 1153 5717 1265 5767; x_wconf 79' lang='lat' dir='ltr'><strong>Vaelium</strong></span> <span class='ocrx_word' id='word_1_569' title='bbox 1275 5719 1305 5768; x_wconf 92' lang='lat' dir='ltr'><strong>A.</strong></span> <span class='ocrx_word' id='word_1_570' title='bbox 1326 5740 1354 5753; x_wconf 93' lang='lat'><em>-</em></span> <span class='ocrx_word' id='word_1_571' title='bbox 1381 5717 1424 5768; x_wconf 71' lang='lat'><strong>2¹.</strong></span> <span class='ocrx_word' id='word_1_572' title='bbox 1441 5731 1473 5767; x_wconf 86' lang='lat' dir='ltr'><strong>cc</strong></span> <span class='ocrx_word' id='word_1_573' title='bbox 1488 5718 1598 5783; x_wconf 70' lang='lat' dir='ltr'><strong>facetum</strong></span> <span class='ocrx_word' id='word_1_574' title='bbox 1614 5733 1669 5777; x_wconf 79' lang='lat' dir='ltr'><strong>om.</strong></span> <span class='ocrx_word' id='word_1_575' title='bbox 1681 5724 1712 5773; x_wconf 93' lang='lat' dir='ltr'><strong>A.</strong></span> <span class='ocrx_word' id='word_1_576' title='bbox 1725 5749 1753 5761; x_wconf 95' lang='lat'><em>-</em></span> 
     </span>
     <span class='ocr_line' id='line_1_51' title="bbox 430 5792 1753 5861; baseline 0.005 -18"><span class='ocrx_word' id='word_1_577' title='bbox 430 5792 476 5843; x_wconf 74' lang='lat' dir='ltr'><strong>rus</strong></span> <span class='ocrx_word' id='word_1_578' title='bbox 498 5796 528 5857; x_wconf 82' lang='lat'><strong>0.</strong></span> <span class='ocrx_word' id='word_1_579' title='bbox 552 5793 672 5844; x_wconf 71' lang='lat' dir='ltr'><strong>Autenti</strong></span> <span class='ocrx_word' id='word_1_580' title='bbox 693 5794 723 5846; x_wconf 80' lang='grc' dir='ltr'><strong>Τ.</strong></span> <span class='ocrx_word' id='word_1_581' title='bbox 749 5819 776 5830; x_wconf 90' lang='grc'><strong>-</strong></span> <span class='ocrx_word' id='word_1_582' title='bbox 799 5793 842 5843; x_wconf 75' lang='lat'><strong>27.</strong></span> <span class='ocrx_word' id='word_1_583' title='bbox 871 5793 976 5843; x_wconf 76' lang='lat' dir='ltr'><strong>Aonium</strong></span> <span class='ocrx_word' id='word_1_584' title='bbox 996 5792 1040 5842; x_wconf 62' lang='lat' dir='ltr'><strong>A:</strong></span> <span class='ocrx_word' id='word_1_585' title='bbox 1069 5792 1163 5844; x_wconf 81' lang='lat' dir='ltr'><strong>Aemus</strong></span> <span class='ocrx_word' id='word_1_586' title='bbox 1183 5795 1214 5844; x_wconf 92' lang='lat' dir='ltr'><strong>A.</strong></span> <span class='ocrx_word' id='word_1_587' title='bbox 1239 5818 1267 5829; x_wconf 95' lang='lat'>-</span> <span class='ocrx_word' id='word_1_588' title='bbox 1291 5793 1333 5845; x_wconf 72' lang='grc' dir='ltr'>ιιι.</span> <span class='ocrx_word' id='word_1_589' title='bbox 1354 5792 1436 5856; x_wconf 79' lang='lat' dir='ltr'><strong>odqtte</strong></span> <span class='ocrx_word' id='word_1_590' title='bbox 1455 5793 1565 5846; x_wconf 73' lang='lat' dir='ltr'><strong>tumim</strong></span> <span class='ocrx_word' id='word_1_591' title='bbox 1586 5795 1620 5848; x_wconf 89' lang='lat' dir='ltr'><strong>ll.</strong></span> <span class='ocrx_word' id='word_1_592' title='bbox 1639 5795 1704 5861; x_wconf 82' lang='lat' dir='ltr'><strong>(scil.</strong></span> <span class='ocrx_word' id='word_1_593' title='bbox 1722 5801 1753 5851; x_wconf 91' lang='lat' dir='ltr'><strong>A.</strong></span> 
     </span>
     <span class='ocr_line' id='line_1_52' title="bbox 429 5869 872 5933; baseline 0 -13"><span class='ocrx_word' id='word_1_594' title='bbox 429 5869 524 5933; x_wconf 65' lang='lat' dir='ltr'><strong>usqu).</strong></span> <span class='ocrx_word' id='word_1_595' title='bbox 545 5897 573 5908; x_wconf 94' lang='lat'><em>-</em></span> <span class='ocrx_word' id='word_1_596' title='bbox 592 5870 634 5922; x_wconf 73' lang='lat'><strong>29.</strong></span> <span class='ocrx_word' id='word_1_597' title='bbox 652 5874 676 5921; x_wconf 83' lang='lat' dir='ltr'><strong>et</strong></span> <span class='ocrx_word' id='word_1_598' title='bbox 692 5869 754 5919; x_wconf 78' lang='lat' dir='ltr'><strong>disc.</strong></span> <span class='ocrx_word' id='word_1_599' title='bbox 773 5880 826 5921; x_wconf 87' lang='lat' dir='ltr'><strong>om.</strong></span> <span class='ocrx_word' id='word_1_600' title='bbox 841 5870 872 5920; x_wconf 93' lang='lat' dir='ltr'><strong>A.</strong></span> 
     </span>
    </p>
   </div>
   <div class='ocr_carea' id='block_1_4' title="bbox 0 0 2213 7459">
    <p class='ocr_par' dir='ltr' id='par_1_6' title="bbox 0 0 2213 7459">
     <span class='ocr_line' id='line_1_53' title="bbox 0 0 2213 7459; baseline 0 0"><span class='ocrx_word' id='word_1_601' title='bbox 0 0 2213 7459; x_wconf 95' lang='lat' dir='ltr'><strong> </strong></span> 
     </span>
    </p>
   </div>
  </div>
 </body>
</html>
