<?xml version="1.0" encoding="UTF-8"?>
<!DOCTYPE html PUBLIC "-//W3C//DTD XHTML 1.0 Transitional//EN"
    "http://www.w3.org/TR/xhtml1/DTD/xhtml1-transitional.dtd">
<html xmlns="http://www.w3.org/1999/xhtml" xml:lang="en" lang="en">
 <head>
  <title>
</title>
<meta http-equiv="Content-Type" content="text/html;charset=utf-8" />
  <meta name='ocr-system' content='tesseract 3.04.00' />
  <meta name='ocr-capabilities' content='ocr_page ocr_carea ocr_par ocr_line ocrx_word'/>
</head>
<body>
  <div class='ocr_page' id='page_1' title='image "./operaquaesupers00halmgoog/operaquaesupers00halmgoog_0283.png"; bbox 0 0 4342 7459; ppageno 0'>
   <div class='ocr_carea' id='block_1_1' title="bbox 721 1265 1738 1360">
    <p class='ocr_par' dir='ltr' id='par_1_1' title="bbox 721 1265 1738 1360">
     <span class='ocr_line' id='line_1_1' title="bbox 721 1265 1738 1360; baseline -0.002 -21"><span class='ocrx_word' id='word_1_1' title='bbox 721 1277 790 1342; x_wconf 79' lang='lat' dir='ltr'><strong>nn.</strong></span> <span class='ocrx_word' id='word_1_2' title='bbox 811 1278 851 1340; x_wconf 91' lang='lat' dir='ltr'><strong>u.</strong></span> <span class='ocrx_word' id='word_1_3' title='bbox 880 1276 954 1341; x_wconf 71' lang='lat' dir='ltr'><strong>cn.</strong></span> <span class='ocrx_word' id='word_1_4' title='bbox 976 1276 1194 1341; x_wconf 83' lang='lat' dir='ltr'><strong>xrx-xxr.</strong></span> <span class='ocrx_word' id='word_1_5' title='bbox 1222 1273 1268 1360; x_wconf 69' lang='lat' dir='ltr'><strong>sp</strong></span> <span class='ocrx_word' id='word_1_6' title='bbox 1290 1273 1436 1342; x_wconf 80' lang='lat' dir='ltr'><strong>ta-tr,</strong></span> <span class='ocrx_word' id='word_1_7' title='bbox 1676 1265 1738 1337; x_wconf 81' lang='lat' dir='ltr'><strong>act</strong></span> 
     </span>
    </p>
   </div>
   <div class='ocr_carea' id='block_1_2' title="bbox 412 1434 1776 4416">
    <p class='ocr_par' dir='ltr' id='par_1_2' title="bbox 415 1434 1775 2549">
     <span class='ocr_line' id='line_1_2' title="bbox 419 1434 1738 1519; baseline -0.002 -20"><span class='ocrx_word' id='word_1_8' title='bbox 419 1436 501 1500; x_wconf 90' lang='lat' dir='ltr'><strong>alins</strong></span> <span class='ocrx_word' id='word_1_9' title='bbox 521 1468 564 1483; x_wconf 90' lang='lat'>-</span> <span class='ocrx_word' id='word_1_10' title='bbox 585 1455 648 1499; x_wconf 93' lang='lat' dir='ltr'><strong>non</strong></span> <span class='ocrx_word' id='word_1_11' title='bbox 671 1436 822 1499; x_wconf 90' lang='lat' dir='ltr'><strong>continuo</strong></span> <span class='ocrx_word' id='word_1_12' title='bbox 845 1455 915 1498; x_wconf 89' lang='lat' dir='ltr'><strong>esse</strong></span> <span class='ocrx_word' id='word_1_13' title='bbox 938 1434 1008 1497; x_wconf 93' lang='lat' dir='ltr'><strong>dico</strong></span> <span class='ocrx_word' id='word_1_14' title='bbox 1029 1435 1157 1497; x_wconf 88' lang='lat' dir='ltr'><strong>brevem</strong></span> <span class='ocrx_word' id='word_1_15' title='bbox 1178 1436 1361 1519; x_wconf 90' lang='lat' dir='ltr'><strong>multosque</strong></span> <span class='ocrx_word' id='word_1_16' title='bbox 1382 1456 1509 1519; x_wconf 92' lang='lat' dir='ltr'><strong>possum</strong></span> <span class='ocrx_word' id='word_1_17' title='bbox 1529 1439 1632 1500; x_wconf 91' lang='lat' dir='ltr'><strong>bonos</strong></span> <span class='ocrx_word' id='word_1_18' title='bbox 1654 1436 1738 1498; x_wconf 86' lang='lat' dir='ltr'><strong>viros</strong></span> 
     </span>
     <span class='ocr_line' id='line_1_3' title="bbox 419 1528 1738 1612; baseline -0.001 -21"><span class='ocrx_word' id='word_1_19' title='bbox 419 1530 596 1604; x_wconf 89' lang='lat' dir='ltr'><strong>nominare,</strong></span> <span class='ocrx_word' id='word_1_20' title='bbox 619 1531 674 1611; x_wconf 94' lang='lat' dir='ltr'><strong>qui</strong></span> <span class='ocrx_word' id='word_1_21' title='bbox 697 1529 875 1611; x_wconf 82' lang='lat' dir='ltr'><strong>complures</strong></span> <span class='ocrx_word' id='word_1_22' title='bbox 897 1547 996 1591; x_wconf 91' lang='lat' dir='ltr'><strong>annos</strong></span> <span class='ocrx_word' id='word_1_23' title='bbox 1018 1528 1182 1590; x_wconf 89' lang='lat' dir='ltr'><strong>doloribus</strong></span> <span class='ocrx_word' id='word_1_24' title='bbox 1204 1529 1362 1612; x_wconf 80' lang='lat' dir='ltr'><strong>podagrae</strong></span> <span class='ocrx_word' id='word_1_25' title='bbox 1384 1530 1562 1593; x_wconf 84' lang='lat' dir='ltr'><strong>crucientur</strong></span> <span class='ocrx_word' id='word_1_26' title='bbox 1585 1529 1738 1592; x_wconf 86' lang='lat' dir='ltr'><strong>maximis.</strong></span> 
     </span>
     <span class='ocr_line' id='line_1_4' title="bbox 418 1621 1738 1705; baseline -0.002 -20"><span class='ocrx_word' id='word_1_27' title='bbox 418 1622 479 1685; x_wconf 87' lang='lat' dir='ltr'><strong>Sed</strong></span> <span class='ocrx_word' id='word_1_28' title='bbox 508 1623 604 1686; x_wconf 92' lang='lat' dir='ltr'><strong>homo</strong></span> <span class='ocrx_word' id='word_1_29' title='bbox 634 1631 722 1686; x_wconf 92' lang='lat' dir='ltr'><strong>catus</strong></span> <span class='ocrx_word' id='word_1_30' title='bbox 750 1642 920 1705; x_wconf 85' lang='lat' dir='ltr'><strong>numquam</strong></span> <span class='ocrx_word' id='word_1_31' title='bbox 948 1621 1096 1684; x_wconf 76' lang='lat' dir='ltr'><strong>terminat</strong></span> <span class='ocrx_word' id='word_1_32' title='bbox 1116 1640 1175 1684; x_wconf 92' lang='lat' dir='ltr'><strong>nec</strong></span> <span class='ocrx_word' id='word_1_33' title='bbox 1198 1622 1423 1704; x_wconf 74' lang='lat' dir='ltr'><strong>magnitudinis</strong></span> <span class='ocrx_word' id='word_1_34' title='bbox 1445 1642 1504 1685; x_wconf 90' lang='lat' dir='ltr'><strong>nec</strong></span> <span class='ocrx_word' id='word_1_35' title='bbox 1527 1621 1738 1685; x_wconf 76' lang='lat' dir='ltr'><strong>diuturnitatis</strong></span> 
     </span>
     <span class='ocr_line' id='line_1_5' title="bbox 417 1713 1737 1798; baseline -0.003 -19"><span class='ocrx_word' id='word_1_36' title='bbox 417 1716 561 1790; x_wconf 89' lang='lat' dir='ltr'><strong>modum,</strong></span> <span class='ocrx_word' id='word_1_37' title='bbox 583 1723 619 1779; x_wconf 90' lang='lat' dir='ltr'><strong>ut</strong></span> <span class='ocrx_word' id='word_1_38' title='bbox 641 1717 737 1780; x_wconf 93' lang='lat' dir='ltr'><strong>sciam</strong></span> <span class='ocrx_word' id='word_1_39' title='bbox 761 1714 839 1798; x_wconf 95' lang='lat' dir='ltr'><strong>quid</strong></span> <span class='ocrx_word' id='word_1_40' title='bbox 863 1735 1017 1778; x_wconf 90' lang='lat' dir='ltr'><strong>summum</strong></span> <span class='ocrx_word' id='word_1_41' title='bbox 1033 1715 1116 1776; x_wconf 90' lang='lat' dir='ltr'><strong>dicat</strong></span> <span class='ocrx_word' id='word_1_42' title='bbox 1136 1715 1168 1775; x_wconf 96' lang='lat' dir='ltr'><strong>in</strong></span> <span class='ocrx_word' id='word_1_43' title='bbox 1184 1713 1309 1787; x_wconf 90' lang='lat' dir='ltr'><strong>dolore,</strong></span> <span class='ocrx_word' id='word_1_44' title='bbox 1333 1715 1409 1798; x_wconf 91' lang='lat' dir='ltr'><strong>quid</strong></span> <span class='ocrx_word' id='word_1_45' title='bbox 1426 1715 1522 1778; x_wconf 90' lang='lat' dir='ltr'><strong>breve</strong></span> <span class='ocrx_word' id='word_1_46' title='bbox 1536 1716 1569 1777; x_wconf 94' lang='lat' dir='ltr'><strong>in</strong></span> <span class='ocrx_word' id='word_1_47' title='bbox 1584 1723 1737 1795; x_wconf 89' lang='lat' dir='ltr'><strong>tempore.</strong></span> 
     </span>
     <span class='ocr_line' id='line_1_6' title="bbox 417 1805 1761 1891; baseline -0.004 -18"><span class='ocrx_word' id='word_1_48' title='bbox 417 1810 605 1874; x_wconf 81' lang='lat' dir='ltr'><strong>Omittamus</strong></span> <span class='ocrx_word' id='word_1_49' title='bbox 625 1810 709 1874; x_wconf 92' lang='lat' dir='ltr'><strong>hunc</strong></span> <span class='ocrx_word' id='word_1_50' title='bbox 730 1810 825 1891; x_wconf 89' lang='lat' dir='ltr'><strong>igitur</strong></span> <span class='ocrx_word' id='word_1_51' title='bbox 846 1808 925 1870; x_wconf 91' lang='lat' dir='ltr'><strong>nihil</strong></span> <span class='ocrx_word' id='word_1_52' title='bbox 948 1828 1077 1890; x_wconf 88' lang='lat' dir='ltr'><strong>prorsus</strong></span> <span class='ocrx_word' id='word_1_53' title='bbox 1101 1807 1257 1870; x_wconf 86' lang='lat' dir='ltr'><strong>dicentem</strong></span> <span class='ocrx_word' id='word_1_54' title='bbox 1280 1826 1492 1890; x_wconf 81' lang='lat' dir='ltr'><strong>cogamusque</strong></span> <span class='ocrx_word' id='word_1_55' title='bbox 1515 1805 1656 1870; x_wconf 85' lang='lat' dir='ltr'><strong>confiteri</strong></span> <span class='ocrx_word' id='word_1_56' title='bbox 1672 1822 1761 1869; x_wconf 83' lang='lat' dir='ltr'><strong>nono</strong></span> 
     </span>
     <span class='ocr_line' id='line_1_7' title="bbox 416 1900 1739 1983; baseline -0.004 -15"><span class='ocrx_word' id='word_1_57' title='bbox 416 1925 486 1968; x_wconf 90' lang='lat' dir='ltr'><strong>esse</strong></span> <span class='ocrx_word' id='word_1_58' title='bbox 515 1904 556 1967; x_wconf 90' lang='lat' dir='ltr'><strong>ab</strong></span> <span class='ocrx_word' id='word_1_59' title='bbox 585 1923 624 1967; x_wconf 93' lang='lat' dir='ltr'><strong>eo</strong></span> <span class='ocrx_word' id='word_1_60' title='bbox 653 1902 771 1967; x_wconf 89' lang='lat' dir='ltr'><strong>doloris</strong></span> <span class='ocrx_word' id='word_1_61' title='bbox 793 1902 930 1965; x_wconf 90' lang='lat' dir='ltr'><strong>remedia</strong></span> <span class='ocrx_word' id='word_1_62' title='bbox 953 1900 1150 1983; x_wconf 89' lang='lat' dir='ltr'><strong>quaerenda,</strong></span> <span class='ocrx_word' id='word_1_63' title='bbox 1180 1902 1234 1982; x_wconf 94' lang='lat' dir='ltr'><strong>qui</strong></span> <span class='ocrx_word' id='word_1_64' title='bbox 1258 1900 1400 1963; x_wconf 92' lang='lat' dir='ltr'><strong>dolorem</strong></span> <span class='ocrx_word' id='word_1_65' title='bbox 1423 1903 1575 1964; x_wconf 91' lang='lat' dir='ltr'><strong>malorum</strong></span> <span class='ocrx_word' id='word_1_66' title='bbox 1598 1902 1739 1964; x_wconf 90' lang='lat' dir='ltr'><strong>omnium</strong></span> 
     </span>
     <span class='ocr_line' id='line_1_8' title="bbox 416 1994 1739 2080; baseline -0.005 -17"><span class='ocrx_word' id='word_1_67' title='bbox 416 2019 596 2063; x_wconf 83' lang='lat' dir='ltr'><strong>maxumum</strong></span> <span class='ocrx_word' id='word_1_68' title='bbox 618 1997 752 2069; x_wconf 82' lang='lat' dir='ltr'><strong>dixerit,</strong></span> <span class='ocrx_word' id='word_1_69' title='bbox 775 1997 918 2080; x_wconf 64' lang='lat' dir='ltr'><strong>quamuis</strong></span> <span class='ocrx_word' id='word_1_70' title='bbox 940 1996 1025 2057; x_wconf 93' lang='lat' dir='ltr'><strong>idem</strong></span> <span class='ocrx_word' id='word_1_71' title='bbox 1047 1994 1224 2058; x_wconf 81' lang='lat' dir='ltr'><strong>forticulum</strong></span> <span class='ocrx_word' id='word_1_72' title='bbox 1240 2012 1274 2056; x_wconf 90' lang='lat' dir='ltr'><strong>se</strong></span> <span class='ocrx_word' id='word_1_73' title='bbox 1293 1995 1327 2056; x_wconf 92' lang='lat' dir='ltr'><strong>in</strong></span> <span class='ocrx_word' id='word_1_74' title='bbox 1342 1996 1528 2058; x_wconf 86' lang='lat' dir='ltr'><strong>torminibus</strong></span> <span class='ocrx_word' id='word_1_75' title='bbox 1545 2004 1576 2058; x_wconf 93' lang='lat' dir='ltr'><strong>et</strong></span> <span class='ocrx_word' id='word_1_76' title='bbox 1589 1997 1621 2056; x_wconf 92' lang='lat' dir='ltr'><strong>in</strong></span> <span class='ocrx_word' id='word_1_77' title='bbox 1637 2004 1739 2057; x_wconf 78' lang='lat' dir='ltr'><strong>suan·</strong></span> 
     </span>
     <span class='ocr_line' id='line_1_9' title="bbox 416 2087 1739 2175; baseline -0.005 -20"><span class='ocrx_word' id='word_1_78' title='bbox 416 2095 503 2175; x_wconf 86' lang='lat' dir='ltr'><strong>guria</strong></span> <span class='ocrx_word' id='word_1_79' title='bbox 527 2111 585 2154; x_wconf 89' lang='lat' dir='ltr'><strong>sua</strong></span> <span class='ocrx_word' id='word_1_80' title='bbox 613 2089 771 2172; x_wconf 91' lang='lat' dir='ltr'><strong>praebeat.</strong></span> <span class='ocrx_word' id='word_1_81' title='bbox 806 2088 943 2151; x_wconf 80' lang='lat' dir='ltr'><strong>Aliunde</strong></span> <span class='ocrx_word' id='word_1_82' title='bbox 970 2090 1064 2169; x_wconf 92' lang='lat' dir='ltr'><strong>igitur</strong></span> <span class='ocrx_word' id='word_1_83' title='bbox 1092 2095 1140 2150; x_wconf 92' lang='lat' dir='ltr'><strong>est</strong></span> <span class='ocrx_word' id='word_1_84' title='bbox 1161 2087 1342 2169; x_wconf 90' lang='lat' dir='ltr'><strong>quaerenda</strong></span> <span class='ocrx_word' id='word_1_85' title='bbox 1370 2089 1527 2151; x_wconf 89' lang='lat' dir='ltr'><strong>medicina</strong></span> <span class='ocrx_word' id='word_1_86' title='bbox 1549 2096 1582 2151; x_wconf 93' lang='lat' dir='ltr'><strong>et</strong></span> <span class='ocrx_word' id='word_1_87' title='bbox 1604 2087 1739 2150; x_wconf 85' lang='lat' dir='ltr'><strong>maxime</strong></span> 
     </span>
     <span class='ocr_line' id='line_1_10' title="bbox 416 2180 1773 2269; baseline -0.004 -21"><span class='ocrx_word' id='word_1_88' title='bbox 416 2186 558 2269; x_wconf 88' lang='lat' dir='ltr'><strong>quidem,</strong></span> <span class='ocrx_word' id='word_1_89' title='bbox 586 2184 613 2246; x_wconf 91' lang='lat' dir='ltr'><strong>si</strong></span> <span class='ocrx_word' id='word_1_90' title='bbox 642 2182 718 2266; x_wconf 93' lang='lat' dir='ltr'><strong>quid</strong></span> <span class='ocrx_word' id='word_1_91' title='bbox 748 2183 884 2245; x_wconf 87' lang='lat' dir='ltr'><strong>maxime</strong></span> <span class='ocrx_word' id='word_1_92' title='bbox 907 2192 1154 2245; x_wconf 89' lang='lat' dir='ltr'><strong>consentaneum</strong></span> <span class='ocrx_word' id='word_1_93' title='bbox 1177 2183 1217 2244; x_wconf 89' lang='lat' dir='ltr'><strong>sit</strong></span> <span class='ocrx_word' id='word_1_94' title='bbox 1239 2182 1435 2265; x_wconf 88' lang='lat' dir='ltr'><strong>quaerimus,</strong></span> <span class='ocrx_word' id='word_1_95' title='bbox 1465 2182 1504 2244; x_wconf 93' lang='lat' dir='ltr'><strong>ab</strong></span> <span class='ocrx_word' id='word_1_96' title='bbox 1527 2182 1580 2254; x_wconf 91' lang='lat' dir='ltr'><strong>iis,</strong></span> <span class='ocrx_word' id='word_1_97' title='bbox 1611 2180 1738 2264; x_wconf 89' lang='lat' dir='ltr'><strong>quibus,</strong></span> <span class='ocrx_word' id='word_1_98' title='bbox 1769 2212 1773 2221; x_wconf 94' lang='lat'><em>·</em></span> 
     </span>
     <span class='ocr_line' id='line_1_11' title="bbox 416 2274 1775 2361; baseline -0.004 -20"><span class='ocrx_word' id='word_1_99' title='bbox 416 2278 502 2361; x_wconf 93' lang='lat' dir='ltr'><strong>quod</strong></span> <span class='ocrx_word' id='word_1_100' title='bbox 524 2277 693 2340; x_wconf 88' lang='lat' dir='ltr'><strong>honestum</strong></span> <span class='ocrx_word' id='word_1_101' title='bbox 716 2277 771 2349; x_wconf 92' lang='lat' dir='ltr'><strong>sit,</strong></span> <span class='ocrx_word' id='word_1_102' title='bbox 794 2295 947 2339; x_wconf 92' lang='lat' dir='ltr'><strong>summum</strong></span> <span class='ocrx_word' id='word_1_103' title='bbox 971 2276 1106 2349; x_wconf 92' lang='lat' dir='ltr'><strong>bonum,</strong></span> <span class='ocrx_word' id='word_1_104' title='bbox 1128 2275 1215 2358; x_wconf 92' lang='lat' dir='ltr'><strong>quod</strong></span> <span class='ocrx_word' id='word_1_105' title='bbox 1235 2283 1343 2356; x_wconf 85' lang='lat' dir='ltr'><strong>turpe,</strong></span> <span class='ocrx_word' id='word_1_106' title='bbox 1365 2294 1521 2338; x_wconf 89' lang='lat' dir='ltr'><strong>summum</strong></span> <span class='ocrx_word' id='word_1_107' title='bbox 1537 2274 1661 2338; x_wconf 87' lang='lat' dir='ltr'><strong>ridetur</strong></span> <span class='ocrx_word' id='word_1_108' title='bbox 1674 2289 1775 2338; x_wconf 71' lang='lat' dir='ltr'><strong>muto</strong></span> 
     </span>
     <span class='ocr_line' id='line_1_12' title="bbox 415 2368 1737 2453; baseline -0.003 -19"><span class='ocrx_word' id='word_1_109' title='bbox 415 2372 490 2435; x_wconf 83' lang='lat' dir='ltr'><strong>lum.</strong></span> <span class='ocrx_word' id='word_1_110' title='bbox 527 2371 586 2434; x_wconf 89' lang='lat' dir='ltr'><strong>llis</strong></span> <span class='ocrx_word' id='word_1_111' title='bbox 614 2378 648 2433; x_wconf 92' lang='lat' dir='ltr'><strong>tu</strong></span> <span class='ocrx_word' id='word_1_112' title='bbox 678 2370 896 2453; x_wconf 87' lang='lat' dir='ltr'><strong>praesentibus</strong></span> <span class='ocrx_word' id='word_1_113' title='bbox 926 2388 1051 2450; x_wconf 89' lang='lat' dir='ltr'><strong>gemere</strong></span> <span class='ocrx_word' id='word_1_114' title='bbox 1081 2377 1113 2431; x_wconf 91' lang='lat' dir='ltr'><strong>et</strong></span> <span class='ocrx_word' id='word_1_115' title='bbox 1140 2371 1255 2432; x_wconf 91' lang='lat' dir='ltr'><strong>iactare</strong></span> <span class='ocrx_word' id='word_1_116' title='bbox 1277 2377 1308 2432; x_wconf 87' lang='lat' dir='ltr'><strong>te</strong></span> <span class='ocrx_word' id='word_1_117' title='bbox 1330 2388 1394 2433; x_wconf 92' lang='lat' dir='ltr'><strong>non</strong></span> <span class='ocrx_word' id='word_1_118' title='bbox 1416 2369 1547 2432; x_wconf 86' lang='lat' dir='ltr'><strong>audebis</strong></span> <span class='ocrx_word' id='word_1_119' title='bbox 1576 2368 1737 2453; x_wconf 83' lang='lat' dir='ltr'><strong>protecto;</strong></span> 
     </span>
     <span class='ocr_line' id='line_1_13' title="bbox 415 2462 1258 2549; baseline -0.005 -21"><span class='ocrx_word' id='word_1_120' title='bbox 415 2467 566 2549; x_wconf 87' lang='lat' dir='ltr'><strong>loquetur</strong></span> <span class='ocrx_word' id='word_1_121' title='bbox 586 2464 672 2527; x_wconf 87' lang='lat' dir='ltr'><strong>enim</strong></span> <span class='ocrx_word' id='word_1_122' title='bbox 693 2482 803 2526; x_wconf 88' lang='lat' dir='ltr'><strong>eorum</strong></span> <span class='ocrx_word' id='word_1_123' title='bbox 826 2482 903 2525; x_wconf 90' lang='lat' dir='ltr'><strong>voce</strong></span> <span class='ocrx_word' id='word_1_124' title='bbox 925 2463 1024 2524; x_wconf 91' lang='lat' dir='ltr'><strong>virtus</strong></span> <span class='ocrx_word' id='word_1_125' title='bbox 1046 2462 1116 2544; x_wconf 89' lang='lat' dir='ltr'><strong>ipsa</strong></span> <span class='ocrx_word' id='word_1_126' title='bbox 1137 2469 1258 2526; x_wconf 87' lang='lat' dir='ltr'><strong>tecum:</strong></span> 
     </span>
    </p>

    <p class='ocr_par' dir='ltr' id='par_1_3' title="bbox 412 2554 1776 3947">
     <span class='ocr_line' id='line_1_14' title="bbox 498 2554 1739 2641; baseline -0.002 -20"><span class='ocrx_word' id='word_1_127' title='bbox 498 2558 571 2621; x_wconf 90' lang='lat' dir='ltr'><strong>XX.</strong></span> <span class='ocrx_word' id='word_1_128' title='bbox 593 2554 644 2619; x_wconf 81' lang='lat' dir='ltr'><strong>lb.</strong></span> <span class='ocrx_word' id='word_1_129' title='bbox 674 2559 781 2630; x_wconf 85' lang='lat' dir='ltr'><strong>Tune,</strong></span> <span class='ocrx_word' id='word_1_130' title='bbox 811 2576 880 2619; x_wconf 89' lang='lat' dir='ltr'><strong>cum</strong></span> <span class='ocrx_word' id='word_1_131' title='bbox 910 2577 1024 2638; x_wconf 89' lang='lat' dir='ltr'><strong>pueros</strong></span> <span class='ocrx_word' id='word_1_132' title='bbox 1047 2558 1300 2631; x_wconf 86' lang='lat' dir='ltr'><strong>Lacedaemone,</strong></span> <span class='ocrx_word' id='word_1_133' title='bbox 1330 2556 1541 2620; x_wconf 88' lang='lat' dir='ltr'><strong>adulescentis</strong></span> <span class='ocrx_word' id='word_1_134' title='bbox 1563 2557 1739 2641; x_wconf 83' lang='lat' dir='ltr'><strong>Olympiae,</strong></span> 
     </span>
     <span class='ocr_line' id='line_1_15' title="bbox 414 2649 1739 2732; baseline -0.002 -19"><span class='ocrx_word' id='word_1_135' title='bbox 414 2651 565 2714; x_wconf 90' lang='lat' dir='ltr'><strong>barbaros</strong></span> <span class='ocrx_word' id='word_1_136' title='bbox 595 2652 629 2713; x_wconf 92' lang='lat' dir='ltr'><strong>in</strong></span> <span class='ocrx_word' id='word_1_137' title='bbox 666 2651 785 2714; x_wconf 85' lang='lat' dir='ltr'><strong>harena</strong></span> <span class='ocrx_word' id='word_1_138' title='bbox 806 2650 922 2713; x_wconf 90' lang='lat' dir='ltr'><strong>videris</strong></span> <span class='ocrx_word' id='word_1_139' title='bbox 954 2650 1141 2732; x_wconf 79' lang='lat' dir='ltr'><strong>excipientis</strong></span> <span class='ocrx_word' id='word_1_140' title='bbox 1175 2650 1374 2732; x_wconf 87' lang='lat' dir='ltr'><strong>gravissimas</strong></span> <span class='ocrx_word' id='word_1_141' title='bbox 1405 2650 1513 2732; x_wconf 81' lang='lat' dir='ltr'><strong>plagas</strong></span> <span class='ocrx_word' id='word_1_142' title='bbox 1546 2660 1578 2713; x_wconf 92' lang='lat' dir='ltr'><strong>et</strong></span> <span class='ocrx_word' id='word_1_143' title='bbox 1609 2649 1739 2712; x_wconf 84' lang='lat' dir='ltr'><strong>serentis</strong></span> 
     </span>
     <span class='ocr_line' id='line_1_16' title="bbox 413 2743 1776 2825; baseline -0.002 -18"><span class='ocrx_word' id='word_1_144' title='bbox 413 2745 558 2818; x_wconf 89' lang='lat' dir='ltr'><strong>silentio,</strong></span> <span class='ocrx_word' id='word_1_145' title='bbox 581 2746 608 2807; x_wconf 96' lang='lat' dir='ltr'><strong>si</strong></span> <span class='ocrx_word' id='word_1_146' title='bbox 632 2753 663 2807; x_wconf 90' lang='lat' dir='ltr'><strong>te</strong></span> <span class='ocrx_word' id='word_1_147' title='bbox 685 2743 766 2806; x_wconf 80' lang='lat' dir='ltr'><strong>torte</strong></span> <span class='ocrx_word' id='word_1_148' title='bbox 790 2743 882 2806; x_wconf 91' lang='lat' dir='ltr'><strong>dolor</strong></span> <span class='ocrx_word' id='word_1_149' title='bbox 903 2743 1017 2824; x_wconf 90' lang='lat' dir='ltr'><strong>aliquis</strong></span> <span class='ocrx_word' id='word_1_150' title='bbox 1040 2744 1235 2825; x_wconf 80' lang='lat' dir='ltr'><strong>pervellerit,</strong></span> <span class='ocrx_word' id='word_1_151' title='bbox 1258 2743 1449 2806; x_wconf 80' lang='lat' dir='ltr'><strong>exclamabis</strong></span> <span class='ocrx_word' id='word_1_152' title='bbox 1471 2754 1506 2806; x_wconf 91' lang='lat' dir='ltr'><strong>ut</strong></span> <span class='ocrx_word' id='word_1_153' title='bbox 1521 2744 1649 2817; x_wconf 91' lang='lat' dir='ltr'><strong>mulier,</strong></span> <span class='ocrx_word' id='word_1_154' title='bbox 1675 2758 1776 2805; x_wconf 79' lang='lat' dir='ltr'><strong>nonis</strong></span> 
     </span>
     <span class='ocr_line' id='line_1_17' title="bbox 415 2837 1738 2920; baseline -0.001 -19"><span class='ocrx_word' id='word_1_155' title='bbox 415 2847 597 2902; x_wconf 84' lang='lat' dir='ltr'><strong>constanter</strong></span> <span class='ocrx_word' id='word_1_156' title='bbox 618 2847 650 2901; x_wconf 89' lang='lat' dir='ltr'><strong>et</strong></span> <span class='ocrx_word' id='word_1_157' title='bbox 672 2837 779 2901; x_wconf 90' lang='lat' dir='ltr'><strong>sedate</strong></span> <span class='ocrx_word' id='word_1_158' title='bbox 800 2837 906 2901; x_wconf 80' lang='lat' dir='ltr'><strong>teresi</strong></span> <span class='ocrx_word' id='word_1_159' title='bbox 928 2870 969 2883; x_wconf 99' lang='lat'>-</span> <span class='ocrx_word' id='word_1_160' title='bbox 991 2838 1077 2900; x_wconf 87' lang='lat' dir='ltr'><strong>Ferri</strong></span> <span class='ocrx_word' id='word_1_161' title='bbox 1099 2857 1163 2900; x_wconf 94' lang='lat' dir='ltr'><strong>non</strong></span> <span class='ocrx_word' id='word_1_162' title='bbox 1185 2844 1304 2920; x_wconf 82' lang='lat' dir='ltr'><strong>potest3</strong></span> <span class='ocrx_word' id='word_1_163' title='bbox 1330 2844 1443 2899; x_wconf 87' lang='lat' dir='ltr'><strong>natura</strong></span> <span class='ocrx_word' id='word_1_164' title='bbox 1466 2857 1528 2900; x_wconf 93' lang='lat' dir='ltr'><strong>non</strong></span> <span class='ocrx_word' id='word_1_165' title='bbox 1550 2840 1677 2919; x_wconf 88' lang='lat' dir='ltr'><strong>patitur.</strong></span> <span class='ocrx_word' id='word_1_166' title='bbox 1698 2869 1738 2881; x_wconf 90' lang='lat'><em>-</em></span> 
     </span>
     <span class='ocr_line' id='line_1_18' title="bbox 413 2930 1739 3014; baseline -0.001 -20"><span class='ocrx_word' id='word_1_167' title='bbox 413 2931 529 2994; x_wconf 81' lang='lat' dir='ltr'><strong>Audio.</strong></span> <span class='ocrx_word' id='word_1_168' title='bbox 569 2933 661 2996; x_wconf 88' lang='lat' dir='ltr'><strong>Pueri</strong></span> <span class='ocrx_word' id='word_1_169' title='bbox 689 2930 796 2993; x_wconf 82' lang='lat' dir='ltr'><strong>serunt</strong></span> <span class='ocrx_word' id='word_1_170' title='bbox 822 2931 920 3014; x_wconf 90' lang='lat' dir='ltr'><strong>gloria</strong></span> <span class='ocrx_word' id='word_1_171' title='bbox 949 2931 1051 3003; x_wconf 91' lang='lat' dir='ltr'><strong>ducti,</strong></span> <span class='ocrx_word' id='word_1_172' title='bbox 1082 2930 1189 2993; x_wconf 82' lang='lat' dir='ltr'><strong>ierunt</strong></span> <span class='ocrx_word' id='word_1_173' title='bbox 1217 2930 1338 3012; x_wconf 88' lang='lat' dir='ltr'><strong>pudore</strong></span> <span class='ocrx_word' id='word_1_174' title='bbox 1360 2930 1429 3002; x_wconf 84' lang='lat' dir='ltr'><strong>alii,</strong></span> <span class='ocrx_word' id='word_1_175' title='bbox 1461 2931 1549 2993; x_wconf 91' lang='lat' dir='ltr'><strong>multi</strong></span> <span class='ocrx_word' id='word_1_176' title='bbox 1573 2939 1676 3003; x_wconf 93' lang='lat' dir='ltr'><strong>metu,</strong></span> <span class='ocrx_word' id='word_1_177' title='bbox 1707 2938 1739 2993; x_wconf 88' lang='lat' dir='ltr'><strong>ei</strong></span> 
     </span>
     <span class='ocr_line' id='line_1_19' title="bbox 413 3024 1738 3107; baseline -0.003 -18"><span class='ocrx_word' id='word_1_178' title='bbox 413 3034 517 3089; x_wconf 88' lang='lat' dir='ltr'><strong>tamen</strong></span> <span class='ocrx_word' id='word_1_179' title='bbox 541 3046 686 3089; x_wconf 89' lang='lat' dir='ltr'><strong>veremur</strong></span> <span class='ocrx_word' id='word_1_180' title='bbox 707 3033 742 3087; x_wconf 98' lang='lat' dir='ltr'><strong>ut</strong></span> <span class='ocrx_word' id='word_1_181' title='bbox 762 3025 840 3098; x_wconf 92' lang='lat' dir='ltr'><strong>hoc,</strong></span> <span class='ocrx_word' id='word_1_182' title='bbox 863 3025 947 3107; x_wconf 92' lang='lat' dir='ltr'><strong>quod</strong></span> <span class='ocrx_word' id='word_1_183' title='bbox 970 3044 990 3085; x_wconf 93' lang='lat' dir='ltr'><strong>a</strong></span> <span class='ocrx_word' id='word_1_184' title='bbox 1011 3032 1072 3086; x_wconf 92' lang='lat' dir='ltr'><strong>tam</strong></span> <span class='ocrx_word' id='word_1_185' title='bbox 1097 3025 1203 3086; x_wconf 91' lang='lat' dir='ltr'><strong>multis</strong></span> <span class='ocrx_word' id='word_1_186' title='bbox 1226 3032 1257 3086; x_wconf 92' lang='lat' dir='ltr'><strong>et</strong></span> <span class='ocrx_word' id='word_1_187' title='bbox 1273 3024 1359 3106; x_wconf 96' lang='lat' dir='ltr'><strong>quod</strong></span> <span class='ocrx_word' id='word_1_188' title='bbox 1383 3032 1430 3086; x_wconf 92' lang='lat' dir='ltr'><strong>tot</strong></span> <span class='ocrx_word' id='word_1_189' title='bbox 1453 3024 1530 3086; x_wconf 91' lang='lat' dir='ltr'><strong>locis</strong></span> <span class='ocrx_word' id='word_1_190' title='bbox 1553 3024 1738 3106; x_wconf 82' lang='lat' dir='ltr'><strong>perferatur,</strong></span> 
     </span>
     <span class='ocr_line' id='line_1_20' title="bbox 413 3116 1737 3203; baseline -0.002 -20"><span class='ocrx_word' id='word_1_191' title='bbox 413 3128 526 3183; x_wconf 84' lang='lat' dir='ltr'><strong>natura</strong></span> <span class='ocrx_word' id='word_1_192' title='bbox 557 3121 715 3203; x_wconf 72' lang='lat' dir='ltr'><strong>patiatur?</strong></span> <span class='ocrx_word' id='word_1_193' title='bbox 746 3119 802 3181; x_wconf 90' lang='lat' dir='ltr'><strong>llla</strong></span> <span class='ocrx_word' id='word_1_194' title='bbox 832 3137 907 3181; x_wconf 91' lang='lat' dir='ltr'><strong>vero</strong></span> <span class='ocrx_word' id='word_1_195' title='bbox 937 3138 1001 3179; x_wconf 91' lang='lat' dir='ltr'><strong>non</strong></span> <span class='ocrx_word' id='word_1_196' title='bbox 1031 3116 1127 3179; x_wconf 91' lang='lat' dir='ltr'><strong>modo</strong></span> <span class='ocrx_word' id='word_1_197' title='bbox 1161 3118 1292 3199; x_wconf 90' lang='lat' dir='ltr'><strong>patitur,</strong></span> <span class='ocrx_word' id='word_1_198' title='bbox 1320 3136 1429 3180; x_wconf 89' lang='lat' dir='ltr'><strong>verum</strong></span> <span class='ocrx_word' id='word_1_199' title='bbox 1459 3119 1552 3180; x_wconf 88' lang='lat' dir='ltr'><strong>etiarn</strong></span> <span class='ocrx_word' id='word_1_200' title='bbox 1586 3117 1737 3197; x_wconf 82' lang='lat' dir='ltr'><strong>postulat3</strong></span> 
     </span>
     <span class='ocr_line' id='line_1_21' title="bbox 412 3211 1776 3295; baseline -0.004 -20"><span class='ocrx_word' id='word_1_201' title='bbox 412 3211 489 3276; x_wconf 91' lang='lat' dir='ltr'><strong>nibil</strong></span> <span class='ocrx_word' id='word_1_202' title='bbox 513 3214 597 3277; x_wconf 92' lang='lat' dir='ltr'><strong>enim</strong></span> <span class='ocrx_word' id='word_1_203' title='bbox 626 3212 722 3275; x_wconf 89' lang='lat' dir='ltr'><strong>habet</strong></span> <span class='ocrx_word' id='word_1_204' title='bbox 743 3213 967 3295; x_wconf 89' lang='lat' dir='ltr'><strong>praestantius,</strong></span> <span class='ocrx_word' id='word_1_205' title='bbox 995 3211 1073 3273; x_wconf 90' lang='lat' dir='ltr'><strong>nihil</strong></span> <span class='ocrx_word' id='word_1_206' title='bbox 1097 3211 1182 3291; x_wconf 93' lang='lat' dir='ltr'><strong>quod</strong></span> <span class='ocrx_word' id='word_1_207' title='bbox 1205 3211 1303 3292; x_wconf 90' lang='lat' dir='ltr'><strong>magis</strong></span> <span class='ocrx_word' id='word_1_208' title='bbox 1326 3218 1454 3292; x_wconf 87' lang='lat' dir='ltr'><strong>expetat</strong></span> <span class='ocrx_word' id='word_1_209' title='bbox 1476 3229 1571 3292; x_wconf 93' lang='lat' dir='ltr'><strong>quam</strong></span> <span class='ocrx_word' id='word_1_210' title='bbox 1592 3211 1776 3274; x_wconf 84' lang='lat' dir='ltr'><strong>honesta-ao</strong></span> 
     </span>
     <span class='ocr_line' id='line_1_22' title="bbox 413 3304 1738 3391; baseline -0.002 -21"><span class='ocrx_word' id='word_1_211' title='bbox 413 3315 493 3381; x_wconf 88' lang='lat' dir='ltr'><strong>tem,</strong></span> <span class='ocrx_word' id='word_1_212' title='bbox 518 3326 613 3391; x_wconf 89' lang='lat' dir='ltr'><strong>quam</strong></span> <span class='ocrx_word' id='word_1_213' title='bbox 635 3305 778 3377; x_wconf 92' lang='lat' dir='ltr'><strong>laudem,</strong></span> <span class='ocrx_word' id='word_1_214' title='bbox 801 3325 895 3388; x_wconf 93' lang='lat' dir='ltr'><strong>quam</strong></span> <span class='ocrx_word' id='word_1_215' title='bbox 918 3305 1118 3386; x_wconf 87' lang='lat' dir='ltr'><strong>dignitatem,</strong></span> <span class='ocrx_word' id='word_1_216' title='bbox 1143 3324 1237 3386; x_wconf 90' lang='lat' dir='ltr'><strong>quam</strong></span> <span class='ocrx_word' id='word_1_217' title='bbox 1260 3304 1366 3368; x_wconf 90' lang='lat' dir='ltr'><strong>decus.</strong></span> <span class='ocrx_word' id='word_1_218' title='bbox 1402 3305 1495 3367; x_wconf 88' lang='lat' dir='ltr'><strong>Hisce</strong></span> <span class='ocrx_word' id='word_1_219' title='bbox 1519 3324 1578 3386; x_wconf 94' lang='lat' dir='ltr'><strong>ego</strong></span> <span class='ocrx_word' id='word_1_220' title='bbox 1596 3305 1738 3388; x_wconf 92' lang='lat' dir='ltr'><strong>pluribus</strong></span> 
     </span>
     <span class='ocr_line' id='line_1_23' title="bbox 415 3397 1739 3482; baseline -0.002 -20"><span class='ocrx_word' id='word_1_221' title='bbox 415 3399 597 3462; x_wconf 90' lang='lat' dir='ltr'><strong>nominibus</strong></span> <span class='ocrx_word' id='word_1_222' title='bbox 621 3419 714 3461; x_wconf 94' lang='lat' dir='ltr'><strong>unam</strong></span> <span class='ocrx_word' id='word_1_223' title='bbox 739 3419 802 3460; x_wconf 92' lang='lat' dir='ltr'><strong>rem</strong></span> <span class='ocrx_word' id='word_1_224' title='bbox 827 3397 977 3460; x_wconf 90' lang='lat' dir='ltr'><strong>declarari</strong></span> <span class='ocrx_word' id='word_1_225' title='bbox 1002 3398 1091 3470; x_wconf 92' lang='lat' dir='ltr'><strong>volo,</strong></span> <span class='ocrx_word' id='word_1_226' title='bbox 1116 3397 1170 3460; x_wconf 90' lang='lat' dir='ltr'><strong>sed</strong></span> <span class='ocrx_word' id='word_1_227' title='bbox 1194 3406 1282 3470; x_wconf 89' lang='lat' dir='ltr'><strong>utor,</strong></span> <span class='ocrx_word' id='word_1_228' title='bbox 1313 3407 1463 3482; x_wconf 87' lang='lat' dir='ltr'><strong>utquam</strong></span> <span class='ocrx_word' id='word_1_229' title='bbox 1484 3400 1619 3462; x_wconf 89' lang='lat' dir='ltr'><strong>maxime</strong></span> <span class='ocrx_word' id='word_1_230' title='bbox 1642 3399 1739 3480; x_wconf 91' lang='lat' dir='ltr'><strong>signi-</strong></span> 
     </span>
     <span class='ocr_line' id='line_1_24' title="bbox 413 3491 1738 3574; baseline -0.001 -18"><span class='ocrx_word' id='word_1_231' title='bbox 413 3492 520 3566; x_wconf 85' lang='lat' dir='ltr'><strong>ficem,</strong></span> <span class='ocrx_word' id='word_1_232' title='bbox 553 3493 705 3574; x_wconf 93' lang='lat' dir='ltr'><strong>pluribus.</strong></span> <span class='ocrx_word' id='word_1_233' title='bbox 742 3492 823 3553; x_wconf 90' lang='lat' dir='ltr'><strong>Volo</strong></span> <span class='ocrx_word' id='word_1_234' title='bbox 855 3501 959 3554; x_wconf 90' lang='lat' dir='ltr'><strong>autem</strong></span> <span class='ocrx_word' id='word_1_235' title='bbox 983 3492 1089 3554; x_wconf 89' lang='lat' dir='ltr'><strong>dicere</strong></span> <span class='ocrx_word' id='word_1_236' title='bbox 1111 3491 1189 3553; x_wconf 92' lang='lat' dir='ltr'><strong>illud</strong></span> <span class='ocrx_word' id='word_1_237' title='bbox 1212 3492 1332 3554; x_wconf 92' lang='lat' dir='ltr'><strong>homini</strong></span> <span class='ocrx_word' id='word_1_238' title='bbox 1356 3492 1450 3573; x_wconf 90' lang='lat' dir='ltr'><strong>longe</strong></span> <span class='ocrx_word' id='word_1_239' title='bbox 1472 3500 1634 3574; x_wconf 91' lang='lat' dir='ltr'><strong>optumum</strong></span> <span class='ocrx_word' id='word_1_240' title='bbox 1658 3513 1738 3565; x_wconf 90' lang='lat' dir='ltr'><strong>esse,</strong></span> 
     </span>
     <span class='ocr_line' id='line_1_25' title="bbox 415 3585 1738 3671; baseline -0.002 -21"><span class='ocrx_word' id='word_1_241' title='bbox 415 3588 501 3671; x_wconf 94' lang='lat' dir='ltr'><strong>quod</strong></span> <span class='ocrx_word' id='word_1_242' title='bbox 524 3587 628 3670; x_wconf 90' lang='lat' dir='ltr'><strong>ipsum</strong></span> <span class='ocrx_word' id='word_1_243' title='bbox 652 3586 694 3647; x_wconf 91' lang='lat' dir='ltr'><strong>sit</strong></span> <span class='ocrx_word' id='word_1_244' title='bbox 716 3585 887 3667; x_wconf 92' lang='lat' dir='ltr'><strong>aptandum</strong></span> <span class='ocrx_word' id='word_1_245' title='bbox 912 3605 969 3666; x_wconf 89' lang='lat' dir='ltr'><strong>per</strong></span> <span class='ocrx_word' id='word_1_246' title='bbox 990 3606 1039 3657; x_wconf 92' lang='lat' dir='ltr'><strong>se,</strong></span> <span class='ocrx_word' id='word_1_247' title='bbox 1062 3604 1081 3647; x_wconf 94' lang='lat' dir='ltr'><strong>a</strong></span> <span class='ocrx_word' id='word_1_248' title='bbox 1103 3586 1216 3648; x_wconf 90' lang='lat' dir='ltr'><strong>virtute</strong></span> <span class='ocrx_word' id='word_1_249' title='bbox 1235 3587 1409 3668; x_wconf 84' lang='lat' dir='ltr'><strong>proiectum</strong></span> <span class='ocrx_word' id='word_1_250' title='bbox 1426 3586 1475 3648; x_wconf 91' lang='lat' dir='ltr'><strong>vel</strong></span> <span class='ocrx_word' id='word_1_251' title='bbox 1491 3588 1523 3649; x_wconf 91' lang='lat' dir='ltr'><strong>in</strong></span> <span class='ocrx_word' id='word_1_252' title='bbox 1539 3585 1608 3667; x_wconf 88' lang='lat' dir='ltr'><strong>ipsa</strong></span> <span class='ocrx_word' id='word_1_253' title='bbox 1624 3586 1738 3648; x_wconf 89' lang='lat' dir='ltr'><strong>virtute</strong></span> 
     </span>
     <span class='ocr_line' id='line_1_26' title="bbox 413 3677 1776 3762; baseline -0.004 -19"><span class='ocrx_word' id='word_1_254' title='bbox 413 3680 525 3754; x_wconf 87' lang='lat' dir='ltr'><strong>situm,</strong></span> <span class='ocrx_word' id='word_1_255' title='bbox 556 3699 613 3742; x_wconf 92' lang='lat' dir='ltr'><strong>sua</strong></span> <span class='ocrx_word' id='word_1_256' title='bbox 644 3687 756 3762; x_wconf 92' lang='lat' dir='ltr'><strong>sponte</strong></span> <span class='ocrx_word' id='word_1_257' title='bbox 782 3678 957 3750; x_wconf 92' lang='lat' dir='ltr'><strong>laudabile,</strong></span> <span class='ocrx_word' id='word_1_258' title='bbox 988 3677 1072 3761; x_wconf 91' lang='lat' dir='ltr'><strong>quod</strong></span> <span class='ocrx_word' id='word_1_259' title='bbox 1097 3678 1224 3760; x_wconf 91' lang='lat' dir='ltr'><strong>quidem</strong></span> <span class='ocrx_word' id='word_1_260' title='bbox 1247 3680 1339 3742; x_wconf 92' lang='lat' dir='ltr'><strong>citius</strong></span> <span class='ocrx_word' id='word_1_261' title='bbox 1362 3679 1494 3741; x_wconf 87' lang='lat' dir='ltr'><strong>dixerim</strong></span> <span class='ocrx_word' id='word_1_262' title='bbox 1517 3680 1619 3741; x_wconf 91' lang='lat' dir='ltr'><strong>solum</strong></span> <span class='ocrx_word' id='word_1_263' title='bbox 1643 3693 1776 3762; x_wconf 81' lang='lat' dir='ltr'><strong>quernas</strong></span> 
     </span>
     <span class='ocr_line' id='line_1_27' title="bbox 412 3771 1737 3854; baseline -0.002 -19"><span class='ocrx_word' id='word_1_264' title='bbox 412 3793 475 3836; x_wconf 90' lang='lat' dir='ltr'><strong>non</strong></span> <span class='ocrx_word' id='word_1_265' title='bbox 498 3793 655 3836; x_wconf 91' lang='lat' dir='ltr'><strong>summurn</strong></span> <span class='ocrx_word' id='word_1_266' title='bbox 679 3772 806 3834; x_wconf 91' lang='lat' dir='ltr'><strong>bonum.</strong></span> <span class='ocrx_word' id='word_1_267' title='bbox 843 3773 945 3854; x_wconf 82' lang='lat' dir='ltr'><strong>Atque</strong></span> <span class='ocrx_word' id='word_1_268' title='bbox 968 3778 1003 3833; x_wconf 91' lang='lat' dir='ltr'><strong>ut</strong></span> <span class='ocrx_word' id='word_1_269' title='bbox 1024 3771 1101 3834; x_wconf 90' lang='lat' dir='ltr'><strong>haec</strong></span> <span class='ocrx_word' id='word_1_270' title='bbox 1125 3773 1163 3835; x_wconf 90' lang='lat' dir='ltr'><strong>de</strong></span> <span class='ocrx_word' id='word_1_271' title='bbox 1178 3774 1329 3845; x_wconf 89' lang='lat' dir='ltr'><strong>honesto,</strong></span> <span class='ocrx_word' id='word_1_272' title='bbox 1352 3774 1397 3835; x_wconf 92' lang='lat' dir='ltr'><strong>sic</strong></span> <span class='ocrx_word' id='word_1_273' title='bbox 1412 3772 1451 3835; x_wconf 90' lang='lat' dir='ltr'><strong>de</strong></span> <span class='ocrx_word' id='word_1_274' title='bbox 1467 3774 1549 3854; x_wconf 90' lang='lat' dir='ltr'><strong>turpi</strong></span> <span class='ocrx_word' id='word_1_275' title='bbox 1566 3772 1737 3834; x_wconf 88' lang='lat' dir='ltr'><strong>contraria:</strong></span> 
     </span>
     <span class='ocr_line' id='line_1_28' title="bbox 413 3864 1660 3947; baseline -0.002 -18"><span class='ocrx_word' id='word_1_276' title='bbox 413 3867 491 3930; x_wconf 93' lang='lat' dir='ltr'><strong>nihil</strong></span> <span class='ocrx_word' id='word_1_277' title='bbox 514 3874 578 3930; x_wconf 87' lang='lat' dir='ltr'><strong>tam</strong></span> <span class='ocrx_word' id='word_1_278' title='bbox 601 3874 752 3935; x_wconf 90' lang='lat' dir='ltr'><strong>taetrum,</strong></span> <span class='ocrx_word' id='word_1_279' title='bbox 774 3864 854 3927; x_wconf 92' lang='lat' dir='ltr'><strong>nihil</strong></span> <span class='ocrx_word' id='word_1_280' title='bbox 877 3873 939 3927; x_wconf 91' lang='lat' dir='ltr'><strong>tam</strong></span> <span class='ocrx_word' id='word_1_281' title='bbox 962 3864 1212 3947; x_wconf 90' lang='lat' dir='ltr'><strong>aspernandum,</strong></span> <span class='ocrx_word' id='word_1_282' title='bbox 1235 3866 1313 3928; x_wconf 94' lang='lat' dir='ltr'><strong>nihil</strong></span> <span class='ocrx_word' id='word_1_283' title='bbox 1337 3865 1466 3928; x_wconf 92' lang='lat' dir='ltr'><strong>homine</strong></span> <span class='ocrx_word' id='word_1_284' title='bbox 1488 3865 1660 3944; x_wconf 88' lang='lat' dir='ltr'><strong>indignius.</strong></span> 
     </span>
    </p>

    <p class='ocr_par' dir='ltr' id='par_1_4' title="bbox 412 3955 1775 4416">
     <span class='ocr_line' id='line_1_29' title="bbox 494 3955 1737 4041; baseline 0.001 -22"><span class='ocrx_word' id='word_1_285' title='bbox 494 3955 546 4019; x_wconf 74' lang='lat'><strong>47.</strong></span> <span class='ocrx_word' id='word_1_286' title='bbox 571 3959 664 4033; x_wconf 88' lang='lat' dir='ltr'><strong>Quod</strong></span> <span class='ocrx_word' id='word_1_287' title='bbox 691 3960 717 4020; x_wconf 89' lang='lat' dir='ltr'><strong>si</strong></span> <span class='ocrx_word' id='word_1_288' title='bbox 747 3959 803 4020; x_wconf 92' lang='lat' dir='ltr'><strong>tibi</strong></span> <span class='ocrx_word' id='word_1_289' title='bbox 833 3978 1018 4041; x_wconf 89' lang='lat' dir='ltr'><strong>persuasum</strong></span> <span class='ocrx_word' id='word_1_290' title='bbox 1046 3967 1157 4021; x_wconf 89' lang='lat' dir='ltr'><strong>cst-</strong></span> <span class='ocrx_word' id='word_1_291' title='bbox 1179 3960 1335 4041; x_wconf 89' lang='lat' dir='ltr'><strong>principio</strong></span> <span class='ocrx_word' id='word_1_292' title='bbox 1365 3960 1447 4021; x_wconf 92' lang='lat' dir='ltr'><strong>enim</strong></span> <span class='ocrx_word' id='word_1_293' title='bbox 1472 3959 1580 4021; x_wconf 90' lang='lat' dir='ltr'><strong>dixisti</strong></span> <span class='ocrx_word' id='word_1_294' title='bbox 1611 3958 1682 4039; x_wconf 94' lang='lat' dir='ltr'><strong>plus</strong></span> <span class='ocrx_word' id='word_1_295' title='bbox 1705 3959 1737 4020; x_wconf 94' lang='lat' dir='ltr'><strong>in</strong></span> 
     </span>
     <span class='ocr_line' id='line_1_30' title="bbox 412 4052 1738 4135; baseline 0 -21"><span class='ocrx_word' id='word_1_296' title='bbox 412 4053 566 4115; x_wconf 90' lang='lat' dir='ltr'><strong>dedecore</strong></span> <span class='ocrx_word' id='word_1_297' title='bbox 595 4052 669 4114; x_wconf 90' lang='lat' dir='ltr'><strong>mali</strong></span> <span class='ocrx_word' id='word_1_298' title='bbox 698 4053 753 4116; x_wconf 91' lang='lat' dir='ltr'><strong>tibi</strong></span> <span class='ocrx_word' id='word_1_299' title='bbox 782 4052 879 4114; x_wconf 88' lang='lat' dir='ltr'><strong>videri</strong></span> <span class='ocrx_word' id='word_1_300' title='bbox 903 4072 998 4134; x_wconf 94' lang='lat' dir='ltr'><strong>quam</strong></span> <span class='ocrx_word' id='word_1_301' title='bbox 1021 4053 1053 4114; x_wconf 96' lang='lat' dir='ltr'><strong>in</strong></span> <span class='ocrx_word' id='word_1_302' title='bbox 1076 4053 1185 4115; x_wconf 91' lang='lat' dir='ltr'><strong>dolore</strong></span> <span class='ocrx_word' id='word_1_303' title='bbox 1207 4086 1262 4124; x_wconf 94' lang='lat'><strong>—,</strong></span> <span class='ocrx_word' id='word_1_304' title='bbox 1289 4053 1446 4135; x_wconf 89' lang='lat' dir='ltr'><strong>reliquum</strong></span> <span class='ocrx_word' id='word_1_305' title='bbox 1470 4058 1573 4114; x_wconf 86' lang='lat' dir='ltr'><strong>estut</strong></span> <span class='ocrx_word' id='word_1_306' title='bbox 1594 4060 1657 4114; x_wconf 92' lang='lat' dir='ltr'><strong>tute</strong></span> <span class='ocrx_word' id='word_1_307' title='bbox 1680 4052 1738 4114; x_wconf 94' lang='lat' dir='ltr'><strong>tibi</strong></span> 
     </span>
     <span class='ocr_line' id='line_1_31' title="bbox 412 4145 1775 4229; baseline 0.002 -22"><span class='ocrx_word' id='word_1_308' title='bbox 412 4147 567 4228; x_wconf 87' lang='lat' dir='ltr'><strong>imperes:</strong></span> <span class='ocrx_word' id='word_1_309' title='bbox 596 4166 786 4229; x_wconf 89' lang='lat' dir='ltr'><strong>quamquam</strong></span> <span class='ocrx_word' id='word_1_310' title='bbox 819 4146 877 4207; x_wconf 92' lang='lat' dir='ltr'><strong>hac</strong></span> <span class='ocrx_word' id='word_1_311' title='bbox 907 4147 1015 4208; x_wconf 90' lang='lat' dir='ltr'><strong>nescio</strong></span> <span class='ocrx_word' id='word_1_312' title='bbox 1044 4167 1108 4228; x_wconf 93' lang='lat' dir='ltr'><strong>quo</strong></span> <span class='ocrx_word' id='word_1_313' title='bbox 1139 4146 1233 4207; x_wconf 92' lang='lat' dir='ltr'><strong>mado</strong></span> <span class='ocrx_word' id='word_1_314' title='bbox 1263 4145 1391 4217; x_wconf 90' lang='lat' dir='ltr'><strong>dicitur,</strong></span> <span class='ocrx_word' id='word_1_315' title='bbox 1423 4146 1512 4228; x_wconf 92' lang='lat' dir='ltr'><strong>quasi</strong></span> <span class='ocrx_word' id='word_1_316' title='bbox 1539 4147 1601 4208; x_wconf 92' lang='lat' dir='ltr'><strong>duo</strong></span> <span class='ocrx_word' id='word_1_317' title='bbox 1631 4149 1775 4221; x_wconf 83' lang='lat' dir='ltr'><strong>simus,³o</strong></span> 
     </span>
     <span class='ocr_line' id='line_1_32' title="bbox 413 4238 1737 4322; baseline 0 -21"><span class='ocrx_word' id='word_1_318' title='bbox 413 4249 446 4301; x_wconf 91' lang='lat' dir='ltr'><strong>ut</strong></span> <span class='ocrx_word' id='word_1_319' title='bbox 468 4240 547 4301; x_wconf 91' lang='lat' dir='ltr'><strong>aiter</strong></span> <span class='ocrx_word' id='word_1_320' title='bbox 569 4241 715 4322; x_wconf 90' lang='lat' dir='ltr'><strong>imperet,</strong></span> <span class='ocrx_word' id='word_1_321' title='bbox 738 4240 817 4301; x_wconf 89' lang='lat' dir='ltr'><strong>alter</strong></span> <span class='ocrx_word' id='word_1_322' title='bbox 839 4247 962 4322; x_wconf 81' lang='lat' dir='ltr'><strong>pareat3</strong></span> <span class='ocrx_word' id='word_1_323' title='bbox 987 4259 1047 4301; x_wconf 93' lang='lat' dir='ltr'><strong>non</strong></span> <span class='ocrx_word' id='word_1_324' title='bbox 1072 4241 1182 4301; x_wconf 87' lang='lat' dir='ltr'><strong>inscite</strong></span> <span class='ocrx_word' id='word_1_325' title='bbox 1202 4246 1305 4300; x_wconf 90' lang='lat' dir='ltr'><strong>tamen</strong></span> <span class='ocrx_word' id='word_1_326' title='bbox 1322 4238 1446 4300; x_wconf 89' lang='lat' dir='ltr'><strong>dicitur.</strong></span> <span class='ocrx_word' id='word_1_327' title='bbox 1484 4240 1568 4300; x_wconf 87' lang='lat' dir='ltr'><strong>XXI.</strong></span> <span class='ocrx_word' id='word_1_328' title='bbox 1584 4241 1639 4301; x_wconf 90' lang='lat' dir='ltr'><strong>Est</strong></span> <span class='ocrx_word' id='word_1_329' title='bbox 1654 4241 1737 4303; x_wconf 86' lang='lat' dir='ltr'><strong>enim</strong></span> 
     </span>
     <span class='ocr_line' id='line_1_33' title="bbox 412 4332 1737 4416; baseline 0.002 -22"><span class='ocrx_word' id='word_1_330' title='bbox 412 4335 536 4396; x_wconf 90' lang='lat' dir='ltr'><strong>animus</strong></span> <span class='ocrx_word' id='word_1_331' title='bbox 569 4334 602 4394; x_wconf 87' lang='lat' dir='ltr'><strong>in</strong></span> <span class='ocrx_word' id='word_1_332' title='bbox 636 4336 731 4415; x_wconf 90' lang='lat' dir='ltr'><strong>partis</strong></span> <span class='ocrx_word' id='word_1_333' title='bbox 763 4334 897 4395; x_wconf 88' lang='lat' dir='ltr'><strong>tributus</strong></span> <span class='ocrx_word' id='word_1_334' title='bbox 927 4332 1023 4405; x_wconf 90' lang='lat' dir='ltr'><strong>duas,</strong></span> <span class='ocrx_word' id='word_1_335' title='bbox 1058 4351 1190 4411; x_wconf 89' lang='lat' dir='ltr'><strong>quarum</strong></span> <span class='ocrx_word' id='word_1_336' title='bbox 1221 4333 1317 4394; x_wconf 90' lang='lat' dir='ltr'><strong>altera</strong></span> <span class='ocrx_word' id='word_1_337' title='bbox 1341 4333 1471 4393; x_wconf 91' lang='lat' dir='ltr'><strong>rationis</strong></span> <span class='ocrx_word' id='word_1_338' title='bbox 1494 4340 1542 4395; x_wconf 93' lang='lat' dir='ltr'><strong>est</strong></span> <span class='ocrx_word' id='word_1_339' title='bbox 1569 4334 1737 4416; x_wconf 88' lang='lat' dir='ltr'><strong>particeps,</strong></span> 
     </span>
    </p>
   </div>
   <div class='ocr_carea' id='block_1_3' title="bbox 406 4611 1738 6023">
    <p class='ocr_par' dir='ltr' id='par_1_5' title="bbox 406 4611 1738 6023">
     <span class='ocr_line' id='line_1_34' title="bbox 477 4611 1736 4676; baseline 0.003 -16"><span class='ocrx_word' id='word_1_340' title='bbox 477 4614 500 4660; x_wconf 90' lang='lat' dir='ltr'><strong>t.</strong></span> <span class='ocrx_word' id='word_1_341' title='bbox 520 4613 575 4660; x_wconf 87' lang='lat' dir='ltr'><strong>dica</strong></span> <span class='ocrx_word' id='word_1_342' title='bbox 591 4625 642 4660; x_wconf 83' lang='lat' dir='ltr'><strong>esse</strong></span> <span class='ocrx_word' id='word_1_343' title='bbox 659 4613 679 4660; x_wconf 94' lang='lat'>0</span> <span class='ocrx_word' id='word_1_344' title='bbox 692 4637 718 4646; x_wconf 95' lang='lat'><em>-</em></span> <span class='ocrx_word' id='word_1_345' title='bbox 740 4611 762 4658; x_wconf 82' lang='lat'><strong>³.</strong></span> <span class='ocrx_word' id='word_1_346' title='bbox 783 4613 831 4660; x_wconf 85' lang='lat' dir='ltr'><strong>Sed</strong></span> <span class='ocrx_word' id='word_1_347' title='bbox 846 4612 919 4660; x_wconf 82' lang='lat' dir='ltr'><strong>bomo</strong></span> <span class='ocrx_word' id='word_1_348' title='bbox 935 4615 1006 4659; x_wconf 87' lang='lat' dir='ltr'><strong>catus</strong></span> <span class='ocrx_word' id='word_1_349' title='bbox 1017 4611 1238 4659; x_wconf 88' lang='lat' dir='ltr'><strong>--diuturnitatis</strong></span> <span class='ocrx_word' id='word_1_350' title='bbox 1253 4613 1353 4660; x_wconf 86' lang='lat' dir='ltr'><strong>modum</strong></span> <span class='ocrx_word' id='word_1_351' title='bbox 1365 4613 1462 4662; x_wconf 85' lang='lat' dir='ltr'><strong>Nonius</strong></span> <span class='ocrx_word' id='word_1_352' title='bbox 1475 4626 1500 4676; x_wconf 97' lang='lat' dir='ltr'><strong>p.</strong></span> <span class='ocrx_word' id='word_1_353' title='bbox 1515 4614 1554 4663; x_wconf 72' lang='lat' dir='ltr'><strong>tt.</strong></span> <span class='ocrx_word' id='word_1_354' title='bbox 1571 4641 1597 4650; x_wconf 94' lang='lat'><em>-</em></span> <span class='ocrx_word' id='word_1_355' title='bbox 1617 4621 1705 4663; x_wconf 82' lang='lat' dir='ltr'><strong>cautm</strong></span> <span class='ocrx_word' id='word_1_356' title='bbox 1717 4618 1736 4665; x_wconf 99' lang='lat' dir='ltr'><strong>C</strong></span> 
     </span>
     <span class='ocr_line' id='line_1_35' title="bbox 412 4684 1737 4753; baseline 0.004 -18"><span class='ocrx_word' id='word_1_357' title='bbox 412 4711 440 4723; x_wconf 91' lang='lat'>-</span> <span class='ocrx_word' id='word_1_358' title='bbox 459 4701 584 4747; x_wconf 85' lang='lat' dir='ltr'><strong>nusquam</strong></span> <span class='ocrx_word' id='word_1_359' title='bbox 602 4688 670 4735; x_wconf 81' lang='lat' dir='ltr'><strong>liele</strong></span> <span class='ocrx_word' id='word_1_360' title='bbox 689 4685 703 4734; x_wconf 87' lang='lat' dir='ltr'><strong>i.</strong></span> <span class='ocrx_word' id='word_1_361' title='bbox 725 4685 740 4734; x_wconf 92' lang='lat' dir='ltr'><strong>l.</strong></span> <span class='ocrx_word' id='word_1_362' title='bbox 761 4701 785 4749; x_wconf 95' lang='lat' dir='ltr'><strong>p.</strong></span> <span class='ocrx_word' id='word_1_363' title='bbox 806 4688 846 4735; x_wconf 81' lang='lat'><strong>85.</strong></span> <span class='ocrx_word' id='word_1_364' title='bbox 863 4714 887 4721; x_wconf 87' lang='lat'>-</span> <span class='ocrx_word' id='word_1_365' title='bbox 907 4686 931 4736; x_wconf 86' lang='lat' dir='ltr'><strong>i.</strong></span> <span class='ocrx_word' id='word_1_366' title='bbox 951 4687 1013 4735; x_wconf 89' lang='lat' dir='ltr'><strong>sciat</strong></span> <span class='ocrx_word' id='word_1_367' title='bbox 1031 4684 1060 4734; x_wconf 89' lang='lat' dir='ltr'><strong>G¹</strong></span> <span class='ocrx_word' id='word_1_368' title='bbox 1072 4713 1105 4722; x_wconf 93' lang='lat'><em>-</em></span> <span class='ocrx_word' id='word_1_369' title='bbox 1122 4685 1220 4735; x_wconf 84' lang='lat' dir='ltr'><strong>breuem</strong></span> <span class='ocrx_word' id='word_1_370' title='bbox 1238 4688 1286 4735; x_wconf 81' lang='lat' dir='ltr'><strong>Gli</strong></span> <span class='ocrx_word' id='word_1_371' title='bbox 1305 4714 1328 4722; x_wconf 96' lang='lat'><em>-</em></span> <span class='ocrx_word' id='word_1_372' title='bbox 1348 4689 1372 4737; x_wconf 78' lang='grc' dir='ltr'><strong>ὓ.</strong></span> <span class='ocrx_word' id='word_1_373' title='bbox 1388 4702 1478 4750; x_wconf 83' lang='lat' dir='ltr'><strong>prosus</strong></span> <span class='ocrx_word' id='word_1_374' title='bbox 1494 4692 1524 4737; x_wconf 74' lang='lat'><strong>(3¹</strong></span> <span class='ocrx_word' id='word_1_375' title='bbox 1540 4718 1563 4724; x_wconf 99' lang='lat'>—</span> <span class='ocrx_word' id='word_1_376' title='bbox 1585 4702 1694 4753; x_wconf 85' lang='lat' dir='ltr'><strong>queom.</strong></span> <span class='ocrx_word' id='word_1_377' title='bbox 1708 4690 1737 4740; x_wconf 89' lang='lat' dir='ltr'><strong>G¹</strong></span> 
     </span>
     <span class='ocr_line' id='line_1_36' title="bbox 413 4759 1738 4823; baseline 0.002 -13"><span class='ocrx_word' id='word_1_378' title='bbox 413 4790 440 4798; x_wconf 98' lang='lat'>-</span> <span class='ocrx_word' id='word_1_379' title='bbox 457 4762 480 4810; x_wconf 81' lang='lat'><strong>7.</strong></span> <span class='ocrx_word' id='word_1_380' title='bbox 499 4775 661 4810; x_wconf 81' lang='lat' dir='ltr'><strong>mucsumum</strong></span> <span class='ocrx_word' id='word_1_381' title='bbox 679 4763 779 4809; x_wconf 77' lang='lat' dir='ltr'><strong>durarit</strong></span> <span class='ocrx_word' id='word_1_382' title='bbox 797 4763 866 4808; x_wconf 62' lang='grc'>(31-</span> <span class='ocrx_word' id='word_1_383' title='bbox 887 4761 1000 4821; x_wconf 78' lang='lat' dir='ltr'><strong>quarn-is</strong></span> <span class='ocrx_word' id='word_1_384' title='bbox 1012 4786 1025 4795; x_wconf 93' lang='lat'><strong>·</strong></span> <span class='ocrx_word' id='word_1_385' title='bbox 1036 4786 1049 4795; x_wconf 94' lang='lat'><strong>·</strong></span> <span class='ocrx_word' id='word_1_386' title='bbox 1060 4759 1179 4821; x_wconf 82' lang='lat' dir='ltr'><strong>praebeat</strong></span> <span class='ocrx_word' id='word_1_387' title='bbox 1190 4762 1288 4809; x_wconf 88' lang='lat' dir='ltr'><strong>Nonius</strong></span> <span class='ocrx_word' id='word_1_388' title='bbox 1302 4774 1326 4823; x_wconf 92' lang='lat' dir='ltr'><strong>p.</strong></span> <span class='ocrx_word' id='word_1_389' title='bbox 1340 4760 1380 4811; x_wconf 73' lang='lat' dir='ltr'><strong>ii.</strong></span> <span class='ocrx_word' id='word_1_390' title='bbox 1396 4788 1421 4796; x_wconf 93' lang='lat'>-</span> <span class='ocrx_word' id='word_1_391' title='bbox 1443 4762 1466 4810; x_wconf 81' lang='grc'><strong>9.</strong></span> <span class='ocrx_word' id='word_1_392' title='bbox 1480 4762 1511 4811; x_wconf 90' lang='lat' dir='ltr'><strong>ab</strong></span> <span class='ocrx_word' id='word_1_393' title='bbox 1527 4765 1563 4812; x_wconf 83' lang='lat' dir='ltr'><strong>bis</strong></span> <span class='ocrx_word' id='word_1_394' title='bbox 1581 4766 1640 4813; x_wconf 87' lang='lat' dir='ltr'><strong>C·</strong></span> <span class='ocrx_word' id='word_1_395' title='bbox 1662 4766 1701 4812; x_wconf 87' lang='lat' dir='ltr'><strong>ti.</strong></span> <span class='ocrx_word' id='word_1_396' title='bbox 1716 4771 1738 4814; x_wconf 87' lang='lat' dir='ltr'><strong>tc</strong></span> 
     </span>
     <span class='ocr_line' id='line_1_37' title="bbox 409 4836 1736 4900; baseline 0.001 -14"><span class='ocrx_word' id='word_1_397' title='bbox 409 4840 507 4887; x_wconf 83' lang='lat' dir='ltr'><strong>iactare</strong></span> <span class='ocrx_word' id='word_1_398' title='bbox 525 4839 544 4886; x_wconf 94' lang='lat'>0</span> <span class='ocrx_word' id='word_1_399' title='bbox 566 4864 590 4871; x_wconf 96' lang='lat'>-</span> <span class='ocrx_word' id='word_1_400' title='bbox 613 4837 651 4884; x_wconf 78' lang='grc'><strong>43.</strong></span> <span class='ocrx_word' id='word_1_401' title='bbox 674 4837 707 4884; x_wconf 81' lang='lat' dir='ltr'><strong>Tu</strong></span> <span class='ocrx_word' id='word_1_402' title='bbox 724 4850 762 4884; x_wconf 86' lang='lat' dir='ltr'><strong>mc</strong></span> <span class='ocrx_word' id='word_1_403' title='bbox 779 4850 847 4884; x_wconf 87' lang='lat' dir='ltr'><strong>carr.</strong></span> <span class='ocrx_word' id='word_1_404' title='bbox 868 4837 893 4884; x_wconf 90' lang='lat' dir='ltr'><strong>in</strong></span> <span class='ocrx_word' id='word_1_405' title='bbox 914 4836 948 4883; x_wconf 80' lang='lat' dir='ltr'><strong>Tu</strong></span> <span class='ocrx_word' id='word_1_406' title='bbox 964 4848 994 4883; x_wconf 86' lang='lat' dir='ltr'><strong>nc</strong></span> <span class='ocrx_word' id='word_1_407' title='bbox 1011 4837 1031 4881; x_wconf 90' lang='lat' dir='ltr'>G</span> <span class='ocrx_word' id='word_1_408' title='bbox 1051 4859 1077 4869; x_wconf 90' lang='lat'>-</span> <span class='ocrx_word' id='word_1_409' title='bbox 1097 4836 1236 4897; x_wconf 72' lang='lat' dir='ltr'><strong>olymphiae</strong></span> <span class='ocrx_word' id='word_1_410' title='bbox 1254 4836 1301 4883; x_wconf 87' lang='lat' dir='ltr'><strong>Gli</strong></span> <span class='ocrx_word' id='word_1_411' title='bbox 1320 4862 1346 4870; x_wconf 89' lang='lat'>-</span> <span class='ocrx_word' id='word_1_412' title='bbox 1367 4837 1406 4885; x_wconf 83' lang='lat' dir='ltr'><strong>tt.</strong></span> <span class='ocrx_word' id='word_1_413' title='bbox 1426 4838 1578 4887; x_wconf 76' lang='lat' dir='ltr'><strong>exclamabis</strong></span> <span class='ocrx_word' id='word_1_414' title='bbox 1594 4846 1621 4887; x_wconf 90' lang='lat' dir='ltr'><strong>ut</strong></span> <span class='ocrx_word' id='word_1_415' title='bbox 1637 4840 1736 4900; x_wconf 75' lang='lat' dir='ltr'><strong>mittier,</strong></span> 
     </span>
     <span class='ocr_line' id='line_1_38' title="bbox 408 4907 1734 4972; baseline 0.001 -11"><span class='ocrx_word' id='word_1_416' title='bbox 408 4926 454 4961; x_wconf 77' lang='lat' dir='ltr'><strong>ricc</strong></span> <span class='ocrx_word' id='word_1_417' title='bbox 469 4917 612 4961; x_wconf 77' lang='lat' dir='ltr'><strong>constanter</strong></span> <span class='ocrx_word' id='word_1_418' title='bbox 629 4915 652 4960; x_wconf 86' lang='lat' dir='ltr'><strong>ct</strong></span> <span class='ocrx_word' id='word_1_419' title='bbox 668 4912 750 4959; x_wconf 83' lang='lat' dir='ltr'><strong>sedate</strong></span> <span class='ocrx_word' id='word_1_420' title='bbox 771 4912 834 4972; x_wconf 71' lang='lat' dir='ltr'><strong>tues</strong></span> <span class='ocrx_word' id='word_1_421' title='bbox 851 4911 985 4960; x_wconf 85' lang='lat' dir='ltr'><strong>Charisius</strong></span> <span class='ocrx_word' id='word_1_422' title='bbox 1004 4923 1029 4972; x_wconf 92' lang='lat' dir='ltr'><strong>p.</strong></span> <span class='ocrx_word' id='word_1_423' title='bbox 1049 4910 1106 4970; x_wconf 68' lang='lat' dir='ltr'><strong>aad,</strong></span> <span class='ocrx_word' id='word_1_424' title='bbox 1127 4910 1166 4958; x_wconf 80' lang='lat' dir='ltr'><strong>ti.</strong></span> <span class='ocrx_word' id='word_1_425' title='bbox 1188 4936 1214 4945; x_wconf 95' lang='lat'><em>-</em></span> <span class='ocrx_word' id='word_1_426' title='bbox 1241 4910 1280 4959; x_wconf 81' lang='lat' dir='ltr'><strong>te.</strong></span> <span class='ocrx_word' id='word_1_427' title='bbox 1299 4916 1321 4959; x_wconf 82' lang='lat' dir='ltr'><strong>ct</strong></span> <span class='ocrx_word' id='word_1_428' title='bbox 1339 4924 1391 4959; x_wconf 89' lang='lat' dir='ltr'><strong>om.</strong></span> <span class='ocrx_word' id='word_1_429' title='bbox 1411 4907 1440 4959; x_wconf 84' lang='lat' dir='ltr'><strong>G¹</strong></span> <span class='ocrx_word' id='word_1_430' title='bbox 1459 4939 1485 4948; x_wconf 93' lang='lat'>-</span> <span class='ocrx_word' id='word_1_431' title='bbox 1505 4912 1576 4962; x_wconf 76' lang='lat' dir='ltr'><strong>Ferri</strong></span> <span class='ocrx_word' id='word_1_432' title='bbox 1592 4915 1734 4963; x_wconf 80' lang='lat' dir='ltr'><strong>Manutius:</strong></span> 
     </span>
     <span class='ocr_line' id='line_1_39' title="bbox 406 4984 1737 5051; baseline 0.001 -15"><span class='ocrx_word' id='word_1_433' title='bbox 406 4988 464 5051; x_wconf 66' lang='lat' dir='ltr'><strong>ficri</strong></span> <span class='ocrx_word' id='word_1_434' title='bbox 481 4988 500 5036; x_wconf 87' lang='lat' dir='ltr'><strong>C</strong></span> <span class='ocrx_word' id='word_1_435' title='bbox 522 5012 548 5021; x_wconf 96' lang='lat'><em>-</em></span> <span class='ocrx_word' id='word_1_436' title='bbox 569 4987 608 5034; x_wconf 80' lang='lat' dir='ltr'><strong>tt.</strong></span> <span class='ocrx_word' id='word_1_437' title='bbox 627 4987 708 5034; x_wconf 88' lang='lat' dir='ltr'><strong>multu</strong></span> <span class='ocrx_word' id='word_1_438' title='bbox 725 4984 754 5034; x_wconf 77' lang='lat'><strong>0¹</strong></span> <span class='ocrx_word' id='word_1_439' title='bbox 774 5012 801 5021; x_wconf 96' lang='lat'>-</span> <span class='ocrx_word' id='word_1_440' title='bbox 822 4984 860 5034; x_wconf 80' lang='lat' dir='ltr'><strong>ts.</strong></span> <span class='ocrx_word' id='word_1_441' title='bbox 880 4986 945 5047; x_wconf 90' lang='lat' dir='ltr'><strong>quod</strong></span> <span class='ocrx_word' id='word_1_442' title='bbox 962 4990 1059 5033; x_wconf 89' lang='lat' dir='ltr'><strong>atatam</strong></span> <span class='ocrx_word' id='word_1_443' title='bbox 1076 4986 1140 5041; x_wconf 85' lang='lat' dir='ltr'><strong>Gli;</strong></span> <span class='ocrx_word' id='word_1_444' title='bbox 1161 4988 1226 5047; x_wconf 84' lang='lat' dir='ltr'><strong>quod</strong></span> <span class='ocrx_word' id='word_1_445' title='bbox 1237 4986 1319 5035; x_wconf 83' lang='lat' dir='ltr'><strong>lamii</strong></span> <span class='ocrx_word' id='word_1_446' title='bbox 1339 5012 1365 5021; x_wconf 96' lang='lat'><em>-</em></span> <span class='ocrx_word' id='word_1_447' title='bbox 1385 4987 1425 5034; x_wconf 77' lang='lat'><strong>20.</strong></span> <span class='ocrx_word' id='word_1_448' title='bbox 1444 4988 1505 5036; x_wconf 85' lang='lat' dir='ltr'><strong>nibil</strong></span> <span class='ocrx_word' id='word_1_449' title='bbox 1522 4989 1586 5035; x_wconf 81' lang='lat' dir='ltr'><strong>urim</strong></span> <span class='ocrx_word' id='word_1_450' title='bbox 1602 4987 1672 5036; x_wconf 84' lang='lat' dir='ltr'><strong>babet</strong></span> <span class='ocrx_word' id='word_1_451' title='bbox 1688 5003 1737 5037; x_wconf 86' lang='lat' dir='ltr'><strong>na-</strong></span> 
     </span>
     <span class='ocr_line' id='line_1_40' title="bbox 408 5060 1737 5125; baseline 0.002 -15"><span class='ocrx_word' id='word_1_452' title='bbox 408 5067 469 5110; x_wconf 77' lang='lat' dir='ltr'><strong>tura</strong></span> <span class='ocrx_word' id='word_1_453' title='bbox 484 5061 655 5122; x_wconf 79' lang='lat' dir='ltr'><strong>praestantius</strong></span> <span class='ocrx_word' id='word_1_454' title='bbox 664 5086 679 5097; x_wconf 91' lang='lat'><strong>·</strong></span> <span class='ocrx_word' id='word_1_455' title='bbox 688 5086 701 5096; x_wconf 94' lang='lat'><em>-</em></span> <span class='ocrx_word' id='word_1_456' title='bbox 714 5073 789 5121; x_wconf 87' lang='lat' dir='ltr'><strong>quam</strong></span> <span class='ocrx_word' id='word_1_457' title='bbox 800 5061 963 5115; x_wconf 79' lang='lat' dir='ltr'><strong>honestatem,</strong></span> <span class='ocrx_word' id='word_1_458' title='bbox 983 5072 1058 5120; x_wconf 83' lang='lat' dir='ltr'><strong>quam</strong></span> <span class='ocrx_word' id='word_1_459' title='bbox 1069 5060 1150 5109; x_wconf 76' lang='lat' dir='ltr'><strong>dceru.</strong></span> <span class='ocrx_word' id='word_1_460' title='bbox 1169 5061 1207 5110; x_wconf 82' lang='lat' dir='ltr'><strong>bis</strong></span> <span class='ocrx_word' id='word_1_461' title='bbox 1218 5075 1277 5124; x_wconf 82' lang='lat' dir='ltr'><strong>erpo</strong></span> <span class='ocrx_word' id='word_1_462' title='bbox 1285 5061 1398 5122; x_wconf 85' lang='lat' dir='ltr'><strong>pluribus</strong></span> <span class='ocrx_word' id='word_1_463' title='bbox 1409 5088 1423 5098; x_wconf 90' lang='lat'>·</span> <span class='ocrx_word' id='word_1_464' title='bbox 1431 5089 1444 5098; x_wconf 93' lang='lat'>-</span> <span class='ocrx_word' id='word_1_465' title='bbox 1456 5064 1498 5111; x_wconf 84' lang='lat' dir='ltr'><strong>scd</strong></span> <span class='ocrx_word' id='word_1_466' title='bbox 1509 5069 1568 5110; x_wconf 87' lang='lat' dir='ltr'><strong>utar</strong></span> <span class='ocrx_word' id='word_1_467' title='bbox 1578 5090 1591 5099; x_wconf 93' lang='lat'>-</span> <span class='ocrx_word' id='word_1_468' title='bbox 1600 5091 1614 5101; x_wconf 97' lang='lat'>-</span> <span class='ocrx_word' id='word_1_469' title='bbox 1625 5064 1737 5125; x_wconf 83' lang='lat' dir='ltr'><strong>pluribus</strong></span> 
     </span>
     <span class='ocr_line' id='line_1_41' title="bbox 408 5133 1737 5201; baseline 0.002 -15"><span class='ocrx_word' id='word_1_470' title='bbox 408 5135 545 5186; x_wconf 86' lang='lat' dir='ltr'><strong>Charisius</strong></span> <span class='ocrx_word' id='word_1_471' title='bbox 568 5147 593 5197; x_wconf 90' lang='lat' dir='ltr'><strong>p.</strong></span> <span class='ocrx_word' id='word_1_472' title='bbox 613 5135 670 5193; x_wconf 70' lang='lat'><strong>223,</strong></span> <span class='ocrx_word' id='word_1_473' title='bbox 689 5135 728 5183; x_wconf 78' lang='lat' dir='ltr'><strong>tr.</strong></span> <span class='ocrx_word' id='word_1_474' title='bbox 751 5161 777 5169; x_wconf 91' lang='lat'>-</span> <span class='ocrx_word' id='word_1_475' title='bbox 801 5136 841 5184; x_wconf 75' lang='lat' dir='ltr'><strong>tt.</strong></span> <span class='ocrx_word' id='word_1_476' title='bbox 860 5141 921 5182; x_wconf 85' lang='lat' dir='ltr'><strong>utar</strong></span> <span class='ocrx_word' id='word_1_477' title='bbox 938 5136 957 5183; x_wconf 93' lang='lat' dir='ltr'><strong>C</strong></span> <span class='ocrx_word' id='word_1_478' title='bbox 976 5136 1002 5183; x_wconf 91' lang='lat' dir='ltr'><strong>et</strong></span> <span class='ocrx_word' id='word_1_479' title='bbox 1020 5133 1162 5184; x_wconf 87' lang='lat' dir='ltr'><strong>Charisius.</strong></span> <span class='ocrx_word' id='word_1_480' title='bbox 1185 5161 1210 5169; x_wconf 89' lang='lat'><em>-</em></span> <span class='ocrx_word' id='word_1_481' title='bbox 1235 5136 1276 5183; x_wconf 74' lang='lat' dir='ltr'><strong>ti.</strong></span> <span class='ocrx_word' id='word_1_482' title='bbox 1299 5136 1355 5183; x_wconf 85' lang='lat' dir='ltr'><strong>Volo</strong></span> <span class='ocrx_word' id='word_1_483' title='bbox 1372 5142 1562 5187; x_wconf 59' lang='lat' dir='ltr'><strong>auium-sua</strong></span> <span class='ocrx_word' id='word_1_484' title='bbox 1578 5144 1662 5201; x_wconf 84' lang='lat' dir='ltr'><strong>sponte</strong></span> <span class='ocrx_word' id='word_1_485' title='bbox 1678 5139 1737 5188; x_wconf 87' lang='lat' dir='ltr'><strong>tau-</strong></span> 
     </span>
     <span class='ocr_line' id='line_1_42' title="bbox 406 5208 1734 5273; baseline 0.002 -13"><span class='ocrx_word' id='word_1_486' title='bbox 406 5211 490 5260; x_wconf 81' lang='lat' dir='ltr'><strong>dabiic</strong></span> <span class='ocrx_word' id='word_1_487' title='bbox 507 5210 642 5259; x_wconf 86' lang='lat' dir='ltr'><strong>Charisius</strong></span> <span class='ocrx_word' id='word_1_488' title='bbox 665 5223 691 5273; x_wconf 90' lang='lat' dir='ltr'><strong>p.</strong></span> <span class='ocrx_word' id='word_1_489' title='bbox 711 5208 767 5265; x_wconf 76' lang='lat' dir='ltr'><strong>tot,</strong></span> <span class='ocrx_word' id='word_1_490' title='bbox 786 5210 825 5257; x_wconf 79' lang='lat'><strong>40.</strong></span> <span class='ocrx_word' id='word_1_491' title='bbox 848 5233 873 5244; x_wconf 93' lang='lat'>-</span> <span class='ocrx_word' id='word_1_492' title='bbox 899 5210 996 5257; x_wconf 83' lang='lat' dir='ltr'><strong>bomine</strong></span> <span class='ocrx_word' id='word_1_493' title='bbox 1013 5209 1061 5256; x_wconf 84' lang='lat' dir='ltr'><strong>Gli</strong></span> <span class='ocrx_word' id='word_1_494' title='bbox 1083 5235 1109 5244; x_wconf 92' lang='lat'>-</span> <span class='ocrx_word' id='word_1_495' title='bbox 1135 5210 1175 5257; x_wconf 70' lang='lat'><strong>27.</strong></span> <span class='ocrx_word' id='word_1_496' title='bbox 1194 5210 1231 5257; x_wconf 87' lang='lat' dir='ltr'><strong>nil</strong></span> <span class='ocrx_word' id='word_1_497' title='bbox 1249 5216 1301 5257; x_wconf 90' lang='lat' dir='ltr'><strong>tam</strong></span> <span class='ocrx_word' id='word_1_498' title='bbox 1318 5222 1370 5271; x_wconf 78' lang='lat' dir='ltr'><strong>asp.</strong></span> <span class='ocrx_word' id='word_1_499' title='bbox 1391 5212 1411 5259; x_wconf 90' lang='lat' dir='ltr'>G</span> <span class='ocrx_word' id='word_1_500' title='bbox 1431 5238 1457 5247; x_wconf 94' lang='lat'><em>-</em></span> <span class='ocrx_word' id='word_1_501' title='bbox 1477 5211 1518 5261; x_wconf 76' lang='lat' dir='ltr'><strong>tu.</strong></span> <span class='ocrx_word' id='word_1_502' title='bbox 1536 5219 1605 5261; x_wconf 80' lang='lat' dir='ltr'><strong>utute</strong></span> <span class='ocrx_word' id='word_1_503' title='bbox 1621 5212 1689 5262; x_wconf 83' lang='lat' dir='ltr'><strong>G¹ll¹</strong></span> <span class='ocrx_word' id='word_1_504' title='bbox 1708 5240 1734 5248; x_wconf 97' lang='lat'>-</span> 
     </span>
     <span class='ocr_line' id='line_1_43' title="bbox 407 5284 1736 5347; baseline 0.002 -12"><span class='ocrx_word' id='word_1_505' title='bbox 407 5286 450 5335; x_wconf 80' lang='grc'><strong>30.</strong></span> <span class='ocrx_word' id='word_1_506' title='bbox 470 5286 563 5333; x_wconf 69' lang='lat' dir='ltr'><strong>amtor</strong></span> <span class='ocrx_word' id='word_1_507' title='bbox 580 5285 613 5332; x_wconf 87' lang='lat' dir='ltr'>W</span> <span class='ocrx_word' id='word_1_508' title='bbox 631 5287 658 5333; x_wconf 89' lang='lat' dir='ltr'><strong>et</strong></span> <span class='ocrx_word' id='word_1_509' title='bbox 675 5286 743 5334; x_wconf 83' lang='lat' dir='ltr'><strong>Bake</strong></span> <span class='ocrx_word' id='word_1_510' title='bbox 761 5289 796 5347; x_wconf 86' lang='lat' dir='ltr'><strong>tp.</strong></span> <span class='ocrx_word' id='word_1_511' title='bbox 811 5287 865 5344; x_wconf 69' lang='lat'><strong>851:</strong></span> <span class='ocrx_word' id='word_1_512' title='bbox 885 5286 985 5334; x_wconf 70' lang='lat' dir='ltr'><strong>dicmur</strong></span> <span class='ocrx_word' id='word_1_513' title='bbox 1001 5285 1060 5333; x_wconf 89' lang='lat' dir='ltr'><strong>CO.</strong></span> <span class='ocrx_word' id='word_1_514' title='bbox 1087 5285 1245 5334; x_wconf 72' lang='lat' dir='ltr'><strong>«verissime</strong></span> <span class='ocrx_word' id='word_1_515' title='bbox 1265 5284 1367 5346; x_wconf 85' lang='lat' dir='ltr'><strong>Madvig</strong></span> <span class='ocrx_word' id='word_1_516' title='bbox 1389 5285 1422 5334; x_wconf 91' lang='lat' dir='ltr'><strong>ad</strong></span> <span class='ocrx_word' id='word_1_517' title='bbox 1447 5288 1499 5336; x_wconf 85' lang='lat' dir='ltr'><strong>Fin.</strong></span> <span class='ocrx_word' id='word_1_518' title='bbox 1520 5288 1561 5346; x_wconf 88' lang='lat' dir='ltr'><strong>lll,</strong></span> <span class='ocrx_word' id='word_1_519' title='bbox 1580 5290 1624 5337; x_wconf 80' lang='lat'><strong>70:</strong></span> <span class='ocrx_word' id='word_1_520' title='bbox 1650 5290 1736 5337; x_wconf 72' lang='lat' dir='ltr'><strong>astion</strong></span> 
     </span>
     <span class='ocr_line' id='line_1_44' title="bbox 406 5356 1737 5424; baseline 0.002 -15"><span class='ocrx_word' id='word_1_521' title='bbox 406 5360 512 5418; x_wconf 85' lang='lat' dir='ltr'><strong>dubito,</strong></span> <span class='ocrx_word' id='word_1_522' title='bbox 532 5359 595 5421; x_wconf 90' lang='lat' dir='ltr'><strong>quin</strong></span> <span class='ocrx_word' id='word_1_523' title='bbox 614 5361 717 5417; x_wconf 89' lang='lat' dir='ltr'><strong>Cicero,</strong></span> <span class='ocrx_word' id='word_1_524' title='bbox 736 5360 780 5409; x_wconf 89' lang='lat' dir='ltr'><strong>ubi</strong></span> <span class='ocrx_word' id='word_1_525' title='bbox 798 5362 836 5409; x_wconf 90' lang='lat' dir='ltr'><strong>sic</strong></span> <span class='ocrx_word' id='word_1_526' title='bbox 854 5359 1018 5422; x_wconf 89' lang='lat' dir='ltr'><strong>simpliciter,</strong></span> <span class='ocrx_word' id='word_1_527' title='bbox 1038 5356 1108 5408; x_wconf 90' lang='lat' dir='ltr'><strong>nulia</strong></span> <span class='ocrx_word' id='word_1_528' title='bbox 1127 5358 1222 5408; x_wconf 90' lang='lat' dir='ltr'><strong>latente</strong></span> <span class='ocrx_word' id='word_1_529' title='bbox 1239 5360 1368 5421; x_wconf 82' lang='lat' dir='ltr'><strong>potentiali</strong></span> <span class='ocrx_word' id='word_1_530' title='bbox 1387 5360 1424 5424; x_wconf 87' lang='lat' dir='ltr'><strong>[ut</strong></span> <span class='ocrx_word' id='word_1_531' title='bbox 1442 5362 1469 5410; x_wconf 85' lang='lat' dir='ltr'><strong>T.</strong></span> <span class='ocrx_word' id='word_1_532' title='bbox 1490 5363 1519 5411; x_wconf 86' lang='lat' dir='ltr'><strong>i).</strong></span> <span class='ocrx_word' id='word_1_533' title='bbox 1535 5364 1564 5418; x_wconf 85' lang='lat' dir='ltr'><strong>V,</strong></span> <span class='ocrx_word' id='word_1_534' title='bbox 1584 5364 1627 5412; x_wconf 80' lang='lat'><strong>85:</strong></span> <span class='ocrx_word' id='word_1_535' title='bbox 1646 5376 1737 5422; x_wconf 85' lang='lat' dir='ltr'><strong>qnam·</strong></span> 
     </span>
     <span class='ocr_line' id='line_1_45' title="bbox 407 5435 1738 5500; baseline 0.003 -18"><span class='ocrx_word' id='word_1_536' title='bbox 407 5447 486 5497; x_wconf 76' lang='lat' dir='ltr'><strong>quam</strong></span> <span class='ocrx_word' id='word_1_537' title='bbox 503 5435 569 5482; x_wconf 83' lang='lat' dir='ltr'><strong>enim</strong></span> <span class='ocrx_word' id='word_1_538' title='bbox 586 5436 634 5481; x_wconf 84' lang='lat' dir='ltr'><strong>sini</strong></span> <span class='ocrx_word' id='word_1_539' title='bbox 651 5436 677 5482; x_wconf 86' lang='lat' dir='ltr'><strong>in</strong></span> <span class='ocrx_word' id='word_1_540' title='bbox 695 5436 840 5497; x_wconf 81' lang='lat' dir='ltr'><strong>quibusdam</strong></span> <span class='ocrx_word' id='word_1_541' title='bbox 857 5435 945 5495; x_wconf 86' lang='lat' dir='ltr'><strong>maiis,</strong></span> <span class='ocrx_word' id='word_1_542' title='bbox 965 5442 1047 5485; x_wconf 85' lang='lat' dir='ltr'><strong>tomen</strong></span> <span class='ocrx_word' id='word_1_543' title='bbox 1060 5442 1181 5497; x_wconf 80' lang='lat' dir='ltr'><strong>--patct</strong></span> <span class='ocrx_word' id='word_1_544' title='bbox 1201 5436 1233 5486; x_wconf 87' lang='lat' dir='ltr'><strong>ci.</strong></span> <span class='ocrx_word' id='word_1_545' title='bbox 1254 5438 1295 5493; x_wconf 86' lang='lat' dir='ltr'><strong>ill,</strong></span> <span class='ocrx_word' id='word_1_546' title='bbox 1309 5438 1349 5486; x_wconf 80' lang='lat'><strong>99.</strong></span> <span class='ocrx_word' id='word_1_547' title='bbox 1369 5438 1412 5494; x_wconf 79' lang='lat' dir='ltr'><strong>lll.</strong></span> <span class='ocrx_word' id='word_1_548' title='bbox 1426 5438 1466 5500; x_wconf 88' lang='lat' dir='ltr'><strong>to]</strong></span> <span class='ocrx_word' id='word_1_549' title='bbox 1484 5437 1680 5487; x_wconf 78' lang='lat' dir='ltr'><strong>corrdicianaiive</strong></span> <span class='ocrx_word' id='word_1_550' title='bbox 1693 5440 1738 5486; x_wconf 90' lang='lat' dir='ltr'><strong>aut</strong></span> 
     </span>
     <span class='ocr_line' id='line_1_46' title="bbox 406 5507 1735 5572; baseline 0.001 -14"><span class='ocrx_word' id='word_1_551' title='bbox 406 5509 482 5558; x_wconf 56' lang='lat' dir='ltr'><strong>omiti</strong></span> <span class='ocrx_word' id='word_1_552' title='bbox 499 5507 699 5569; x_wconf 76' lang='lat' dir='ltr'><strong>significatione,</strong></span> <span class='ocrx_word' id='word_1_553' title='bbox 719 5522 778 5558; x_wconf 89' lang='lat' dir='ltr'><strong>esse</strong></span> <span class='ocrx_word' id='word_1_554' title='bbox 796 5508 892 5572; x_wconf 89' lang='lat' dir='ltr'><strong>aliquid</strong></span> <span class='ocrx_word' id='word_1_555' title='bbox 911 5512 939 5559; x_wconf 92' lang='lat' dir='ltr'><strong>et</strong></span> <span class='ocrx_word' id='word_1_556' title='bbox 956 5512 1044 5558; x_wconf 89' lang='lat' dir='ltr'><strong>tamen</strong></span> <span class='ocrx_word' id='word_1_557' title='bbox 1063 5509 1133 5559; x_wconf 93' lang='lat' dir='ltr'><strong>aliud</strong></span> <span class='ocrx_word' id='word_1_558' title='bbox 1152 5514 1196 5561; x_wconf 90' lang='lat' dir='ltr'><strong>aut</strong></span> <span class='ocrx_word' id='word_1_559' title='bbox 1216 5510 1292 5561; x_wconf 92' lang='lat' dir='ltr'><strong>simul</strong></span> <span class='ocrx_word' id='word_1_560' title='bbox 1311 5525 1370 5562; x_wconf 89' lang='lat' dir='ltr'><strong>csse</strong></span> <span class='ocrx_word' id='word_1_561' title='bbox 1388 5517 1502 5563; x_wconf 89' lang='lat' dir='ltr'><strong>autnon</strong></span> <span class='ocrx_word' id='word_1_562' title='bbox 1520 5526 1579 5562; x_wconf 89' lang='lat' dir='ltr'><strong>esse</strong></span> <span class='ocrx_word' id='word_1_563' title='bbox 1597 5512 1735 5572; x_wconf 83' lang='lat' dir='ltr'><strong>significat,</strong></span> 
     </span>
     <span class='ocr_line' id='line_1_47' title="bbox 408 5577 1734 5649; baseline 0.002 -17"><span class='ocrx_word' id='word_1_564' title='bbox 408 5594 556 5646; x_wconf 88' lang='lat' dir='ltr'><strong>numquam</strong></span> <span class='ocrx_word' id='word_1_565' title='bbox 575 5583 600 5632; x_wconf 94' lang='lat' dir='ltr'><strong>in</strong></span> <span class='ocrx_word' id='word_1_566' title='bbox 619 5587 690 5632; x_wconf 88' lang='lat' dir='ltr'><strong>recta</strong></span> <span class='ocrx_word' id='word_1_567' title='bbox 710 5586 827 5632; x_wconf 88' lang='lat' dir='ltr'><strong>oratione</strong></span> <span class='ocrx_word' id='word_1_568' title='bbox 847 5584 989 5646; x_wconf 88' lang='lat' dir='ltr'><strong>particulae</strong></span> <span class='ocrx_word' id='word_1_569' title='bbox 1007 5599 1161 5646; x_wconf 88' lang='lat' dir='ltr'><strong>quamquam</strong></span> <span class='ocrx_word' id='word_1_570' title='bbox 1177 5587 1202 5634; x_wconf 93' lang='lat' dir='ltr'><strong>in</strong></span> <span class='ocrx_word' id='word_1_571' title='bbox 1221 5587 1318 5649; x_wconf 88' lang='lat' dir='ltr'><strong>protasi</strong></span> <span class='ocrx_word' id='word_1_572' title='bbox 1337 5577 1532 5637; x_wconf 76' lang='lat' dir='ltr'><strong>coniunctivum</strong></span> <span class='ocrx_word' id='word_1_573' title='bbox 1549 5587 1734 5636; x_wconf 79' lang='lat' dir='ltr'><strong>subiacent·-</strong></span> 
     </span>
     <span class='ocr_line' id='line_1_48' title="bbox 408 5660 1736 5724; baseline 0.001 -16"><span class='ocrx_word' id='word_1_574' title='bbox 408 5661 500 5722; x_wconf 85' lang='lat' dir='ltr'><strong>ltaqnc</strong></span> <span class='ocrx_word' id='word_1_575' title='bbox 523 5671 573 5720; x_wconf 85' lang='lat' dir='ltr'><strong>ego</strong></span> <span class='ocrx_word' id='word_1_576' title='bbox 596 5661 717 5721; x_wconf 86' lang='lat' dir='ltr'><strong>suspicor</strong></span> <span class='ocrx_word' id='word_1_577' title='bbox 739 5660 896 5708; x_wconf 88' lang='lat' dir='ltr'><strong>Ciceronem</strong></span> <span class='ocrx_word' id='word_1_578' title='bbox 914 5661 1052 5722; x_wconf 87' lang='lat' dir='ltr'><strong>scripsisse</strong></span> <span class='ocrx_word' id='word_1_579' title='bbox 1077 5661 1181 5715; x_wconf 85' lang='lat' dir='ltr'><strong>dicitur:</strong></span> <span class='ocrx_word' id='word_1_580' title='bbox 1206 5674 1294 5722; x_wconf 89' lang='lat' dir='ltr'><strong>neque</strong></span> <span class='ocrx_word' id='word_1_581' title='bbox 1316 5664 1386 5711; x_wconf 89' lang='lat' dir='ltr'><strong>enim</strong></span> <span class='ocrx_word' id='word_1_582' title='bbox 1404 5676 1433 5711; x_wconf 91' lang='lat' dir='ltr'><strong>se</strong></span> <span class='ocrx_word' id='word_1_583' title='bbox 1451 5665 1564 5719; x_wconf 80' lang='lat' dir='ltr'><strong>nescire.</strong></span> <span class='ocrx_word' id='word_1_584' title='bbox 1586 5675 1638 5724; x_wconf 93' lang='lat' dir='ltr'><strong>quo</strong></span> <span class='ocrx_word' id='word_1_585' title='bbox 1658 5661 1736 5711; x_wconf 90' lang='lat' dir='ltr'><strong>modo</strong></span> 
     </span>
     <span class='ocr_line' id='line_1_49' title="bbox 407 5732 1735 5797; baseline 0.003 -14"><span class='ocrx_word' id='word_1_586' title='bbox 407 5733 470 5783; x_wconf 90' lang='lat' dir='ltr'><strong>liind</strong></span> <span class='ocrx_word' id='word_1_587' title='bbox 488 5732 601 5792; x_wconf 89' lang='lat' dir='ltr'><strong>dicatur,</strong></span> <span class='ocrx_word' id='word_1_588' title='bbox 620 5733 696 5791; x_wconf 89' lang='lat' dir='ltr'><strong>dicit,</strong></span> <span class='ocrx_word' id='word_1_589' title='bbox 715 5733 763 5782; x_wconf 90' lang='lat' dir='ltr'><strong>sed</strong></span> <span class='ocrx_word' id='word_1_590' title='bbox 781 5732 843 5782; x_wconf 90' lang='lat' dir='ltr'><strong>iilud</strong></span> <span class='ocrx_word' id='word_1_591' title='bbox 862 5735 969 5795; x_wconf 88' lang='lat' dir='ltr'><strong>quodam</strong></span> <span class='ocrx_word' id='word_1_592' title='bbox 985 5736 1057 5783; x_wconf 90' lang='lat' dir='ltr'><strong>modo</strong></span> <span class='ocrx_word' id='word_1_593' title='bbox 1076 5738 1108 5783; x_wconf 89' lang='lat' dir='ltr'><strong>ita</strong></span> <span class='ocrx_word' id='word_1_594' title='bbox 1127 5734 1192 5792; x_wconf 90' lang='lat' dir='ltr'><strong>dici,</strong></span> <span class='ocrx_word' id='word_1_595' title='bbox 1212 5738 1286 5797; x_wconf 87' lang='lat' dir='ltr'><strong>quasi</strong></span> <span class='ocrx_word' id='word_1_596' title='bbox 1305 5737 1358 5785; x_wconf 94' lang='lat' dir='ltr'><strong>duo</strong></span> <span class='ocrx_word' id='word_1_597' title='bbox 1375 5739 1471 5791; x_wconf 77' lang='lat' dir='ltr'><strong>simus:</strong></span> <span class='ocrx_word' id='word_1_598' title='bbox 1492 5741 1581 5786; x_wconf 89' lang='lat' dir='ltr'><strong>notum</strong></span> <span class='ocrx_word' id='word_1_599' title='bbox 1595 5741 1735 5787; x_wconf 88' lang='lat' dir='ltr'><strong>estantem</strong></span> 
     </span>
     <span class='ocr_line' id='line_1_50' title="bbox 406 5807 1736 5872; baseline 0.005 -15"><span class='ocrx_word' id='word_1_600' title='bbox 406 5811 487 5858; x_wconf 74' lang='lat' dir='ltr'><strong>ncsdo</strong></span> <span class='ocrx_word' id='word_1_601' title='bbox 505 5812 561 5870; x_wconf 82' lang='lat' dir='ltr'><strong>quis</strong></span> <span class='ocrx_word' id='word_1_602' title='bbox 578 5810 616 5858; x_wconf 89' lang='lat' dir='ltr'><strong>sic</strong></span> <span class='ocrx_word' id='word_1_603' title='bbox 634 5810 749 5872; x_wconf 85' lang='lat' dir='ltr'><strong>positum</strong></span> <span class='ocrx_word' id='word_1_604' title='bbox 769 5807 865 5858; x_wconf 89' lang='lat' dir='ltr'><strong>nullam</strong></span> <span class='ocrx_word' id='word_1_605' title='bbox 885 5811 911 5859; x_wconf 91' lang='lat' dir='ltr'><strong>in</strong></span> <span class='ocrx_word' id='word_1_606' title='bbox 929 5809 1003 5859; x_wconf 89' lang='lat' dir='ltr'><strong>verbi</strong></span> <span class='ocrx_word' id='word_1_607' title='bbox 1022 5810 1131 5859; x_wconf 91' lang='lat' dir='ltr'><strong>modurn</strong></span> <span class='ocrx_word' id='word_1_608' title='bbox 1149 5807 1236 5859; x_wconf 89' lang='lat' dir='ltr'><strong>solere</strong></span> <span class='ocrx_word' id='word_1_609' title='bbox 1255 5813 1307 5859; x_wconf 90' lang='lat' dir='ltr'><strong>vim</strong></span> <span class='ocrx_word' id='word_1_610' title='bbox 1326 5810 1434 5860; x_wconf 90' lang='lat' dir='ltr'><strong>habere.</strong></span> <span class='ocrx_word' id='word_1_611' title='bbox 1458 5812 1494 5859; x_wconf 88' lang='lat' dir='ltr'><strong>De</strong></span> <span class='ocrx_word' id='word_1_612' title='bbox 1514 5811 1623 5861; x_wconf 83' lang='lat' dir='ltr'><strong>levicula</strong></span> <span class='ocrx_word' id='word_1_613' title='bbox 1635 5813 1736 5863; x_wconf 78' lang='lat' dir='ltr'><strong>Arche-</strong></span> 
     </span>
     <span class='ocr_line' id='line_1_51' title="bbox 409 5884 1736 5949; baseline 0.004 -16"><span class='ocrx_word' id='word_1_614' title='bbox 409 5886 464 5946; x_wconf 75' lang='lat' dir='ltr'><strong>typi</strong></span> <span class='ocrx_word' id='word_1_615' title='bbox 482 5897 574 5933; x_wconf 87' lang='lat' dir='ltr'><strong>errore</strong></span> <span class='ocrx_word' id='word_1_616' title='bbox 592 5884 625 5933; x_wconf 93' lang='lat' dir='ltr'><strong>ct.</strong></span> <span class='ocrx_word' id='word_1_617' title='bbox 645 5884 675 5941; x_wconf 88' lang='lat' dir='ltr'><strong>V,</strong></span> <span class='ocrx_word' id='word_1_618' title='bbox 696 5884 743 5932; x_wconf 80' lang='lat' dir='ltr'><strong>iiii</strong></span> <span class='ocrx_word' id='word_1_619' title='bbox 761 5884 884 5945; x_wconf 82' lang='lat' dir='ltr'><strong>(dicamus</strong></span> <span class='ocrx_word' id='word_1_620' title='bbox 901 5898 949 5947; x_wconf 92' lang='lat' dir='ltr'><strong>pro</strong></span> <span class='ocrx_word' id='word_1_621' title='bbox 966 5885 1088 5946; x_wconf 79' lang='lat' dir='ltr'><strong>dicimus).</strong></span> <span class='ocrx_word' id='word_1_622' title='bbox 1109 5885 1151 5945; x_wconf 88' lang='lat' dir='ltr'><strong>lV,</strong></span> <span class='ocrx_word' id='word_1_623' title='bbox 1169 5885 1201 5935; x_wconf 71' lang='lat'><strong>28</strong></span> <span class='ocrx_word' id='word_1_624' title='bbox 1219 5887 1322 5949; x_wconf 86' lang='lat' dir='ltr'><strong>(dicitur</strong></span> <span class='ocrx_word' id='word_1_625' title='bbox 1338 5898 1386 5949; x_wconf 89' lang='lat' dir='ltr'><strong>pro</strong></span> <span class='ocrx_word' id='word_1_626' title='bbox 1403 5886 1538 5949; x_wconf 75' lang='lat' dir='ltr'><strong>ainaim).-</strong></span> <span class='ocrx_word' id='word_1_627' title='bbox 1557 5888 1599 5935; x_wconf 88' lang='lat' dir='ltr'><strong>W.</strong></span> <span class='ocrx_word' id='word_1_628' title='bbox 1615 5914 1639 5924; x_wconf 93' lang='lat'><em>-</em></span> <span class='ocrx_word' id='word_1_629' title='bbox 1660 5889 1736 5938; x_wconf 86' lang='lat' dir='ltr'><strong>duos-</strong></span> 
     </span>
     <span class='ocr_line' id='line_1_52' title="bbox 407 5959 1620 6023; baseline 0.002 -16"><span class='ocrx_word' id='word_1_630' title='bbox 407 5959 496 6019; x_wconf 78' lang='lat' dir='ltr'><strong>simus,</strong></span> <span class='ocrx_word' id='word_1_631' title='bbox 516 5959 602 6022; x_wconf 88' lang='lat' dir='ltr'><strong>prima</strong></span> <span class='ocrx_word' id='word_1_632' title='bbox 619 5972 631 6007; x_wconf 88' lang='lat' dir='ltr'><strong>s</strong></span> <span class='ocrx_word' id='word_1_633' title='bbox 648 5962 795 6023; x_wconf 81' lang='lat' dir='ltr'><strong>expuncta,</strong></span> <span class='ocrx_word' id='word_1_634' title='bbox 814 5959 865 6009; x_wconf 87' lang='lat' dir='ltr'><strong>Gli</strong></span> <span class='ocrx_word' id='word_1_635' title='bbox 884 5986 911 5997; x_wconf 94' lang='lat'><em>-</em></span> <span class='ocrx_word' id='word_1_636' title='bbox 930 5959 970 6009; x_wconf 75' lang='lat' dir='ltr'><strong>it.</strong></span> <span class='ocrx_word' id='word_1_637' title='bbox 989 5960 1060 6011; x_wconf 80' lang='lat' dir='ltr'><strong>insito</strong></span> <span class='ocrx_word' id='word_1_638' title='bbox 1077 5961 1107 6010; x_wconf 75' lang='lat' dir='ltr'><strong>G¹</strong></span> <span class='ocrx_word' id='word_1_639' title='bbox 1128 5986 1154 5996; x_wconf 96' lang='lat'>-</span> <span class='ocrx_word' id='word_1_640' title='bbox 1173 5960 1214 6011; x_wconf 75' lang='lat'><strong>32.</strong></span> <span class='ocrx_word' id='word_1_641' title='bbox 1233 5960 1339 6011; x_wconf 73' lang='lat' dir='ltr'><strong>tributus</strong></span> <span class='ocrx_word' id='word_1_642' title='bbox 1356 5961 1388 6010; x_wconf 90' lang='lat' dir='ltr'><strong>C:</strong></span> <span class='ocrx_word' id='word_1_643' title='bbox 1408 5959 1553 6011; x_wconf 80' lang='lat' dir='ltr'><strong>distributus</strong></span> <span class='ocrx_word' id='word_1_644' title='bbox 1570 5959 1620 6011; x_wconf 91' lang='lat' dir='ltr'><strong>alii.</strong></span> 
     </span>
    </p>
   </div>
   <div class='ocr_carea' id='block_1_4' title="bbox 0 0 2176 7459">
    <p class='ocr_par' dir='ltr' id='par_1_6' title="bbox 0 0 2176 7459">
     <span class='ocr_line' id='line_1_53' title="bbox 0 0 2176 7459; baseline 0 4"><span class='ocrx_word' id='word_1_645' title='bbox 0 0 2176 7459; x_wconf 95' lang='lat' dir='ltr'><strong> </strong></span> 
     </span>
    </p>
   </div>
  </div>
 </body>
</html>
