4342 7459
443 1227 507 1294 38l
781 1233 783 1240 ’
890 1236 946 1299 ΒΕ
968 1234 1137 1301 DEORUM
1156 1238 1321 1302 NATURA

444 1392 615 1476 confugitis
635 1391 675 1456 ad
697 1392 808 1468 deum,
829 1391 882 1455 et.
907 1394 998 1459 cuius
1020 1415 1150 1479 operam
1173 1398 1317 1479 prolecto
1338 1417 1404 1460 non
1419 1396 1658 1472 desideraretis,
1680 1400 1708 1462 si
1725 1399 1776 1461 in-

444 1507 585 1551 mensam
608 1496 641 1551 et
666 1489 900 1552 interminatam
928 1492 962 1554 in
984 1493 1087 1554 omnis
1108 1492 1207 1573 partis
1229 1491 1479 1573 magnitudinem
1501 1494 1667 1575 regionum
1690 1494 1778 1557 ride-

443 1582 537 1656 retis,
566 1581 718 1670 inquam
747 1602 782 1646 se
807 1584 943 1646 iniciens
964 1585 1088 1648 animos
1110 1593 1143 1647 et
1164 1583 1333 1648 intendens
1355 1586 1397 1649 ita
1420 1587 1483 1649 late
1507 1586 1664 1669 longeque
1686 1606 1779 1669 pere-

444 1678 601 1760 grinatur,
630 1685 666 1739 ut
691 1676 812 1740 nnllam
843 1685 948 1741 tamen
968 1699 1056 1742 oram
1079 1678 1183 1741 ultimi
1205 1679 1326 1753 videat,
1354 1679 1388 1741 in
1410 1700 1473 1762 qua
1494 1681 1598 1763 possit
1618 1681 1778 1743 insistere.

419 1774 479 1837 sln
502 1772 561 1835 hac
583 1769 680 1853 igitur
700 1772 901 1834 inmensitate
916 1771 1137 1846 latitudinum,
1160 1773 1413 1855 longitudinum,
1436 1773 1639 1837 altitudinum
1655 1771 1780 1837 inlinita

443 1868 492 1932 ris
513 1864 790 1929 innumerabilium
812 1865 924 1928 volitat
944 1873 1135 1941 atomorum,
1158 1885 1241 1949 quae
1261 1867 1429 1930 interiecto
1444 1869 1532 1931 inani
1547 1867 1780 1930 cohaerescunt

443 1972 551 2025 tamen
571 1961 655 2022 inter
675 1978 710 2021 se
731 1966 765 2021 et
785 1958 867 2021 aliae
888 1960 967 2022 alias
987 1958 1264 2042 adprehendentes
1286 1962 1528 2036 continuantem
1559 1982 1600 2025 ex
1622 1980 1688 2044 quo
1709 1960 1780 2023 elli·

443 2057 570 2119 ciuntur
590 2074 647 2118 eae
668 2072 773 2116 rernm
795 2048 918 2115 formae
939 2059 972 2115 et
992 2051 1126 2135 figurae,
1155 2074 1236 2135 quas
1258 2074 1315 2116 vos
1337 2050 1419 2117 ellici
1441 2074 1535 2137 posse
1557 2056 1626 2117 sine
1648 2054 1779 2119 lollibus

443 2158 477 2214 et
496 2147 666 2212 incudibus
687 2167 750 2211 non
773 2148 903 2230 putatis.
939 2148 1050 2231 ltaque
1071 2147 1258 2231 inposuistis
1279 2150 1312 2211 in
1328 2149 1505 2212 cervicibus
1527 2151 1644 2212 nostris
1661 2151 1779 2232 sempi-

405 2254 568 2307 toternum
591 2241 771 2326 dominum,
792 2260 888 2324 quem
911 2241 980 2304 dies
1002 2250 1034 2305 et
1053 2248 1162 2305 noctes
1175 2242 1377 2316 timeremus3
1400 2244 1472 2324 quis
1488 2244 1573 2306 enim
1587 2262 1652 2305 non
1669 2243 1779 2306 timeat

444 2336 553 2402 omnia
576 2336 796 2418 providentem
824 2344 858 2398 et
885 2335 1076 2417 cogitantem
1108 2344 1141 2398 et
1169 2334 1471 2399 animadvertentem
1494 2345 1526 2399 et
1550 2336 1658 2399 omnia
1680 2334 1720 2400 ad
1742 2355 1777 2399 sc

444 2431 603 2515 pertinere
624 2438 786 2514 putantem
809 2429 970 2492 curiosum
993 2437 1026 2492 et
1052 2428 1182 2511 plenum
1206 2429 1322 2510 negotii
1346 2429 1467 2492 deuml
1509 2428 1561 2491 55.
1584 2430 1665 2493 ilinc
1686 2429 1777 2494 robis

443 2527 549 2589 extitit
569 2526 706 2609 primum
728 2523 784 2586 illa
805 2518 909 2585 fatalis
931 2523 1119 2596 necessitas,
1142 2541 1237 2605 quarn
1256 2530 1454 2609 εζααρμένην
1469 2524 1590 2598 dicitis,
1611 2534 1663 2599 ut,
1685 2525 1777 2609 quic·

444 2621 522 2703 quid
543 2619 681 2691 accidat,
711 2618 742 2679 id
765 2636 806 2679 ex
827 2625 957 2679 aeterna
979 2616 1112 2678 veritate
1133 2635 1363 2699 causarumque
1385 2617 1622 2682 continuatione
1644 2620 1777 2682 lluxisse

405 2714 567 2778 radicatis.
603 2712 720 2787 Quanti
749 2718 857 2773 autem
884 2710 962 2773 baec
991 2709 1195 2792 philosophia
1224 2710 1420 2773 aestimanda
1450 2721 1513 2784 est,
1543 2714 1592 2775 cui
1614 2723 1776 2796 tamquam

442 2808 576 2872 aniculis
597 2817 631 2870 et
652 2806 692 2869 iis
713 2803 843 2888 quidem
864 2805 1002 2867 indoctis
1024 2800 1089 2866 lato
1106 2803 1175 2865 lieri
1192 2804 1360 2867 videantur
1375 2807 1508 2867 omnia?
1530 2806 1681 2887 Sequitur
1692 2831 1776 2888 pas·

443 2901 513 2979 ruri
536 2908 656 2973 restra,
679 2916 761 2983 quae
783 2899 894 2961 Latine
916 2897 1069 2959 divinatio
1093 2897 1222 2971 dicitur,
1245 2917 1308 2979 qua
1329 2907 1416 2961 tanta
1438 2899 1643 2962 inbueremur
1663 2919 1778 2982 super·

443 2997 588 3069 stitione,
614 2994 641 3057 si
664 3014 719 3057 vos
741 2994 851 3056 audire
873 2990 1042 3064 vellemus,
1070 2999 1105 3052 ut
1126 2989 1328 3073 haruspices,
1349 3011 1500 3074 augures,
1523 2992 1654 3066 harioli,
1676 3002 1776 3068 rates,

443 3090 639 3153 coniectores
665 3088 759 3151 nobis
787 3095 896 3149 essent
923 3084 1059 3148 colendi.
1102 3083 1154 3145 56.
1176 3084 1234 3147 llis
1260 3087 1433 3149 terroribus
1454 3087 1495 3149 ab
1516 3086 1655 3168 Epicuro
1678 3086 1775 3150 soluti

404 3190 475 3247 atel
495 3184 529 3247 in
551 3184 727 3258 libertatern
747 3180 898 3245 vindicati
920 3199 979 3241 nec
1001 3178 1173 3241 metuimus
1194 3197 1267 3252 eos,
1290 3199 1372 3261 quos
1394 3180 1609 3263 intellegimus
1631 3202 1690 3244 nec
1712 3181 1774 3245 sibi

440 3273 562 3360 lingere
591 3276 686 3338 ollam
714 3274 892 3337 molestiam
920 3292 980 3336 uec
1000 3271 1093 3335 alteri
1114 3291 1285 3353 quaerere,
1312 3282 1344 3335 et
1371 3274 1423 3357 pie
1445 3282 1619 3357 sancteque
1641 3275 1775 3338 colimus

441 3379 587 3434 naturam
609 3370 818 3433 excellentem
847 3375 944 3449 atque
974 3374 1196 3450 praestantem.
1241 3365 1304 3427 Sed
1335 3366 1435 3430 elatus
1465 3368 1570 3433 studio
1593 3390 1706 3433 vereor
1733 3387 1774 3432 ne

441 3465 569 3549 longior
595 3463 717 3527 luerim.
753 3464 830 3526 Erat
857 3471 963 3525 autem
985 3456 1111 3523 difficile
1132 3478 1198 3521 rem
1221 3468 1339 3523 tanum
1361 3470 1491 3544 tamque
1512 3464 1704 3546 praeclaram
1726 3464 1775 3526 in-

442 3559 586 3622 choatam
607 3557 807 3639 relinquere:
829 3574 1022 3639 quamquam
1043 3574 1109 3616 non
1131 3562 1196 3616 tam
1211 3554 1339 3616 dicendi
1361 3555 1445 3618 ratio
1460 3555 1538 3618 milri
1556 3557 1702 3621 habenda
1714 3556 1774 3621 luit

403 3662 539 3737 aequam
561 3650 721 3714 audiendi.

438 3752 489 3770 ³
527 3746 612 3807 xxt.
633 3741 685 3805 57.
708 3745 788 3806 Tum
808 3744 898 3806 Cotta
920 3741 1064 3815 comiter,
1085 3750 1122 3806 ut
1138 3742 1272 3815 solebat,
1294 3742 1405 3825 Atqui,
1427 3744 1549 3827 inquit,
1573 3746 1684 3820 Vellei,
1706 3746 1770 3809 nisi

440 3847 476 3903 tu
496 3837 616 3922 aliquid
640 3837 787 3911 dixisses,
810 3836 889 3899 nihil
907 3855 983 3898 sane
997 3855 1038 3898 ex
1057 3856 1107 3900 me
1122 3838 1252 3919 quidem
1267 3837 1378 3899 audire
1392 3840 1570 3920 potuisscs;
1592 3840 1670 3904 mibi
1684 3840 1770 3903 enim

440 3953 505 3999 nou
526 3943 590 3996 tam
611 3931 704 3996 facile
726 3932 759 3993 in
782 3939 917 3994 mentem
940 3931 1049 3992 venire
1070 3930 1166 4005 solet,
1189 3951 1253 4014 qua
1274 3952 1309 3993 re
1330 3952 1439 3995 verum
1457 3934 1498 3995 sit
1512 3933 1652 4017 aliquid,
1674 3953 1770 4017 quam

441 4048 505 4113 qua
526 4049 560 4091 re
581 4026 712 4100 laisum,
735 4026 833 4108 idque
854 4045 925 4087 cum
946 4044 1057 4108 saepe,
1078 4033 1161 4098 tum,
1184 4045 1254 4087 eum
1271 4035 1302 4088 te
1315 4025 1475 4100 audirem,
1498 4027 1593 4110 paulo
1609 4035 1682 4089 ante
1697 4047 1773 4090 con-

402 4124 520 4205 tttigit.
561 4125 665 4204 Reges
694 4142 761 4193 me,
791 4119 918 4202 qualem
948 4129 1092 4181 naturam
1124 4119 1255 4181 deorum
1285 4140 1354 4183 esse
1377 4120 1505 4195 ducam,
1536 4121 1615 4183 nihil
1638 4121 1771 4183 sonasse

439 4216 667 4299 respondeam
691 4233 841 4297 quaeras,
870 4222 1018 4297 putemne
1040 4214 1136 4277 talem
1159 4234 1246 4286 esse,
1270 4214 1372 4296 qualis
1396 4217 1490 4277 modo
1513 4235 1532 4277 a
1554 4224 1586 4277 te
1607 4215 1648 4276 sit
1670 4233 1772 4296 expo-

439 4313 513 4384 sita,
544 4311 621 4373 nihil
650 4309 752 4372 dicam
783 4307 859 4370 mihi
890 4308 989 4370 videri
1013 4310 1128 4370 minus.
1170 4307 1232 4369 Sed
1255 4317 1329 4370 ante
1352 4329 1447 4391 quam
1470 4308 1637 4391 adgrediar
1658 4306 1698 4369 ad
1722 4327 1770 4380 ea,

440 4425 523 4488 quae
545 4424 565 4467 a
586 4414 616 4467 te
633 4405 789 4487 disputata
812 4410 901 4474 suut,
923 4403 962 4463 de
986 4411 1016 4464 te
1039 4404 1110 4484 ipso
1124 4400 1226 4465 dicam
1243 4402 1319 4485 quid
1335 4404 1480 4465 sentiam.
1502 4402 1553 4464 58.
1572 4404 1673 4485 Saepe
1686 4403 1769 4464 enim

439 4498 481 4560 de
502 4497 656 4559 familiare
678 4498 734 4559 illo
757 4506 812 4559 tuo
834 4497 947 4558 videor
967 4497 1111 4570 audisse,
1133 4517 1205 4560 cum
1229 4506 1260 4559 te
1282 4500 1396 4579 togatis
1416 4499 1564 4561 omnibus
1586 4499 1655 4559 sine
1670 4495 1769 4558 dubio

401 4592 610 4656 &anteferret
631 4602 663 4654 et
685 4611 803 4673 paucos
825 4599 928 4653 tecum
950 4591 1125 4672 Epicureos
1148 4610 1166 4651 e
1189 4591 1322 4653 Graecia
1344 4601 1553 4674 compararet,
1585 4592 1658 4666 sed,
1680 4590 1768 4675 quod

439 4686 479 4750 ab
501 4705 540 4748 eo
562 4694 594 4748 te
616 4682 747 4747 mirilice
769 4684 857 4766 diligi
879 4684 1119 4764 intellegebam,
1141 4685 1316 4747 arbitrabar
1329 4686 1419 4747 illurn
1434 4696 1562 4770 propter
1575 4686 1771 4749 benevolen-

438 4780 516 4844 tiam
537 4781 664 4843 uberius
686 4779 717 4842 id
741 4780 857 4842 dicere.
892 4779 960 4859 Ego
982 4787 1103 4851 autern,
1126 4779 1186 4841 etsi
1203 4799 1312 4841 vereor
1333 4779 1461 4843 laudare
1483 4791 1698 4861 praesentem,
1721 4781 1770 4840 iu·

503 5110 527 5162 l.
546 5110 718 5159 torems-
738 5106 1041 5156 &mossavisius—
1062 5107 1086 5157 6.
1105 5107 1314 5158 interlecloll-
1334 5108 1359 5158 7.
1378 5109 1626 5158 tomenlnsel’-
1646 5110 1671 5161 8.
1689 5109 1767 5161 esst:

437 5188 595 5249 ctqeso—
616 5185 656 5234 to.
675 5182 951 5233 diesccsoctestt-
973 5184 1012 5231 ⁴2.
1030 5182 1089 5233 hinc
1106 5198 1175 5234 corr.
1196 5185 1366 5234 exhicl-
1387 5183 1426 5233 ts.
1445 5186 1527 5233 caluit
1544 5187 1651 5248 praeter
1668 5181 1769 5235 litteras

437 5258 1769 5316 minimumhabeta-mmmmtt’;mcnmnemtt:tsnanmmanczlnmas

436 5341 504 5390 E-
529 5336 570 5388 tt.
589 5341 693 5385 ulma
714 5336 740 5383 in
763 5347 817 5382 ras.
837 5336 858 5383 Α
879 5355 913 5369 ·-
936 5333 1042 5382 sevitute
1062 5347 1116 5384 om.
1135 5340 1216 5385 A1-
1238 5337 1278 5384 45.
1296 5340 1331 5383 cst
1349 5336 1414 5384 BC:
1438 5333 1563 5383 aitAEP
1583 5358 1609 5367 —
1633 5333 1673 5382 lh.
1691 5334 1768 5383 ethis

437 5414 546 5466 ARCE
571 5438 597 5448 -
619 5411 727 5459 mantice
748 5408 859 5457 ABCE
883 5433 910 5443 -
935 5408 975 5456 ll.
994 5407 1076 5455 latina
1093 5407 1112 5456 ll
1131 5433 1158 5443 -
1179 5410 1219 5459 49.
1237 5407 1442 5459 coniectoresh:
1467 5409 1655 5458 etcoalectores
1671 5409 1700 5457 0.
1725 5408 1765 5459 Cl.

436 5489 540 5552 Madvig
556 5487 590 5537 ad
608 5487 664 5535 Cic.
682 5484 717 5534 de
729 5484 784 5533 fin.
800 5497 826 5546 p.
839 5484 897 5531 bil.
914 5508 939 5518 -
959 5484 1000 5531 20.
1013 5484 1145 5532 metuimus
1157 5485 1233 5545 (corr.
1247 5499 1278 5534 cr
1291 5486 1433 5555 memmi
1451 5485 1487 5533 B:
1505 5484 1767 5534 nemausi>

351 5575 360 5584 “
439 5561 708 5615 -sttncostoert
729 5586 757 5595 -
782 5557 983 5608 alumnae
1004 5584 1030 5594 -
1054 5560 1493 5611 temtorsamsccs-
1518 5559 1768 5622 atquinium

437 5633 1765 5696 cer-ts.attq=asa-tt.cuctrac-t⁰.ceorummswam0-cscanae¹t›tttn

436 5707 1419 5775 mnmttuecmu¹E-3t.putmmtema-tt.usact>:cal.
1441 5708 1764 5768 ermweeottuctoel.

437 5789 476 5839 Cl.
496 5788 599 5850 bladrig
616 5786 649 5836 ad
667 5784 723 5834 Cic.
741 5783 776 5833 de
794 5784 900 5833 Finibus
916 5796 943 5847 p.
962 5783 1002 5831 35.
1023 5808 1049 5817 -
1073 5784 1409 5845 fontenetensem:
1434 5783 1617 5843 dbsmitlmi
1634 5782 1702 5845 Bt!
1745 5786 1749 5795 '

435 5856 1578 5924 tiartiltoO-ropstirCE-Sll.ctom.ABCE-36.bealsoleatiestlt-
1604 5856 1766 5908 stum-
