4342 7459
879 1730 924 1823 ll.
949 1730 1092 1822 TULLII
1120 1729 1349 1825 CICERONIS

1083 1925 1134 1983 ns

634 2095 861 2184 ElNlBUS
889 2097 1275 2185 BONORUME'1'
1301 2097 1591 2184 MALORUM

926 2303 1053 2362 mm
1070 2302 1299 2363 summoue.

535 2681 560 2744 l.
582 2673 614 2743 l.
643 2679 704 2745 llic
725 2700 796 2744 cunr
817 2687 951 2765 uterque
972 2702 1022 2746 me
1043 2684 1222 2747 intueretur
1243 2701 1377 2766 seseque
1398 2679 1438 2745 ad
1461 2678 1655 2745 audiendum
1678 2681 1776 2765 signi·

450 2772 580 2839 ficarent
600 2782 737 2858 paratos,
759 2775 906 2848 Primum,
927 2776 1066 2859 inquam,
1089 2777 1240 2860 deprecor
1254 2796 1294 2838 ne
1308 2796 1359 2839 me
1373 2782 1535 2859 tamquam
1550 2774 1774 2859 philosophum

451 2869 568 2952 putetis
595 2867 736 2932 scholam
765 2868 856 2931 vobis
880 2868 1019 2952 aliquam
1041 2871 1289 2954 explicatnmm,
1319 2868 1406 2952 quod
1426 2889 1467 2932 ne
1490 2871 1522 2939 in
1545 2870 1622 2952 ipsis
1645 2867 1773 2952 quidem

449 2961 649 3046 philosophis
671 2981 785 3045 magno
807 2981 903 3044 opere
925 2983 1075 3045 nmquam
1097 2964 1236 3047 probavi.
1274 2962 1410 3039 Quando
1433 2963 1517 3026 enim
1533 2963 1693 3036 Socrates,
1718 2963 1774 3046 qui

426 3075 564 3140 sperans
593 3054 813 3138 philosophiae
842 3055 911 3118 iure
934 3056 995 3118 dici
1018 3064 1139 3139 potest,
1162 3056 1331 3140 quicquam
1355 3057 1417 3121 tale
1438 3056 1535 3120 faciti
1567 3057 1686 3120 Eorum
1709 3064 1775 3120 erat

450 3150 511 3214 iste
539 3169 624 3225 mos,
655 3149 710 3232 qui
738 3157 805 3213 tum
829 3149 991 3232 sophistae
1013 3151 1272 3225 nominabantur,
1302 3171 1438 3233 quorum
1461 3171 1479 3213 e
1500 3170 1632 3213 numero
1653 3151 1774 3234 primns

450 3249 499 3306 est
527 3262 623 3305 ausus
653 3243 827 3306 Leontinus
849 3243 982 3326 Gorgias
1009 3245 1044 3307 in
1066 3252 1226 3307 conventu
1250 3264 1380 3327 poscere
1403 3244 1638 3327 quaestionem,
1670 3243 1776 3306 idest

448 3337 557 3400 iubere
579 3335 700 3410 dicere,
722 3337 848 3420 quade
870 3357 904 3399 re
926 3338 998 3420 quis
1020 3337 1115 3400 vellet
1136 3337 1255 3400 audire.
1298 3336 1411 3400 Audax
1432 3337 1611 3420 negotium,
1638 3336 1774 3401 dicerem

449 3430 632 3513 impudens,
654 3429 716 3492 nisi
738 3429 798 3493 hoo
820 3430 999 3493 institutum
1020 3437 1131 3515 postea
1152 3431 1337 3494 translatum
1359 3429 1400 3493 ad
1421 3430 1629 3513 philosophos
1647 3439 1774 3494 nostros

413 3531 543 3590 coesset.
586 3521 617 3587 ἲ.
640 3522 703 3586 Sed
726 3531 757 3586 et
780 3524 886 3599 illum,
909 3544 1006 3607 quem
1027 3524 1206 3598 nominavi,
1229 3533 1260 3586 et
1281 3533 1402 3587 ceteros
1424 3523 1600 3607 sophistas,
1621 3531 1657 3586 ut
1673 3544 1691 3587 e
1706 3522 1775 3586 Pla-

451 3625 525 3683 tone
552 3616 693 3701 intellegi
722 3622 844 3701 potest,
872 3617 960 3680 lusos
989 3617 1132 3681 videmus
1160 3618 1342 3682 aSocrate.
1384 3620 1414 3681 ls
1444 3619 1528 3681 enim
1556 3617 1773 3702 percontando

449 3719 546 3797 atque
566 3709 790 3793 interrogando
812 3710 927 3773 elicere
949 3710 1072 3774 solebat
1094 3731 1203 3774 eorum
1227 3712 1409 3795 opiniones,
1431 3711 1619 3796 quibuscum
1636 3711 1775 3775 dissera-

449 3805 517 3880 bat,
546 3812 582 3867 ut
601 3804 643 3868 ad
665 3825 718 3879 ea,
748 3823 831 3888 quae
852 3805 875 3868 ii
896 3805 1151 3889 respondissent,
1180 3805 1307 3889 siquid
1332 3806 1508 3881 rideretur,
1538 3806 1667 3869 diceret.
1711 3805 1774 3881 Qui

449 3919 518 3963 mos
547 3919 619 3962 cum
648 3918 667 3962 a
694 3898 919 3984 posterioribus
948 3918 1014 3962 non
1036 3906 1121 3962 esset
1145 3906 1304 3973 retentus,
1331 3900 1488 3962 Arcesilas
1515 3920 1587 3962 eum
1614 3900 1776 3964 revocavit

413 4015 441 4061 re
450 3992 650 4076 instituitque
671 4000 708 4055 ut
729 3993 761 4067 ii,
785 3993 840 4076 qui
862 4012 897 4055 se
918 3992 1028 4056 audire
1049 3992 1176 4067 vellent,
1199 4013 1265 4055 non
1287 3992 1327 4055 de
1349 4013 1383 4056 se
1405 4000 1609 4076 quaererent,
1632 3992 1689 4057 sed
1711 3993 1774 4076 ipsi

449 4087 603 4161 dicerent,
624 4085 702 4170 quid
724 4087 890 4163 sentirent3
913 4088 1090 4171 quodcum
1112 4087 1280 4162 dixissent,
1302 4086 1356 4149 ille
1379 4095 1498 4149 contra.
1537 4085 1601 4150 Sed
1622 4107 1695 4151 eum
1719 4087 1775 4171 qui

449 4180 635 4254 audiebant,
658 4181 763 4263 quoad
785 4188 948 4264 poterant,
970 4178 1184 4246 defendebant
1203 4181 1391 4244 sententiam
1405 4200 1505 4244 suam.
1541 4181 1636 4266 Apud
1651 4188 1774 4246 ceteros

449 4281 554 4339 autem
584 4272 793 4356 philosophos
822 4275 879 4357 qni
907 4275 1062 4359 quaesivit
1090 4275 1210 4359 aliquid
1240 4281 1340 4351 tacet;
1373 4273 1461 4359 quod
1493 4275 1622 4359 quidem
1648 4276 1711 4339 iam
1739 4271 1775 4338 fit

450 4369 544 4432 etiarn
570 4367 604 4430 in
625 4366 805 4431 Academia.
847 4367 905 4430 Ubi
929 4369 1013 4432 enim
1040 4369 1085 4443 is,
1107 4369 1162 4452 qui
1184 4365 1294 4432 audire
1315 4368 1398 4444 vult,
1427 4369 1472 4432 ita
1493 4368 1591 4432 dixit:
1621 4369 1774 4452 Voluptas

411 4460 525 4534 nonsibi
547 4458 764 4524 videturesse
786 4481 943 4525 summum
964 4462 1101 4537 bonum,
1123 4470 1278 4545 perpetua
1299 4464 1442 4527 oratione
1465 4470 1573 4525 contra
1587 4460 1775 4545 disputatur,

448 4563 485 4619 ul
505 4554 599 4619 facile
620 4554 763 4639 intellegi
784 4556 888 4638 possit
910 4575 982 4633 eos,
1012 4557 1067 4640 qui
1096 4554 1221 4639 aliquid
1243 4555 1303 4618 sihi
1324 4556 1426 4620 videri
1447 4555 1570 4631 dicant,
1600 4574 1665 4618 non
1686 4556 1774 4638 ipsos

448 4653 481 4714 in
510 4670 548 4715 ea
578 4650 734 4714 sententia
765 4669 853 4727 esse,
887 4650 944 4714 sed
972 4649 1082 4714 audire
1109 4650 1191 4714 velle
1222 4649 1389 4712 contraria.
1432 4646 1549 4712 3.an
1580 4649 1774 4714 commodius

448 4744 582 4828 agimus.
618 4746 690 4808 Non
712 4743 795 4807 enim
817 4744 921 4807 solum
942 4746 1123 4829 Torquatus
1145 4743 1237 4819 dixit,
1260 4743 1337 4828 quid
1353 4743 1495 4817 sentiret,
1517 4742 1574 4806 sed
1589 4745 1685 4808 etiam
1700 4763 1772 4808 cur:

448 4858 509 4921 ego
535 4846 640 4902 autem
666 4838 817 4912 arbitror,
848 4858 1038 4922 quamquam
1060 4836 1231 4901 admodum
1253 4836 1426 4900 delectatus
1447 4856 1517 4900 sum
1540 4836 1607 4901 eius
1630 4838 1773 4901 oratione

410 4939 616 5016 ffiperpetua,
636 4940 743 4995 tamen
765 4930 979 5006 commodius,
1001 4953 1073 4995 cum
1095 4931 1128 4994 in
1150 4932 1245 4995 rebus
1261 4931 1394 5013 singulis
1409 4931 1536 4995 insistas
1551 4937 1583 4994 et
1597 4931 1773 5013 intellegas,

449 5025 529 5111 quid
550 5027 686 5111 quisque
708 5025 876 5102 concedat,
905 5025 983 5110 quid
1003 5026 1136 5102 abnuat,
1161 5045 1202 5089 ex
1222 5026 1316 5090 rebus
1338 5024 1498 5090 concessis
1520 5024 1665 5090 concludi
1687 5024 1774 5110 quod

497 5334 522 5386 4.
540 5333 647 5399 isael-Sic
663 5334 685 5385 D
698 5359 726 5370 -
743 5334 769 5384 i.
782 5334 964 5398 (leprosorum.
977 5335 999 5386 D
1015 5363 1042 5374 -
1054 5334 1079 5386 3.
1092 5335 1185 5387 radam
1195 5337 1244 5388 AB
1255 5333 1355 5401 ubique
1364 5361 1397 5375 —-
1407 5334 1476 5388 cobis
1485 5349 1539 5388 om.
1552 5337 1571 5387 B
1583 5361 1617 5374 -
1628 5335 1702 5401 qood]
1714 5334 1774 5398 qaid

447 5408 510 5462 B-
529 5411 626 5473 quidem
642 5410 668 5460 in
686 5422 769 5474 marg.
783 5411 875 5476 Epost
890 5411 949 5473 ipsis
965 5409 1127 5474 significatur
1142 5411 1324 5462 inserendum.
1339 5438 1366 5448 -
1385 5409 1409 5463 l.
1422 5424 1515 5476 magno
1528 5425 1589 5474 pere
1605 5414 1639 5473 A;
1659 5424 1712 5463 om.
1726 5412 1773 5463 BE

448 5509 477 5521 -
494 5497 633 5548 samsom
649 5485 697 5536 BE
715 5511 742 5522 -
763 5486 789 5537 6.
807 5486 828 5551 s]
846 5486 917 5536 crtE
937 5512 964 5522 -
982 5487 1007 5535 7.
1025 5485 1133 5536 leander
1148 5487 1197 5537 BE
1217 5515 1244 5525 -
1270 5487 1373 5552 gorgias
1389 5488 1414 5537 bi
1430 5493 1553 5538 concentu
1568 5491 1600 5539 A¹
1620 5516 1647 5527 ·-
1662 5493 1774 5552 comeret

447 5561 479 5610 A¹
496 5584 525 5596 ·-
549 5560 573 5611 9.
589 5560 745 5624 philosophos
765 5565 861 5611 nostros
881 5564 916 5612 A:
940 5565 1037 5612 nostros
1055 5562 1211 5624 philosophos
1232 5563 1286 5612 ΒΕ
1310 5588 1338 5598 -
1362 5562 1402 5612 40.
1420 5575 1470 5613 csse
1485 5562 1516 5614 A¹
1536 5590 1563 5602 -
1587 5565 1627 5615 44.
1646 5578 1664 5614 a
1680 5576 1734 5616 om.
1752 5566 1772 5615 B

447 5635 510 5696 (non
527 5635 556 5698 E)
575 5662 602 5672 -
621 5637 807 5699 mmortando
823 5633 911 5688 A¹BE
930 5663 958 5674 -
983 5636 1023 5689 43.
1041 5650 1072 5687 aa
1088 5638 1153 5688 AB:
1171 5637 1231 5688 boec
1248 5637 1309 5686 0-
1328 5637 1362 5686 hii
1379 5639 1412 5699 A;
1434 5639 1460 5687 hi
1476 5638 1527 5688 BO
1545 5663 1572 5673 -
1595 5640 1635 5688 ⁴5.
1655 5651 1701 5702 qao
1717 5652 1770 5690 om.

447 5709 539 5759 BE-
556 5710 582 5759 hi
598 5711 628 5770 A,
645 5711 753 5772 spa-
773 5713 857 5762 oadite
872 5707 916 5772 A¹;
935 5712 1020 5763 audiri
1040 5713 1060 5762 B
1083 5737 1111 5748 -
1139 5713 1179 5762 46.
1198 5711 1266 5777 qaid]
1290 5713 1355 5775 qaod
1380 5714 1399 5763 B
1418 5739 1445 5750 -
1469 5714 1606 5764 eamAB:
1630 5726 1683 5764 om.
1703 5714 1723 5764 0
1743 5739 1769 5750 -

448 5782 489 5832 48,
507 5784 567 5847 qaid
583 5784 680 5847 gerim
697 5785 730 5845 E;
749 5786 867 5850 qrsicqoid
882 5787 946 5836 B-
964 5787 1003 5838 49.
1022 5789 1099 5839 stiam
1115 5789 1201 5839 om.B
1221 5814 1248 5824 -
1266 5788 1308 5839 El.
1323 5790 1401 5852 possit
1416 5793 1496 5840 atem
1510 5789 1559 5840 BE
1574 5815 1601 5824 -
1619 5787 1665 5839 sibi
1676 5788 1773 5852 aliquid

447 5857 533 5908 ΒΕ-
551 5859 593 5912 23.
605 5859 689 5925 aian]
705 5873 756 5913 csso
770 5862 791 5914 B
804 5887 832 5901 ·-
850 5862 1180 5930 reomanensi-
1198 5863 1449 5932 sermocinans]
1462 5864 1770 5929 concucurrissent
