4342 7459
943 1254 1203 1324 FRAGMENTA.
1672 1252 1735 1319 349

409 1419 568 1475 austerum
594 1419 710 1473 ettam
736 1410 952 1472 vehementem
980 1411 1179 1489 magistrum,
1206 1428 1264 1490 per
1287 1427 1380 1489 quem
1407 1409 1583 1472 hominibus
1608 1412 1734 1473 maiori-

407 1506 469 1568 bus
494 1514 569 1568 natu
595 1524 636 1567 ne
665 1506 696 1565 in
722 1507 787 1566 suis
815 1505 942 1584 quidem
970 1501 1107 1584 praediis
1142 1505 1259 1584 inpune
1291 1512 1371 1583 tum,
1404 1523 1475 1567 cum
1509 1506 1624 1567 Romae
1657 1504 1729 1567 nihil

408 1601 524 1679 agitur,
549 1599 641 1661 liceat
667 1617 739 1660 esse
765 1597 998 1679 valetudinique
1028 1599 1156 1659 servire.
1206 1599 1425 1660 Verumtamen
1453 1591 1603 1662 ceteris*
1622 1600 1638 1635 ³¹
1657 1601 1673 1636 *
1693 1600 1734 1661 sit

407 1696 568 1773 ignoscere
587 1696 603 1731 *
620 1695 637 1729 *
654 1712 727 1755 vero
746 1694 762 1729 ³*
781 1694 797 1729 *
817 1693 848 1753 in
868 1691 920 1753 illo
940 1692 1007 1754 loco
1028 1692 1112 1754 nullo
1133 1692 1235 1754 modo.
1287 1692 1368 1766 Quid
1388 1693 1513 1770 homini,
1542 1694 1652 1774 inquit,
1671 1696 1733 1756 Ar-

407 1789 503 1868 pinati
534 1806 604 1850 cum
632 1790 730 1866 Baiis,
760 1789 874 1867 agresti
901 1805 938 1850 ae
967 1789 1119 1850 rusticol‘
1157 1789 1186 1849 3.
1216 1790 1284 1862 044
1309 1787 1378 1849 1444
1403 1790 1446 1850 ita
1470 1789 1525 1850 luit
1550 1805 1678 1865 caecus,
1701 1795 1757 1851 ute

408 1881 496 1945 facile
520 1889 687 1963 appareret
704 1881 818 1964 vidisse
840 1881 1015 1963 eum'quod
1036 1883 1082 1943 las
1102 1900 1164 1944 non
1184 1880 1307 1944 luisset:
1348 1884 1376 1944 4.
1406 1883 1470 1943 Ν44
1494 1883 1576 1943 enim
1595 1883 1742 1961 respexit·

407 1976 492 2038 illum
514 1977 617 2056 ipsum
643 1986 806 2057 patronum
833 1976 968 2039 libidinis
994 1995 1070 2038 suae
1095 1995 1157 2038 non
1182 1975 1274 2037 modo
1300 1976 1385 2057 apud
1408 1978 1497 2038 Baias
1518 1994 1605 2051 esse,
1625 1994 1733 2037 verum

408 2089 462 2132 eas
493 2070 578 2150 ipsas
606 2088 705 2150 aquas
733 2070 864 2148 habere,
897 2088 977 2150 quae
999 2080 1091 2149 gustu
1117 2079 1224 2132 tamen
1245 2071 1401 2151 Arpinatis
1420 2070 1558 2132 luissent.
1600 2068 1664 2131 Sed
1686 2070 1734 2130 vi-

408 2164 480 2226 dete
499 2163 699 2226 metuendam
718 2166 831 2226 inimici
852 2175 884 2227 et
904 2167 999 2227 hostis
1019 2164 1114 2226 bilem
1138 2173 1171 2228 et
1195 2165 1367 2228 licentiam!
1416 2166 1445 2227 ls
1472 2183 1523 2226 me
1548 2163 1626 2225 dixit
1644 2162 1733 2225 aedi-

407 2260 512 2336 ficare,
534 2257 586 2319 ubi
606 2260 680 2319 nihil
700 2259 812 2338 habeo,
834 2259 875 2320 ibi
897 2260 1007 2336 inisse,
1029 2261 1128 2339 qun
1142 2261 1223 2321 enim
1243 2278 1305 2321 non
1318 2260 1389 2296 Μ
1405 2266 1562 2339 patentem
1581 2256 1772 2319 adversa-to

408 2353 503 2428 rium,
524 2351 628 2431 quiid
648 2351 776 2429 obiciat,
804 2353 889 2433 quod
910 2351 957 2414 vel
978 2353 1108 2415 honeste
1132 2354 1272 2415 confiteri
1291 2351 1340 2415 vel
1360 2352 1523 2415 manifesto
1545 2349 1734 2428 redarguere

408 2447 533 2527 possis?

485 2561 519 2621 V.
551 2561 578 2622 1.
599 2561 676 2620 Nam
692 2560 824 2620 rusticos
844 2561 873 2620 ei
893 2578 950 2620 nos
964 2558 1061 2619 videri
1082 2560 1184 2620 minus
1204 2558 1457 2637 estmirandum,
1478 2560 1532 2638 qui
1552 2558 1735 2620 manicatam

409 2655 544 2715 tunicam
564 2661 595 2715 et
614 2655 734 2715 mitram
755 2663 787 2715 et
806 2673 980 2734 purpureas
1008 2655 1120 2715 inscias
1142 2652 1259 2715 habere
1286 2672 1348 2714 non
1373 2670 1551 2733 possumus.
1592 2654 1638 2714 Tu
1661 2670 1735 2714 vero

408 2748 548 2825 lestivus,
571 2756 602 2809 tu
617 2746 755 2827 elegans,
776 2757 809 2808 tu
824 2748 909 2809 solus
923 2747 1079 2823 urbanus;
1102 2764 1194 2825 quem
1209 2745 1301 2807 decet
1314 2745 1474 2809 muliebris
1487 2756 1625 2823 ornatus,
1641 2765 1734 2826 quem
1744 2760 1772 2805 44

408 2843 552 2903 incessus
570 2840 737 2921 psaltriae,
759 2842 811 2920 qui
831 2842 1008 2902 effeminare
1028 2840 1161 2916 vultum,
1191 2848 1353 2903 attenuare
1373 2860 1498 2918 vocem,
1517 2840 1643 2902 laevare
1663 2859 1735 2901 cor-

409 2954 469 3017 pus
487 2944 588 3014 potes.
629 2937 655 2997 0
670 2935 826 3014 singulare
840 2937 1013 3015 prodigium
1028 2944 1123 3015 atque
1143 2937 1329 2997 monstrum!
1351 2944 1454 2998 nonne
1470 2944 1499 2997 te
1514 2936 1604 2997 huius
1617 2933 1734 3018 templi,

409 3049 470 3091 non
501 3029 602 3107 urbis,
633 3048 694 3091 non
724 3030 822 3106 vitae,
855 3048 916 3090 non
946 3029 1024 3090 lucis
1053 3028 1172 3108 pudet?
1217 3033 1245 3091 2.
1273 3029 1337 3107 Τ4·,
1358 3031 1411 3109 qui
1438 3028 1567 3091 indutus
1592 3026 1735 3117 muliebri

410 3132 496 3186 veste
516 3125 621 3201 lucris,
642 3123 761 3186 virilem
776 3143 883 3185 vocem
903 3123 1000 3187 audes
1019 3126 1171 3201 emittere,
1193 3125 1289 3198 cuius,
1299 3112 1507 3205 importunam
1525 3109 1686 3210 libidinem
1706 3130 1738 3185 et

410 3228 551 3300 stuprum
578 3238 649 3280 cum
678 3219 798 3282 scelere
824 3220 1020 3281 coniunctum
1043 3238 1084 3280 ne
1109 3217 1301 3307 sub'omandi
1330 3205 1567 3298 quidem'mora
1593 3214 1774 3280 retardo-tt

409 3315 476 3375 vit?
514 3319 541 3376 3.
563 3315 661 3392 Τ444,
683 3332 753 3375 cum
773 3315 963 3375 vincirentur
982 3315 1081 3394 pedes
1101 3314 1216 3390 lasciis,
1240 3333 1310 3375 cum
1330 3313 1479 3469 calaup'ca
1498 3314 1591 3393 capiti
1611 3330 1737 3374 accom-

411 3408 599 3481 modaretur,
620 3428 690 3471 cum
711 3410 761 3470 vix
781 3410 966 3472 manicatam
995 3410 1129 3472 tunicam
1148 3408 1180 3469 in
1199 3406 1332 3471 lacertos
1355 3406 1409 3470 iud
1433 3426 1537 3497 ceres,
1564 3426 1633 3468 cum
1654 3413 1736 3467 stro·

411 3502 483 3583 phio
504 3512 649 3565 accurate
668 3506 918 3584 praecingerere,
939 3505 970 3565 in
986 3513 1048 3566 tam
1067 3504 1157 3583 longo
1171 3505 1270 3588 spatio
1285 3517 1453 3583 numquam
1468 3512 1498 3564 te
1512 3503 1603 3585 Appii
1617 3494 1737 3591 Claudii

411 3605 557 3678 nepotem
577 3616 649 3660 esse
669 3599 851 3661 recordatus
864 3600 920 3660 esi
958 3602 1078 3678 Nonne,
1093 3601 1185 3661 etiam
1199 3600 1225 3661 si
1239 3618 1363 3661 omnem
1382 3587 1518 3661 mentem
1532 3596 1627 3659 libido
1644 3614 1737 3659 ever-

412 3700 502 3769 terat,
524 3700 626 3754 tamen
647 3711 686 3754 ex
705 3694 750 3730 *¹
1509 3743 1517 3757 .
1546 3759 1548 3763 .

488 3788 518 3848 4.
549 3785 624 3864 Sed,
638 3786 744 3866 credo,
763 3796 928 3869 postquam
942 3788 1106 3869 speculum
1120 3788 1173 3850 tibi
1190 3786 1327 3851 adlatum
1341 3794 1400 3865 est,
1421 3786 1511 3868 longe
1526 3794 1556 3849 te
1570 3804 1588 3849 a
1601 3784 1738 3868 pulchris

412 3882 527 3945 abesse
547 3882 683 3943 sensisti.
853 3898 857 3906 ’
1467 3885 1472 3900 ‘
1497 3899 1503 3918 ¹

486 3978 516 4038 5.
547 3977 642 4049 Quasi
662 3995 736 4037 vero
757 3996 814 4056 ego
835 3975 875 4039 de
895 3978 971 4039 lacie
991 3986 1055 4055 tua,
1076 3978 1231 4055 catamite,
1252 3977 1392 4039 dixerim.

487 4109 536 4169 VI.
570 4109 596 4168 4.
617 4107 657 4167 At
676 4125 757 4184 sum,
778 4106 887 4185 inquit,
908 4106 1081 4168 absolutus.
1122 4109 1207 4169 Novo
1227 4107 1353 4188 quidem
1373 4107 1478 4169 hercle
1497 4125 1594 4185 more,
1617 4108 1665 4168 cui
1686 4108 1738 4168 uni

412 4199 555 4264 absoluto
577 4199 645 4262 lites
665 4201 846 4262 aestimatae
866 4207 949 4261 sunt.
970 4199 1014 4236 ”¹
1747 4220 1776 4268 44

382 4337 396 4384 ,2
487 4296 515 4356 2.
546 4294 641 4368 Quasi
667 4312 724 4372 ego
750 4311 812 4355 non
838 4300 1003 4355 contentus
1030 4295 1103 4369 sim,
1133 4294 1218 4372 quod
1245 4293 1317 4355 mihi
1345 4295 1484 4374 quinque
1509 4301 1541 4355 et
1559 4312 1600 4354 xx
1619 4291 1739 4356 iudices

413 4388 623 4452 erediderunt.
665 4389 724 4463 Qui
745 4397 927 4468 sequestres
947 4388 1005 4450 abs
1025 4398 1056 4450 te
1076 4387 1250 4469 locupletes
1269 4388 1450 4468 acceperint
1464 4399 1516 4483 1444.

488 4488 516 4546 3.
547 4484 716 4546 Divertium
735 4484 888 4565 pontilicis
908 4484 1043 4546 maximi.

487 4618 547 4679 Vll.
581 4622 607 4678 l.
628 4616 789 4694 Integritas
810 4623 861 4678 tua
882 4624 912 4677 te
932 4618 1087 4696 purgavit,
1108 4614 1301 4693 mihicrede,
1321 4615 1424 4695 pudor
1443 4613 1566 4695 eripuit,
1586 4613 1647 4688 vitu
1667 4620 1739 4689 aute

413 4720 481 4774 acta
501 4711 645 4773 servavit.
687 4712 838 4784 Quattuor
856 4708 910 4771 ubi
931 4712 1111 4792 sententias,
1126 4709 1212 4778 solas
1229 4708 1269 4772 ad
1289 4710 1459 4791 perniciem
1479 4704 1625 4790 doluisse.
1748 4718 1778 4767 te

485 4806 513 4868 2.
545 4807 621 4867 Nam
641 4806 674 4866 L.
699 4803 825 4884 quidem
847 4803 947 4867 Cotta.
1193 4795 1196 4801 ’

488 4902 515 4962 3.
549 4900 586 4960 Ut
604 4899 733 4978 posthac
753 4895 822 4977 lege
841 4897 966 4961 Aurelia
986 4896 1081 4962 iudex
1101 4916 1254 4961 essenon
1273 4898 1382 4982 possit.

479 5128 502 5178 4.
525 5140 573 5189 per
589 5141 687 5189 4444444-
698 5129 817 5178 -44444444
833 5128 915 5179 34344
931 5130 1012 5178 etiam
1030 5129 1061 5190 Α,
1080 5130 1206 5180 omittens
1223 5142 1249 5184 v.
1266 5128 1366 5191 44444444.
1392 5154 1419 5167 -
1443 5128 1468 5179 3.
1488 5129 1516 5178 44
1534 5126 1634 5178 4444444
1651 5128 1740 5191 perie-

413 5204 474 5251 runt
491 5204 617 5265 quattuor
633 5205 740 5254 circiter
755 5202 896 5254 vocabule.
932 5206 986 5255 44444
1005 5204 1088 5254 verba
1104 5205 1137 5254 444
1151 5207 1279 5269 ignoscere
1291 5217 1352 5254 4444
1369 5202 1452 5254 hebet
1468 5203 1577 5268 quldem
1595 5200 1627 5252 cl.
1639 5203 1740 5265 Peyro-

413 5276 472 5325 nius
491 5288 516 5339 p.
535 5276 566 5323 644
584 5277 609 5326 in
627 5278 769 5341 grandiore
786 5281 934 5344 scriptura,
960 5292 1052 5330 verum
1071 5280 1167 5330 eadem
1191 5280 1297 5330 incaute
1318 5279 1407 5330 omisit
1423 5280 1448 5330 in
1466 5279 1569 5329 minore
1587 5291 1613 5342 p.
1634 5278 1690 5329 4444.
1710 5302 1738 5313 -

412 5351 436 5399 44.
464 5351 501 5399 444
525 5350 574 5412 suit
591 5378 605 5389 -
621 5379 635 5390 -
651 5367 702 5402 44444
725 5354 813 5416 44444444
838 5354 920 5404 hahet
944 5354 1025 5404 etiem
1048 5356 1078 5405 Α.
1105 5382 1131 5391 -
1155 5355 1180 5405 t.
1206 5355 1277 5405 44444444
1293 5355 1311 5404 4.
1327 5358 1397 5417 petr.
1416 5353 1458 5404 tto.
1476 5366 1538 5403 44444
1563 5351 1644 5402 hahet
1660 5354 1689 5403 Α.
1709 5376 1737 5388 -

414 5427 454 5476 to.
479 5429 617 5478 Perierunt
634 5428 659 5478 in
677 5426 778 5480 lacunis
795 5429 838 5478 rix
859 5430 908 5478 tria
925 5427 1063 5479 vocabula.
1083 5455 1110 5465 -
1131 5431 1172 5481 43.
1194 5430 1261 5480 Nom
1276 5429 1432 5479 maweu
1443 5429 1556 5479 4444444444
1572 5426 1695 5479 3434444.
1709 5452 1737 5463 -

415 5500 458 5553 tt.
481 5503 516 5551 Tu
531 5516 591 5553 vero
602 5530 616 5540 -
627 5510 716 5567 -444444
732 5506 848 5555 servavit
865 5506 947 5555 etiem
965 5504 1094 5555 4444444444.
1112 5505 1143 5555 de
1157 5506 1212 5569 rto.
1230 5510 1291 5556 44444
1312 5504 1335 5553 4.
1354 5517 1380 5568 p.
1399 5503 1456 5554 493.
1475 5503 1578 5553 unani.
1597 5504 1625 5553 et
1640 5502 1740 5553 Nonius

414 5578 440 5627 in
458 5591 483 5627 v.
503 5579 634 5643 4444444444.
659 5604 686 5615 -
713 5580 753 5628 46.
776 5580 994 5630 dnodenarium.
1021 5605 1048 5613 -
1069 5579 1109 5630 tr.
1133 5584 1208 5642 444444
1231 5579 1388 5643 Madvigius:
1412 5578 1462 5627 4444
1484 5578 1562 5627 4444.
1582 5603 1609 5613 -
1630 5578 1670 5627 49.
1696 5575 1741 5637 qul

414 5655 553 5705 indetrita
571 5656 633 5705 mul.
650 5655 729 5719 4444444
745 5658 773 5706 44
789 5655 886 5707 deinde
903 5668 960 5706 444444
976 5654 1103 5705 4444444444
1119 5655 1196 5719 444444
1211 5654 1443 5706 4444444444444444
1459 5651 1542 5702 hebet
1563 5653 1642 5703 etiem
1658 5653 1689 5702 A.
1710 5674 1737 5687 -

414 5730 456 5780 at.
479 5730 606 5781 4444444444
622 5732 701 5781 4444.
727 5758 753 5768 -
778 5732 819 5782 44.
845 5730 1014 5782 4443443444
1032 5730 1113 5780 etiem
1130 5730 1230 5782 Nonius
1246 5744 1271 5781 v.
1289 5731 1371 5794 444444,
1388 5729 1416 5778 44
1431 5728 1565 5791 peculum
1589 5752 1617 5763 -
1635 5726 1675 5776 28.
1699 5725 1740 5776 ln·

416 5807 520 5856 certum
537 5805 589 5855 344
606 5806 660 5856 Cic.
680 5805 859 5870 fragmentum
876 5820 891 5857 e
908 5805 1047 5857 4444444444
1064 5819 1091 5870 p.
1108 5805 1156 5857 437
1173 5805 1276 5858 4443444.
1294 5806 1347 5857 344
1363 5802 1453 5856 retulit
1469 5803 1588 5855 44444444.
1623 5800 1689 5852 Vide
1705 5813 1740 5852 ne

337 5921 340 5927 .
415 5882 503 5946 potius
519 5882 554 5933 444
570 5894 586 5933 4
603 5879 782 5934 Fundaniana.
