4342 7459
727 1243 794 1305 Lis.
816 1242 854 1307 V.
882 1239 960 1305 Can.
982 1237 1176 1304 XIV—XV.
1203 1235 1249 1321 §S
1270 1232 1414 1300 stt-ta.
1670 1234 1732 1302 l89

407 1422 538 1497 tumque
561 1417 700 1494 praestet
722 1430 811 1473 mens
833 1418 928 1493 atque
953 1410 1057 1472 ratio?
1084 1408 1108 1489 †
1131 1408 1249 1491 Sisque
1277 1414 1451 1470 extremum
1474 1408 1613 1471 omnium
1637 1427 1734 1491 eppe-

407 1506 575 1570 tendorum
598 1511 694 1588 atque
715 1504 843 1567 ductum
866 1524 885 1566 a
907 1504 1007 1587 prima
1029 1502 1303 1566 commendatione
1318 1510 1450 1564 naturae
1465 1501 1572 1565 multis
1587 1502 1734 1585 gradibus

406 1601 583 1675 adscendit,
616 1607 652 1661 ut
679 1599 718 1661 ad
749 1619 905 1661 summum
934 1598 1133 1681 perveniret,
1165 1596 1250 1679 quod
1280 1595 1457 1659 cumulatur
1485 1616 1525 1658 ex
1554 1597 1734 1680 integritate

407 1695 549 1777 corporis
572 1699 666 1755 etex
689 1694 803 1755 mentis
826 1693 948 1755 ratione
971 1691 1119 1774 perfecta.

489 1788 560 1850 XV.
582 1781 634 1848 ll.
662 1787 740 1849 Cum
769 1786 866 1867 igitur
887 1806 925 1848 ea
954 1787 1010 1858 sit,
1038 1805 1134 1869 quam
1157 1787 1306 1871 exposui,
1336 1785 1436 1848 forma
1457 1793 1602 1859 naturae,
1630 1785 1673 1859 si,
1701 1790 1759 1847 ult

408 1880 498 1943 initio
521 1880 604 1953 dixi,
627 1880 839 1961 simulatque
863 1888 949 1942 onus
973 1887 1074 1953 esset,
1097 1901 1131 1943 se
1154 1882 1291 1965 quisque
1306 1886 1511 1963 cognosceret
1532 1878 1735 1961 iudicareque

408 1981 530 2058 posset,
553 1993 636 2057 quae
657 1974 706 2036 vis
729 1980 760 2036 et
780 1973 878 2037 totius
901 1981 986 2035 esset
1002 1980 1135 2037 naturae
1150 1983 1182 2038 et
1203 1976 1337 2058 partium
1353 1974 1562 2056 singularum,
1585 1972 1736 2034 continuo

409 2068 543 2140 videret,
564 2067 644 2148 quid
667 2074 752 2130 esset
772 2068 848 2140 hoc,
872 2066 958 2149 quod
981 2069 1182 2149 quaerimus,
1205 2069 1348 2132 omnium
1369 2088 1489 2143 rerum,
1512 2086 1592 2150 quas
1615 2066 1736 2150 expeti-

410 2182 493 2235 mus,
516 2182 672 2224 summum
695 2170 728 2224 et
748 2161 910 2233 ultimum,
932 2180 991 2223 nec
1013 2161 1078 2222 ulla
1100 2161 1132 2222 in
1155 2182 1189 2224 re
1211 2182 1342 2247 peccare
1363 2170 1487 2245 posset:
1520 2181 1603 2224 nunc
1624 2180 1737 2224 veroa

410 2256 511 2340 primo
538 2255 668 2338 quidem
698 2255 881 2317 mirabiliter
909 2254 1030 2317 occulta
1059 2262 1172 2318 natura
1201 2264 1249 2319 est
1270 2274 1329 2318 nec
1349 2254 1487 2340 perspici
1509 2275 1566 2318 nec
1588 2254 1737 2338 cognosci
1751 2261 1776 2305 ¹⁰

411 2356 525 2432 potest.
569 2348 846 2431 Progredientibus
879 2355 985 2410 autem
1018 2348 1173 2412 aetatibus
1205 2350 1321 2412 sensim
1356 2350 1485 2413 tardeve
1513 2351 1616 2433 potius
1647 2350 1737 2433 quasi

412 2442 647 2525 nosmetipsos
669 2442 898 2525 cognoscimus.
943 2443 1052 2525 ltaque
1074 2443 1175 2524 prima
1196 2443 1251 2505 illa
1273 2443 1520 2517 commendatio,
1544 2462 1626 2525 quae
1649 2461 1739 2506 ana-

413 2544 481 2599 tura
503 2538 603 2599 nostri
624 2535 707 2600 lacta
730 2545 779 2599 est
800 2536 907 2610 nobis,
929 2538 1049 2598 incerta
1071 2544 1104 2598 et
1125 2537 1259 2600 obscura
1280 2544 1345 2611 est,
1367 2537 1552 2621 primusque
1578 2536 1737 2619 appetitus

412 2631 466 2693 ille
488 2630 585 2693 animi
608 2637 729 2693 tantum
752 2630 832 2711 agit,
855 2638 891 2691 ut
912 2629 990 2691 salvi
1009 2638 1106 2712 atque
1120 2632 1235 2713 integri
1250 2651 1320 2694 esse
1336 2630 1504 2713 possimus.
1541 2630 1618 2692 Cum
1633 2638 1737 2693 autem

412 2723 568 2807 dispicere
590 2723 752 2806 coepimus
774 2731 806 2786 et
828 2724 961 2797 sentire,
984 2722 1061 2806 quid
1085 2723 1183 2787 simus
1206 2733 1238 2787 et
1253 2724 1329 2807 qnid
1343 2724 1383 2787 ab
1397 2725 1610 2788 animantibus
1625 2725 1776 2788 ostensu

413 2817 609 2891 differemus,
637 2824 704 2879 tum
732 2837 768 2883 cs
799 2817 889 2900 sequi
917 2818 1102 2899 incipimus,
1135 2818 1279 2902 adquae
1307 2820 1372 2881 nati
1399 2838 1518 2882 snmus.
1562 2815 1612 2880 la.
1637 2818 1739 2894 Quam

414 2911 651 2974 similitudinem
674 2911 817 2974 ridemus
838 2911 870 2973 in
893 2911 1020 2983 bestiis,
1047 2931 1129 2993 quae
1158 2912 1277 2995 primo,
1306 2912 1340 2973 in
1362 2931 1426 2996 quo
1450 2912 1520 2975 loco
1542 2922 1634 2977 natae
1657 2922 1740 2987 sunt,

414 3025 453 3068 ex
479 3025 519 3069 eo
548 3026 583 3068 se
606 3025 670 3068 non
692 3015 905 3078 commovent,
934 3004 1050 3067 deinde
1072 3024 1131 3066 sno
1154 3024 1300 3087 quaeque
1323 3006 1464 3088 appetitu
1486 3015 1647 3070 movetur:
1677 3026 1743 3070 ser·

414 3119 490 3181 pere
512 3098 717 3182 unguiculas,
738 3117 815 3160 nare
838 3097 1026 3171 anaticulas,
1049 3097 1176 3160 evolare
1198 3097 1352 3171 merulas,
1375 3097 1522 3161 cornibus
1537 3101 1583 3161 uti
1598 3099 1741 3163 videmus

416 3194 529 3266 boves,
558 3211 657 3276 nepas
678 3191 814 3264 aculeis,
840 3211 929 3255 suam
952 3190 1092 3273 denique
1115 3191 1232 3273 cuique
1253 3199 1396 3254 naturam
1419 3212 1489 3254 esse
1511 3191 1551 3255 ad
1573 3193 1780 3258 nvendumu

417 3288 538 3349 ducem.
577 3286 668 3361 Quae
690 3284 864 3348 similitudo
886 3286 920 3347 in
942 3304 1058 3367 genere
1081 3285 1175 3347 etiam
1197 3285 1337 3348 humano
1359 3294 1501 3369 apparet.
1546 3288 1637 3353 Parvi
1658 3287 1742 3350 enim

416 3381 518 3462 primo
548 3389 619 3443 ortu
648 3380 694 3441 sic
722 3380 843 3453 iacent,
871 3387 1031 3459 tamquam
1060 3381 1189 3441 omnino
1219 3380 1289 3442 sine
1311 3381 1417 3443 animo
1440 3382 1518 3444 sint:
1546 3402 1616 3446 cum
1637 3389 1743 3447 autem

417 3474 544 3557 paulum
572 3470 727 3536 firmitatis
753 3475 902 3547 accessit,
931 3479 962 3535 et
984 3472 1090 3535 animo
1113 3480 1245 3536 utuntur
1266 3480 1298 3535 et
1319 3475 1465 3537 sensibus
1487 3477 1743 3559 annitunturque,

418 3587 488 3631 sese
511 3577 546 3630 ut
567 3569 704 3649 erigant,
727 3575 759 3629 et
780 3567 924 3630 manibus
946 3573 1078 3629 utuntur
1100 3575 1133 3629 et
1155 3586 1210 3629 eos
1227 3576 1419 3652 agnoscunt,
1441 3569 1592 3652 aquibus
1607 3568 1745 3633 educan-

417 3669 485 3724 tur:
519 3660 634 3723 deinde
662 3660 848 3743 aequalibus
879 3660 1076 3723 delectantur
1103 3661 1303 3744 libenterque
1330 3681 1364 3723 se
1391 3681 1462 3725 cum
1490 3662 1531 3725 iis
1553 3667 1781 3747 congregante

418 3754 560 3837 dantque
590 3773 624 3816 se
653 3755 693 3816 ad
723 3752 896 3817 ludendum
924 3752 1175 3837 fabellarumque
1205 3754 1367 3818 auditione
1389 3756 1548 3819 ducuntur
1569 3757 1673 3840 deque
1695 3775 1744 3831 co,

418 3847 503 3931 quod
532 3847 611 3931 ipsis
641 3856 784 3930 superet,
815 3845 885 3910 aliis
912 3846 1079 3929 gratificari
1100 3847 1210 3911 volunt
1236 3848 1550 3932 animadvertuntque
1580 3870 1634 3925 ea,
1664 3871 1745 3935 quae

418 3940 503 4003 domi
526 3937 623 4014 liunt,
652 3941 808 4003 curiosius
830 3941 1049 4024 incipiuntque
1071 3941 1278 4003 commentari
1299 3940 1421 4023 aliquid
1445 3950 1478 4005 et
1497 3942 1619 4005 discere
1641 3950 1673 4005 et
1692 3962 1746 4008 eo·

419 4053 503 4108 rum,
535 4052 615 4117 quos
636 4033 760 4107 vident,
790 4034 901 4098 volunt
922 4054 987 4096 non
1014 4035 1160 4116 ignorare
1183 4035 1327 4108 nomina,
1357 4035 1535 4120 quibusque
1558 4036 1651 4099 rebus
1674 4056 1745 4099 cunr

420 4127 604 4211 aequalibus
629 4127 804 4200 decertant,
837 4128 863 4189 si
887 4127 1043 4202 vicerunt,
1070 4129 1205 4189 efferunt
1226 4147 1260 4189 se
1283 4129 1419 4203 laetitia,
1447 4130 1521 4193 victi
1543 4130 1783 4193 debilitantur³⁰

420 4223 605 4303 animosque
621 4220 806 4283 demittunt:
831 4242 963 4303 quorum
980 4224 1048 4283 sine
1064 4242 1158 4284 causa
1172 4220 1241 4283 fieri
1258 4222 1338 4284 nihil
1352 4222 1527 4304 putandum
1542 4232 1598 4286 est
1625 4220 1675 4283 t3.
1690 4225 1747 4285 Est

421 4315 503 4376 enim
528 4321 639 4377 natura
662 4316 707 4376 sic
729 4323 878 4395 generata
901 4316 947 4376 vis
970 4314 1121 4386 bominis,
1144 4323 1179 4376 ut
1200 4315 1239 4377 ad
1261 4334 1386 4377 omnem
1402 4317 1547 4379 virtutem
1570 4316 1747 4399 percipien-

421 4408 490 4470 dam
514 4407 597 4470 iacta
619 4409 778 4480 videatur,
802 4409 841 4470 ob
865 4428 998 4491 eamque
1021 4427 1147 4470 causam
1169 4408 1258 4490 parvi
1280 4407 1431 4471 virtutum
1453 4409 1646 4482 simulacris,
1669 4430 1747 4492 qua·

422 4523 488 4565 rum
519 4504 551 4564 in
579 4523 613 4565 se
640 4502 757 4564 babent
786 4502 921 4575 semina,
953 4503 1022 4563 sine
1046 4501 1188 4563 doctrina
1216 4510 1399 4576 moventur;
1433 4511 1507 4565 sunt
1535 4505 1617 4566 enim
1645 4505 1746 4588 prima

421 4596 575 4658 elementa
606 4605 749 4669 naturae,
778 4597 892 4679 quibus
923 4597 1024 4657 auctis
1053 4595 1179 4657 virtutis
1202 4595 1293 4677 quasi
1322 4614 1450 4676 germen
1480 4593 1624 4660 efficitur.
1667 4600 1784 4661 Nam³⁶

487 4811 510 4857 4.
530 4811 613 4869 sicque
631 4807 680 4869 (sel
698 4811 785 4871 sitque]
809 4809 871 4858 BE:
894 4810 928 4858 sic
950 4815 972 4859 et
995 4812 1076 4860 ceteri
1100 4809 1194 4861 codd.;
1217 4809 1259 4857 Sic
1274 4808 1317 4869 [et]
1334 4808 1368 4865 0;
1391 4809 1433 4857 Sic
1448 4810 1530 4859 extitit
1551 4809 1695 4874 Madvigius
1713 4814 1748 4876 (in

422 4885 620 4943 commentario)
643 4912 667 4919 -
691 4888 715 4933 4,
735 4884 843 4947 ductum]
862 4885 961 4933 doctum
978 4885 996 4932 Β
1017 4911 1042 4919 —
1066 4885 1276 4934 commendatione
1294 4881 1448 4932 Lambinus:
1474 4886 1666 4936 commutatione
1682 4888 1747 4946 BC;

420 4961 596 5007 communitate
614 4958 692 5008 codd.
712 4958 867 5007 deteriores.
889 4984 915 4993 -
935 4958 958 5007 3.
980 4960 1052 5023 quoa,
1071 4960 1131 5019 quid
1148 4958 1196 5006 ΒΒ
1212 4983 1237 4993 -
1256 4959 1281 5007 8.
1300 4963 1441 5019 supetnmn
1458 4959 1545 5008 ΒΕ-
1567 4961 1590 5010 9.
1609 4976 1750 5013 nemnem

421 5036 486 5095 quod
502 5034 689 5083 mirabiliterD
710 5059 736 5069 -
763 5036 802 5084 40,
820 5035 930 5096 prospici
947 5035 968 5082 l)
989 5060 1014 5068 —
1042 5035 1079 5081 ta.
1097 5035 1184 5094 prima
1201 5033 1245 5080 ilia
1262 5033 1295 5080 B:
1315 5033 1360 5081 itta
1374 5033 1459 5094 prima
1476 5034 1496 5082 0
1515 5059 1541 5069 —
1565 5036 1605 5086 43,
1623 5036 1693 5085 nobis
1708 5038 1749 5085 in-

421 5115 490 5156 certa
507 5114 530 5158 ct
547 5109 651 5157 obscura
668 5115 703 5156 nt
720 5122 773 5157 om.
792 5110 811 5157 Β
831 5112 892 5170 tnon
910 5109 938 5166 Et
958 5135 979 5142 —
1005 5109 1044 5157 45.
1064 5109 1187 5169 despicere
1203 5107 1251 5156 ΒΒ
1265 5133 1290 5141 -
1310 5109 1435 5169 coepimus
1451 5109 1486 5157 D:
1505 5110 1642 5171 ceperimus
1658 5112 1706 5161 BE
1721 5140 1747 5148 —

422 5185 453 5232 ab
471 5185 519 5243 Bp]
531 5186 562 5232 G:
584 5197 636 5232 om.
658 5185 706 5233 ΒΟ
720 5211 747 5221 -
768 5185 807 5233 46.
827 5186 962 5246 incepimus
978 5184 1038 5233 Β-
1060 5185 1099 5232 47.
1119 5184 1171 5232 icoc
1188 5193 1242 5231 om.
1258 5182 1276 5231 Β
1292 5208 1316 5218 -
1339 5183 1378 5231 ta.
1398 5196 1495 5246 serpere
1506 5210 1543 5220 --
1554 5187 1640 5234 ducem
1652 5187 1750 5236 Nonius

423 5259 560 5309 llercellus
584 5274 609 5322 p.
630 5259 685 5308 445.
707 5286 733 5294 -
761 5260 800 5307 49.
819 5260 890 5323 nare]
912 5264 1003 5307 natare
1019 5260 1125 5308 Nonius.
1149 5284 1175 5292 -
1201 5256 1338 5305 aneticulas
1356 5257 1417 5315 BE;
1436 5257 1576 5308 anaticulos
1592 5262 1699 5311 Nonius.
1722 5288 1747 5296 -

422 5336 507 5384 notare
524 5336 632 5384 Nonius.
649 5359 674 5369 -
694 5336 731 5382 uti
748 5334 821 5383 besses
837 5335 948 5383 uidemus
958 5335 977 5382 Β
988 5334 1022 5389 Ε;
1041 5337 1078 5382 uti
1094 5335 1223 5383 uideamus
1239 5332 1312 5382 boues
1322 5333 1430 5383 Nonius.
1446 5360 1472 5368 —
1492 5336 1532 5385 ΒΟ.
1545 5349 1623 5398 nepas
1638 5338 1748 5386 Nonius:

423 5422 510 5471 cepas
526 5409 605 5458 codd.
625 5407 733 5459 Tulliani
753 5436 777 5446 -
799 5411 839 5459 at.
859 5411 885 5457 in
901 5425 925 5472 p.
946 5410 1020 5457 etiam
1037 5410 1062 5456 in
1079 5409 1189 5457 numano
1205 5407 1224 5455 Β
1244 5410 1304 5469 (non
1317 5407 1345 5467 E)
1362 5433 1387 5443 -
1405 5407 1446 5457 2³.
1460 5411 1604 5459 accessitB:
1623 5412 1752 5460 acceuuit

424 5485 488 5530 0-
510 5485 702 5545 conitunturquc
718 5485 778 5533 BE:
807 5486 1015 5545 consuuntur-que
1032 5485 1085 5533 ΜΟ
1105 5510 1131 5517 -
1158 5482 1198 5532 il.
1216 5495 1267 5531 sese
1282 5488 1311 5531 ut
1328 5484 1360 5532 ll:
1383 5488 1411 5531 ut
1428 5486 1513 5534 seseO
1534 5514 1560 5521 —
1584 5490 1690 5535 utuntur
1706 5484 1750 5535 ed.

425 5557 538 5607 luntina:
564 5563 669 5607 utantur
689 5558 767 5607 codd.
791 5586 816 5594 -
841 5559 881 5608 25.
900 5559 1097 5620 libmtcrque--
1108 5559 1234 5607 dumntur
1255 5558 1354 5607 Nonius
1378 5573 1404 5621 p.
1424 5559 1471 5608 443
1489 5562 1515 5609 et
1534 5559 1588 5609 494.
1610 5587 1634 5597 -
1660 5560 1705 5621 ttps
1721 5559 1749 5619 Β,

424 5633 460 5680 bis
478 5634 578 5683 Nonius
596 5637 623 5682 et
640 5634 660 5682 0
682 5661 707 5670 —
726 5634 767 5684 26.
786 5635 941 5695 dantque·-
954 5635 1079 5682 ducuntur
1096 5634 1194 5683 Nonius
1212 5646 1237 5695 p.
1256 5634 1313 5682 282.
1329 5660 1355 5669 -
1376 5634 1415 5683 28.
1435 5640 1458 5683 et
1474 5634 1574 5697 discere]
1590 5635 1673 5696 facere
1689 5636 1748 5684 D-

425 5707 464 5755 29.
484 5706 621 5768 qmbmque
637 5710 666 5756 de
683 5707 755 5756 rebus
774 5707 916 5757 Lambinus
937 5735 962 5743 -
981 5721 1038 5755 cum
1055 5720 1109 5756 om.
1123 5707 1142 5755 B
1157 5732 1183 5740 —
1203 5709 1243 5758 30.
1262 5709 1374 5758 oieemnt
1390 5709 1548 5771 Madvigius:
1567 5710 1670 5759 nicemnt
1687 5713 1750 5770 BO;

424 5783 526 5829 vincunt
543 5783 626 5830 ceteri
645 5783 723 5831 codd.
745 5808 772 5818 —
796 5786 904 5844 alluunt
921 5796 947 5831 sc
963 5783 982 5831 B
1000 5786 1061 5840 tucn
1079 5780 1107 5841 E)
1127 5808 1154 5817 -
1180 5780 1220 5830 34.
1240 5796 1286 5844 que
1303 5795 1356 5832 om.
1376 5783 1423 5831 ΒΕ
1441 5809 1467 5817 -
1487 5782 1549 5832 444444
1560 5786 1702 5846 putandum
1718 5791 1753 5835 est

425 5857 479 5916 perv·
496 5857 515 5905 E
534 5855 595 5913 (sed
615 5858 671 5920 tter-i
693 5860 754 5906 ante
776 5857 838 5905 nmit
851 5856 1078 5921 transponendum
1096 5855 1253 5918 significavit
1269 5856 1405 5918 librarius)
1424 5859 1447 5907 ll
1468 5883 1494 5893 -
1518 5856 1558 5907 35.
1577 5864 1672 5909 natm
1688 5860 1708 5911 Β
1722 5883 1749 5895 -

427 5929 513 5990 quibus
530 5930 595 5978 catis
611 5931 632 5979 D
646 5958 672 5967 —
691 5944 792 5994 permen
809 5932 828 5981 l.
849 5931 875 5982 l.
894 5931 1054 5982 Gronovius:
1073 5944 1175 5982 cannen
1192 5930 1271 5983 codd.
1291 5934 1318 5982 et
1335 5933 1396 5982 ΜΟ.
