4342 7459
447 1235 510 1304 866
985 1236 1042 1303 llll
1063 1237 1233 1303 LEGIBUS

447 1399 536 1465 omni
561 1398 622 1463 hec
648 1397 861 1482 disputetionc
890 1398 936 1462 ric
962 1397 1098 1483 intelligi
1125 1399 1218 1474 4414,
1245 1399 1296 1463 4444
1321 1399 1409 1484 quod
1430 1399 1535 1465 dicum
1554 1410 1674 1468 neon
1693 1421 1778 1478 4444,

447 1501 566 1558 tonum
587 1498 692 1557 entem
714 1510 786 1558 4444
807 1490 1018 1574 corruptelam
1039 1492 1142 1557 mulne
1163 1491 1414 1570 consuetudinis,
1434 1501 1471 1559 ut
1491 1495 1532 1559 eli
1552 1515 1592 1561 uu
1610 1503 1777 1582 toruum·

446 1584 576 1670 igniculi
598 1585 843 1669 exstinguuntur
862 1602 882 1648 a
902 1592 1015 1650 nutnrr
1036 1585 1102 1650 deti
1123 1586 1372 1670 exoriuntnrqne
1394 1594 1428 1653 et
1447 1588 1679 1655 confirmentur
1698 1590 1777 1655 vitiu

447 1678 612 1745 contrarie.
645 1677 738 1755 Quod
760 1677 797 1752 ri,
819 1696 885 1762 quo
906 1679 1003 1743 modo
1024 1686 1074 1744 ert
1094 1687 1217 1755 nrturr,
1240 1679 1419 1745 sieiudicio
1433 1680 1580 1748 homiues
1601 1682 1775 1759 humani,

422 1776 482 1838 tut
502 1773 548 1838 rit
567 1780 676 1856 ports,
702 1770 803 1836 nihil
830 1791 850 1835 r
874 1790 914 1837 se
940 1771 1108 1838 alienum
1134 1780 1333 1856 poterent,
1355 1773 1514 1841 coleretur
1532 1776 1584 1841 lur
1605 1795 1713 1862 ecque
1733 1777 1775 1842 uli

446 1866 601 1932 omuibus.
644 1865 767 1942 Quibus
793 1867 879 1931 enim
905 1866 988 1932 rrtio
1014 1875 1126 1931 nature
1154 1866 1226 1930 dots
1248 1873 1313 1941 ert,
1342 1866 1444 1933 isdem
1464 1868 1561 1934 otium
1582 1877 1674 1934 44444
1692 1870 1774 1934 retio

446 1960 520 2026 deo
541 1967 607 2035 est,
638 1979 714 2043 crgo
737 1968 770 2025 et
790 1959 862 2035 lex,
890 1979 972 2044 quoe
1002 1967 1051 2025 est
1079 1968 1164 2024 recte
1185 1959 1267 2025 rutio
1287 1960 1322 2023 iu
1344 1960 1484 2028 iubendo
1504 1969 1538 2026 ct
1556 1963 1716 2028 retrudor
1746 1963 1775 2028 ri

444 2055 514 2130 lex,
542 2055 594 2121 ius
620 2074 760 2138 quoque.
809 2055 851 2118 Et
880 2053 1028 2119 omnibus
1057 2053 1162 2130 ratior
1196 2053 1247 2118 ior
1274 2052 1372 2136 igitur
1400 2052 1509 2120 dutum
1537 2062 1588 2120 ert
1606 2056 1773 2122 omnllrurr

444 2156 596 2234 recteque
617 2149 766 2212 Socntes
792 2147 953 2212 exsecrari
980 2167 1052 2211 enm
1083 2147 1223 2221 solebet,
1252 2148 1309 2231 qui
1331 2147 1452 2230 primur
1474 2148 1641 2214 utilitrtem
1664 2150 1774 2215 rium

407 2253 435 2300 44
444 2242 654 2315 seiunxirret3
683 2240 716 2304 id
743 2242 828 2308 enim
857 2241 1052 2326 querebatur
1076 2248 1173 2325 ceput
1198 2259 1270 2304 erre
1291 2239 1463 2305 exitiorum
1485 2242 1640 2306 omnium.
1683 2241 1773 2308 liudo

444 2345 493 2402 444
518 2335 575 2400 illu
601 2333 799 2420 Pythagoreo
824 2355 905 2400 roxr
937 2331 1020 2371 *³*
1062 2330 1116 2398 34.
1148 2335 1197 2398 Ex
1226 2353 1292 2418 quo
1319 2335 1531 2419 perspicitur,
1563 2355 1664 2420 quom
1690 2335 1773 2400 huuc

443 2428 696 2496 benevolentiam
724 2435 789 2492 4444
817 2428 881 2494 leto
908 2426 1072 2512 longeque
1100 2427 1248 2492 didonem
1268 2427 1317 2492 rir
1337 2428 1467 2513 rupious
1486 2430 1521 2494 iu
1541 2427 1684 2514 eliquem
1703 2431 1772 2516 puri

442 2524 559 2588 virtute
580 2521 758 2607 praeditum
779 2521 964 2597 contulerit,
993 2529 1060 2587 tum
1082 2520 1162 2586 illud
1185 2517 1287 2596 effici,
1313 2520 1401 2604 quod
1422 2521 1615 2605 quibusdem
1633 2523 1772 2590 incredi-

441 2617 507 2684 iiie
535 2615 697 2690 ridentur.
727 2615 770 2681 sit
796 2622 903 2681 cutem
932 2615 1165 2690 necessarium.
1202 2621 1239 2680 ut
1274 2615 1376 2681 nihilo
1411 2635 1446 2681 re
1473 2617 1544 2699 ipre
1572 2617 1646 2700 plur
1674 2637 1770 2703 quum

405 2710 575 2775 stulterum
597 2709 718 2793 diliget.
761 2708 846 2785 Quid
874 2707 960 2774 enim
988 2717 1039 2773 ert
1065 2707 1154 2793 quod
1176 2707 1319 2786 differet,
1346 2728 1418 2773 enm
1440 2708 1506 2773 siut
1525 2717 1640 2775 4444444
1660 2712 1771 2794 periei

443 2802 537 2882 Quod
565 2804 593 2869 si
620 2803 775 2868 iuteresse
803 2801 967 2887 quippiam
998 2801 1156 2867 tuntulum
1177 2801 1273 2866 modo
1293 2802 1433 2887 potuerit
1453 2801 1487 2866 in
1508 2802 1665 2880 rmieitiu,
1694 2805 1773 2870 rmi-

442 2897 533 2966 eitire
554 2916 672 2962 nomen
693 2898 758 2961 iem
777 2897 947 2972 occiderit,
976 2895 1067 2961 cuius
1086 2904 1140 2970 ¹est
1160 2915 1198 2962 ce
1219 2896 1285 2970 ris,
1314 2905 1366 2971 ut,
1395 2896 1489 2961 simul
1511 2903 1609 2982 etque
1631 2898 1693 2962 uitri
1714 2897 1773 2962 nli·

441 2992 519 3077 quid
541 2989 622 3056 ulter
641 2990 802 3065 maluerit,
823 2991 912 3055 nulle
933 2990 984 3055 rit.
1028 2989 1119 3066 ane
1142 2990 1407 3074 prremuniuntur
1427 2990 1536 3056 omnir
1555 2990 1686 3075 reliquo
1705 3011 1772 3056 rerb

442 3086 529 3150 monl
550 3084 826 3168 disputationique
846 3092 994 3159 nostres,
1023 3102 1089 3168 quo
1117 3082 1245 3148 lucilius
1270 3084 1321 3148 ius
1346 3085 1381 3148 in
1402 3091 1518 3148 netum
1537 3103 1610 3150 4444
1629 3085 1771 3170 positu·

403 3178 581 3262 »intellegi
603 3179 712 3263 possit.
746 3179 795 3242 lle
817 3199 880 3263 quo
894 3198 990 3263 quom
1006 3197 1167 3262 perpuucn
1181 3177 1308 3254 dixero,
1323 3185 1390 3243 tum
1406 3176 1449 3242 sd
1462 3178 1511 3242 iur
1525 3177 1619 3244 civile
1633 3179 1771 3254 venun,

440 3292 482 3338 ex
504 3292 568 3357 qno
588 3271 668 3336 hoec
689 3272 792 3336 omnis
814 3281 863 3337 ert
883 3280 958 3337 crte
979 3271 1094 3337 cretio.

524 3367 610 3431 lllll.
642 3361 694 3428 35.
729 3366 767 3444 Q.
796 3368 843 3431 'lu
869 3385 945 3430 rero
971 3365 1036 3430 iem
1057 3383 1217 3451 perpauca
1236 3363 1379 3440 scilicet3
1412 3383 1455 3428 cx
1475 3362 1528 3429 liis
1547 3363 1656 3440 euim,
1686 3383 1769 3450 quus

440 3459 549 3528 dixisti
572 3463 587 3494 *
602 3459 622 3496 *
643 3459 763 3534 Attico,
786 3458 911 3525 ridetur
931 3459 1009 3522 milri
1031 3457 1160 3542 quidem
1183 3465 1269 3522 certe
1291 3477 1333 3522 ex
1353 3463 1467 3522 ueturu
1487 3465 1593 3522 ortum
1615 3477 1690 3524 4444
1708 3460 1769 3524 iur-

439 3557 501 3620 Ari.
529 3557 578 3619 An
600 3553 677 3618 milri
699 3553 793 3616 nliter
812 3553 913 3616 rideri
934 3541 1052 3636 posuit,
1082 3571 1156 3615 cnm
1177 3549 1258 3616 hoec
1277 3552 1341 3615 iem
1362 3550 1503 3634 perfectu
1522 3551 1605 3627 4444,
1633 3553 1768 3636 primurn

400 3648 530 3733 squeri
552 3647 738 3712 muneribus
758 3648 891 3710 deorum
913 3666 972 3709 nos
993 3665 1065 3710 4444
1085 3646 1258 3710 instructor
1279 3652 1312 3710 et
1332 3652 1477 3718 ornatos,
1498 3644 1643 3710 mundo
1662 3653 1767 3710 444444

439 3742 511 3807 loco
533 3760 628 3804 onem
651 3759 722 3804 esse
743 3738 909 3803 hominnm
929 3739 1013 3805 inter
1033 3741 1123 3823 ipsos
1144 3737 1273 3802 vivendi
1292 3756 1402 3822 purem
1416 3747 1445 3800 et
1457 3757 1659 3805 communem
1673 3739 1769 3804 retio-

439 3854 524 3911 nem,
545 3832 662 3898 deiude
684 3833 900 3899 omneminter
920 3853 956 3898 re
977 3831 1115 3898 urturrli
1136 3831 1275 3917 quedem
1296 3830 1496 3914 indulgentia
1516 3833 1563 3909 [ct
1576 3832 1768 3899 benevolen-

506 4146 530 4193 4.
548 4144 588 4191 tur
604 4155 658 4191 orn.
671 4141 701 4202 C,
721 4139 822 4190 eddidit
838 4141 962 4191 Peoroius
982 4167 1009 4177 -
1029 4153 1077 4202 qno
1094 4140 1124 4189 dc
1140 4139 1222 4188 444444
1238 4140 1334 4203 Zumpt
1350 4165 1383 4177 -
1399 4144 1495 4188 444444
1512 4137 1673 4192 Lambinus:
1690 4144 1765 4190 44444-

438 4235 497 4272 44444
513 4220 578 4278 C0;
597 4219 654 4282 ipse
672 4215 775 4267 metim:
793 4222 889 4266 444444
905 4218 982 4266 444444
998 4242 1030 4253 -
1048 4216 1071 4266 3.
1091 4214 1203 4279 44444444
1221 4214 1241 4263 Η
1263 4241 1288 4250 -
1307 4219 1359 4265 444.
1378 4213 1424 4264 AB
1443 4238 1471 4250 -
1489 4212 1515 4264 l.
1528 4213 1766 4275 permiscuere.

439 4296 536 4348 Decies
555 4319 582 4330 -
601 4294 626 4342 5.
642 4298 717 4354 poeto
731 4295 761 4340 44
776 4290 838 4340 iiiiii
854 4286 910 4340 A¹B
929 4315 956 4327 -
975 4290 1102 4359 renquoB
1122 4315 1149 4325 -
1169 4288 1356 4339 uteminidorA
1376 4314 1404 4325 -
1423 4288 1627 4340 encomio:
1646 4294 1768 4339 44444444

439 4371 490 4422 ΗΟ
508 4372 569 4434 (non
588 4369 650 4419 item
668 4366 697 4428 A)
716 4391 744 4402 -
764 4365 888 4416 tiedrico
906 4390 933 4402 -
960 4367 985 4416 Β.
1004 4371 1027 4415 44
1045 4366 1079 4417 C:
1098 4366 1130 4415 ,44
1146 4364 1166 4414 0
1184 4367 1324 4415 exuetere
1342 4365 1425 4418 coni:
1450 4363 1484 4416 44.
1502 4362 1594 4414 Feldh.
1612 4361 1649 4414 sd
1666 4363 1693 4414 h.
1706 4362 1724 4414 Ι.
1741 4364 1768 4413 et

439 4446 472 4497 u.
486 4443 608 4507 Seyfferti
625 4439 713 4493 schol.
728 4442 782 4492 Lot.
797 4442 816 4498 1.
830 4440 877 4491 ⁴87
896 4467 924 4478 -
944 4441 969 4491 9.
986 4442 1069 4491 aiore
1087 4440 1193 4490 Devies:
1212 4445 1322 4489 44444444
1338 4440 1369 4498 C,
1386 4453 1404 4488 4
1419 4443 1517 4488 sutoro
1533 4438 1554 4488 0
1571 4462 1602 4475 -
1622 4438 1664 4489 40.
1676 4440 1768 4489 444444-

437 4521 514 4570 uisui
531 4520 581 4569 ΒΗ
608 4545 636 4557 -
663 4516 746 4578 capud
763 4515 823 4566 B¹il
851 4541 878 4551 ·-
906 4515 972 4565 unde
987 4520 1023 4565 444
1041 4515 1185 4565 llenuiius:
1207 4515 1274 4564 444444
1289 4515 1355 4564 crios
1372 4513 1402 4572 C,
1420 4511 1469 4565 sed
1486 4510 1570 4563 hebet
1585 4514 1607 4564 A
1624 4513 1693 4563 44444
1708 4524 1765 4577 sup.

438 4592 483 4645 lin.
503 4608 529 4644 m
552 4594 583 4648 t:
601 4593 667 4643 44444
683 4593 759 4642 etiarn
775 4591 796 4640 0
814 4594 841 4641 et
857 4589 957 4653 aliquot
975 4588 1053 4640 codd.
1072 4589 1138 4639 dett.
1173 4590 1233 4652 lpse
1250 4588 1350 4648 malim,
1369 4601 1431 4640 eum
1448 4587 1632 4639 abutentes
1649 4587 1712 4639 cod.
1723 4585 1765 4640 A¹:

438 4670 502 4720 ilinc
517 4671 562 4719 4444
586 4695 613 4705 -
643 4669 682 4718 tt.
699 4666 858 4729 puteani-eiu
875 4666 893 4716 Β
912 4667 947 4729 tic
964 4679 996 4715 er
1014 4667 1106 4724 corr),
1123 4664 1342 4728 pinoteren-crioil
1361 4665 1427 4727 (4444
1443 4664 1470 4714 ln
1487 4663 1563 4724 res),
1578 4661 1766 4727 piiteporsull

441 4769 468 4781 —
486 4743 545 4807 444]
563 4756 615 4792 occ
631 4743 661 4792 de
677 4743 792 4793 4444444444
807 4741 876 4790 iocur
893 4740 927 4798 (ἔς
946 4738 1079 4803 glossema
1097 4740 1123 4789 in
1141 4737 1230 4789 locum
1246 4741 1393 4790 sententiae
1405 4739 1588 4802 Pythagoreus
1605 4751 1636 4789 se
1654 4738 1767 4798 intrusit.

440 4830 509 4888 quoe
521 4816 611 4868 verbis
624 4818 731 4867 Graecis
744 4815 825 4866 relntu
839 4815 919 4866 tuisse
931 4814 1049 4873 videtur;
1064 4813 1230 4865 intercidisse
1243 4814 1309 4864 heec
1320 4815 1425 4879 putent:
1445 4808 1480 4863 rei
1497 4811 1555 4864 τῶν
1571 4810 1668 4874 φίλων
1685 4805 1766 4864 sorori

440 4894 489 4941 καὶ
507 4888 608 4956 (Lemb.
622 4896 649 4942 et
661 4894 726 4942 llos.
741 4891 771 4953 44)
789 4889 889 4952 ornav
907 4886 1028 4956 ἰσότητα
1045 4916 1072 4926 -
1102 4891 1142 4940 tt.
1162 4888 1242 4939 44444.
1262 4890 1292 4948 C,
1311 4893 1341 4940 ut
1356 4902 1466 4953 semper
1484 4915 1511 4924 -
1530 4890 1585 4939 4444
1601 4884 1634 4940 11¹
1653 4913 1681 4926 ·-
1699 4890 1768 4953 torpe

440 4968 490 5018 ΒΗ
510 4992 537 5004 ·-
557 4963 723 5029 nequou-
744 4966 783 5016 t3.
797 4968 884 5016 ittntA
904 4992 931 5002 -
950 4966 1084 5030 efficitAB
1104 4989 1132 5002 -
1152 4963 1192 5015 44.
1206 4963 1286 5028 44484
1303 4966 1334 5024 Η,
1352 4965 1388 5013 sic
1404 4963 1450 5014 AB
1469 4989 1496 5000 -
1519 4963 1598 5014 uiliitc
1615 4962 1765 5016 edd.rett.:

438 5044 465 5092 44
481 5042 524 5093 4444
541 5041 561 5093 c
581 5065 607 5076 -
631 5052 656 5089 44
672 5041 848 5105 prescripsi:
866 5054 922 5103 repe
939 5043 970 5098 Η.
989 5054 1040 5091 rere
1056 5040 1133 5090 ABO
1151 5038 1208 5101 (sed
1226 5043 1246 5089 A
1265 5042 1350 5090 totum
1367 5052 1437 5097 voc..
1455 5039 1474 5089 Β
1493 5038 1561 5090 duos
1578 5038 1684 5090 medius
1700 5037 1768 5090 litte·

439 5119 525 5168 resin
544 5130 596 5166 res.
615 5113 704 5175 hebet)
732 5142 760 5152 -
789 5117 829 5166 ⁴5.
847 5117 1003 5168 4444444444
1021 5111 1180 5177 Feldlruegel
1197 5127 1298 5174 errore,
1317 5117 1345 5163 ut
1361 5112 1467 5163 ridetur
1486 5137 1513 5151 -
1539 5113 1581 5164 46.
1600 5114 1767 5178 444444οο

440 5217 467 5229 —-
479 5192 507 5241 in
518 5190 640 5248 amicitie,
653 5191 781 5241 4444444444
797 5204 886 5241 nomen
903 5192 955 5239 4444
972 5189 1086 5240 44444444
1106 5189 1258 5240 444444444444
1273 5193 1391 5239 nomento
1407 5189 1458 5248 Ali,
1476 5189 1529 5238 ium
1539 5189 1767 5242 444444444444444

438 5267 470 5325 Η,
489 5279 532 5315 cm
545 5303 551 5314 .
564 5267 617 5314 4444
631 5277 720 5314 nomon
737 5265 837 5328 aliquot
853 5265 930 5325 dett,
949 5267 1078 5316 4444444444
1094 5278 1183 5314 nomen
1200 5265 1220 5314 0
1238 5289 1265 5299 -
1294 5265 1334 5315 48.
1353 5264 1419 5314 44444
1437 5264 1472 5313 ll:
1490 5263 1565 5313 444444
1582 5265 1629 5314 ΑΒ
1647 5277 1718 5316 corr.
1735 5276 1767 5315 ex

437 5337 531 5399 4444444,
548 5353 625 5402 quun
640 5341 714 5389 444444
731 5341 765 5397 0,
788 5340 853 5390 44444
869 5352 946 5401 poem
963 5340 1036 5390 444444
1053 5337 1153 5389 Vahlen
1171 5340 1198 5389 iu
1217 5339 1346 5389 elsttscir.
1358 5340 1402 5401 4444
1413 5339 1452 5388 die
1462 5343 1552 5389 444444.
1565 5339 1676 5401 ἂνω
1695 5340 1765 5402 turo,

438 5428 464 5479 p.
478 5417 505 5465 44
527 5428 568 5478 sq.
589 5441 616 5451 -
636 5428 683 5477 que
701 5414 737 5472 u¹‚
756 5427 808 5475 quo
825 5415 855 5473 Η,
874 5428 923 5477 quo
940 5415 996 5465 An²
1013 5414 1070 5474 (scd
1087 5428 1102 5464 4
1119 5419 1139 5465 A
1157 5415 1183 5464 in
1201 5416 1264 5476 res.)
1285 5441 1311 5451 -
1336 5416 1378 5465 ΒΟ.
1396 5427 1454 5465 cunr
1470 5414 1518 5464 ΒΗ
1538 5438 1565 5450 -
1593 5415 1692 5467 14444
1706 5421 1767 5466 4444

439 5491 458 5541 c
476 5493 549 5550 (4444
565 5493 587 5542 Α
604 5492 630 5542 in
647 5491 723 5551 resl:
747 5495 810 5539 44444
826 5490 899 5539 erto
926 5515 953 5525 -
980 5491 1022 5540 ΒΞ.
1039 5503 1170 5553 mauce
1185 5492 1289 5541 44444444
1306 5491 1365 5549 ΑΗ,
1381 5502 1525 5552 mouens
1540 5491 1612 5540 444444
1626 5491 1684 5543 44444
1700 5492 1720 5543 Β
1737 5515 1764 5529 -

437 5566 474 5615 iis
490 5568 551 5617 su:
577 5568 620 5617 4444
636 5566 672 5623 Η,
695 5565 764 5614 4440
797 5591 824 5602 -
855 5566 897 5615 23.
916 5567 992 5615 444444
1016 5567 1093 5617 li¹llt
1121 5567 1197 5616 444444
1212 5566 1284 5624 ΛΒθς
1310 5566 1392 5615 4414444
1415 5562 1575 5627 Feldttttgel3
1602 5566 1666 5616 44444
1687 5566 1764 5626 Bake.

437 5641 485 5689 4444
501 5641 562 5702 quid
572 5642 653 5691 Attico
664 5640 762 5690 viderier
779 5640 900 5696 Ursinns;
920 5640 1034 5690 similem
1052 5641 1223 5699 sententiam,
1236 5644 1266 5691 ut
1283 5642 1347 5690 «4444
1357 5640 1518 5690 4444444444
1528 5639 1655 5702 nidum.
1666 5639 1764 5705 requiri

437 5726 469 5764 er
487 5728 616 5779 responso
634 5715 710 5766 Attici
727 5715 821 5765 contlci
839 5714 953 5765 videtur.
976 5742 1002 5752 -
1029 5714 1071 5766 st.
1089 5717 1175 5765 444444
1193 5717 1250 5766 Alit
1278 5742 1305 5751 -
1331 5716 1372 5765 re.
1390 5728 1436 5765 nor
1452 5713 1489 5764 ll:
1507 5713 1579 5763 44444
1594 5715 1658 5776 Au,
1675 5713 1727 5766 red
1742 5713 1767 5764 ii

436 5788 463 5839 in
480 5790 499 5838 B
516 5793 673 5854 punctatum
696 5790 742 5851 (de
761 5791 779 5839 Β
797 5790 896 5840 erravit
913 5790 996 5852 Belo)
1028 5816 1054 5828 -
1084 5792 1126 5841 26.
1143 5804 1233 5853 parem
1248 5793 1270 5840 A
1288 5802 1381 5841 resurr
1398 5802 1430 5841 cr
1446 5794 1547 5852 porion
1576 5812 1605 5826 -
1635 5794 1660 5841 44
1677 5787 1763 5840 Ktctu:

436 5875 489 5914 om.
510 5866 559 5914 CO
587 5892 614 5902 -
641 5877 796 5916 4444444444
814 5864 848 5916 C:
876 5866 1113 5928 eonrmenrrnpnro
1136 5866 1175 5927 tin
1193 5866 1212 5917 Β
1230 5878 1279 5926 que
1295 5865 1361 5916 mi
1378 5877 1438 5929 sup.
1456 5875 1567 5916 versum
1583 5863 1648 5916 rdd.
1666 5865 1719 5929 444)
1736 5889 1763 5902 -·

436 5936 476 5985 27.
495 5938 598 5998 44444444
616 5938 645 5988 Βι
663 5964 690 5975 -
710 5944 733 5989 et
749 5938 916 5990 444444444444
931 5943 953 5990 A
969 5940 997 5990 in
1014 5953 1099 6004 murg.
1117 5939 1201 5992 hebet
1216 5954 1233 5991 u
1249 5952 1286 5991 m.
1306 5940 1465 5992 recentiore.
