4342 7459
444 1227 507 1296 3t0
772 1228 1095 1294 tuscuttunuutt
1116 1228 1446 1293 utsrtJantotttttt

444 1394 596 1459 siderium
618 1389 716 1456 libido
738 1390 823 1465 eius,
847 1389 902 1473 qui
918 1389 1058 1453 noudum
1074 1389 1172 1463 adsit,
1195 1388 1336 1452 videndi.
1358 1390 1562 1473 Distinguunt
1575 1388 1653 1455 illud
1669 1392 1772 1464 etiarm

444 1496 480 1553 ut
508 1488 605 1552 libido
635 1487 676 1549 sit
705 1504 813 1548 earum
839 1503 960 1556 rerum,
990 1501 1072 1565 quae
1102 1481 1248 1545 dicuntur
1270 1483 1309 1545 de
1332 1481 1470 1565 quodam
1496 1492 1552 1547 aut
1573 1482 1774 1567 quibusdam,

445 1603 527 1667 quae
549 1579 805 1666 κατηγορήματα
828 1577 987 1640 dialectici
1009 1575 1189 1658 appellant,
1219 1582 1255 1639 ut
1275 1574 1391 1639 babere
1413 1577 1555 1652 divitias,
1581 1596 1695 1661 capere
1715 1576 1775 1640 bo·

444 1698 556 1751 nores,
577 1675 752 1759 indigentia
772 1692 877 1736 rerum
899 1671 1039 1753 ipsarum
1061 1670 1121 1744 sit,
1143 1678 1178 1733 ut
1192 1670 1360 1746 honorum,
1383 1678 1419 1743 ut
1433 1673 1594 1753 pecuniae.
1630 1667 1682 1735 it.
1698 1671 1775 1736 Om-

419 1772 531 1840 enium
553 1777 658 1834 autem
681 1766 954 1853 perturbationum
975 1763 1095 1827 iontem
1110 1783 1179 1826 esse
1195 1764 1303 1829 dicunt
1321 1766 1605 1848 intemperantiam,
1627 1774 1775 1851 quaeest

443 1886 462 1929 a
483 1873 549 1930 tota
571 1873 676 1928 mente
697 1871 769 1927 eta
796 1868 881 1925 recta
909 1859 1029 1923 ratione
1052 1857 1187 1922 deiectio
1210 1860 1255 1923 sic
1276 1880 1388 1923 aversa
1410 1880 1429 1923 a
1451 1862 1702 1944 praescriptione
1725 1883 1774 1926 ra·

443 1961 549 2033 tionis,
571 1966 606 2023 ut
627 1959 714 2022 nullo
736 1956 829 2020 modo
851 1954 1060 2036 adpetitiones
1089 1954 1186 2016 animi
1208 1955 1359 2037 necregi
1381 1975 1440 2017 nec
1462 1955 1616 2019 contineri
1640 1965 1771 2040 queant.

443 2054 545 2130 Quem
566 2050 605 2117 ad
628 2050 759 2117 modum
780 2050 876 2132 igitur
897 2048 1103 2130 temperantia
1131 2048 1221 2111 sedat
1248 2047 1456 2132 adpetitiones
1484 2058 1517 2113 et
1538 2048 1636 2114 efficit
1657 2050 1693 2113 u't
1714 2071 1772 2115 eae

441 2155 545 2211 rectae
573 2146 688 2209 rationi
711 2151 842 2228 pareant
863 2149 1091 2226 conservatque
1119 2144 1314 2207 considerata
1340 2144 1456 2208 iudicia
1478 2144 1610 2220 mentis,
1632 2144 1677 2209 sic
1699 2142 1773 2212 buic

404 2260 433 2308 to
441 2240 567 2304 inimica
589 2240 828 2323 intemperantia
849 2256 974 2301 omnem
988 2237 1085 2299 animi
1100 2244 1215 2300 statum
1230 2234 1417 2312 inllammat,
1439 2239 1620 2314 conturbat,
1642 2239 1771 2318 incitat3

441 2336 550 2419 itaque
565 2343 597 2399 et
609 2333 823 2417 aegritudines
845 2339 877 2394 et
898 2338 999 2394 metus
1022 2338 1053 2395 et
1074 2330 1217 2415 reliquae
1238 2330 1491 2413 perturbationes
1511 2351 1621 2395 omnes
1637 2333 1773 2416 gignun-

441 2437 492 2494 tur
514 2450 555 2493 ει
576 2449 622 2493 ea.

524 2525 565 2587 X.
586 2520 638 2587 23.
661 2522 763 2599 Quem
785 2521 825 2585 ad
847 2520 986 2593 modum,
1008 2538 1080 2581 cum
1102 2516 1232 2599 sanguis
1254 2522 1422 2599 corruptus
1441 2526 1489 2581 est
1510 2527 1564 2582 aut
1585 2519 1698 2603 pituita
1720 2543 1771 2586 re·

442 2610 743 2690 dundatautbilis‚
765 2615 952 2697 incorpore
981 2612 1081 2675 morbi
1104 2612 1398 2695 aegrotationesque
1422 2622 1607 2689 nascuntur,
1632 2618 1679 2680 sic
1702 2638 1772 2702 pra·

404 2729 551 2777 severum
581 2711 768 2792 opinionum
794 2706 993 2772 conturbatio
1022 2714 1054 2768 et
1080 2704 1219 2788 ipsarum
1249 2706 1332 2770 iuter
1353 2726 1387 2769 se
1410 2710 1618 2791 repugnantia
1639 2713 1772 2777 sanitate

442 2805 558 2888 spoliat
578 2805 718 2867 animum
741 2803 923 2884 morbisque
941 2798 1112 2883 perturbat.
1145 2799 1194 2860 Ex
1209 2799 1499 2881 perturbationibus
1514 2810 1620 2866 autem
1634 2805 1772 2888 primum

442 2900 543 2963 morbi
573 2896 795 2972 conficiuntur,
828 2916 909 2980 quae
938 2903 1051 2958 vocant
1078 2892 1124 2956 illi
1155 2893 1340 2975 νοσήματα,
1374 2914 1492 2978 eaque,
1525 2916 1607 2979 quae
1629 2907 1703 2962 suut
1724 2900 1772 2965 eis

443 2994 561 3058 morbis
583 2993 754 3067 contraria,
777 3012 859 3075 quae
881 2990 999 3053 habent
1021 2989 1060 3051 ad
1083 3009 1133 3051 res
1157 2997 1259 3051 certas
1282 2988 1429 3052 vitiosam
1450 2991 1658 3054 offensionem
1672 3001 1770 3077 atque

441 3085 613 3161 fastidium,
636 3086 751 3150 deiude
766 3084 1009 3169 aegrotationes,
1031 3102 1115 3165 quac
1131 3082 1331 3165 appellantur
1345 3103 1365 3145 a
1378 3083 1495 3147 Stoicis
1510 3085 1770 3169 ἀῤῥωστῆματα,

346 3233 348 3237 .
403 3181 555 3265 nobisque
585 3181 658 3243 item
689 3182 852 3264 oppositae
875 3179 1051 3241 contrariae
1073 3177 1275 3239 offensiones.
1312 3178 1380 3240 lloc
1407 3177 1477 3240 loco
1500 3179 1632 3243 nimium
1654 3201 1770 3265 operae

442 3274 639 3339 consumitur
658 3293 678 3336 a
698 3273 831 3347 Stoicis,
855 3272 989 3334 maxime
1011 3289 1029 3332 a
1053 3270 1244 3354 Chrysippo,
1267 3269 1342 3332 dum
1365 3271 1483 3335 morbis
1500 3290 1668 3356 corporum
1685 3295 1771 3340 com·

442 3377 569 3453 paratur
595 3367 776 3431 morborum
803 3365 899 3428 animi
925 3363 1117 3427 similitudo:
1147 3383 1209 3446 qua
1231 3364 1375 3426 oratioue
1397 3358 1619 3446 praetermissa
1642 3369 1771 3435 minime

441 3463 621 3528 necessaria
642 3480 695 3533 ea,
718 3478 800 3543 quae
822 3478 889 3521 rem
912 3457 1087 3530 continent,
1108 3466 1346 3539 pertractemus.
1383 3454 1434 3520 it.
1457 3459 1771 3547 intellegaturigitur

441 3554 714 3640 perturbationem
735 3553 922 3617 iactantibus
944 3571 978 3615 se
1000 3552 1200 3635 opinionibus
1217 3552 1431 3615 inconstanter
1446 3562 1477 3615 et
1493 3555 1618 3617 turbide
1632 3557 1665 3620 in
1681 3566 1768 3622 motu

401 3668 512 3715 coesse
534 3667 679 3730 semper3
703 3667 774 3709 cum
796 3655 900 3710 autem
922 3646 974 3709 bic
995 3643 1101 3709 fervor
1124 3647 1355 3728 concitatioque
1378 3647 1476 3709 animi
1499 3648 1724 3716 inveteraverit
1737 3662 1769 3717 et

440 3751 601 3824 tamquam
624 3741 656 3803 iu
678 3741 767 3805 venis
789 3737 998 3822 medullisque
1013 3739 1177 3813 insederit,
1199 3747 1265 3801 tum
1281 3740 1407 3803 exsistit
1420 3749 1453 3804 et
1467 3742 1595 3807 morbus
1609 3752 1642 3808 et
1655 3764 1769 3829 aegro·

441 3836 518 3899 tatio
551 3844 582 3899 et
601 3828 796 3898 'offensiones
819 3852 892 3908 eae,
923 3852 1006 3916 quae
1029 3843 1103 3897 sunt
1125 3834 1170 3897 eis
1198 3833 1316 3896 morbis
1338 3836 1671 3921 aegrotationibusque
1692 3859 1768 3902 con·

440 3929 567 3995 isariae.

436 4207 534 4262 ceptam
549 4205 661 4250 mortens.
680 4199 714 4248 de
731 4201 789 4249 Nat.
803 4200 881 4249 Deor.
895 4199 927 4254 lt.
944 4199 990 4249 ⁴38
1006 4212 1067 4259 pars
1085 4200 1205 4262 (animae)
1223 4199 1362 4260 concipitur
1378 4200 1460 4247 cordis
1474 4207 1548 4260 parte
1559 4203 1679 4263 quadam.
1698 4205 1766 4255 Ver-

437 4277 487 4326 rin.
505 4277 548 4336 tv,
568 4277 609 4325 tot
632 4275 735 4325 annom
746 4300 783 4313 ·-
795 4275 955 4335 cespiditatem
971 4275 1109 4333 concepisti.
1135 4273 1226 4324 Catuli.
1246 4273 1286 4332 di,
1301 4275 1332 4323 tii
1348 4277 1477 4337 stammam
1491 4281 1590 4337 pectore
1606 4290 1675 4326 conc.
1695 4279 1764 4342 Virg.

436 4350 479 4409 itt,
497 4349 658 4410 asspectum
674 4351 751 4399 robur
766 4364 835 4399 conc.
855 4351 917 4399 Stat.
938 4347 1020 4399 Tbeb.
1041 4350 1083 4404 ut.
1103 4350 1150 4400 tto
1168 4351 1241 4398 corde
1257 4355 1334 4398 nutas
1351 4349 1383 4412 c]
1402 4363 1453 4399 non
1471 4350 1557 4400 solum
1577 4365 1625 4415 per
1640 4357 1663 4401 et
1681 4367 1767 4418 oopu-

436 4424 507 4483 lare,
531 4425 580 4474 sed
603 4428 682 4475 etiarn
701 4439 753 4474 uno
771 4428 850 4488 atque
869 4425 964 4474 eodem
982 4426 1112 4474 adiectivo
1130 4424 1238 4487 (intimo)
1256 4424 1375 4474 delinire.
1403 4427 1521 4488 lienique
1539 4424 1601 4475 illud
1618 4425 1765 4477 absurdum

353 4538 360 4552 .
436 4502 491 4556 est.
516 4501 672 4550 Ciceronem
696 4502 721 4550 iu
745 4512 777 4549 ea
799 4501 853 4548 irae
876 4504 964 4563 parte,
990 4513 1058 4562 quoe
1083 4503 1124 4550 est
1140 4500 1277 4559 discordia,
1301 4500 1451 4550 delinienda
1469 4500 1577 4551 alterius
1594 4503 1677 4564 partis
1693 4503 1766 4566 (odii)

436 4588 535 4626 nomeu
552 4577 674 4639 posuisse
693 4577 780 4640 itaque
799 4574 909 4625 dixisse:
929 4576 1081 4624 discordiam
1098 4587 1158 4624 esse
1176 4575 1259 4623 iram
1273 4574 1424 4624 acerbiorem
1443 4578 1515 4625 aira
1531 4578 1685 4626 inocnraran
1702 4592 1767 4628 con·

434 4657 544 4713 ceptam:
567 4651 619 4700 hoc
641 4649 700 4701 luce
718 4649 828 4710 clarius,
854 4649 943 4701 verbis
960 4652 1049 4700 intimo
1061 4676 1096 4686 --
1108 4658 1226 4710 concepta
1244 4647 1305 4698 nibil
1324 4648 1403 4700 tuisse
1420 4650 1455 4701 ab
1473 4664 1505 4700 eo
1522 4647 1698 4714 significatum
1717 4655 1765 4704 uisi

435 4728 505 4779 unde
523 4728 661 4777 discordiae
678 4728 741 4790 (irae
760 4730 812 4777 tam
830 4726 953 4784 acerbae,
972 4738 1023 4789 que
1043 4726 1121 4774 animi
1141 4725 1208 4774 inter
1222 4738 1252 4774 se
1264 4722 1451 4785 distrabantur)
1471 4738 1568 4775 nomeu
1580 4725 1764 4779 illustraretur.

434 4802 533 4852 Verum
551 4801 614 4850 vidit
632 4801 787 4856 iambicum
808 4802 840 4852 cr.
860 4800 933 4851 Ovid.
953 4802 1057 4850 Metam*
1073 4801 1092 4860 l,
1108 4800 1154 4847 too
1171 4801 1280 4863 ingentes
1297 4801 1381 4848 anirno
1398 4802 1504 4862 concipit
1521 4802 1573 4850 iras
1586 4803 1624 4860 tll,
1639 4802 1687 4853 dio
1704 4819 1766 4854 con-

433 4880 497 4940 cepit
518 4884 597 4927 menta
615 4880 721 4939 sorores)
740 4882 767 4927 et
789 4876 941 4942 pervulgata
959 4874 1000 4926 itte
1018 4875 1051 4923 de
1070 4874 1226 4936 cogitatione
1244 4877 1272 4925 ct
1288 4874 1321 4923 de
1342 4873 1524 4937 intelligentie:
1550 4877 1650 4935 animo,
1674 4884 1763 4937 mente,

433 4952 518 5002 animo
534 4966 566 5001 ac
580 4958 659 5002 niente
677 4953 740 5009 tCic.
760 4952 794 5001 de
814 4953 890 5015 tcgg.
910 4952 929 5008 l,
948 4950 990 5009 st)
1006 4951 1103 5012 aliquid
1120 4950 1255 5011 concipere.
1282 4950 1438 4999 Ciceronem
1456 4949 1604 5013 explicandi
1622 4965 1718 5012 causa,
1737 4956 1766 5004 ut

433 5027 467 5076 de
485 5028 563 5090 Legg.
583 5025 598 5076 l.
618 5042 640 5076 c.
660 5038 843 5089 synonymum
862 5024 926 5075 illud
943 5029 1031 5082 amate,
1050 5026 1089 5074 sic
1106 5025 1132 5072 h.
1146 5024 1162 5073 l.
1176 5026 1249 5073 cordo
1267 5025 1400 5075 addidisse
1420 5026 1461 5087 (ct.
1477 5039 1502 5089 p.
1518 5024 1606 5076 Caelio
1624 5027 1638 5089 ἓ
1657 5027 1687 5076 st
1704 5029 1766 5079 rabi

433 5102 554 5151 animas
570 5102 653 5161 ardet,
671 5114 753 5152 meam
770 5115 823 5149 cor
839 5101 983 5149 cumulator
1000 5101 1058 5148 iro.
1079 5100 1174 5148 Lucret
1203 5100 1244 5158 lli,
1261 5100 1317 5149 tto.
1338 5098 1419 5149 Plaut.
1434 5100 1508 5163 Cepi.
1523 5101 1553 5158 ll,
1567 5101 1591 5161 3,
1605 5103 1645 5151 et.
1665 5104 1761 5153 Pseud.

432 5177 463 5238 V,
483 5179 507 5237 t,
524 5177 557 5226 26
573 5177 661 5226 cordi
678 5181 754 5237 otone
770 5177 940 5227 animosae
958 5175 1121 5237 obsequentes.
1141 5175 1215 5224 bloet.
1236 5174 1255 5231 1,
1273 5173 1298 5229 i,
1317 5174 1340 5234 3)
1359 5175 1455 5223 mirum
1468 5187 1519 5223 non
1533 5179 1587 5237 est,
1605 5179 1763 5239 praesertim

432 5265 494 5305 cum
516 5252 676 5302 notationem
700 5249 774 5301 verbi
797 5264 858 5301 cum
876 5249 1029 5300 delinitione
1048 5250 1208 5313 coniungere
1227 5247 1352 5299 voluerit:
1378 5249 1411 5297 ci.
1432 5251 1455 5308 l,
1476 5249 1519 5298 ta:
1547 5250 1607 5300 Attis
1623 5264 1667 5300 cor
1682 5253 1765 5314 ipssen

432 5330 531 5378 animas
546 5327 654 5386 videtur,
678 5339 711 5375 ee
734 5340 782 5387 qao
795 5327 1014 5375 --concordes
1036 5326 1161 5374 dicaretur.
1192 5324 1267 5387 520:
1294 5326 1362 5374 t’tato
1375 5352 1409 5361 --
1422 5328 1488 5375 irarn
1505 5326 1531 5374 in
1547 5331 1646 5387 pectore
1661 5328 1762 5378 tocasrit

432 5407 523 5468 Neque
542 5415 618 5460 vero,
636 5402 721 5450 aniona
739 5401 874 5463 quomodo
893 5402 932 5450 sic
950 5400 1091 5463 deprosori
1110 5403 1236 5465 potuerit,
1256 5400 1361 5450 diiiicite
1380 5404 1421 5451 est
1437 5404 1575 5466 suspicari.
1596 5405 1706 5468 Propter
1716 5416 1763 5454 su-

431 5481 520 5543 perius
538 5476 600 5527 illud
618 5477 701 5526 odium
718 5476 874 5539 antiquioris
891 5475 1000 5525 alicuius
1019 5476 1119 5552 codicis
1136 5474 1229 5525 lacuna
1248 5478 1320 5526 vocis
1338 5479 1422 5526 animo
1440 5483 1500 5541 post
1511 5479 1597 5527 intimo
1608 5479 1723 5529 onrissee
1736 5480 1763 5529 iu

431 5554 576 5616 archetypo
594 5550 658 5600 laiso
675 5549 797 5613 suppleta
815 5555 868 5608 est,
893 5554 936 5598 aut
961 5551 1040 5599 etiarn
1059 5550 1248 5613 compendium
1270 5553 1415 5615 scripturae
1433 5553 1485 5613 (aio
1502 5564 1563 5601 cunr
1581 5550 1676 5602 lineola
1694 5565 1763 5615 qua-

431 5627 501 5689 dam)
521 5626 589 5678 mate
607 5623 794 5677 intellectum.»
814 5626 855 5674 W.
876 5652 903 5661 -
931 5627 952 5673 t.
972 5625 1108 5688 distingunt
1127 5627 1175 5674 ott
1196 5651 1221 5660 -
1242 5625 1265 5675 i.
1285 5625 1430 5689 indigentia]
1452 5627 1617 5690 diligentiae
1637 5654 1663 5664 -
1683 5630 1714 5677 sit
1733 5630 1759 5682 Ρ.

431 5704 575 5753 llanutius:
594 5706 630 5751 est
647 5701 705 5751 CO.
730 5702 768 5751 De
788 5699 919 5765 duplicato
936 5702 968 5750 sit
986 5701 1046 5750 vids
1064 5701 1098 5750 ad
1117 5702 1124 5749 1
1144 5701 1158 5763 5
1177 5701 1217 5749 60.
1239 5727 1266 5735 -
1292 5702 1315 5750 6.
1334 5708 1356 5750 ct
1375 5714 1427 5751 om.
1448 5702 1466 5752 C
1488 5728 1513 5737 -
1538 5702 1561 5750 8.
1582 5716 1627 5753 eae
1643 5705 1677 5753 G:
1700 5717 1761 5755 aeae

431 5778 465 5831 tt;
483 5778 529 5825 boe
545 5778 564 5826 B
585 5801 611 5812 —
632 5777 670 5825 tt.
689 5776 888 5825 conturbationes
905 5778 1047 5840 (superscr.
1067 5777 1161 5827 eatleur
1176 5791 1210 5826 m.
1220 5778 1275 5839 per]
1290 5780 1310 5828 G
1326 5803 1349 5812 -
1371 5778 1410 5826 ii.
1429 5783 1557 5827 nosemata
1575 5778 1594 5827 C
1614 5802 1641 5814 -
1663 5778 1701 5828 ⁴8.
1718 5780 1760 5828 ai-

430 5851 495 5901 tioso
510 5851 643 5914 offusione
660 5853 708 5901 Gli
719 5848 746 5901 1³¹
766 5876 790 5886 -
811 5851 852 5901 20.
871 5852 929 5899 item
946 5864 1015 5900 corr.
1035 5866 1067 5902 er
1084 5855 1150 5903 istem
1166 5855 1201 5910 G;
1219 5854 1283 5902 idem
1299 5860 1457 5917 superseri
1473 5855 1492 5903 B
1512 5879 1538 5888 -
1557 5853 1669 5916 apposito
1685 5852 1715 5904 (3¹
1730 5880 1756 5891 -

431 5924 472 5977 ii.
490 5926 516 5975 in
531 5924 608 5991 notri]
625 5925 742 5977 taurionis
758 5927 822 5987 Gtt,
839 5926 946 5975 inmotas
962 5925 991 5975 Β.
1395 5920 1403 5936 “
