4342 7459
450 1232 512 1297 660
987 1231 1041 1296 DE
1064 1231 1236 1297 OFFICIIS

448 1397 556 1479 generi
584 1401 616 1458 et
643 1392 683 1455 ad
706 1391 879 1455 claritatem
900 1391 1207 1476 amplitudinemque
1229 1392 1333 1475 aptior
1354 1412 1481 1471 eorum,
1511 1396 1567 1480 qui
1589 1416 1624 1462 se
1645 1397 1686 1463 ad
1707 1418 1776 1465 renr

447 1492 607 1577 publicam
630 1497 661 1551 et
682 1487 722 1551 ad
743 1505 873 1569 magnas
895 1506 945 1550 res
968 1485 1122 1569 gerendas
1144 1486 1473 1552 accommodaverunt.
1504 1486 1556 1553 7⁴.
1573 1491 1777 1579 Quapropter

449 1596 482 1651 et
510 1588 550 1650 iis
579 1583 711 1648 forsitan
739 1581 975 1645 concedendum
1004 1580 1045 1643 sit
1074 1601 1141 1644 rem
1164 1579 1320 1664 publicam
1343 1602 1408 1646 nou
1430 1586 1689 1666 capessentibus,
1719 1588 1777 1672 qui

448 1678 617 1744 excellenti
639 1676 768 1760 ingenio
790 1674 952 1739 doctrinae
975 1692 1045 1737 sese
1069 1672 1277 1749 dediderunt,
1300 1683 1332 1739 et
1354 1676 1408 1752 iis,
1431 1678 1486 1763 qui
1509 1687 1564 1743 aut
1585 1680 1777 1747 valetudinis

423 1773 652 1839 sinbecillitate
674 1779 729 1835 aut
750 1769 854 1853 aliqua
875 1769 1019 1851 graviore
1041 1787 1137 1832 causa
1158 1768 1303 1853 impediti
1327 1789 1345 1834 a
1366 1791 1401 1835 re
1423 1772 1547 1856 publica
1566 1783 1777 1852 recesserant,

447 1890 518 1933 cum
541 1869 610 1932 eius
633 1862 901 1931 administrandae
924 1871 1113 1946 potestatem
1135 1862 1207 1927 aliis
1230 1862 1422 1949 laudemque
1438 1870 1662 1934 concederent.
1698 1869 1778 1947 Qni-

444 1963 504 2028 bus
526 1971 631 2026 autem
654 1959 726 2024 talis
747 1958 836 2021 nulla
858 1958 898 2020 sit
920 1976 1025 2030 causa,
1048 1958 1075 2020 si
1100 1956 1264 2041 despicere
1286 1979 1321 2023 se
1345 1959 1452 2025 dicant
1466 1980 1515 2035 ea,
1530 1983 1615 2047 quae
1630 1963 1778 2049 plerique

444 2058 608 2130 mirentur,
630 2054 763 2139 imperia
785 2059 818 2116 et
839 2052 1048 2135 magistratus,
1071 2051 1111 2114 iis
1133 2072 1199 2114 non
1221 2052 1318 2117 modo
1341 2075 1405 2118 non
1427 2056 1523 2131 laudi,
1546 2078 1656 2122 rerum
1678 2058 1776 2122 ctiam

443 2152 522 2215 vitio
546 2150 683 2215 dandum
706 2155 794 2232 puto.
838 2146 980 2222 Quorum
1002 2145 1156 2210 iudicium
1179 2148 1211 2211 in
1234 2167 1284 2223 eo,
1307 2150 1393 2231 quod
1417 2149 1549 2232 gloriam
1571 2158 1776 2216 contemnant

406 2253 477 2309 acet
498 2265 554 2328 pro
577 2244 676 2308 nihilo
699 2248 826 2326 putent,
850 2240 979 2304 difficile
1001 2240 1088 2304 lactu
1110 2249 1160 2305 est
1182 2262 1246 2305 non
1269 2243 1414 2325 probare,
1437 2244 1493 2307 sed
1517 2245 1665 2310 ridentur
1686 2244 1776 2311 labo-

443 2360 494 2402 res
517 2348 548 2403 et
569 2337 746 2411 molestias,
776 2343 841 2398 tum
871 2334 1082 2399 ollensiouum
1114 2343 1145 2399 et
1167 2335 1363 2421 repulsarum
1387 2338 1477 2421 quasi
1501 2339 1662 2423 quandam
1683 2342 1776 2424 igno-

442 2433 571 2496 miniam
601 2432 714 2495 timere
743 2437 775 2492 et
796 2428 968 2493 infamiam.
1013 2430 1094 2492 Sunt
1116 2431 1200 2493 enim
1224 2430 1279 2514 qui
1303 2431 1336 2494 in
1358 2431 1453 2494 rebus
1475 2434 1641 2498 contrariis
1663 2453 1775 2518 parum

443 2529 502 2593 sibi
526 2534 679 2601 constent,
701 2524 896 2607 voluptatem
919 2524 1120 2587 severissime
1142 2533 1356 2598 contemnant,
1378 2527 1411 2589 in
1433 2525 1541 2593 dolore
1564 2526 1629 2591 sint
1649 2527 1777 2592 mollio-

442 2643 503 2697 res,
525 2620 657 2705 gloriam
681 2620 864 2702 neglegant,
894 2619 1079 2702 frangantur
1101 2618 1247 2693 infamia,
1277 2619 1374 2703 atque
1398 2640 1436 2684 ea
1458 2621 1587 2704 quidem
1609 2643 1673 2688 non
1696 2623 1774 2687 satis

404 2730 433 2778 sc
443 2725 634 2781 constanter.
677 2712 729 2778 72.
761 2714 823 2778 Sed
846 2714 902 2789 iis,
934 2713 989 2797 qui
1012 2708 1131 2775 babent
1152 2733 1171 2775 a
1194 2721 1304 2777 natura
1326 2714 1511 2778 adiumenta
1532 2735 1636 2783 rerum
1660 2738 1775 2802 geren·

441 2809 563 2886 darum,
585 2811 708 2875 abiecta
730 2809 816 2871 omni
839 2808 1038 2871 cunctatione
1060 2806 1258 2888 adipiscendi
1280 2808 1483 2890 magistratus
1505 2817 1537 2874 el
1558 2816 1698 2894 gerenda
1720 2834 1772 2878 res

440 2906 569 2988 publica
592 2912 656 2981 est3
679 2924 738 2967 nec
760 2903 845 2966 enim
868 2901 961 2965 aliter
982 2909 1035 2965 aut
1058 2902 1124 2983 regi
1147 2902 1256 2965 civitas
1278 2909 1333 2965 aut
1356 2902 1509 2967 declarari
1532 2907 1629 2970 animi
1652 2909 1773 2991 magni-

440 3000 518 3064 tudo
547 3007 662 3084 potest.
715 2996 960 3081 Capessentibus
988 3004 1094 3060 autem
1123 3016 1190 3059 rem
1222 2996 1381 3078 publicam
1408 2997 1507 3064 nihilo
1537 3001 1642 3066 minus
1676 3021 1772 3087 qnam

439 3095 657 3179 pbilosophis,
685 3092 768 3158 haud
792 3092 858 3157 scio
881 3110 920 3154 an
944 3092 1044 3175 magis
1062 3093 1178 3166 etiam,
1201 3099 1234 3155 et
1255 3089 1486 3173 magnificentia
1509 3102 1541 3158 et
1563 3092 1772 3179 despicientia

403 3187 620 3252 ruadhibenda
651 3196 700 3252 est
726 3207 831 3250 rerum
859 3185 1085 3261 humanarum,
1119 3205 1214 3269 quam
1244 3204 1341 3267 saepe
1371 3186 1462 3263 dico,
1496 3196 1528 3252 et
1557 3189 1770 3274 tranquillitas

440 3284 536 3348 animi
558 3291 651 3367 atque
674 3282 838 3356 securitas,
860 3281 887 3343 si
910 3280 1039 3363 quidem
1062 3301 1120 3344 nec
1142 3279 1231 3344 anxii
1253 3278 1351 3342 futuri
1374 3288 1448 3344 sunt
1470 3290 1501 3346 et
1523 3303 1593 3348 cum
1616 3284 1769 3367 gravitate

440 3378 681 3460 constantiaque
703 3375 828 3438 victuri.
872 3370 924 3436 73.
953 3373 1043 3449 Quae
1065 3372 1208 3436 faciliora
1230 3381 1304 3437 sunt
1325 3373 1543 3459 pbilosophis,
1573 3398 1639 3462 quc
1662 3380 1767 3443 miuus

440 3472 539 3536 multa
561 3479 671 3554 patent
698 3470 731 3533 in
755 3488 865 3533 eorum
888 3468 968 3541 rita,
999 3487 1083 3551 quae
1105 3466 1232 3530 fortuna
1253 3466 1362 3543 feriat,
1393 3477 1425 3532 et
1446 3491 1509 3554 quo
1532 3472 1637 3535 minus
1659 3472 1767 3536 multis

440 3566 535 3630 rebus
557 3571 668 3646 egent,
691 3571 723 3625 et
745 3563 838 3645 quia,
861 3561 886 3625 si
911 3560 989 3644 quid
1012 3560 1137 3624 adversi
1160 3561 1295 3637 eveniat,
1320 3569 1383 3625 tam
1406 3566 1545 3646 graviter
1565 3566 1680 3630 cadere
1702 3586 1767 3630 non

401 3666 583 3743 repossunt.
627 3656 783 3733 Quocirca
811 3675 876 3717 non
906 3655 974 3717 sine
1004 3673 1100 3717 causa
1123 3654 1257 3719 maiores
1281 3666 1384 3720 motus
1407 3659 1583 3723 animorum
1607 3660 1768 3724 concitan-

439 3763 492 3817 tur
513 3753 678 3834 maiurque
700 3771 776 3814 cura
797 3746 955 3813 efficiendi
978 3768 1043 3812 rem
1067 3749 1225 3831 publicam
1247 3752 1427 3831 gerentibus
1447 3773 1542 3837 quam
1558 3754 1687 3837 quietis,
1703 3773 1766 3838 quo

440 3845 539 3931 magis
568 3846 608 3909 iis
637 3853 669 3908 et
696 3842 882 3927 magnitudo
909 3849 958 3905 est
985 3843 1081 3907 animi
1103 3842 1283 3908 adhibenda
1306 3855 1337 3909 et
1359 3848 1500 3911 vacuitas
1522 3848 1561 3912 ab
1583 3846 1767 3930 angoribus.

439 3943 487 4008 sd
515 3963 581 4006 rem
612 3938 782 4023 gerendam
810 3947 915 4001 autem
946 3938 1001 4020 qui
1031 3937 1152 4001 accedit
1181 3947 1290 4002 careat
1318 3959 1360 4002 ne
1388 3940 1421 4003 id
1451 3942 1546 4006 modo
1575 3942 1764 4015 consideret,

440 4059 534 4123 quam
557 4036 610 4100 illa
632 4054 683 4097 res
705 4034 836 4097 honesta
859 4033 916 4106 sit,
939 4032 993 4094 sed
1018 4032 1112 4095 etiam
1136 4040 1171 4095 ut
1192 4033 1306 4095 babeat
1328 4030 1485 4099 efficiendi
1506 4034 1709 4099 facultatem:
1732 4035 1765 4098 in

401 4139 502 4214 liquo
526 4132 596 4213 ipso
619 4127 883 4192 considerandum
914 4133 962 4189 est
991 4146 1031 4188 ne
1060 4135 1116 4189 aut
1144 4137 1261 4189 temere
1289 4128 1436 4211 desperet
1458 4139 1588 4214 propter
1610 4131 1764 4213 ignaviam

438 4235 492 4288 aut
515 4225 609 4287 nimis
631 4221 766 4286 considat
788 4228 918 4304 propter
936 4220 1150 4304 cupiditatem.
1186 4223 1220 4282 lu
1237 4223 1385 4286 omnibus
1400 4234 1507 4288 autem
1523 4224 1659 4306 negotiis
1675 4225 1764 4307 prius

438 4341 533 4405 quam
555 4320 742 4402 adgrediare
764 4313 943 4378 adhibenda
966 4324 1014 4377 est
1036 4316 1236 4397 praeparatio
1260 4315 1405 4398 diligens.

524 4417 624 4477 XXll.
653 4411 704 4474 74.
735 4410 798 4473 Sed
827 4431 899 4473 cum
927 4409 1075 4491 plerique
1098 4409 1289 4472 arbitrentur
1310 4431 1360 4472 res
1382 4409 1512 4474 bellicas
1535 4412 1672 4475 maiores
1695 4431 1765 4476 esse

439 4528 531 4592 quam
556 4509 702 4580 urbanas,
724 4503 896 4567 minuenda
918 4512 966 4566 est
988 4502 1065 4565 baec
1089 4504 1207 4583 opinio.
1250 4502 1342 4567 Multi
1357 4504 1440 4566 enim
1459 4503 1542 4566 bella
1556 4524 1652 4587 saepe
1668 4525 1765 4589 quae·

400 4602 579 4665 &siverunt
600 4610 728 4684 propter
750 4599 869 4682 gloriae
892 4597 1109 4680 cupiditatem,
1131 4605 1225 4680 atque
1248 4597 1280 4659 id
1295 4597 1329 4659 in
1345 4599 1467 4680 magnis
1483 4599 1597 4661 animis
1612 4599 1764 4682 ingeniis·

439 4717 501 4780 quc
533 4697 718 4778 plerumque
747 4693 903 4775 contingit
933 4712 1036 4776 eoque
1066 4691 1184 4772 magis,
1213 4693 1239 4756 si
1261 4692 1396 4754 suntad
1419 4712 1486 4754 rem
1508 4692 1676 4756 militarem
1699 4691 1764 4776 apli

440 4788 490 4874 [et
518 4790 626 4873 cupidi
654 4789 809 4852 bellorum
839 4782 1073 4871 gerendorum].
1130 4790 1211 4851 Vere
1240 4795 1344 4849 autem
1379 4789 1406 4851 si
1435 4786 1580 4852 volumus
1612 4787 1763 4859 iudicare,

503 5043 526 5090 l.
546 5040 589 5102 qut
605 5036 939 5089 rc--occommcdocsruut
955 5036 1054 5086 Nonius
1071 5048 1098 5098 p.
1108 5034 1166 5085 rii,
1187 5061 1214 5070 -
1234 5035 1258 5087 3.
1276 5036 1309 5085 tis
1324 5037 1417 5087 Abb:
1441 5038 1478 5086 bis
1495 5038 1556 5095 lis,
1578 5038 1627 5099 biii
1644 5049 1675 5094 o:
1699 5039 1762 5088 item

434 5116 489 5167 ul
507 5120 534 5166 et
551 5116 575 5166 8.
608 5142 634 5151 -
664 5113 688 5164 l.
708 5112 896 5162 udiiudiairc
925 5138 952 5147 —
982 5111 1006 5159 7.
1025 5110 1206 5159 sullotcliso
1235 5136 1260 5146 -
1291 5111 1316 5160 8.
1335 5125 1385 5161 son
1407 5115 1468 5161 ante
1494 5112 1564 5162 laud
1586 5127 1640 5165 orn.
1662 5114 1714 5165 s¹b
1734 5138 1759 5151 -·

435 5193 475 5241 ll.
494 5195 548 5240 tum
564 5202 698 5253 superscr.
716 5203 773 5237 cum
791 5189 856 5245 BH3
875 5193 959 5236 tomo
982 5212 1008 5221 -
1034 5188 1193 5248 offensionem
1209 5186 1257 5235 Ab
1275 5211 1302 5220 -
1330 5187 1459 5249 quondam
1476 5199 1558 5237 onio
1578 5214 1605 5225 -
1630 5189 1669 5238 lb.
1688 5187 1761 5237 suc

435 5266 490 5330 (hijs
506 5277 529 5327 c]
552 5292 577 5300 -
596 5266 765 5313 adiumentum
782 5264 828 5312 llo
848 5288 875 5298 —
896 5262 935 5311 ld.
955 5262 1022 5310 omui
1039 5261 1135 5311 ucecia
1152 5275 1166 5312 o
1186 5285 1213 5297 -
1240 5261 1279 5311 48.
1299 5261 1361 5310 uitii
1378 5264 1407 5312 C.
1435 5261 1500 5311 Vide
1518 5261 1552 5311 ad
1570 5276 1596 5327 p.
1607 5263 1717 5324 2⁴³,lb
1732 5288 1759 5301 -

434 5342 473 5390 ⁴9.
494 5355 523 5389 aa
540 5345 598 5403 (pro
616 5344 646 5399 st)
664 5340 850 5402 magnificentia
873 5351 934 5387 cum
957 5338 1084 5399 bladvigio
1104 5337 1190 5397 Luud,
1215 5337 1340 5399 quoniam
1358 5336 1500 5400 diremptio
1517 5338 1719 5400 magnificantius
1735 5340 1762 5387 el

433 5417 606 5478 &mineruae
623 5414 720 5478 duplici
737 5421 760 5463 et
777 5427 858 5477 prava
876 5415 918 5463 sit.
938 5412 977 5463 Cl.
996 5416 1085 5462 tamen
1105 5414 1172 5476 sbti.
1193 5439 1218 5448 —
1245 5414 1284 5462 ἕο.
1304 5417 1340 5461 cst
1357 5413 1501 5462 Manutius:
1521 5414 1553 5461 sii
1571 5413 1617 5463 Co
1637 5439 1665 5450 -
1684 5425 1760 5474 quom

432 5505 506 5553 sarpa
522 5492 577 5539 dico
593 5494 616 5539 at
632 5490 804 5551 tranquillitas
821 5491 854 5538 C:
874 5494 897 5538 ct
913 5502 952 5543 eo,
971 5502 1047 5549 quum
1064 5502 1137 5549 sucpe
1154 5489 1217 5548 dico,
1237 5488 1408 5548 tranquillitas
1426 5499 1441 5537 ο
1461 5514 1486 5522 -—
1506 5488 1548 5536 22.
1568 5500 1633 5549 quoe
1649 5501 1678 5537 so
1693 5489 1759 5551 [ocl-

431 5566 497 5615 licro
523 5578 539 5615 a
569 5591 596 5600 -
627 5564 667 5613 26.
686 5566 818 5627 maiorque
834 5578 895 5611 curn
913 5564 1033 5625 efficiendi
1055 5576 1088 5613 s:
1118 5565 1267 5627 maioraque
1283 5564 1403 5625 alliciendi
1424 5559 1582 5619 A¹Bllbo;
1611 5566 1760 5627 mstcmqso

432 5642 559 5703 aspiciendo
577 5635 638 5702 il²p
660 5665 686 5674 -
714 5639 755 5687 27.
775 5639 905 5687 iisslbb:
924 5640 961 5686 bis
980 5640 1040 5696 lla,
1059 5641 1138 5700 bijso
1167 5666 1190 5674 —
1221 5640 1383 5688 unimiestc
1408 5666 1433 5674 -
1461 5638 1501 5687 29.
1520 5639 1622 5688 bonorto
1639 5649 1756 5689 raro-

432 5716 471 5765 3³.
491 5730 531 5764 res
547 5716 569 5764 b.
583 5730 616 5764 m.
630 5729 680 5765 csse
697 5714 886 5763 arbitrenturB
908 5741 934 5748 -
960 5715 999 5764 36.
1019 5728 1099 5775 ecque
1116 5714 1185 5763 Allo
1206 5739 1230 5748 -
1251 5716 1333 5777 magia
1350 5715 1388 5763 usi
1405 5720 1461 5763 suot
1478 5715 1521 5764 Ab
1544 5741 1568 5751 —
1588 5713 1628 5763 ³7.
1642 5713 1759 5775 atcspr'ds'

431 5791 550 5839 dediscam
566 5792 731 5854 parandorum
754 5787 805 5839 del.
826 5790 914 5838 llerm.
935 5792 1073 5853 Sauppius.
1115 5790 1199 5837 «Nam
1223 5789 1357 5851 quomodo
1382 5790 1494 5840 laudern
1513 5791 1529 5839 li
1553 5790 1669 5839 maxime
1690 5786 1758 5838 bella

431 5868 595 5928 quaesivisse
613 5867 664 5916 dici
683 5868 802 5929 possunt,
821 5868 865 5928 qui
884 5868 945 5913 sunt
962 5864 1049 5927 cupidi
1067 5862 1198 5913 bellorum
1218 5863 1417 5924 gerendorum?
1452 5864 1508 5913 lloc
1526 5863 1589 5913 lerri
1609 5876 1662 5915 non
1680 5875 1759 5928 posse

432 5940 453 5992 1.
473 5942 499 5991 i.
519 5941 665 6005 Heusinger
688 5954 749 5991 cum
766 5942 959 6006 perspexisset,
977 5940 1062 5991 callidi
1079 5938 1129 6003 legi
1147 5937 1228 5989 voluit
1246 5938 1375 6005 [similiter
1392 5941 1418 5990 in
1435 5940 1519 6003 capidi
1535 5937 1618 5990 latere
1636 5938 1758 6005 verbum,
