4342 7459
434 1213 497 1280 530
791 1251 793 1254 -
923 1213 977 1275 llll
999 1210 1266 1275 DIVINATIONE

435 1377 531 1441 sentit
551 1374 717 1447 Homerus,
740 1393 812 1436 cum
835 1379 1020 1455 querentem
1035 1374 1143 1435 lovem
1165 1370 1297 1445 inducit,
1320 1370 1407 1454 quod
1422 1370 1638 1454 Sarpedonem
1657 1375 1760 1441 blidin

436 1493 454 1536 a
476 1478 575 1534 morte
599 1476 708 1531 contra
729 1467 828 1529 fatum
851 1466 974 1547 eripere
997 1487 1061 1530 non
1084 1473 1202 1549 posset.
1246 1465 1314 1528 lloc
1340 1465 1425 1528 idem
1448 1464 1601 1549 significat
1622 1470 1762 1536 Gnaeus

435 1566 489 1627 ille
510 1566 543 1627 in
566 1581 633 1625 eam
657 1561 846 1625 sententiam
869 1581 998 1623 versus:

490 1658 600 1733 Quod
630 1654 713 1718 sore
743 1663 922 1737 paratum
953 1664 1028 1729 est,
1057 1654 1097 1716 id
1126 1675 1308 1718 summum
1336 1666 1545 1739 exsuperat
1573 1660 1709 1724 lovem.
1800 1655 1805 1663 ’

412 1755 549 1816 tTotum
574 1750 701 1812 omnino
722 1748 822 1812 latum
845 1750 939 1811 etiam
957 1749 1113 1813 Atellanio
1135 1769 1228 1812 versu
1250 1749 1320 1811 iure
1342 1750 1419 1812 mihi
1442 1769 1512 1813 esse
1528 1753 1660 1818 inrisum
1675 1754 1765 1820 uide-

436 1854 503 1922 tur,
527 1847 582 1910 sed
604 1845 637 1906 in
660 1844 754 1907 rebus
776 1852 839 1905 tam
861 1843 979 1904 severis
1002 1863 1067 1906 non
1088 1852 1137 1906 est
1157 1843 1282 1905 iocandi
1304 1842 1405 1907 locos.
1441 1844 1655 1911 Concludatur
1667 1848 1766 1932 igitur

435 1944 538 2007 ratio:
572 1939 598 2002 si
625 1940 709 2001 enim
738 1937 899 2020 provideri
926 1936 1006 1999 nihil
1036 1945 1143 2020 potest
1164 1937 1304 2000 loturum
1327 1957 1399 2001 esse
1420 1957 1550 2015 eorum,
1585 1961 1666 2026 quae
1688 1963 1765 2007 casu

435 2034 531 2109 liunt,
554 2034 629 2118 quia
651 2053 723 2096 esse
745 2041 829 2095 certa
845 2052 908 2094 non
924 2039 1072 2115 possunt,
1095 2032 1247 2094 divinatio
1263 2032 1350 2094 nulla
1366 2039 1433 2108 est;
1457 2034 1506 2095 sin
1521 2043 1627 2099 eutem
1642 2036 1764 2101 ideirco

435 2139 570 2214 possunt
590 2127 766 2213 provideri,
789 2128 862 2210 quia
884 2134 966 2188 certa
989 2133 1062 2187 sunt
1084 2134 1117 2188 et
1137 2125 1261 2199 letalia,
1290 2145 1398 2189 rursus
1420 2125 1573 2192 divinatio
1595 2130 1683 2196 nulle
1704 2139 1764 2196 est.

399 2227 513 2289 tollam
535 2225 620 2287 enim
643 2231 677 2285 tu
698 2221 899 2285 fortuitarum
922 2238 1027 2283 rerum
1047 2240 1118 2283 esse
1133 2219 1272 2282 dicebas.
1315 2215 1366 2282 26.
1390 2220 1453 2282 Sed
1468 2220 1656 2287 haecluerit
1669 2225 1765 2290 nobis

435 2329 595 2402 tamquam
618 2315 697 2381 levis
719 2322 894 2377 armaturae
916 2315 1018 2395 prima
1040 2314 1192 2377 orationis
1209 2314 1371 2376 excursio:
1395 2334 1479 2378 nunc
1494 2320 1669 2382 comminus
1689 2338 1766 2403 aga·

435 2433 506 2478 mus
528 2411 812 2493 experiamurque,
841 2408 868 2469 si
890 2408 1049 2489 possimus
1071 2426 1191 2470 cornua
1213 2426 1411 2471 commovere
1434 2408 1659 2492 disputationis
1680 2422 1765 2479 tuse.

519 2507 576 2569 xi.
607 2506 677 2567 Duo
705 2504 787 2565 enim
816 2521 934 2584 genera
960 2501 1120 2565 divinandi
1148 2521 1217 2564 esse
1245 2501 1393 2577 dicebas,
1425 2521 1524 2566 unum
1546 2500 1764 2584 artificiosum,

436 2604 569 2666 alterum
590 2598 755 2672 naturale;
786 2596 992 2659 artificiosum
1014 2604 1159 2659 constare
1181 2595 1296 2678 partim
1318 2614 1359 2658 ex
1381 2597 1562 2660 coniectura
1582 2598 1700 2680 partim
1722 2618 1766 2663 ex

401 2707 429 2753 ts
437 2687 655 2761 observatione
684 2694 851 2766 diutuma;
885 2690 1029 2753 naturale
1061 2691 1148 2773 qnod
1180 2690 1303 2752 animos
1335 2690 1491 2772 arriperet
1521 2699 1576 2755 aut
1604 2694 1769 2777 exciperet

437 2792 635 2854 extrinsecus
656 2807 698 2850 ex
720 2786 902 2859 divinitate,
928 2786 1013 2848 unde
1036 2804 1148 2848 omnes
1169 2784 1293 2848 animos
1315 2783 1445 2848 haustos
1466 2793 1522 2848 ant
1543 2794 1690 2869 acceptos
1712 2796 1769 2854 set

435 2883 550 2948 libatos
578 2882 776 2944 haberemus.
819 2879 1018 2942 suificiosae
1048 2878 1252 2942 divinationis
1278 2878 1336 2940 illa
1364 2877 1431 2941 iere
1460 2898 1575 2961 genera
1602 2882 1768 2963 ponebas:

437 2978 627 3061 extispicum
656 2993 829 3058 eorumque
859 2974 915 3056 qni
945 2992 986 3035 ex
1012 2971 1189 3056 fulgoribus
1216 2972 1412 3056 ostentisque
1435 2972 1668 3055 praedicerent,
1699 2982 1769 3040 tum

437 3093 590 3155 augurum
612 3088 787 3151 eorumque
813 3068 869 3149 qui
891 3067 989 3149 signis
1011 3076 1067 3129 eut
1088 3066 1246 3130 ominibus
1268 3075 1453 3142 uterentnr3
1481 3079 1641 3151 omneque
1665 3088 1768 3151 genus

400 3163 649 3231 »coniecturale
671 3163 703 3225 in
725 3161 787 3224 hoc
808 3161 875 3224 tere
896 3179 1013 3242 genere
1034 3161 1188 3242 ponebas·
1231 3156 1282 3221 27.
1304 3159 1388 3221 lllud
1410 3169 1517 3224 autem
1539 3163 1685 3226 naturale
1711 3172 1768 3229 aut

437 3259 647 3325 concitatione
669 3255 783 3318 mentis
805 3253 857 3317 edi
881 3261 913 3317 et
934 3254 1025 3337 quasi
1046 3254 1137 3318 fundi
1160 3254 1337 3327 videbatur,
1358 3262 1414 3317 eut
1427 3257 1533 3320 animo
1546 3275 1606 3339 per
1619 3276 1766 3322 somunnr

438 3355 583 3420 sensibus
612 3358 644 3414 et
665 3350 750 3413 curis
773 3367 873 3412 vacuo
896 3348 1067 3430 provideri.
1111 3349 1237 3411 Duxisti
1259 3356 1364 3411 autem
1388 3348 1616 3413 divinationem
1638 3369 1767 3416 omnem

438 3448 579 3511 utribus
601 3444 713 3507 rebus:
735 3464 753 3506 a
776 3445 846 3517 deo,
867 3463 888 3505 a
909 3442 984 3516 sato,
1007 3462 1026 3505 a
1048 3450 1171 3505 natura.
1198 3441 1261 3505 Sed
1284 3448 1389 3504 umen
1411 3462 1483 3506 cum
1506 3443 1667 3528 explicere
1683 3445 1765 3509 nibil

437 3561 565 3626 posses,
596 3540 742 3622 pugnasti
771 3537 1062 3600 commenticiorum
1091 3536 1311 3617 exemplorum
1334 3533 1465 3601 mirifica
1486 3541 1589 3621 copie.
1631 3541 1767 3623 Deque

400 3637 573 3719 reprimam
595 3633 656 3695 hoc
680 3632 756 3695 libet
777 3633 900 3694 dicere:
922 3629 982 3693 hoc
1004 3650 1062 3712 ego
1087 3628 1268 3712 philosophi
1289 3649 1354 3692 non
1377 3649 1449 3694 esse
1463 3633 1608 3707 arbitror,
1631 3633 1768 3697 testibus

438 3731 496 3803 uti,
520 3730 650 3812 quiunt
672 3745 747 3789 casu
770 3728 836 3788 veri
858 3733 913 3788 aut
934 3724 1054 3787 malitia
1076 3724 1148 3786 falsi
1166 3720 1294 3807 fictique
1309 3743 1380 3786 esse
1395 3735 1547 3806 possunt;
1571 3727 1768 3810 argumentis

439 3820 665 3886 citationibus
687 3828 832 3901 oportet,
868 3838 966 3902 quare
993 3819 1136 3902 quidque
1162 3820 1205 3881 ita
1227 3820 1283 3892 sit,
1311 3818 1449 3894 docere,
1471 3839 1538 3884 non
1558 3822 1705 3896 eventis,
1727 3822 1769 3885 iis

439 3915 638 4002 pracsertim,
661 3916 776 3997 quibus
799 3914 876 3976 mihi
899 3914 992 3976 liceat
1012 3933 1075 3975 non
1098 3913 1239 3975 credere.
1591 3975 1595 3980 ,

523 4010 594 4071 Xll.
626 4006 678 4070 98.
707 4010 747 4071 Ut
768 4008 876 4071 ordiar
896 4007 935 4069 ab
956 4005 1175 4089 haruspicina,
1207 4027 1302 4090 quam
1331 4027 1391 4090 ego
1419 4009 1465 4072 rei
1496 4007 1643 4092 publicae
1672 4030 1767 4075 cansa

402 4104 677 4185 ”communisque
700 4103 863 4184 religionis
885 4102 1050 4165 colendam
1072 4120 1188 4163 censeo
1205 4138 1246 4151 -
1267 4101 1324 4163 sed
1347 4102 1406 4164 soli
1429 4122 1552 4177 sumus,
1568 4104 1642 4167 licet
1656 4124 1767 4169 serum

440 4200 608 4282 exquirere
631 4199 699 4261 sine
722 4198 859 4270 invidia,
883 4197 958 4258 mibi
981 4196 1165 4278 praesertim
1182 4196 1221 4257 de
1237 4196 1399 4279 plerisque
1415 4196 1572 4260 dubitanti
1587 4221 1645 4261 -ε
1667 4199 1768 4283 inspl-

440 4296 578 4367 ciamus,
608 4293 634 4353 si
658 4293 777 4374 placet,
806 4300 877 4353 exta
901 4291 1048 4373 primum.
1097 4288 1282 4352 Persuaderi
1306 4290 1401 4371 igitur
1422 4292 1569 4373 cuiquam
1592 4302 1699 4374 potest
1719 4313 1766 4368 ea,

441 4408 522 4472 quae
545 4383 712 4468 significari
736 4384 885 4447 dicuutur
907 4385 996 4456 extis,
1020 4383 1147 4462 cognita
1169 4403 1239 4445 esse
1258 4383 1297 4445 ab
1312 4383 1531 4468 haruspicibus
1547 4385 1767 4451 observatione

441 4481 609 4544 diuturna‘l
633 4480 734 4554 Quam
758 4480 906 4541 diuturna
929 4479 990 4539 ista
1012 4475 1093 4538 suit?
1116 4484 1171 4538 aut
1193 4497 1287 4560 quam
1310 4478 1484 4561 longinquo
1500 4488 1640 4562 tempore
1659 4482 1769 4544 obser-

403 4578 507 4639 tevari
530 4575 657 4658 potuit?
690 4583 743 4636 aut
765 4594 828 4656 quo
852 4572 945 4635 modo
968 4579 1016 4634 est
1042 4570 1166 4632 conlata
1193 4571 1276 4632 inter
1298 4571 1401 4653 ipsos,
1430 4592 1511 4655 quae
1534 4592 1605 4655 pers
1628 4575 1769 4649 inimica,

441 4690 522 4754 quae
551 4690 623 4752 pars
651 4668 815 4731 familiaris
845 4676 949 4740 esset;
979 4666 1063 4749 qnod
1092 4663 1200 4728 fissum
1227 4667 1420 4747 periculum,
1450 4666 1539 4751 quod
1566 4670 1783 4733 commodum

440 4952 482 5002 sed
497 4952 542 5000 bor
558 4952 643 5000 eoum
659 4951 758 4998 ratione
773 4947 894 5006 refellitur
903 4959 911 5002 ,·
929 4945 950 4994 si
966 4947 1031 4994 enim
1048 4947 1150 4995 amicos
1168 4946 1276 5008 quidem
1295 4946 1431 5006 LambinI;
1455 4949 1511 5011 ipse
1530 4948 1608 4999 codd.
1627 4947 1768 5001 lectionem

441 5029 572 5083 revocavi,
591 5039 652 5075 cum
671 5024 732 5072 illud
750 5023 828 5081 mue,
847 5020 918 5084 quod
932 5022 1067 5071 Ernestius
1084 5022 1200 5080 addida.
1220 5025 1244 5072 in
1258 5023 1348 5072 verbis
1365 5024 1399 5072 od
1415 5030 1565 5084 retrusurus,
1584 5025 1683 5087 quibos
1700 5027 1770 5076 lollr·

441 5106 517 5152 mltus
535 5103 612 5151 huius
629 5099 776 5163 argumenti
795 5098 964 5158 significetur,
985 5097 1067 5147 latere
1085 5098 1220 5152 videatur:
1246 5097 1391 5160 llndviqus
1409 5102 1492 5147 totum
1511 5098 1599 5150 locum
1617 5102 1652 5149 lta
1670 5113 1771 5151 sanan-

440 5176 504 5228 dum
523 5178 612 5226 duait:
638 5175 798 5235 eorrupices?
822 5173 882 5222 Cum
898 5186 938 5221 res
955 5173 1109 5220 tristissimos
1123 5174 1236 5233 portendi
1254 5174 1386 5232 damet,
1405 5174 1501 5223 addunt
1513 5202 1527 5213 -
1539 5179 1727 5236 -procesrutls,·
1748 5176 1770 5225 si

439 5254 501 5301 uitii
517 5250 572 5300 vel:
591 5252 742 5312 serapiaca,
761 5250 892 5311 quodcum
904 5274 940 5285 ·-
952 5250 1080 5308 dicmut,
1099 5249 1239 5297 addunt--
1246 5246 1408 5310 procuratis?
1425 5249 1453 5297 Si
1464 5251 1530 5298 euim
1544 5252 1606 5300 nibil
1620 5277 1647 5289 -
1668 5251 1692 5303 l.
1705 5256 1771 5301 sorte

440 5325 512 5376 lilolz
538 5352 565 5363 -
593 5331 717 5386 eruperat
740 5326 760 5374 ll
784 5348 810 5359 -
839 5325 864 5372 b.
883 5323 1007 5372 omuiull
1031 5350 1057 5359 -
1084 5325 1162 5385 suum
1179 5322 1209 5374 ΑΙ
1232 5350 1259 5360 -
1286 5338 1358 5373 uerso
1376 5325 1406 5373 Αι
1428 5349 1455 5361 -
1489 5326 1513 5375 6.
1532 5327 1611 5389 igitur
1633 5327 1669 5377 C:
1698 5325 1769 5391 qnod

441 5402 520 5453 codd.
540 5400 688 5465 interpolati
706 5399 747 5449 alii
765 5400 898 5457 omittunt,
918 5398 959 5448 alii
977 5400 1003 5448 in
1021 5400 1078 5449 eius
1096 5397 1184 5449 locum
1203 5413 1262 5463 ergo
1279 5401 1381 5449 habent
1399 5426 1426 5437 -
1446 5402 1470 5451 e.
1489 5403 1589 5452 certeli
1614 5428 1641 5438 -
1666 5404 1706 5453 lb.
1725 5407 1770 5452 out

440 5482 553 5538 acceptos
570 5479 695 5539 suspecta
712 5477 767 5524 vise
785 5478 847 5523 sunt
865 5473 955 5522 Rathio
974 5499 1002 5510 -
1022 5475 1062 5523 tr.
1081 5476 1219 5537 artificioso
1235 5476 1276 5525 ΑΒ
1297 5502 1323 5511 -
1344 5476 1383 5526 48.
1401 5476 1543 5539 fulguribus
1559 5475 1615 5526 8¹0
1635 5502 1662 5512 -
1681 5477 1770 5527 bouis·

441 5566 488 5615 pue
504 5549 547 5606 Α“;
567 5550 761 5611 astrologorum
779 5561 863 5610 genus
880 5549 932 5597 boc
948 5546 1007 5597 loco
1020 5550 1113 5597 Cicero
1131 5548 1295 5612 neglegentia
1309 5551 1425 5615 quadem
1443 5552 1655 5617 praetermisisse
1667 5552 1772 5603 videtur

444 5653 470 5663 -
492 5627 680 5689 praediceretur
699 5636 757 5673 cum
774 5636 834 5686 ouo.
854 5623 875 5672 ll
898 5648 925 5657 -
950 5623 991 5672 49.
1009 5623 1185 5673 bominibusil
1209 5649 1237 5661 -
1262 5626 1305 5676 20.
1321 5629 1478 5676 coniecturae
1496 5625 1525 5677 lt¹
1544 5652 1572 5664 -
1598 5628 1641 5678 tt.
1658 5638 1772 5677 messere

441 5704 556 5752 Mersus:
575 5702 698 5749 somatum
715 5700 735 5749 C
752 5725 784 5734 -
801 5700 842 5747 25.
861 5697 949 5747 boiibet
965 5703 1036 5748 ,t1-
1056 5699 1098 5748 26.
1116 5699 1257 5749 moluisse
1277 5726 1304 5736 -
1321 5704 1416 5762 possiet
1433 5702 1540 5752 ltathus
1559 5728 1586 5738 -
1604 5702 1647 5752 27.
1659 5702 1728 5753 eisc
1742 5725 1770 5739 -

442 5775 482 5826 δί.
499 5776 651 5839 persuadere
667 5778 697 5825 ΑΙ
716 5800 744 5811 -
762 5772 803 5824 33.
822 5772 854 5822 ub
870 5773 1043 5835 haruspicibus
1060 5774 1095 5823 ll:
1115 5775 1147 5823 ob
1164 5775 1322 5836 aruspicibus
1338 5779 1398 5840 ΑΒ,
1418 5777 1590 5839 bumspieibus
1606 5776 1685 5827 codd.
1706 5776 1771 5827 dett.

442 5851 539 5901 Davisii
557 5854 584 5900 et
601 5851 696 5900 ttoserl
714 5849 734 5900 0
752 5872 781 5885 -
806 5847 847 5898 at.
866 5861 942 5909 ouum
958 5850 1079 5899 uturum
1096 5861 1151 5900 om.
1167 5850 1189 5899 A
1208 5871 1235 5889 ·-
1259 5850 1300 5902 ab.
1318 5853 1438 5903 murium
1455 5851 1600 5903 Lambinus
1618 5876 1647 5889 -
1670 5851 1773 5902 triusiae

444 5935 477 5974 ex
493 5923 553 5976 cod.
572 5922 692 5975 ltedicso
708 5921 845 5974 brubium
870 5922 966 5973 musio
983 5923 1014 5974 c.
