4342 7459
443 1294 505 1361 did
731 1296 785 1359 DE
807 1296 962 1359 FlNlBUS
983 1295 1181 1360 ΒΟΝΟΒΙΙΜ
1202 1294 1255 1358 ET
1277 1290 1477 1358 Matonem

442 1464 612 1549 voluptatis
640 1464 878 1548 repudiandum.
924 1467 1018 1542 Quod
1047 1474 1152 1528 autem
1175 1461 1383 1547 patrocinium
1404 1468 1459 1523 aut
1481 1477 1563 1543 quae
1586 1457 1647 1521 ista
1668 1476 1765 1521 causa

442 1566 490 1621 est
511 1559 698 1640 voluptatis,
722 1579 803 1642 quae
825 1580 883 1623 nec
904 1567 1000 1623 testea
1021 1560 1105 1622 ullos
1127 1579 1144 1621 e
1166 1557 1260 1621 claris
1275 1557 1350 1619 viris
1372 1575 1431 1617 nec
1453 1552 1635 1617 laudatores
1649 1551 1766 1636 poterit

437 1651 615 1732 adhibere?
645 1652 685 1716 Ut
714 1653 798 1716 enim
826 1675 882 1717 nos
911 1675 950 1717 ex
979 1652 1139 1716 annalium
1163 1651 1363 1715 monimentis
1386 1655 1482 1712 testes
1504 1647 1676 1709 excitamus
1699 1663 1765 1718 eos,

442 1765 578 1829 quorum
600 1748 703 1809 omnis
725 1747 790 1809 rita
810 1755 996 1829 consumpta
1019 1754 1067 1809 est
1088 1747 1121 1809 iu
1142 1745 1302 1808 laboribus
1325 1744 1484 1826 gloriosis,
1513 1740 1569 1824 qui
1591 1739 1765 1823 voluptatis

419 1845 557 1902 tannen
579 1841 688 1903 audire
710 1860 776 1903 non
798 1848 942 1923 possent,
971 1840 1017 1902 sic
1044 1841 1076 1902 in
1099 1841 1212 1902 vestris
1235 1837 1502 1921 disputationibus
1523 1834 1656 1898 historia
1678 1839 1765 1895 muta

441 1941 499 1996 est.
532 1936 707 2017 Numquam
730 1933 835 1997 audivi
859 1936 892 1998 in
906 1934 1034 2017 Epicuri
1055 1932 1162 1996 schola
1184 1933 1371 2015 Lycurgum,
1393 1930 1557 2003 Solonem,
1579 1927 1765 2000 Miltiadem,

440 2027 699 2102 Themistoclem,
721 2026 972 2110 Epaminondam
995 2027 1167 2101 nominari,
1195 2026 1250 2108 qui
1273 2026 1305 2088 in
1328 2046 1382 2088 ore
1405 2033 1479 2088 sunt
1499 2031 1675 2087 ceteronrm
1698 2040 1765 2084 om·

440 2121 527 2183 nium
550 2121 823 2204 philosophorum.
859 2123 950 2184 Nunc
972 2141 1066 2195 vero,
1089 2121 1237 2203 quoniam
1261 2120 1339 2182 haec
1359 2139 1418 2182 nos
1433 2119 1528 2181 etiam
1544 2123 1678 2181 tractare
1693 2133 1766 2178 coe·

439 2216 560 2298 pimus,
582 2215 796 2298 suppeditabit
818 2215 910 2278 nohis
932 2215 1052 2278 Atticus
1075 2222 1213 2278 nostere
1232 2212 1388 2276 thesauris
1403 2213 1467 2276 suis
1485 2229 1565 2297 quos
1580 2215 1613 2273 et
1627 2214 1765 2295 quantos

403 2309 542 2372 torirosl
578 2305 630 2371 68.
652 2311 765 2372 Nonne
786 2309 899 2371 melius
922 2316 970 2371 est
990 2308 1030 2370 de
1052 2308 1101 2370 his
1123 2307 1242 2391 aliquid
1267 2326 1361 2391 quarn
1385 2307 1479 2369 tantis
1495 2303 1708 2372 voluminibus
1724 2301 1765 2363 do

439 2403 599 2465 Themista
628 2402 740 2486 loqui‘i
773 2403 843 2465 Sint
872 2404 932 2465 ista
954 2402 1160 2475 Graecorum,
1189 2421 1380 2485 quamquam
1402 2400 1503 2463 abiis
1529 2397 1766 2483 philosophiam

439 2505 470 2558 et
499 2516 608 2560 omnes
636 2496 792 2579 ingenuas
822 2496 1005 2578 disciplinas
1031 2495 1203 2567 habemus,
1232 2492 1288 2556 sed
1314 2502 1419 2556 tamen
1441 2501 1491 2556 est
1511 2492 1648 2576 aliquid,
1676 2489 1766 2576 quod

439 2590 529 2653 nobis
558 2611 622 2653 non
649 2590 758 2663 liceat,
787 2590 880 2652 liceat
902 2590 974 2652 illis.
1016 2591 1160 2670 Pugnant
1182 2587 1278 2650 Stoici
1302 2608 1372 2650 cum
1395 2586 1621 2669 Peripateticis.
1665 2585 1766 2649 Alteri

438 2691 555 2766 negant
582 2684 754 2767 quicquam
776 2683 986 2748 essebonum
1008 2683 1067 2745 nisi
1092 2681 1178 2764 quod
1200 2680 1368 2744 honestum
1390 2682 1448 2755 sit,
1478 2680 1570 2743 alteri
1592 2678 1765 2763 plurimum

376 2807 382 2820 ·
402 2788 429 2833 Β
438 2797 471 2841 se
494 2785 526 2840 et
547 2777 640 2859 longe
661 2776 820 2861 longeque
843 2778 1012 2859 plurimum
1035 2776 1173 2838 tribuere
1196 2775 1369 2849 honestati,
1392 2776 1447 2838 scd
1470 2783 1576 2837 muron
1597 2780 1630 2838 et
1646 2775 1678 2839 in
1695 2794 1766 2838 cor-

437 2892 516 2954 pore
539 2879 570 2934 et
593 2879 682 2934 extra
704 2891 774 2934 esse
797 2870 952 2955 quaedam
975 2871 1068 2934 bona.
1111 2871 1152 2933 Et
1174 2879 1329 2933 certamen
1352 2871 1522 2933 honestum
1544 2876 1575 2934 et
1589 2868 1765 2953 disputatio

437 2965 621 3049 splendida!
653 2965 755 3028 omnis
779 2973 826 3028 est
848 2965 931 3028 enim
955 2964 993 3027 de
1015 2965 1139 3028 virtutis
1161 2964 1313 3047 dignitate
1336 2965 1507 3029 contentio.
1543 2967 1584 3028 At
1604 2984 1677 3027 cum
1701 2962 1765 3026 tuis

438 3081 509 3124 cum
532 3060 686 3134 disseras,
717 3059 814 3123 multa
844 3056 1096 3122 sunt'audienda
1118 3059 1211 3122 etiam
1234 3059 1273 3121 de
1295 3059 1439 3122 obscenis
1461 3057 1693 3144 voluptatibus,
1724 3056 1765 3119 de

438 3154 554 3237 quibus
583 3154 623 3216 ah
651 3154 790 3237 Epicuro
817 3153 1001 3236 saepissime
1031 3152 1154 3215 dicitur.
1198 3150 1249 3214 69.
1277 3155 1347 3215 Nou
1377 3162 1467 3237 potes
1494 3173 1567 3236 ergo
1589 3153 1651 3215 ista
1672 3150 1765 3225 tueri,

400 3250 615 3332 toTorquate,
645 3248 722 3310 mihi
745 3247 856 3321 crede,
886 3247 913 3309 si
939 3255 970 3309 te
992 3248 1061 3329 ipse
1083 3256 1115 3309 et
1137 3254 1206 3309 tuas
1229 3247 1434 3329 cogitationes
1457 3253 1489 3310 et
1509 3247 1616 3310 studia
1635 3263 1765 3331 perspe-

437 3343 538 3405 xeris:
561 3341 693 3424 pudebit
714 3348 759 3415 te,
782 3342 925 3423 inquam,
948 3340 1033 3403 illius
1055 3340 1191 3414 tabulae,
1215 3360 1309 3422 quam
1326 3340 1493 3405 Cleanthes
1509 3361 1585 3405 sane
1600 3340 1765 3406 commode

437 3435 540 3498 verbis
569 3435 742 3517 depingere
763 3434 895 3497 solebat.
938 3433 1069 3496 lubebat
1092 3454 1161 3507 eos,
1189 3435 1243 3515 qui
1266 3434 1450 3509 audiebant,
1473 3456 1578 3500 secum
1600 3436 1689 3519 ipsos
1712 3454 1765 3497 co-

438 3528 537 3608 gitare
559 3527 674 3609 pictam
696 3529 728 3591 in
752 3527 857 3589 tabula
879 3527 1096 3608 Voluptatem,
1118 3525 1330 3607 pulcherrimo
1347 3528 1464 3591 vestitu
1486 3538 1517 3592 et
1538 3536 1650 3592 ornatu
1665 3527 1765 3610 regali
1823 3609 1825 3614 Ι

437 3621 471 3682 iu
493 3620 573 3682 solio
596 3619 776 3683 sedentem:
806 3628 930 3703 praesto
953 3640 1023 3684 esse
1045 3621 1183 3683 Virtutes
1205 3629 1241 3683 ut
1261 3622 1440 3696 ancillulas,
1470 3643 1552 3707 quae
1574 3622 1654 3686 nihil
1676 3619 1764 3686 alind

400 3720 582 3795 satagerent,
611 3712 732 3776 nullum
754 3733 846 3776 suurn
869 3712 1005 3776 officium
1029 3714 1196 3789 ducerent,
1226 3713 1285 3778 nisi
1307 3724 1343 3777 ut
1364 3718 1526 3800 Voluptati
1549 3716 1766 3781 ministrarent

437 3812 471 3869 et
491 3825 561 3868 eam
583 3814 705 3870 mutum
727 3806 767 3869 ad
789 3826 896 3869 aurem
919 3808 1140 3884 admonerent,
1163 3809 1305 3873 simodo
1329 3811 1360 3873 id
1382 3812 1504 3894 pictura
1525 3809 1668 3894 intellegi
1690 3829 1765 3893 pos·

438 3906 499 3973 set,
528 3906 565 3961 ut
585 3908 711 3963 caveret
731 3922 771 3963 ue
793 3901 1009 3986 quid'saceret
1030 3902 1230 3985 imprudens,
1261 3905 1346 3987 quod
1370 3903 1544 3967 offenderet
1565 3906 1687 3969 animos
1707 3905 1766 3969 ho·

439 3993 576 4067 minum,
597 4000 653 4056 aut
674 3995 860 4079 quicquam,
882 4016 900 4059 e
923 4017 987 4079 quo
1009 3997 1147 4060 oriretur
1167 3997 1282 4081 aliquis
1304 3997 1404 4060 dolor.
1443 4000 1527 4061 «Nos
1549 3997 1680 4082 quidem
1695 3998 1766 4063 Vir-

439 4094 520 4151 tutes
543 4090 589 4152 sic
612 4096 703 4151 natac
725 4109 850 4161 sumus,
874 4097 909 4152 ut
930 4090 987 4152 tibi
1009 4090 1215 4166 serviremus;
1238 4090 1325 4153 aliud
1347 4091 1466 4173 negotii
1481 4091 1560 4154 nihil
1580 4092 1764 4156 habemus.»

402 4205 430 4250 ao
524 4182 626 4245 xxti.
648 4180 701 4246 70.
730 4184 771 4245 At
798 4191 892 4266 negat
921 4184 1077 4266 Epicurus
1105 4219 1147 4233 -
1171 4185 1231 4248 hoc
1254 4186 1337 4248 euim
1361 4193 1499 4249 vestrum
1522 4187 1630 4250 lumen
1653 4194 1702 4251 est
1723 4218 1765 4233 ·-

440 4297 651 4360 quemquam,
673 4276 730 4358 qui
750 4278 883 4361 honeste
907 4297 970 4340 non
992 4279 1094 4352 vivat,
1117 4278 1255 4341 iucunde
1278 4299 1371 4363 posse
1388 4280 1504 4343 vivere.
1540 4281 1640 4356 Quasi
1656 4302 1716 4365 ego
1732 4280 1766 4345 id

440 4391 563 4444 curem,
586 4370 664 4455 quid
687 4371 740 4433 ille
761 4371 825 4433 aiat
846 4379 899 4433 aut
920 4380 1031 4454 neget:
1064 4373 1142 4435 illud
1166 4393 1295 4456 quaero,
1319 4373 1396 4457 quid
1413 4375 1460 4448 ei,
1483 4375 1587 4458 quiin
1601 4376 1767 4460 voluptate

440 4485 597 4528 summum
619 4464 740 4527 honum
762 4473 874 4547 ponat,
897 4474 1145 4530 consentaneum
1169 4469 1210 4530 sit
1225 4467 1340 4530 dicere.
1377 4468 1462 4543 Quid
1482 4469 1589 4544 affers,
1611 4490 1668 4534 cur
1681 4470 1768 4534 Tho·

440 4560 522 4633 rius,
544 4578 601 4620 cur
621 4558 757 4638 †Chius
778 4559 973 4634 Postumius,
996 4580 1054 4623 cur
1074 4562 1213 4624 omniurn
1236 4560 1348 4623 horum
1370 4563 1534 4644 magister,
1557 4562 1671 4639 Orata,
1699 4583 1767 4628 non

405 4652 666 4715 aoiucundissime
696 4652 833 4715 vixerit?
867 4653 944 4735 lpse
978 4663 1088 4737 negat,
1120 4662 1153 4718 ut
1182 4664 1255 4718 ante
1285 4656 1366 4731 dixi,
1401 4657 1638 4720 luxuriosorum
1669 4659 1766 4723 vitam

441 4745 706 4828 reprendendam,
735 4746 797 4808 nisi
825 4747 919 4828 plane
951 4746 1030 4812 fatui
1057 4748 1136 4823 sint,
1163 4749 1282 4825 idest,
1310 4750 1372 4813 nisi
1398 4758 1453 4814 aut
1474 4752 1603 4833 cupiant
1624 4758 1679 4817 aut
1699 4771 1767 4815 me·

442 4847 549 4902 tuant:
583 4859 716 4922 quarum
748 4840 909 4902 ambarum
942 4861 1047 4904 rerum
1080 4863 1153 4905 cum
1186 4844 1374 4908 medicinam
1402 4844 1587 4927 pollicetur,
1618 4844 1766 4909 luxuriae

506 5080 692 5150 3.ooimoiiam
709 5082 754 5131 ΒΕ
772 5107 799 5118 -
818 5083 972 5132 munducatis
982 5086 1042 5134 AB:
1059 5087 1223 5136 monumentis
1239 5086 1288 5136 ΜΟ
1301 5110 1327 5119 -
1347 5083 1371 5135 l.
1386 5085 1428 5145 qai
1440 5097 1493 5134 om.
1509 5086 1541 5145 E;
1559 5085 1603 5136 ati
1617 5087 1723 5152 lladvig
1738 5090 1766 5140 in

442 5153 625 5210 adnotatione;
644 5158 686 5218 qai
704 5156 827 5219 (labores)
844 5156 977 5220 voluptatis
993 5175 1081 5210 omnen
1098 5164 1169 5211 odire
1187 5160 1312 5211 Halmius.
1328 5188 1353 5197 -
1374 5161 1398 5209 6.
1416 5161 1540 5223 liparcam
1553 5163 1582 5224 l,
1599 5162 1765 5229 lygurgum

414 5246 420 5257 ’
444 5255 469 5264 -
484 5230 635 5279 miltiadem
646 5234 666 5281 Α
679 5257 707 5266 -
726 5232 750 5281 Ι.
763 5237 902 5282 ceteromm
913 5236 1023 5284 omnium
1032 5236 1233 5300 philosophorum
1244 5241 1279 5286 A:
1297 5236 1495 5299 pbilosophorum
1506 5242 1644 5289 cetetonem
1654 5240 1767 5290 omnium

441 5306 474 5364 B;
493 5310 631 5354 ceterorum
644 5306 848 5369 philosophorum
864 5309 974 5359 omnium
991 5311 1041 5360 Ena
1056 5339 1083 5348 -
1102 5313 1126 5361 8.
1145 5313 1230 5372 ctiam]
1247 5315 1270 5360 et
1287 5312 1305 5360 B
1320 5337 1346 5345 ·-
1366 5311 1391 5361 9.
1403 5312 1576 5373 suppeditabat
1591 5315 1611 5364 Β
1630 5340 1658 5351 -α
1677 5315 1765 5366 aaa:

439 5385 463 5428 ct
479 5380 512 5437 E,
531 5380 561 5429 dc
575 5380 596 5428 0
610 5405 636 5415 -
656 5382 696 5431 ΙΙ.
715 5381 811 5447 loqoil]
827 5383 968 5442 loquitwss
983 5412 1009 5421 -
1029 5386 1067 5450 iia]
1084 5387 1122 5435 liis
1138 5387 1215 5437 atto
1229 5413 1256 5421 -
1277 5387 1316 5435 li.
1335 5391 1370 5436 eat
1386 5400 1439 5436 om.
1454 5387 1472 5436 Β
1487 5388 1586 5455 -taisl
1603 5393 1632 5439 m
1646 5389 1685 5440 oie
1700 5390 1721 5439 B
1735 5415 1762 5426 -

440 5455 481 5505 ts.
493 5467 550 5503 mim
566 5455 592 5503 in
605 5457 625 5503 Α
637 5454 768 5505 subducta
786 5456 854 5506 linea
867 5457 984 5510 deletum
996 5464 1022 5510 et
1038 5475 1092 5511 see.
1107 5476 1143 5512 m.
1158 5462 1368 5525 superscriptum
1381 5464 1422 5511 est
1437 5466 1464 5510 tu
1477 5487 1503 5497 -
1523 5463 1648 5515 imeras
1661 5464 1695 5524 Β;
1714 5465 1766 5514 dit-

438 5535 518 5578 sertor
535 5528 715 5591 Naegelsbach
735 5558 761 5567 -
781 5532 811 5581 de
826 5536 887 5582 ante
905 5534 992 5595 quidm
1007 5551 1060 5587 om.
1080 5538 1128 5588 ΑΒ
1147 5562 1173 5572 -
1195 5538 1235 5586 te.
1253 5537 1353 5600 dicitur]
1371 5537 1420 5585 dici
1436 5538 1455 5587 E
1475 5563 1502 5573 -
1521 5538 1589 5603 ergo]
1606 5539 1686 5603 igitar
1701 5538 1764 5587 Β-

439 5602 480 5653 tl.
493 5603 529 5667 at]
541 5606 602 5653 ocii
616 5629 644 5642 -
663 5606 870 5656 remmiscere
886 5609 930 5657 BE
945 5637 972 5646 -
992 5612 1032 5661 28.
1046 5614 1163 5674 quicquid
1179 5614 1198 5662 Β
1213 5637 1239 5647 -
1260 5612 1337 5675 dolor]
1351 5612 1465 5662 ebionim
1479 5612 1566 5663 ΒΕ-
1584 5613 1626 5663 29.
1639 5614 1766 5677 macoma

439 5679 500 5727 nibil
516 5681 550 5736 Α,
568 5680 697 5742 negocium
713 5695 763 5730 oon
781 5683 829 5731 ΒΕ
847 5709 880 5718 -
896 5684 937 5733 36.
956 5689 1070 5747 epicureis
1085 5694 1160 5751 nepot
1177 5690 1195 5737 B
1215 5712 1242 5722 —
1262 5688 1302 5737 3t.
1316 5689 1387 5750 quasi
1398 5691 1516 5751 --ocpot
1531 5687 1762 5752 1906918ρᾶ0.-

440 5751 479 5800 32.
498 5753 567 5814 qaid]
584 5756 650 5816 qaod
666 5757 765 5806 Nonius
784 5781 810 5793 -
836 5757 898 5821 aiot]
916 5760 970 5808 aiot
986 5762 1064 5811 ΑΒΕ
1084 5790 1111 5798 -
1136 5764 1178 5824 qai
1194 5763 1322 5824 uoluptati
1339 5764 1357 5812 Β
1378 5790 1404 5797 -
1424 5762 1464 5812 33.
1480 5767 1559 5824 pooot
1575 5762 1669 5813 ABE:
1689 5766 1765 5825 pedat

439 5825 518 5875 codd.
536 5827 656 5892 plerique
676 5856 702 5868 -
723 5829 763 5881 at.
781 5845 828 5880 car
843 5831 912 5881 chius
928 5837 1051 5885 ACDE:
1070 5839 1184 5887 meretrice
1201 5838 1233 5890 Β;
1253 5852 1299 5886 cor
1316 5838 1341 5888 C.
1361 5839 1460 5888 Hirtius
1476 5836 1592 5901 Scaliger
1610 5834 1677 5900 (coll.
1695 5835 1763 5886 Var-

439 5913 504 5951 rone
522 5902 556 5951 de
573 5904 601 5953 ΙΙ.
621 5905 650 5954 Β.
669 5906 715 5964 ΙΙΙ,
735 5906 774 5967 ΙΙ,
793 5906 808 5955 3
826 5909 853 5956 et
871 5908 951 5958 Plinio
969 5911 999 5959 N.
1020 5911 1049 5959 ΙΙ.
1063 5912 1109 5972 ΙΙΙ,
1128 5913 1142 5975 S
1161 5911 1218 5971 tit)
1236 5915 1262 5961 et
1279 5914 1299 5961 0
1316 5940 1342 5950 -
1358 5918 1488 5976 pacamur
1504 5913 1552 5967 ΒΕ
1572 5938 1599 5951 -
1617 5910 1659 5963 36.
1676 5910 1703 5963 id
1718 5908 1762 5973 set]

440 5976 481 6026 idi
498 5977 532 6037 Β,
549 5978 614 6029 idone
631 5978 651 6029 E
670 6006 697 6016 -
716 5980 756 6031 37.
774 5983 924 6033 machinam
938 5998 995 6034 aaa
1012 5985 1044 6046 E;
1062 6000 1119 6036 cam
1135 6000 1188 6037 om.
1208 5988 1236 6037 B.
