4342 7459
1439 1254 1578 1319 m.
1621 1254 1702 1319 11.
1758 1251 1911 1319 cn.
1953 1252 2375 1320 xv-xvn.
2431 1249 2525 1338 §3
2567 1248 2864 1317 38—45.
3353 1245 3481 1314 4⁴3

816 1412 921 1480 49..
968 1414 1127 1479 Cum
1172 1413 1366 1497 igitur
1404 1414 1672 1480 aliorum
1718 1415 2135 1480 animantium
2183 1422 2361 1479 ortus
2403 1415 2471 1477 in
2518 1422 2685 1479 terra
2726 1415 2840 1491 sit,
2884 1413 3152 1478 aliorum
3195 1413 3264 1477 in
3297 1433 3480 1499 aqua,

715 1571 730 1592 ,
815 1511 886 1574 in
930 1518 1076 1576 aere
1121 1511 1419 1585 aliorum,
1465 1510 1809 1573 absurdum
1853 1530 1996 1574 esse
2038 1510 2367 1573 Aristoteli
2412 1509 2662 1574 videtur
2705 1511 2772 1573 in
2816 1529 2890 1572 ea
2932 1516 3144 1592 parte,
3191 1528 3356 1592 quae
3401 1510 3486 1573 sit

817 1606 898 1671 ad
943 1605 1261 1690 gignenda
1304 1604 1650 1667 animantia
1692 1605 2049 1688 aptissima,
2111 1605 2345 1667 animal
2405 1605 2577 1687 gigni
2633 1604 2877 1668 nullum
2931 1612 3172 1686 putare.
3260 1604 3485 1667 Sidera

815 1708 1028 1764 autem
1074 1699 1423 1763 aetherium
1470 1699 1674 1762 locum
1720 1700 2050 1782 optinent;
2099 1700 2210 1781 qui
2241 1699 2543 1781 quoniam
2582 1698 2988 1761 tenuissimus
3019 1703 3116 1760 est
3144 1703 3207 1760 et
3235 1717 3487 1781 semper

814 1796 1090 1878 agitatur
1132 1803 1197 1857 et
1240 1793 1437 1875 viget,
1503 1812 1767 1856 necesse
1812 1800 1935 1866 est,
1982 1793 2153 1875 quod
2201 1792 2434 1856 animal
2478 1793 2544 1854 in
2589 1812 2666 1855 eo
2710 1793 3029 1875 gignatur,
3074 1792 3141 1856 id
3187 1799 3250 1855 et
3292 1804 3531 1856 sensuti

813 1890 1124 1952 acerrimo
1166 1894 1230 1951 et
1259 1887 1608 1951 mobilitate
1639 1887 1969 1950 celerrima
1999 1907 2159 1949 esse.
2227 1888 2438 1962 Quare
2464 1908 2609 1950 cum
2641 1887 2705 1949 in
2738 1886 2994 1949 aethere
3024 1896 3193 1951 astra
3221 1887 3485 1970 gignan-

816 1992 948 2059 tur,
1009 1989 1506 2047 consentaneum
1565 1989 1664 2044 est
1716 1982 1782 2043 in
1841 1982 1922 2043 iis
1985 2002 2243 2045 sensum
2287 1982 2497 2044 inesse
2543 1988 2609 2045 et
2647 1981 3180 2061 intellegentiam,
3225 2002 3308 2044 ex
3355 2001 3482 2066 quo

817 2075 1091 2141 efficitur
1131 2077 1200 2139 in
1245 2074 1512 2139 deorum
1559 2095 1826 2138 numero
1869 2083 2038 2138 astra
2070 2096 2212 2138 esse
2244 2075 2552 2139 ducenda.
2618 2077 2784 2140 xvl.
2816 2075 3066 2139 Etenim
3095 2075 3243 2139 licet
3270 2075 3485 2138 videre

814 2172 1097 2236 acutiora
1137 2171 1396 2253 ingenia
1441 2175 1505 2233 et
1546 2168 1624 2233 ad
1674 2170 2168 2254 intellegendum
2215 2172 2462 2253 aptiora
2506 2189 2752 2243 eorum,
2806 2170 2917 2253 qui
2962 2177 3161 2233 terras
3205 2168 3487 2231 incolant

818 2286 953 2341 eas,
998 2266 1063 2328 in
1110 2264 1345 2349 quibus
1389 2271 1500 2327 aer
1542 2265 1623 2326 sit
1666 2284 1863 2346 purus
1894 2284 1966 2327 ac
2005 2264 2244 2339 tenuiS,
2292 2283 2482 2349 quam
2511 2264 2795 2339 illorum,
2840 2264 2951 2348 qui
2985 2271 3244 2327 utantur
3270 2284 3485 2327 crasso
3504 2276 3561 2322 to

817 2358 994 2425 caelo
1051 2367 1241 2441 atque
1298 2367 1616 2421 concreto.
1705 2353 1807 2419 43.
1853 2357 2026 2433 Quin
2073 2360 2262 2422 etiam
2308 2358 2448 2422 cibo
2494 2379 2622 2443 quo
2666 2366 2846 2421 utare
2889 2358 3197 2422 interesse
3239 2357 3484 2442 aliquid

817 2454 898 2518 ad
944 2454 1177 2518 mentis
1220 2452 1422 2515 aciem
1466 2460 1706 2536 putant.
1774 2451 2104 2515 Probabile
2149 2460 2248 2516 est
2287 2452 2482 2535 igitur
2522 2460 2949 2536 praestantem
2991 2451 3487 2536 intellegentiam

817 2548 884 2611 in
944 2546 1256 2612 sideribus
1316 2567 1488 2620 esse,
1546 2565 1711 2630 quae
1755 2554 1817 2608 et
1859 2547 2205 2610 aetheriam
2250 2553 2493 2629 partem
2538 2545 2756 2610 mundi
2800 2546 3082 2610 incolant
3125 2555 3187 2609 et
3226 2547 3487 2610 marinis

820 2644 1218 2727 terrenisque
1263 2643 1593 2705 umoribus
1635 2640 1828 2723 longo
1874 2641 2210 2704 intervallo
2255 2642 2613 2704 extenuatis
2643 2641 2914 2704 alantur.
2984 2642 3250 2704 Sensum
3277 2648 3487 2704 autem

817 2747 1136 2804 astrorum
1178 2745 1373 2820 atque
1417 2735 1916 2818 intellegentiam
1971 2755 2265 2799 maxume
2312 2736 2592 2799 declarat
2635 2735 2794 2799 ordo
2839 2755 3059 2800 eorum
3101 2743 3295 2819 atque
3334 2748 3563 2799 eon-⁴⁸

819 2832 1050 2896 stantia
1093 2863 1179 2877 —
1221 2829 1379 2893 nibil
1439 2837 1539 2893 est
1594 2829 1792 2903 enim,
1855 2830 2027 2911 quod
2088 2831 2335 2892 ratione
2393 2837 2457 2893 et
2515 2850 2782 2893 numero
2828 2831 3064 2894 moveri
3109 2832 3308 2914 possit
3344 2831 3487 2894 sine

818 2925 1093 2990 consilio
1138 2959 1259 3000 —,
1301 2924 1369 2986 in
1415 2943 1546 3007 quo
1593 2922 1753 2986 nihil
1797 2929 1894 2985 est
1939 2924 2371 2999 temerarium,
2418 2923 2575 2987 nihil
2622 2925 2899 3000 varium,
2944 2923 3105 2987 nihil
3134 2922 3485 2988 fortuitum.

822 3019 998 3084 Ordo
1058 3027 1270 3084 autem
1327 3018 1608 3081 siderum
1666 3025 1730 3080 et
1790 3017 1856 3079 in
1912 3018 2084 3080 omni
2134 3017 2508 3081 aeternitate
2552 3020 2906 3083 constantia
2948 3037 3157 3102 neque
3198 3027 3487 3082 naturam

817 3113 1135 3198 significat
1184 3144 1268 3159 —
1326 3121 1426 3176 est
1483 3111 1652 3175 enim
1713 3110 1903 3194 plena
1958 3112 2220 3175 rationis
2274 3146 2358 3156 —
2409 3132 2617 3197 neque
2672 3110 3023 3189 fortunam,
3079 3132 3244 3197 quae
3285 3112 3487 3176 amica

818 3209 1110 3272 varietati
1157 3207 1576 3271 constantiam
1607 3206 1872 3290 respuit.
1935 3206 2240 3288 Sequitur
2267 3225 2417 3289 ergo
2447 3214 2519 3269 ut
2546 3207 2685 3291 ipsa
2714 3228 2830 3271 sua
2859 3214 3104 3291 sponte,
3146 3225 3263 3270 suo
3292 3223 3561 3271 sensu„

820 3321 896 3365 ac
953 3301 1279 3366 divinitate
1341 3307 1736 3364 moveantur.
1823 3295 1926 3361 44.
1981 3302 2112 3362 Nec
2168 3319 2320 3364 vero
2364 3300 2742 3365 Aristoteles
2801 3322 2933 3365 non
2993 3298 3347 3365 laudandus
3388 3308 3491 3364 est

819 3396 888 3459 in
930 3416 1043 3471 eo,
1101 3396 1278 3480 quod
1339 3395 1584 3469 omnia,
1645 3413 1809 3478 quae
1856 3401 2211 3469 moventur,
2271 3403 2383 3458 aut
2427 3403 2655 3460 natura
2697 3398 2938 3461 moveri
2982 3397 3232 3460 censuit
3270 3404 3383 3459 ant
3420 3393 3485 3457 vi

822 3496 933 3553 aut
973 3490 1327 3564 voluntate,
1373 3488 1616 3553 moveri
1661 3496 1875 3551 autem
1919 3489 2121 3552 solem
2165 3496 2230 3552 et
2271 3488 2486 3552 lunam
2530 3498 2595 3553 et
2637 3490 2848 3555 sidera
2888 3490 3132 3554 omnia·
3178 3507 3485 3575 quaen-

819 3591 949 3647 tem
991 3591 1218 3648 natura
1264 3591 1699 3657 moverentur,
1742 3583 1901 3646 haec
1944 3591 2054 3646 aut
2098 3581 2382 3666 pondere
2427 3584 2724 3648 deorsum
2767 3593 2879 3650 aut
2919 3586 3173 3649 levitate
3214 3583 3481 3647 ab

819 3676 1008 3753 ferri,
1055 3699 1325 3762 quorum
1371 3685 1665 3740 neutrum
1710 3677 1897 3740 astris
1942 3678 2371 3760 contingeret,
2422 3687 2754 3762 propterea
2795 3679 2971 3770 quojl
3014 3699 3233 3744 eoru-
3270 3689 3553 3742 ans

817 3771 886 3836 in
945 3768 1165 3835 orbem
1225 3772 1593 3854 circumque
1654 3770 1944 3834 serretur.
2016 3773 2146 3834 Nec
2190 3791 2340 3833 vero
2386 3770 2510 3835 dici
2569 3782 2778 3882 potest
2822 3775 2882 3838 vi
2925 3774 3195 3859 quada-
3240 3791 3475 3836 -ε

816 3864 994 3942 fieri,
1039 3875 1111 3930 ut
1152 3873 1369 3930 contra
1413 3874 1702 3929 naturam
1750 3874 1918 3928 astra
1963 3871 2371 3940 moveantur3
2418 3886 2584 3949 quae
2629 3868 2800 3931 enim
2830 3871 3475 3952 potestne—-

816 3960 1038 4025 Restat
1090 3962 1286 4044 igitur
1342 3967 1412 4023 ut
1455 3967 1666 4023 motus
1710 3968 2024 4023 astrorum
2069 3958 2153 4021 sit
2197 3959 2609 4024 voluntarius.
2673 3961 2852 4038 Quae
2896 3965 3007 4047 qni
3046 3963 3281 4036 visa,
3334 3983 3469 4026 -,

816 4053 1074 4119 indocte
1119 4056 1357 4128 solum,
1407 4075 1623 4117 verum
1670 4055 1861 4116 etiam
1907 4054 2101 4135 impie
2145 4051 2370 4128 saciat,
2416 4054 2470 4115 si
2515 4055 2671 4119 deos
2714 4076 2856 4121 esse
2894 4067 3099 4142 nega
3152 4055 3285 4120 §a
3312 4078 3467 4122 a

817 4150 1080 4213 multum
1149 4151 1444 4222 interest,
1516 4156 1725 4210 utrum
1790 4147 1852 4209 id
1921 4155 2110 4229 neget
2184 4167 2264 4209 an
2344 4167 2450 4210 eos
2526 4152 2699 4213 omni
2730 4157 3205 4236 ‚procur-din
3270 4171 3533 4236 *a

818 4245 1071 4306 actione
1117 4246 1353 4328 privet3
1402 4242 1554 4305 mibi
1603 4243 1773 4304 enim
1819 4243 1929 4326 qui
1978 4241 2136 4303 nihil
2183 4241 2317 4322 agit
2359 4262 2499 4304 esse
2544 4246 2803 4309 omnino
2834 4267 2957 4310 nm
2990 4249 3225 4312 risa:
3302 4250 3455 4312 zar.

818 4337 1015 4420 igitur
1059 4339 1215 4402 deos
1259 4339 1348 4401 ita
1391 4338 1797 4420 perspicuum
1829 4344 1959 4411 est,
2014 4344 2114 4410 ut,
2162 4335 2229 4397 id
2275 4336 2383 4419 qui
2427 4347 2638 4421 neget,
2684 4342 2789 4404 vix
2830 4363 2971 4406 en-
3012 4363 3189 4408 *
3230 4351 3455 4409 nain

824 4432 1204 4499 existimem.

988 4527 1185 4588 xvu.
1231 4522 1334 4587 45.
1379 4528 1592 4589 Restat
1634 4534 1704 4589 ut
1759 4524 1967 4610 qualis
2012 4545 2232 4587 eorum
2282 4532 2506 4589 natura
2550 4527 2632 4590 sit
2674 4529 3135 4596 σῶζε-ιι..
3206 4533 3277 4598 i-
3328 4557 3449 4618 qn·

817 4617 982 4681 nibil
1046 4628 1144 4682 est
1202 4618 1525 4682 difficilius
1575 4640 1763 4702 quam
1809 4639 1847 4681 a
1891 4618 2355 4682 consuetudine
2409 4621 2729 4686 oculorum
2774 4629 2959 4690 atis·
2998 4649 3213 4692 m
3256 4649 3527 4696 mvn

817 4733 982 4777 cere.
1055 4716 1147 4777 Ea
1192 4713 1534 4776 difficultas
1581 4714 1832 4776 induxit
1877 4723 1939 4776 et
1970 4714 2160 4796 vulgo
2208 4715 2514 4797 inperitos
2544 4726 2607 4780 et
2646 4719 2873 4784 simiis!
2912 4723 3305 4792 -ἧι-ιιιιιω
3362 4750 3451 4792 2.-

815 4808 1167 4893 peritorum
1235 4815 1309 4869 ut
1371 4809 1496 4871 nisi
1556 4805 1774 4890 figuris
1831 4808 2160 4869 hominum
2208 4810 2567 4874 constitutis
2608 4813 2765 4876 nihi:
2800 4837 3043 4898 μη
3088 4837 3165 4880 ιι·
3212 4829 3305 4886 u
3360 4847 3449 4888 :nv

816 4903 1194 4968 mortalibus
1239 4904 1563 4987 cogitare:
1622 4904 1802 4967 cuius
1848 4903 2166 4986 opinionis
2212 4901 2433 4966 levitas
2478 4905 2781 4974 confina
2820 4931 2857 4974 a
2904 4913 3063 4978 Zama
3106 4937 3229 4980 nun
3284 4937 3449 4984 m-
