4342 7459
460 1214 542 1286 lost
1015 1221 1229 1286 CICERONIS

460 1381 649 1462 Oenopiouis
668 1399 765 1443 avens
784 1379 894 1460 epulas
911 1397 1022 1440 ornare
1045 1377 1182 1439 nitentis.

459 1476 499 1535 At
518 1493 605 1552 vero,
624 1473 759 1554 pedibus
779 1473 882 1535 subito
901 1489 1052 1553 percussa
1070 1470 1202 1538 Dianae.

459 1567 564 1630 Insula
584 1569 729 1631 discessit
747 1570 940 1648 disiectaque
962 1586 1037 1629 saxa
1058 1566 1214 1628 revellens

459 1663 594 1724 Perculit
611 1670 642 1724 et
661 1682 771 1726 caecas
790 1662 931 1724 lustravit
953 1660 1023 1722 luce
1046 1660 1189 1722 lacunas:

458 1756 483 1816 E
504 1755 618 1834 quibus
637 1757 753 1835 ingenti
776 1756 881 1818 existit
898 1774 967 1816 cum
989 1772 1120 1833 corporo
1140 1772 1216 1834 prae
1238 1772 1272 1815 se

460 1850 605 1930 Scorpios
627 1851 757 1913 iulestus
776 1858 980 1932 praeportans
998 1847 1102 1910 llebile
1125 1866 1265 1910 acumen.

459 1944 514 2004 llio
536 1942 638 2006 valido
664 1942 776 2025 cupide
797 1951 962 2006 venantem
981 1941 1116 2023 perculit
1133 1943 1213 2020 ictu,

458 2037 643 2099 llortilerum
662 2040 694 2099 in
712 2054 809 2100 venas
828 2035 962 2098 lundens
981 2054 1038 2117 per
1058 2034 1188 2098 vulnera
1206 2037 1308 2098 virus:

456 2130 514 2191 Ille
530 2133 614 2210 gravi
634 2133 769 2200 moriens
788 2132 957 2194 constravit
975 2149 1105 2211 corpore
1125 2138 1251 2194 terram.

387 2247 391 2254 ¹
459 2226 563 2298 Quare
584 2244 654 2287 cum
678 2226 796 2303 maguis
820 2242 891 2286 sese
913 2225 999 2304 Nepa
1017 2223 1148 2291 ¹lucibus
1174 2224 1279 2302 eflert,

460 2317 556 2379 Orion
575 2319 695 2397 lugiens
715 2319 911 2380 commendat
931 2337 1061 2400 corpora
1081 2321 1182 2379 terris.

395 2450 398 2455 ·
460 2414 536 2474 Tum
556 2432 630 2474 vero
653 2415 728 2493 lugit
749 2411 948 2476 Andromeda
966 2422 997 2474 et
1015 2413 1168 2494 Neptunia
1188 2414 1300 2476 Pistrix

460 2509 534 2569 Tota
554 2506 643 2569 latet:
666 2507 749 2569 cedit
768 2526 920 2570 converso
942 2525 1073 2587 corpore
1097 2506 1260 2587 Cepheus,

458 2604 621 2665 Extremas
640 2600 742 2664 medio
761 2605 944 2682 contingens
962 2621 1092 2682 corpore
1114 2610 1224 2665 terras.

459 2697 514 2757 llic
533 2704 627 2777 caput
647 2705 679 2758 et
697 2715 829 2777 superas
848 2698 930 2776 potis
949 2704 998 2757 est
1021 2695 1204 2775 demergere
1226 2703 1346 2776 partes:

460 2790 559 2852 lnlora
580 2790 754 2854 lumborum
776 2811 945 2872 numquam
965 2792 1139 2854 convestiet
1160 2790 1283 2854 umbra.

459 2886 535 2945 Nam
556 2885 690 2947 retinent
708 2888 838 2964 Arctoe,
861 2884 1031 2948 lustrantes
1050 2884 1167 2947 lumine
1189 2903 1290 2947 suras.

459 2977 585 3040 Labitur
602 2978 655 3041 illa
674 2978 781 3056 simul,
802 2988 927 3058 gnatum
950 2980 1115 3042 lacrimosa
1137 2980 1319 3059 requirens,

461 3072 638 3153 Cassiepia,
660 3090 763 3152 neque
784 3091 823 3134 ex
847 3073 934 3134 caelo
957 3071 1090 3154 depulsa
1113 3072 1227 3134 decore

460 3166 581 3226 Fertur:
603 3185 675 3229 nam
697 3185 788 3228 verso
808 3169 989 3246 contingens
1010 3168 1127 3228 vertice
1148 3168 1281 3246 primum
1323 3195 1329 3209 ·

460 3262 587 3336 Terras,
608 3268 680 3340 post
703 3261 816 3322 umeris
838 3279 947 3322 eversa
967 3258 1044 3321 sede
1065 3261 1208 3321 refertur.

459 3354 545 3415 Hanc
562 3353 605 3414 illi
626 3353 765 3416 tribuunt
784 3373 916 3434 poenam
939 3351 1089 3416 Nereides
1108 3353 1229 3430 almae,

461 3448 539 3509 Cum
557 3446 686 3527 quibus,
706 3455 741 3509 ut
759 3448 938 3529 perhibent,
960 3466 1036 3510 ausa
1055 3454 1105 3509 est
1123 3445 1312 3508 contendere
1332 3448 1438 3510 lorma.

460 3542 543 3604 llaec
562 3541 627 3603 obit
645 3541 805 3604 inclinata:
828 3550 859 3605 at
875 3561 949 3622 pars
967 3550 1075 3604 exorta
1098 3542 1239 3604 Coronae
1258 3549 1307 3602 est

459 3635 583 3714 Altera,
605 3655 675 3697 oum
699 3637 861 3716 caudaque
883 3638 983 3698 omnis
999 3637 1061 3699 iam
1079 3636 1225 3718 panditur
1241 3636 1353 3716 Hydra.

459 3733 500 3792 At
517 3739 611 3811 caput
630 3738 662 3792 et
682 3738 780 3793 totum
803 3750 875 3792 sese
898 3733 1073 3794 Centaurus
1096 3731 1202 3811 opacis
1453 3718 1459 3733 ’

459 3825 557 3905 Eripit
577 3843 594 3885 e
613 3825 767 3902 tenebris,
794 3824 939 3905 linquens
962 3827 1093 3904 vestigia
1114 3843 1211 3907 parva

460 3918 656 3998 Antepedum
675 3926 834 3988 contecta,
859 3917 947 3981 simul
968 3937 1039 3980 cum
1057 3918 1174 3979 lumine
1197 3915 1307 3996 pandit

459 4014 532 4093 lpse
552 4014 646 4075 leram
667 4011 777 4074 dextra
795 4013 952 4090 retinens,
972 4018 1018 4072 red
1043 4023 1132 4072 cetero
1154 4016 1250 4086 mapnt

459 4110 625 4181 Exspectant
644 4108 730 4167 Arctos
749 4118 846 4166 ortum.
885 4105 1059 4169 Prolabllur
1076 4093 1150 4166 lude

459 4201 671 4278 Anguitenens
691 4201 791 4281 capite
811 4209 843 4261 et
859 4200 1017 4262 manibus:
1039 4200 1155 4279 profert
1176 4197 1266 4259 simul
1285 4199 1402 4277 Anguis

460 4297 526 4357 lam
544 4303 638 4375 caput
662 4302 693 4356 et
713 4313 867 4355 summum
891 4295 971 4355 llexo
991 4293 1032 4355 de
1054 4310 1184 4372 corpore
1205 4289 1321 4352 lumen.

534 4407 589 4467 llic
611 4405 663 4466 ille
681 4409 819 4467 exoritur
841 4423 992 4468 converso
1013 4421 1144 4485 corpore
1166 4404 1281 4481 Nixus,

459 4500 585 4577 Alvum,
612 4519 717 4577 crura,
745 4518 887 4573 umeros,
915 4497 1006 4561 simul
1027 4506 1059 4559 et
1077 4498 1259 4578 praecordia
1282 4497 1434 4576 lustrans,

397 4616 402 4628 ·
459 4595 497 4655 Et
517 4592 626 4655 dextra
645 4593 748 4655 radios
767 4593 849 4655 laeto
869 4612 938 4654 oum
959 4592 1074 4654 lumine
1098 4592 1227 4653 iactans.

459 4686 536 4748 Inde
557 4688 857 4767 Sagittipotens
876 4706 1008 4768 superas
1031 4705 1103 4748 oum
1122 4685 1224 4748 visere
1243 4685 1331 4747 luces

459 4782 587 4857 lustitit,
608 4784 738 4860 emergit
756 4782 824 4842 Nixi
845 4789 956 4861 caput,
978 4791 1010 4842 et
1030 4778 1120 4841 simul
1142 4779 1230 4840 ellert
1707 4785 1785 4841 eoo

460 4876 538 4936 Sese
558 4874 641 4936 clara
660 4873 753 4937 Fides
773 4883 804 4935 et
823 4875 936 4955 promit
954 4883 1082 4954 pectore
1104 4874 1259 4954 Cepheus
1727 4876 1787 4937 710

523 5161 580 5214 tat.
600 5163 685 5225 epulas
701 5174 806 5212 coenare
824 5163 842 5212 P
861 5187 888 5198 -
907 5161 1011 5211 nimitas
1026 5161 1047 5209 0
1065 5185 1092 5196 -
1112 5160 1171 5211 lto.
1186 5173 1306 5225 percussa
1323 5159 1488 5209 Lambinus:
1504 5172 1611 5221 percuss
1628 5159 1707 5222 ΗΕΒ,
1723 5172 1785 5222 por·

458 5237 562 5288 culraP
581 5262 607 5272 -
628 5235 685 5287 427.
702 5237 819 5287 romilius
836 5236 857 5285 Η
877 5262 903 5271 -
923 5234 980 5285 lii.
999 5247 1056 5284 cutm
1073 5247 1127 5285 om.
1146 5237 1167 5286 Η
1187 5262 1214 5273 -
1234 5235 1292 5286 430.
1311 5235 1400 5296 infesta
1417 5234 1523 5284 llCSl’.
1536 5235 1605 5284 Fort.
1624 5232 1721 5296 infesto.
1738 5234 1783 5284 Ox.

458 5312 515 5365 432.
533 5313 638 5376 (eodm
654 5313 711 5362 CS:
737 5311 808 5373 fieus
825 5310 858 5370 Η,
875 5309 971 5373 (olam
988 5312 1016 5368 P,
1032 5311 1111 5371 meur
1134 5311 1154 5359 0
1181 5338 1207 5349 -
1231 5312 1301 5361 uiros
1318 5310 1349 5367 Η,
1374 5322 1427 5360 om.
1451 5310 1470 5359 C
1498 5333 1525 5344 ·-
1554 5308 1611 5359 tto.
1635 5308 1685 5370 fuit
1706 5309 1728 5359 Η
1755 5336 1782 5345 -

458 5385 515 5438 440,
533 5386 636 5436 umbm
653 5386 673 5435 Η
694 5411 721 5420 -
740 5384 800 5441 444.
817 5388 901 5434 arctoe
919 5384 939 5433 Η
958 5385 1032 5443 lest:
1051 5389 1123 5433 croto
1140 5386 1159 5434 P
1179 5411 1205 5421 -
1224 5398 1300 5435 suros
1315 5384 1460 5435 Victorius:
1486 5397 1581 5433 summo
1598 5383 1682 5445 HCS,
1701 5396 1747 5433 reo
1765 5386 1784 5435 Ρ

461 5487 488 5498 -
507 5460 564 5513 443.
583 5461 710 5523 Commio
726 5461 810 5511 Hcs:
830 5460 950 5521 Cotiopoo
967 5460 994 5517 Ρ,
1012 5459 1142 5520 Cassiopea
1157 5460 1177 5509 0
1200 5487 1223 5495 -
1243 5459 1299 5512 444.
1318 5460 1547 5512 uersovictorius:
1563 5472 1625 5509 uero
1641 5459 1736 5510 flcsv
1754 5485 1782 5497 -

459 5534 516 5586 445.
533 5537 627 5586 uxoris
643 5536 664 5585 Η
683 5537 757 5597 (cslz
776 5537 890 5584 imperor
905 5538 934 5593 P.
951 5535 1097 5585 americo
1124 5561 1150 5570 -·
1177 5534 1234 5586 447.
1254 5537 1336 5598 mom
1352 5548 1421 5584 corr.
1439 5535 1466 5584 in
1483 5536 1547 5597 otim
1564 5530 1596 5584 Ηι
1622 5560 1649 5570 -
1676 5539 1712 5584 est
1728 5547 1783 5585 om.

459 5610 527 5659 H·
550 5609 607 5660 448.
625 5610 718 5659 Baeti
742 5634 769 5645 -
794 5623 888 5659 corono
905 5608 1001 5660 HCSP
1029 5635 1056 5646 -
1083 5607 1141 5660 454.
1159 5623 1173 5660 o
1190 5611 1222 5661 P:
1241 5615 1265 5660 et
1286 5610 1359 5660 Hcs
1385 5634 1413 5646 -
1441 5608 1498 5660 453.
1523 5610 1632 5659 retinens
1655 5606 1782 5661 Orellius:

457 5685 546 5735 retinet
569 5684 666 5733 rtcsv
696 5709 723 5719 -
755 5684 812 5735 455.
836 5682 943 5746 capitii
971 5708 998 5719 -
1028 5683 1085 5733 457.
1111 5696 1210 5733 umeros
1229 5684 1250 5732 Η
1269 5683 1524 5745 (cstztmemoue
1539 5685 1568 5744 Ρ,
1585 5682 1782 5734 moro-

458 5757 516 5813 458.
533 5758 638 5808 wirot
655 5759 755 5809 llCSP
773 5786 801 5796 -
818 5757 877 5810 459.
894 5758 1184 5810 mvimllorelius:
1202 5758 1438 5810 coneiroreHCSP
1456 5783 1483 5795 -
1502 5756 1560 5810 460.
1577 5759 1682 5822 sumpt
1696 5757 1786 5810 llore-

458 5830 523 5884 lius:
541 5838 565 5883 ct
580 5834 672 5898 morptt
688 5833 786 5885 Hesi>
802 5858 834 5870 -
851 5831 909 5884 464.
923 5831 1011 5896 prodit
1029 5831 1121 5884 Buhle.
