4342 7459
768 1263 837 1328 ns
857 1262 899 1327 n
928 1261 1003 1329 cn.
1023 1262 1140 1332 xxva
1166 1260 1214 1347 oo
1235 1259 1380 1328 ss-ss.
1692 1254 1728 1325 aa

408 1431 494 1508 Quid
523 1437 724 1515 potestesse
751 1431 820 1496 sole
850 1433 975 1497 maiust
1002 1454 1099 1518 quem
1121 1433 1335 1499 mathematici
1356 1433 1493 1518 amplius
1515 1432 1735 1516 duodeviginti

407 1526 552 1611 partibus
576 1524 765 1590 confirmant
789 1527 941 1591 maiorem
963 1548 1033 1592 esse
1055 1548 1151 1612 wem
1172 1536 1298 1592 terram.
1334 1528 1515 1604 Quantulus
1536 1527 1626 1592 nobis
1647 1528 1737 1592 ride·

408 1621 478 1685 turl
500 1621 578 1686 mibi
599 1619 729 1704 quidem
751 1620 844 1704 quasi
866 1621 1000 1703 pedalis.
1041 1622 1197 1704 Epicurus
1219 1632 1324 1687 autem
1346 1642 1442 1707 posse
1462 1630 1554 1706 putat
1568 1624 1663 1686 etiam
1678 1621 1737 1685 mi·

408 1735 520 1778 norem
547 1733 619 1778 esse
649 1734 724 1778 eum
752 1733 848 1797 quam
869 1714 1027 1790 rideatur,
1056 1715 1113 1779 sed
1139 1735 1205 1780 non
1227 1718 1342 1794 mult03
1370 1737 1411 1781 ne
1433 1718 1584 1780 maiorem
1607 1716 1736 1801 quidem

407 1809 509 1873 multo
530 1816 623 1891 putat
644 1828 715 1872 esse
736 1808 787 1871 vel
808 1815 932 1872 tuntum
954 1828 1040 1883 esse,
1069 1818 1206 1893 quantus
1228 1810 1392 1874 videatur:
1420 1818 1457 1874 ut
1477 1810 1562 1875 oculi
1583 1819 1637 1874 aut
1657 1809 1761 1873 nihils

409 1904 604 1967 mentiantur
630 1910 685 1966 aut
711 1922 778 1965 non
804 1902 938 1966 multum
966 1901 1169 1967 mentiantur.
1212 1903 1272 1968 Ubi
1299 1904 1396 1988 igitur
1416 1899 1496 1967 illud
1519 1909 1568 1967 est
1589 1902 1737 1968 semel?

409 1996 474 2059 Sed
500 1996 542 2059 ab
570 1995 634 2059 boc
661 1996 807 2070 credulo,
836 1997 893 2080 qui
913 2017 1088 2080 numquam
1109 2018 1223 2062 sensus
1243 1999 1368 2061 mentiri
1390 2006 1496 2081 putat,
1518 1997 1737 2062 discedamus:

409 2090 488 2174 quin
517 2109 558 2153 ne
586 2109 672 2153 nnnc
697 2089 843 2174 quidem,
877 2111 949 2154 cum
977 2091 1033 2153 ille
1060 2090 1127 2165 sol,
1161 2091 1218 2175 qui
1238 2099 1328 2156 tanta
1349 2092 1533 2156 incitatione
1554 2091 1670 2167 femur,
1701 2098 1739 2154 ut

409 2184 553 2247 celeritas
580 2183 651 2247 eius
679 2192 797 2268 quantu
824 2184 865 2247 sit
893 2203 933 2247 ne
955 2185 1087 2267 cogitari
1108 2186 1238 2269 quidem
1264 2186 1383 2269 possit,
1413 2195 1518 2250 tamen
1540 2186 1632 2248 nobis
1653 2192 1738 2249 stare

408 2276 571 2341 rideaturl
608 2274 660 2340 83.
683 2276 762 2351 Sed,
783 2285 819 2340 ut
840 2278 978 2341 minuam
1000 2281 1264 2356 controversiam,
1286 2281 1410 2356 ridete,
1431 2300 1567 2364 quaeso,
1590 2298 1686 2362 wem
1702 2278 1736 2340 in
1747 2293 1775 2339 tc

408 2390 508 2455 parvo
531 2371 571 2434 lis
593 2371 644 2433 sit.
689 2371 847 2446 Quattuor
868 2379 944 2434 sunt
963 2372 1084 2455 capita,
1112 2394 1195 2457 quae
1218 2373 1409 2438 concludant
1429 2374 1509 2437 nibil
1532 2391 1619 2446 esse,
1650 2369 1737 2454 quod

410 2465 516 2539 nosci,
538 2464 676 2548 percipi,
698 2464 913 2548 conprehendi
933 2466 1047 2547 possit,
1069 2465 1108 2530 de
1124 2488 1189 2551 quo
1202 2467 1282 2532 baec
1295 2476 1360 2532 tota
1375 2468 1520 2552 quaestio
1536 2472 1594 2530 cst.
1626 2465 1652 2528 E
1667 2465 1739 2548 qui-

410 2558 470 2621 bns
492 2557 630 2640 primum
652 2567 702 2623 est
722 2579 792 2622 esse
814 2559 945 2643 aliquod
961 2561 1062 2623 visum
1077 2559 1207 2636 falsum,
1231 2560 1405 2626 secundum
1427 2582 1491 2625 non
1510 2579 1604 2645 posse
1618 2557 1652 2622 id
1666 2579 1739 2643 per-

410 2652 492 2735 cipi,
526 2653 672 2727 tertium,
701 2654 784 2717 inter
813 2673 896 2738 quae
917 2655 987 2717 visa
1014 2654 1094 2717 nibil
1115 2656 1256 2731 intersit,
1282 2653 1349 2719 fieri
1370 2676 1435 2719 non
1457 2674 1553 2739 posse
1574 2661 1609 2718 ut
1630 2673 1740 2717 eorum

411 2746 474 2809 alia
494 2747 615 2831 percipi
638 2749 777 2829 possint,
798 2748 861 2811 alia
879 2768 945 2810 non
966 2748 1107 2829 possint,
1129 2757 1275 2833 quartum
1290 2751 1414 2814 nullum
1427 2769 1498 2813 esse
1512 2748 1615 2812 visum
1630 2761 1778 2811 serumst

411 2859 548 2903 asensu
569 2839 766 2923 profectum,
788 2842 839 2905 cui
861 2861 927 2905 non
948 2840 1129 2924 adpositum
1152 2845 1193 2907 sit
1213 2846 1317 2915 visum
1331 2843 1428 2919 aliud,
1451 2843 1537 2927 quod
1552 2842 1593 2906 ab
1607 2861 1646 2905 eo
1659 2840 1741 2904 nibil

411 2932 537 2996 intersit
559 2934 712 3019 quodque
734 2935 856 3018 percipi
878 2955 943 2997 non
966 2936 1078 3019 possit.
1114 2937 1235 3000 Horum
1251 2946 1401 3021 quattuor
1414 2937 1550 3021 capitum
1565 2934 1740 3000 secundum

413 3035 445 3091 et
465 3028 595 3090 tertium
617 3048 728 3091 omnes
746 3028 941 3092 conceduntz
962 3029 1099 3113 primum
1113 3029 1270 3112 Epicurus
1284 3051 1350 3093 non
1363 3029 1433 3106 dat;
1456 3049 1529 3105 vos,
1551 3030 1741 3114 quibuscum

411 3141 463 3185 res
490 3129 554 3194 est,
583 3121 617 3184 id
646 3142 776 3206 quoque
805 3122 990 3186 conceditis.
1034 3123 1146 3187 Omnis
1170 3143 1277 3206 pugna
1298 3124 1338 3189 de
1361 3131 1473 3208 quarto
1500 3130 1560 3187 est.
1602 3119 1654 3184 84.
1676 3120 1741 3197 Qui

412 3215 507 3298 igitur
528 3217 563 3278 P.
585 3216 756 3279 Servilium
772 3215 941 3279 Geminum
962 3217 1103 3292 ridebat,
1126 3219 1153 3281 si
1176 3218 1331 3293 Quintum
1353 3237 1388 3280 se
1402 3216 1510 3280 videre
1531 3216 1672 3298 putabat,
1693 3215 1779 3279 in·ao

413 3308 539 3373 uidebat
560 3309 593 3371 in
615 3310 684 3373 eius
706 3310 794 3373 modi
815 3310 937 3384 risum,
966 3309 1051 3394 quod
1072 3313 1196 3395 percipi
1217 3331 1283 3374 non
1303 3317 1429 3394 posset,
1459 3309 1535 3394 quia
1556 3310 1644 3373 nulla
1665 3317 1741 3373 notu

412 3423 524 3466 rerum
546 3403 800 3486 distinguebatur
818 3423 838 3467 a
859 3403 960 3466 falso:
983 3423 1046 3487 qua
1069 3404 1273 3469 distinctione
1294 3405 1417 3469 sublata
1439 3424 1534 3489 mam
1555 3405 1687 3468 baberet
1707 3403 1741 3465 in

414 3496 448 3560 C.
471 3496 581 3571 Cotta,
604 3498 661 3581 qui
681 3497 731 3560 bis
752 3517 823 3561 cum
846 3496 979 3560 Gemino
999 3499 1110 3561 consul
1123 3498 1200 3574 luit,
1222 3498 1424 3582 agnoscendo
1439 3497 1608 3562 eiusmodi
1623 3505 1742 3571 notam,

413 3609 496 3673 quae
517 3588 598 3653 ialsa
620 3610 692 3654 esse
713 3611 778 3653 non
800 3593 931 3673 possetl
953 3593 1057 3674 Negas
1076 3601 1195 3657 tantam
1210 3592 1449 3657 similitudinem
1464 3594 1496 3656 in
1511 3611 1616 3656 rerum
1629 3599 1743 3655 natura

413 3702 494 3747 esse.
536 3685 661 3766 Pugnae
691 3685 838 3759 omnino,
866 3684 922 3748 sed
949 3704 1020 3749 cum
1042 3685 1223 3751 adversario
1244 3686 1342 3751 facili.
1384 3688 1431 3749 Ne
1453 3687 1495 3750 sit
1515 3705 1607 3749 sane:
1641 3684 1779 3750 siderite

413 3785 499 3841 certe
520 3783 636 3860 potest
680 3779 782 3842 Fallet
802 3778 901 3861 igitur
921 3798 1064 3854 sensum,
1087 3789 1120 3843 et
1141 3781 1168 3844 si
1188 3799 1253 3844 una
1273 3778 1421 3844 fefellerit
1435 3778 1624 3854 similitudo,
1646 3778 1743 3841 dubia

413 3870 521 3933 omnis
541 3869 727 3935 reddiderit
765 3871 897 3935 Sublato
918 3874 1003 3936 enim
1025 3873 1145 3938 iudicio
1166 3875 1238 3949 illo,
1261 3893 1326 3956 quo
1341 3880 1465 3958 oportet
1478 3872 1624 3955 agnosci,
1646 3872 1742 3936 etiam

413 3964 442 4027 si
462 3965 533 4047 ipse
555 3964 632 4038 erit,
655 3986 750 4049 quem
772 3964 906 4039 rideris,
928 3966 985 4050 qui
1006 3966 1064 4030 tibi
1085 3968 1260 4043 videbitur,
1291 3975 1397 4030 tamen
1420 3985 1483 4029 non
1505 3984 1544 4029 ea
1564 3972 1639 4028 nota
1659 3964 1744 4028 iudi-

414 4056 519 4131 cabis,
551 4077 615 4141 qua
648 4057 727 4122 dicis
758 4067 924 4142 oportere,
957 4067 992 4123 ut
1023 4080 1089 4123 non
1121 4061 1225 4145 possit
1256 4080 1326 4124 esse
1359 4059 1502 4124 eiusdem
1535 4058 1621 4122 modi
1652 4058 1743 4122 falsa.

414 4147 466 4213 85.
489 4152 625 4226 Quando
647 4153 746 4234 igitur
766 4160 871 4236 potest
892 4152 949 4217 tibi
971 4153 1102 4216 Publius
1125 4155 1276 4217 Geminus
1292 4154 1429 4229 Quintus
1450 4154 1567 4227 rideri,
1589 4153 1664 4236 quid
1687 4153 1780 4216 bra-uo

415 4242 472 4307 bes
501 4245 677 4326 explorati,
707 4267 763 4309 cur
792 4266 856 4309 non
878 4246 981 4329 possit
1001 4247 1059 4309 tibi
1083 4248 1174 4310 Cotta
1195 4247 1312 4321 videri,
1344 4247 1399 4330 qui
1421 4266 1485 4309 uon
1507 4248 1564 4321 sit,
1593 4247 1743 4330 quoniam

416 4337 538 4420 aliquid
560 4338 688 4401 videtur
710 4360 796 4414 esse,
820 4341 907 4424 quod
929 4360 993 4402 uon
1016 4344 1088 4403 est?
1122 4340 1236 4404 Omnia
1251 4342 1331 4404 dicis
1350 4340 1399 4403 sui
1415 4341 1540 4422 generis
1555 4360 1641 4414 esse,
1663 4340 1743 4403 nibil

417 4450 487 4493 esse
510 4430 610 4504 idem,
636 4432 722 4515 quod
744 4434 786 4495 sit
806 4432 904 4495 aliud.
941 4435 1080 4497 Stoicum
1103 4442 1152 4497 est
1172 4435 1301 4518 quidem
1323 4453 1383 4496 neo
1404 4432 1575 4496 admodum
1592 4431 1743 4496 credibile

419 4524 560 4587 «nullum
582 4544 652 4588 esse
675 4526 775 4609 pilum
797 4527 945 4590 omnibus
966 4529 1062 4591 rebus
1084 4528 1195 4604 talem,
1217 4528 1320 4612 qualis
1341 4528 1383 4591 sit
1402 4527 1487 4609 pilus
1502 4528 1600 4601 alius,
1621 4527 1744 4590 nullum

468 4814 491 4862 4.
504 4826 554 4863 esse
565 4826 618 4864 orn.
631 4814 677 4864 ΑΒ
690 4840 717 4851 -
731 4814 916 4880 duodetrips'stu
929 4816 1046 4869 malebat
1055 4820 1183 4879 Goerenz,
1196 4819 1226 4867 ut
1237 4817 1316 4869 etlam
1326 4818 1355 4868 G.
1365 4816 1501 4881 aoepems
1512 4817 1538 4868 in
1549 4816 1576 4868 Ζ.
1586 4818 1605 4881 l.
1616 4817 1745 4869 celum

417 4887 606 4940 ummtsss
618 4901 644 4953 p.
655 4887 716 4947 tla;
735 4893 762 4939 at
774 4890 923 4953 445448.-
938 4892 1048 4944 boec:
1065 4906 1111 4942 sec
1122 4893 1174 4942 V²0
1189 4918 1215 4928 -
1229 4893 1452 4954 oposanlss-
1466 4892 1746 4945 cuslbllmesticstur

417 4968 463 5012 aas
479 4978 529 5014 soa
544 4964 650 5014 mmm
666 4969 741 5013 mast.
760 4962 819 5015 AB²
836 4965 893 5027 (sed
910 4968 935 5016 in
947 4968 967 5017 Λ
980 4971 1041 5017 ante
1058 4973 1103 5017 cut
1119 4981 1168 5016 oon
1180 4979 1239 5017 voe.
1253 4979 1361 5018 erasum
1373 4968 1436 5028 est):
1455 4972 1500 5024 cest
1515 4968 1577 5017 nibil
1591 4969 1746 5019 masticetur

417 5044 501 5088 mes
518 5043 563 5088 aut
579 5054 629 5088 nos
645 5051 679 5087 m.
698 5044 772 5088 nunt.
792 5039 835 5095 B¹;
855 5045 900 5090 cut
915 5043 976 5090 silit
986 5044 1141 5091 minetur
1153 5043 1214 5103 (om.
1228 5043 1288 5103 cet.)
1302 5042 1337 5099 V;
1356 5046 1401 5091 cut
1417 5056 1468 5090 noo
1478 5043 1583 5092 mudum
1593 5045 1747 5093 multantur

418 5119 463 5162 nat
482 5115 544 5163 eust
564 5114 585 5165 0
609 5140 636 5151 -
663 5114 687 5164 7.
708 5118 799 5175 puceu
821 5111 851 5164 13¹
874 5142 902 5151 -
929 5116 953 5165 8.
972 5117 1033 5175 quio
1049 5129 1080 5166 se
1097 5117 1191 5179 scripsi
1212 5116 1241 5178 (l.
1260 5129 1284 5166 e.
1304 5117 1367 5178 quin
1384 5128 1417 5165 ne
1435 5128 1506 5166 nuno
1523 5115 1632 5179 quidem
1648 5130 1745 5169 sensus

418 5189 523 5237 mentiri
541 5191 638 5252 putatJ:
663 5190 706 5248 qut
727 5203 759 5239 oe
780 5189 844 5247 C0;
869 5190 948 5252 quid?
966 5204 997 5241 se
1013 5194 1124 5249 naviam
1147 5205 1178 5241 ne
1195 5192 1258 5252 (orn.
1277 5192 1330 5253 qus)
1347 5192 1449 5242 amicus
1466 5189 1587 5242 Lambini
1603 5219 1637 5230 ·-
1660 5193 1700 5242 4ο.
1718 5193 1746 5241 tc

415 5277 497 5325 paruo
514 5263 545 5311 lis
560 5265 592 5313 sit
608 5263 731 5314 Durand:
754 5264 781 5313 iss
794 5266 911 5325 paruolo
925 5267 979 5315 sitis
994 5266 1040 5326 Αἱ,
1063 5269 1090 5316 to
1106 5280 1192 5329 puceu
1208 5266 1238 5316 lis
1253 5267 1307 5315 sitis
1323 5266 1357 5327 V,
1375 5267 1533 5328 inposuistis
1548 5268 1601 5316 sitis
1616 5265 1688 5326 A²B;
1709 5264 1744 5316 cl.

418 5337 521 5401 iladvig
538 5340 561 5396 l,
581 5339 637 5389 433.
658 5365 684 5375 -·
711 5341 750 5388 44.
768 5339 914 5391 comedent
930 5339 961 5392 A¹
977 5366 1010 5377 —
1032 5345 1072 5393 45.
1092 5344 1146 5391 utic
1161 5343 1320 5403 nonpossint
1336 5354 1390 5392 om.
1408 5342 1439 5392 A¹
1457 5368 1484 5379 -
1510 5342 1550 5392 46.
1569 5343 1640 5392 uliud
1654 5342 1747 5405 schum

418 5413 485 5474 quod
505 5412 596 5463 bamb.
616 5439 644 5449 -
668 5415 707 5464 49.
726 5428 810 5465 omem
825 5411 858 5462 V¹
876 5439 903 5450 -
928 5415 1009 5465 luri
1031 5417 1095 5467 BV:
1123 5419 1192 5471 aba
1214 5416 1282 5477 (tort.
1307 5429 1339 5466 er
1359 5417 1415 5477 sed,
1442 5418 1472 5465 ut
1488 5419 1529 5467 est
1545 5418 1571 5466 ln
1589 5418 1623 5476 E,
1642 5415 1675 5466 de
1693 5427 1745 5480 qua

419 5500 501 5552 prava
517 5485 631 5539 lectione
649 5503 673 5539 v.
692 5490 797 5553 iladvig
813 5490 837 5549 1,
855 5502 882 5553 p.
902 5490 973 5550 ⁴7⁸l3
992 5493 1050 5541 issi
1068 5506 1117 5554 ego
1136 5490 1226 5542 malim
1246 5515 1273 5527 -
1292 5492 1333 5541 ²2.
1352 5504 1413 5541 uero
1430 5492 1460 5541 ΑΙ
1480 5516 1506 5529 -
1525 5492 1552 5540 ln
1570 5491 1597 5541 0.
1615 5492 1651 5541 B:
1670 5491 1698 5540 Μ
1708 5489 1749 5540 ‚G

419 5565 454 5620 Ας
478 5563 506 5613 C.
524 5576 578 5614 om.
598 5564 619 5611 V
644 5590 669 5600 -
693 5564 734 5614 23.
752 5579 809 5614 cum
830 5566 856 5613 Ρ.
875 5566 978 5615 Gemino
995 5567 1015 5615 0
1037 5581 1099 5619 cum
1117 5569 1132 5617 2
1150 5566 1228 5618 codd.
1247 5566 1345 5616 Davisii
1366 5592 1394 5602 -
1419 5568 1603 5630 apamenum
1619 5566 1656 5625 V,
1674 5564 1745 5615 unde

421 5636 513 5687 umb.
531 5640 565 5688 ud
581 5640 742 5697 meccedem
761 5640 795 5688 ud
811 5640 960 5689 eorumdum
976 5655 1032 5690 eum
1050 5641 1168 5692 malebat
1178 5641 1289 5697 Devies;
1307 5643 1455 5704 opnosesndi
1469 5639 1503 5691 al.
1517 5642 1542 5690 in
1554 5654 1638 5704 marg.
1652 5640 1744 5690 bamb.

422 5739 450 5749 —
469 5712 510 5763 34.
526 5716 603 5774 possit
619 5714 668 5764 ΑΒ
689 5741 717 5752 -
734 5714 775 5764 28.
793 5714 837 5764 tibi
853 5714 952 5764 uidetur
969 5717 989 5764 G
1003 5742 1030 5752 -
1049 5717 1090 5765 29.
1110 5730 1186 5778 quum
1202 5717 1263 5766 dicu
1278 5730 1328 5767 esse
1338 5723 1452 5779 oportere
1463 5716 1555 5767 bamb.
1571 5743 1598 5753 -
1617 5715 1657 5766 30.
1671 5717 1747 5779 quln-

419 5791 474 5835 ctss
490 5788 512 5836 A
529 5791 591 5836 ente
609 5801 729 5838 rasuram
748 5816 775 5827 -
795 5791 834 5841 34.
854 5791 989 5852 explorem
1005 5791 1036 5849 V,
1054 5792 1214 5853 exploratus
1231 5793 1250 5842 B
1270 5819 1296 5828 -
1315 5806 1382 5854 qsucr
1398 5794 1420 5841 V
1439 5818 1464 5828 -
1485 5792 1512 5842 c.
1531 5791 1744 5842 eaduceator.

423 5888 452 5898 -
470 5860 510 5912 33.
529 5868 564 5912 est
581 5876 607 5912 r:
627 5864 669 5914 sad
685 5870 720 5913 est
736 5864 801 5926 ΑΒ,
824 5866 903 5915 sedeo
916 5866 946 5926 V,
964 5871 1000 5918 cst
1016 5865 1042 5914 ta
1059 5864 1163 5928 bamb,
1180 5867 1207 5917 ld
1222 5872 1257 5917 est
1273 5868 1382 5926 Darios3
1402 5879 1451 5930 ego
1465 5863 1569 5916 malim:
1588 5870 1623 5917 est
1637 5866 1704 5917 istud
1716 5893 1743 5904 —

422 5932 896 6011 st.queta=cv¹‚quataes¹.‘
