4342 7459
762 1273 829 1336 Lm.
851 1274 888 1335 V.
917 1274 990 1338 Cur.
1012 1275 1152 1337 x-Xl.
1179 1271 1226 1356 §§
1248 1269 1395 1338 27-32.
1682 1265 1744 1331 l8b

415 1444 614 1509 consuluisse
643 1442 800 1517 dicerent;
830 1464 939 1506 eorum
968 1445 1052 1507 enim
1075 1452 1124 1507 est
1148 1444 1232 1507 haeo‘
1248 1442 1407 1527 querella,
1429 1443 1484 1526 qui
1506 1443 1566 1505 sibi
1588 1443 1651 1504 cari
1671 1448 1746 1504 sunt

415 1558 561 1620 seseque¹
575 1535 719 1619 diligunt.
757 1536 879 1611 Quare,
903 1538 1188 1621 quotienscumque
1210 1538 1333 1600 dicetur
1346 1537 1427 1599 male
1441 1537 1512 1620 quis
1528 1536 1567 1599 de
1583 1556 1617 1600 se
1633 1535 1744 1599 mereri

415 1634 539 1714 sibique
568 1630 715 1693 inimicus
745 1650 817 1693 esse
845 1639 942 1714 atqne
969 1630 1088 1704 hostis,
1116 1633 1211 1694 vitam
1234 1631 1371 1713 deniqne
1391 1630 1525 1712 fugere,
1544 1629 1746 1711 intellegatur

414 1726 552 1809 aliquam
580 1723 711 1786 subesse
739 1724 808 1786 eius
836 1724 922 1787 modi
951 1745 1094 1798 causam,
1123 1732 1157 1787 nt
1185 1745 1225 1787 ex
1248 1744 1286 1787 eo
1312 1725 1383 1806 ipso
1404 1724 1545 1806 intellegi
1566 1724 1665 1806 possit
1686 1722 1745 1783 sibi

417 1836 578 1903 quemque
600 1835 671 1880 esse
695 1838 832 1883 carum„
857 1816 909 1879 30.
931 1821 995 1880 Neo
1018 1838 1093 1881 uero
1116 1818 1148 1880 id
1170 1819 1246 1881 satis
1261 1826 1324 1891 ιιι,
1346 1818 1505 1880 neminem
1520 1836 1590 1880 esse
1605 1816 1662 1899 qui
1677 1817 1769 1899 ipses

414 1934 449 1976 se
470 1911 590 1985 oderit,
613 1912 669 1973 sed
691 1911 770 1974 illud
795 1932 923 1995 quoque
947 1911 1195 1994 intellegendum
1218 1919 1281 1983 est,
1313 1911 1471 1973 neminem
1494 1930 1565 1973 esse
1587 1910 1658 1992 qni,
1679 1928 1745 1989 quo

415 2005 509 2070 modo
539 2024 574 2067 se
603 2003 734 2079 babeat,
762 2006 844 2068 nihil
874 2026 931 2070 sua
953 2014 1081 2069 censeat
1111 2007 1275 2068 interesse.
1318 2005 1462 2068 Tolletur
1482 2007 1567 2068 enim
1588 2005 1746 2086 appetitus

413 2098 526 2173 animi,
548 2099 592 2171 ιι,
616 2101 706 2161 utin
728 2099 767 2162 iis
789 2100 902 2172 rebus,
924 2101 1007 2162 inter
1029 2119 1109 2182 quas
1133 2098 1212 2160 nibil
1234 2098 1383 2171 interest,
1406 2106 1549 2161 neutram
1571 2100 1604 2159 in
1625 2104 1745 2180 partem

413 2195 638 2278 propensiores
667 2212 793 2265 somus,
823 2192 898 2255 item
926 2193 960 2254 in
991 2193 1150 2256 nobismet
1179 2192 1275 2275 ipsis,
1306 2211 1402 2273 quem
1430 2190 1621 2255 admodum
1643 2190 1746 2253 affecti

412 2289 524 2362 simne,
546 2287 626 2350 nihil
648 2294 756 2348 nostra
778 2287 1002 2349 arbitrabimur
1022 2289 1188 2350 interesse.
1757 2302 1785 2347 so

496 2379 551 2444 xl.
577 2383 682 2463 Atque
712 2379 806 2442 etiam
836 2379 934 2454 illud,
965 2380 991 2443 si
1023 2381 1077 2463 qni
1108 2379 1214 2442 dicere
1244 2378 1337 2452 velit,
1368 2379 1596 2460 perabsurdum
1618 2380 1674 2452 sit,
1704 2381 1747 2442 ita

413 2476 501 2558 diligi
524 2492 636 2537 anese
659 2492 835 2556 quemque,
864 2480 899 2535 ut
921 2493 960 2536 ca
980 2475 1027 2538 vis
1051 2472 1206 2555 diligendi
1229 2472 1269 2535 ad
1292 2471 1386 2534 aliem
1408 2493 1473 2535 rem
1495 2475 1676 2556 quampiam
1698 2493 1748 2534 re·

412 2570 545 2641 teratur,
575 2587 638 2630 non
667 2564 708 2628 ad
736 2586 809 2629 enm
842 2568 964 2649 ipsum,
997 2567 1053 2649 qui
1081 2586 1152 2629 sese
1184 2566 1304 2647 diligat.
1348 2564 1417 2628 Hoc
1438 2587 1510 2628 cum
1532 2567 1565 2628 in
1588 2566 1746 2639 amicitiis,

414 2683 486 2726 cnm
507 2659 542 2724 in
564 2655 697 2732 officiis,
726 2680 797 2722 cum
820 2659 854 2722 in
876 2661 1045 2723 virtutibus
1067 2660 1201 2733 dicitur,
1224 2658 1523 2742 quomodocumque
1545 2659 1676 2732 dicitur,
1698 2658 1747 2720 in·

413 2756 520 2837 tellegi
542 2763 663 2827 tamen,
686 2752 761 2836 qnid
785 2751 922 2827 dicatur,
944 2762 1064 2836 potest,
1084 2755 1118 2816 in
1141 2751 1301 2815 nobismet
1322 2753 1400 2834 ipsis
1422 2761 1527 2816 autem
1548 2773 1585 2815 ne
1604 2752 1784 2835 intellegite

413 2848 560 2933 quidem,
581 2854 615 2907 ut
637 2854 767 2930 propter
788 2846 882 2909 aliam
904 2849 1084 2931 quampiam
1107 2865 1190 2918 rem,
1220 2846 1307 2908 verbi
1330 2849 1430 2929 gratia
1452 2856 1581 2931 pmpter
1603 2849 1746 2930 volupta-

413 2953 493 3016 tem,
520 2962 580 3005 nos
608 2960 768 3014 amemus3
798 2947 928 3024 propter
953 2961 1012 3003 nos
1044 2942 1129 3003 enim
1156 2940 1260 3013 illam,
1293 2959 1358 3003 non
1379 2951 1510 3024 propter
1531 2963 1601 3005 eam
1624 2950 1747 3004 nosmet

412 3041 498 3121 ipsos
529 3035 700 3117 diligimus.
744 3030 796 3095 3t.
819 3033 1019 3119 Quamquam
1051 3035 1129 3118 quid
1155 3041 1218 3106 est,
1249 3034 1338 3116 quod
1358 3036 1459 3117 magis
1482 3037 1684 3118 perspicuum
1707 3034 1747 3096 sit

413 3152 506 3215 quam
533 3149 597 3192 non
620 3130 715 3192 modo
738 3149 846 3191 carum
868 3129 930 3191 sibi
952 3150 1131 3213 quemque,
1162 3147 1272 3190 verum
1294 3129 1390 3192 etiam
1412 3129 1615 3192 vehementer
1639 3149 1744 3191 carum

412 3227 500 3288 esset
522 3224 596 3307 quis
611 3230 660 3286 est
674 3223 759 3285 enim
773 3228 829 3284 ant
843 3230 960 3305 quotus
975 3225 1122 3305 quisque,
1137 3222 1205 3294 cni,
1220 3241 1305 3285 more
1320 3242 1393 3285 oum
1407 3223 1658 3305 appropinquet,
1681 3241 1745 3284 non
1755 3239 1783 3283 ao

520 3317 703 3400 refugiat
724 3315 866 3378 timido
889 3336 1060 3398 sanguen
1083 3325 1205 3401 atque
1228 3319 1471 3383 exalbescat
1495 3324 1619 3382 metui

414 3416 479 3479 Etsi
509 3413 569 3476 boc
592 3409 721 3495 quidem
750 3416 798 3472 est
824 3410 857 3472 in
879 3411 970 3484 uitio,
1000 3411 1242 3475 dissolutionem
1265 3420 1395 3475 naturae
1417 3393 1595 3476 tam‘valde
1617 3414 1747 3495 perhor-

416 3527 539 3573 rescere
560 3540 602 3553 -
624 3504 709 3589 qood
740 3507 815 3568 item
842 3514 892 3567 ιιι
913 3503 1206 3588 reprehendendum
1231 3508 1264 3569 in
1287 3504 1397 3568 dolore
1419 3538 1476 3580 —,
1505 3508 1560 3569 sed
1575 3507 1659 3590 'quia
1681 3507 1746 3570 lere

416 3605 460 3667 sio
482 3602 665 3665 afficiuntur
686 3618 810 3672 omnes,
832 3600 907 3661 satis
930 3599 1105 3680 argumenti
1129 3608 1177 3662 est
1198 3599 1236 3662 ab
1259 3601 1389 3662 interitu
1411 3610 1553 3664 naturam
1567 3600 1746 3682 abborrere,

418 3696 516 3781 idque
539 3714 603 3777 quo
627 3694 727 3774 magis
750 3693 879 3776 quidam
902 3694 945 3755 ita
966 3692 1103 3766 faciunt,
1124 3700 1160 3754 ut
1182 3694 1252 3757 iure
1268 3694 1362 3756 etiam
1378 3694 1663 3777 reprehendantur,
1684 3694 1784 3756 hocas

416 3791 516 3874 magis
538 3787 788 3870 intellegendum
812 3794 861 3848 est
882 3785 961 3848 haec
982 3788 1052 3869 ipsa
1067 3786 1164 3849 nimia
1184 3789 1216 3850 in
1233 3787 1422 3870 quibusdam
1436 3787 1543 3851 futura
1559 3809 1623 3851 non
1638 3788 1745 3859 luisse,

416 3886 476 3950 nisi
496 3883 784 3968 quaedam·essent
806 3881 931 3942 modica
953 3890 1073 3944 natura.
1108 3884 1172 3944 Nec
1187 3900 1264 3945 vero
1278 3881 1351 3945 dico
1367 3902 1475 3945 eorum
1492 3890 1610 3945 metum
1628 3883 1746 3953 mortis,

413 3978 485 4062 qni,
506 3977 583 4058 quia
604 3975 722 4057 privari
746 3995 780 4037 se
804 3975 887 4037 vitae
910 3974 1004 4038 bonis
1025 3975 1219 4037 arbitrentur
1240 3982 1296 4037 aut
1316 3977 1392 4059 quia
1407 3977 1560 4059 quasdam
1574 3982 1647 4058 post
1665 3995 1747 4037 mor·

414 4082 476 4135 tem
505 4068 691 4132 formidines
722 4069 931 4130 extimescant
952 4076 1006 4130 ant
1032 4069 1059 4129 ιι
1081 4076 1239 4142 metuant,
1269 4087 1310 4129 ne
1333 4089 1405 4131 cum
1428 4068 1539 4132 dolore
1562 4070 1746 4140 moriantur,

412 4165 528 4227 idcirco
551 4172 682 4224 mortem
705 4161 844 4244 fugiant:
869 4163 900 4223 in
924 4164 1029 4246 parvis
1052 4164 1137 4225 enim
1160 4181 1271 4243 saepe,
1296 4162 1350 4244 qui
1374 4162 1453 4225 nibil
1470 4182 1580 4225 eorum
1597 4165 1745 4244 cogitant,
1756 4177 1784 4220 ιι

412 4259 588 4342 siquando
620 4259 659 4321 iis
688 4258 834 4321 ludentes
862 4261 1014 4321 minamur
1044 4257 1308 4338 praecipitaturos
1330 4255 1494 4328 alicunde,
1524 4257 1744 4319 extimescunt.

414 4356 497 4430 Quin
521 4355 616 4416 etiam
638 4353 768 4425 serae,
794 4353 898 4434 inquit
919 4351 1088 4422 Pacuvius,

483 4449 631 4530 quibos
653 4448 769 4509 abest
790 4449 837 4509 ad
860 4445 1188 4528 praecavendum
1213 4444 1490 4526 intellegendi
1512 4446 1677 4518 astutia,

412 4544 527 4605 iniecto
555 4549 674 4604 terrore
703 4543 812 4604 mortis
841 4541 1088 4603 horrescunt.
1132 4536 1184 4600 32.
1208 4538 1285 4612 Quis
1313 4545 1418 4600 autem
1442 4538 1481 4600 de
1510 4540 1581 4620 ipso
1604 4541 1745 4621 sapiente

411 4638 502 4700 aliter
533 4636 707 4708 existimat,
742 4637 834 4718 quin,
864 4634 960 4696 etiam
989 4654 1059 4696 cum
1092 4632 1268 4694 decreverit
1299 4652 1369 4695 esse
1398 4631 1611 4705 moriendum,
1640 4640 1783 4694 tamenn

430 4808 772 4820 -.------------,--.7

477 4918 500 4964 t.
519 4913 620 4976 querele
637 4913 686 4961 ΒΟ
705 4938 731 4947 -
751 4912 774 4961 2.
794 4912 849 4972 guis
866 4913 896 4959 de
911 4925 935 4961 se
952 4912 986 4961 s:
1005 4913 1035 4961 de
1051 4925 1075 4961 se
1093 4912 1148 4975 guis
1164 4912 1185 4960 0
1199 4938 1227 4948 -
1247 4912 1270 4962 3.
1289 4910 1404 4958 inimicus
1420 4912 1516 4960 esseB:
1535 4923 1585 4960 esse
1602 4912 1745 4961 inimicuso

413 5021 438 5030 -
453 4993 477 5044 t.
494 4991 588 5053 possint
605 4990 623 5037 Β
635 4988 654 5037 E
667 5016 692 5024 -
706 4990 731 5037 ll.
745 4987 771 5035 id
787 4988 849 5036 ιιιιι
866 4992 900 5035 est
912 4988 1056 5037 blanutius:
1076 4988 1103 5035 id
1119 4987 1182 5035 sotis
1196 4987 1230 5041 B;
1249 4986 1310 5033 sotis
1326 4989 1359 5032 est
1376 4984 1402 5032 id
1415 4985 1434 5033 0
1446 5012 1473 5021 -
1486 4986 1510 5036 8.
1524 4986 1559 5046 si,
1576 4986 1612 5051 ut]
1630 4989 1671 5036 sed
1688 4995 1715 5036 ut
1728 4990 1745 5037 B

412 5095 436 5102 -
451 5065 559 5128 interest]
577 5069 610 5111 est
628 5064 646 5112 B
666 5090 693 5099 —
713 5063 736 5111 9.
750 5077 835 5112 sumus
852 5062 1008 5112 Lambinus:
1028 5064 1104 5110 ιιιιιιιι
1116 5061 1193 5110 codd.
1211 5086 1236 5094 —
1253 5060 1292 5108 to.
1306 5073 1391 5108 sumus
1408 5060 1467 5109 E-
1483 5061 1522 5110 ll.
1541 5062 1634 5125 siquid
1645 5063 1669 5111 d.
1683 5064 1744 5115 BE:

408 5148 429 5195 ιι·
450 5144 506 5206 guis
525 5143 549 5190 d.
572 5140 624 5190 blO
645 5168 668 5176 -
694 5140 752 5188 velit
768 5139 904 5187 absurdum
922 5140 940 5187 B
960 5164 986 5172 -
1007 5138 1046 5186 ⁴3.
1066 5136 1155 5199 iprum]
1174 5136 1260 5197 ipselt
1285 5161 1311 5170 -
1333 5134 1372 5184 ll.
1387 5137 1664 5199 quoquomodocumque
1680 5141 1699 5188 B

410 5224 449 5271 ss.
463 5221 524 5280 ipsis
534 5222 618 5265 eutem
631 5216 664 5264 n:
684 5221 767 5264 autem
779 5215 869 5276 ipstsO
884 5240 910 5248 -
924 5227 955 5263 ne
966 5213 1072 5274 intellegi
1084 5213 1191 5273 guidem,
1204 5216 1232 5259 ut
1244 5211 1389 5259 blenutius:
1409 5211 1516 5274 intellegi
1528 5214 1627 5273 quidem
1639 5216 1707 5275 lgnid
1720 5216 1745 5273 Bt

410 5293 487 5343 codd.
507 5297 572 5346 lom.
592 5304 622 5339 ne
639 5293 666 5339 ct
682 5294 717 5349 ut)
737 5316 762 5324 -
784 5291 823 5338 tr.
842 5294 885 5338 not
902 5289 955 5349 (sic)
972 5292 1075 5349 propter
1092 5288 1111 5336 E
1132 5314 1158 5322 —
1179 5287 1219 5335 ⁴9.
1238 5299 1315 5347 guam
1332 5288 1352 5334 G
1370 5290 1396 5335 ιι
1414 5288 1559 5337 Manutius:
1579 5302 1632 5338 om.
1651 5291 1700 5338 ΒΟ
1718 5316 1743 5323 --

411 5371 452 5417 ιθ.
472 5366 681 5427 quotusquisque
698 5365 837 5412 retentu
849 5364 991 5413 ecnlbescm
1007 5369 1074 5411 metu
1093 5362 1191 5411 Nonius
1208 5359 1348 5411 blercellus
1366 5375 1392 5424 p.
1411 5361 1469 5411 ιιι.
1491 5390 1516 5398 -
1536 5364 1577 5412 ιι.
1594 5364 1676 5427 fugiat
1695 5368 1747 5415 No-

409 5446 468 5494 nios
489 5468 515 5478 -
534 5454 645 5503 sanguen
662 5441 776 5489 Nonius:
795 5440 901 5501 sanguis
919 5437 997 5487 codd.
1018 5436 1126 5487 Tulliani
1147 5464 1172 5471 -
1193 5437 1233 5486 ιι.
1254 5439 1314 5498 guid
1330 5438 1400 5485 estB
1420 5464 1447 5474 -
1466 5437 1507 5486 23.
1528 5441 1592 5488 ·Pro
1610 5439 1676 5498 quod
1689 5440 1748 5487 item

409 5519 493 5568 videri
510 5518 593 5581 possit
610 5514 783 5564 scribendum
802 5516 867 5576 guod
884 5515 949 5563 idern
967 5516 1004 5573 tut
1022 5515 1066 5569 ΙΙΙ,
1090 5514 1146 5572 50);
1167 5512 1287 5561 eiusdem
1301 5513 1371 5561 enim
1387 5512 1425 5561 rei
1438 5513 1522 5572 magis
1535 5525 1614 5575 quem
1628 5513 1747 5563 eiusdem

409 5594 481 5643 modi
499 5592 737 5655 reprehensionem
755 5589 898 5651 significat,
918 5590 991 5638 nimii
1009 5588 1156 5637 horroris·
1174 5588 1283 5636 Manus.
1305 5613 1331 5623 -
1352 5586 1401 5647 sed]
1419 5587 1454 5635 sic
1471 5587 1490 5635 B
1510 5612 1536 5623 -
1556 5585 1597 5636 ιι.
1616 5588 1677 5635 sotis
1693 5600 1746 5636 om.

409 5670 428 5718 B
442 5695 470 5706 -
489 5670 531 5718 ιιι.
550 5667 660 5729 guidon]
679 5667 739 5726 quio
755 5666 774 5713 Β
790 5691 816 5700 —-
836 5665 1033 5725 reprebendatur
1048 5665 1088 5711 liic
1106 5664 1154 5712 BE
1170 5687 1195 5698 -
1218 5663 1259 5711 ιι.
1278 5663 1376 5711 modico
1393 5667 1490 5710 natura
1501 5662 1607 5711 essentlt
1623 5688 1649 5698 -
1668 5662 1708 5711 30.
1722 5662 1748 5710 in

406 5745 495 5807 porois
507 5771 544 5781 ·-
557 5741 727 5804 extimescunt]
746 5740 821 5790 ·h0c
839 5742 894 5790 est:
917 5741 944 5788 in
962 5739 1049 5802 parvis
1067 5751 1149 5801 saepe
1172 5738 1201 5786 tit
1224 5740 1252 5786 ul
1275 5738 1475 5787 extimescant.»
1493 5738 1576 5786 Mnnv.
1598 5760 1624 5773 -
1648 5735 1690 5786 34.
1708 5737 1747 5798 ιιι]

409 5821 454 5879 bus
471 5819 504 5876 Β,
522 5818 559 5865 bis
576 5820 596 5866 0
616 5845 641 5853 -
662 5817 764 5865 aliunde
782 5816 800 5864 B
821 5842 846 5851 —
866 5819 1038 5864 ectnmescunt
1055 5815 1072 5863 n
1087 5814 1106 5863 E
1123 5840 1150 5849 -
1171 5812 1211 5862 33.
1225 5812 1313 5874 quibus
1325 5824 1386 5861 cum
1399 5811 1503 5860 Bromio
1516 5823 1530 5858 ι
1542 5824 1623 5860 versu
1635 5813 1749 5861 selunril

410 5894 430 5942 O
444 5918 472 5929 -
491 5894 602 5941 ιιιιιιιιι
619 5894 708 5941 iniecto
720 5892 753 5950 B;
772 5891 875 5950 aarum,
894 5890 939 5940 sibi
951 5890 1040 5939 iniecto
1052 5889 1071 5938 0
1084 5915 1111 5925 —
1133 5888 1173 5939 at.
1187 5888 1328 5938 bomescerit
1339 5889 1372 5946 B;
1390 5886 1542 5936 benereem
1554 5885 1574 5935 Ε
1587 5913 1613 5921 -
1634 5885 1674 5936 35.
1688 5887 1748 5947 guin

409 5967 473 6018 nc:
493 5967 536 6030 gui
552 5968 572 6018 0
598 5994 622 6005 -
645 5965 737 6030 mosen]
756 5979 814 6015 curn
830 5965 858 6014 B.
