4342 7459
683 1325 685 1327 .
725 1246 790 1340 ιιι.
813 1278 868 1340 ιιι.
897 1276 972 1340 cn.
994 1274 1189 1340 ιιι-ιιι.
1217 1271 1263 1359 §s
1285 1270 1433 1337 et-st.
1677 1267 1740 1334 sm

408 1445 459 1500 eet
478 1437 581 1500 isdem
604 1436 761 1499 derebus
784 1437 870 1519 quod
895 1435 958 1498 dici
983 1436 1083 1517 possit
1108 1434 1271 1508 subtilius,
1301 1435 1327 1497 si
1349 1433 1440 1516 prius
1461 1434 1591 1514 Epicuri
1614 1439 1740 1495 senten·

407 1530 484 1593 tiam
505 1530 693 1602 viderimus,
723 1531 777 1612 qui
799 1538 909 1593 censet
930 1550 1061 1591 necesse
1084 1550 1154 1592 esse
1178 1530 1279 1591 omnis
1301 1530 1334 1590 in
1356 1526 1554 1610 aegritudine
1575 1547 1663 1602 esse,
1686 1525 1739 1609 qui

407 1644 444 1687 se
465 1625 498 1686 in
522 1624 614 1687 malis
637 1645 707 1687 esse
728 1624 935 1697 arbitrentur,
958 1625 1023 1686 sive
1047 1623 1100 1685 illa
1124 1630 1196 1685 ante
1218 1619 1345 1704 provisa
1367 1631 1399 1684 et
1414 1629 1580 1702 expectata
1595 1622 1658 1684 sint
1673 1620 1740 1683 sive

407 1718 665 1780 inveteraverint.
706 1719 785 1779 Nam
812 1737 916 1800 neque
940 1724 1095 1778 vetustate
1118 1716 1218 1777 minui
1242 1714 1322 1777 mala
1343 1735 1402 1777 nec
1425 1712 1491 1777 fieri
1515 1714 1741 1797 praemeditata

407 1812 543 1885 leviora,
566 1811 759 1895 stultamque
782 1812 877 1873 etiam
899 1830 968 1873 esse
991 1811 1226 1873 meditationem
1249 1808 1346 1871 futuri
1369 1808 1443 1871 mali
1466 1817 1522 1870 aut
1542 1808 1677 1871 sortasse
1701 1827 1763 1871 nes

406 1904 504 1967 futuri
521 1904 669 1987 quidem;
692 1908 768 1967 satis
785 1926 854 1967 esse
872 1904 1017 1966 odiosum
1035 1904 1149 1965 malum
1167 1924 1276 1978 omne,
1299 1924 1371 1965 cum
1388 1904 1542 1976 venisset;
1566 1903 1619 1986 qui
1635 1910 1741 1965 autem

407 2019 535 2081 semper
557 1999 761 2079 cogitavisset
783 1996 924 2060 accidere
947 2018 1041 2078 posse
1064 1996 1182 2078 aliquid
1205 1996 1344 2070 adversi,
1373 1996 1402 2057 ei
1423 1996 1492 2059 lieri
1522 1995 1602 2058 illud
1625 1998 1742 2079 sempi-

407 2102 532 2155 ternum
557 2092 692 2165 malum;
715 2093 740 2153 si
765 2111 841 2155 vero
864 2111 903 2153 ne
926 2091 1065 2152 futurum
1091 2089 1218 2172 quidem
1242 2091 1296 2162 sit,
1319 2089 1434 2152 frustra
1450 2093 1568 2174 suscipi
1582 2092 1741 2153 miseriam

408 2186 641 2249 voluntariam:
666 2187 709 2246 ita
733 2205 859 2268 semper
880 2184 953 2265 angi
968 2190 1020 2244 aut
1036 2183 1222 2265 accipiendo
1238 2192 1292 2245 aut
1308 2183 1475 2264 cogitando
1491 2185 1583 2247 maio.
1617 2181 1668 2246 33.
1684 2186 1744 2247 Le-

408 2282 569 2343 vationem
598 2283 701 2341 autem
731 2278 938 2361 aegritudinis
968 2278 1001 2337 in
1026 2276 1147 2338 duabus
1171 2277 1264 2339 rebus
1286 2277 1391 2358 ponit,
1413 2278 1596 2341 avocatione
1618 2298 1635 2341 a
1658 2278 1782 2358 cogi-to

408 2374 505 2438 tanda
527 2374 674 2438 molestia
697 2381 729 2434 et
751 2372 954 2434 revocatione
977 2370 1016 2432 ad
1040 2370 1297 2451 contemplandas
1314 2369 1507 2451 voluptatem
1532 2391 1642 2454 parere
1658 2374 1743 2435 enim

409 2475 517 2530 censet
539 2467 679 2529 animum
703 2466 819 2527 rationi
843 2486 934 2548 posse
957 2471 989 2527 et
1011 2484 1074 2545 quo
1099 2463 1152 2525 illa
1175 2465 1270 2526 ducat
1292 2465 1392 2546 sequi.
1431 2465 1524 2527 Vetat
1545 2466 1641 2547 igitur
1661 2467 1742 2528 ratio

409 2561 525 2624 intueri
550 2559 730 2631 molestias,
754 2558 906 2620 abstrahit
921 2558 960 2619 ab
976 2557 1098 2618 acerbis
1113 2557 1372 2638 cogitationibus,
1393 2556 1538 2620 hebetem
1550 2562 1626 2637 lacit
1641 2561 1743 2622 aciem

409 2657 447 2719 ad
471 2654 617 2718 miserias
642 2652 917 2734 contemplandas,
941 2671 958 2713 a
982 2650 1097 2734 quibus
1120 2670 1191 2711 cum
1214 2653 1327 2714 cecinit
1348 2653 1504 2734 receptui,
1530 2653 1656 2735 inpellit
1675 2676 1743 2716 rur·

409 2770 477 2813 sum
500 2755 533 2812 et
557 2748 666 2809 incitat
688 2744 727 2807 ad
751 2745 990 2828 conspiciendas
1021 2751 1150 2825 totaque
1166 2736 1279 2807 ¹mente
1302 2747 1543 2809 contrectandas
1564 2748 1666 2810 varias
1689 2763 1781 2810 vo-te

408 2842 563 2927 luptetes,
595 2839 708 2923 quibus
743 2839 797 2900 ille
826 2847 858 2901 et
891 2837 1132 2920 praeteritarum
1162 2840 1311 2901 memoria
1340 2848 1372 2901 et
1399 2860 1454 2922 spe
1481 2842 1741 2925 consequentium

409 2937 564 3019 sapientis
586 2933 681 2995 vitam
706 2931 851 2995 refertam
877 2939 974 3015 putat.
1009 2931 1096 2992 llaec
1119 2941 1225 2993 nostro
1249 2952 1335 2995 more
1351 2952 1410 2995 nos
1426 2933 1582 3006 diximus,
1603 2933 1741 3016 Epicurii

410 3028 518 3092 dicunt
541 3047 620 3099 suo;
643 3026 699 3087 sed
723 3045 804 3107 quae
827 3026 934 3087 dicant
955 3023 1134 3095 videamus,
1157 3042 1220 3106 quo
1245 3026 1357 3100 modo,
1380 3026 1594 3107 neglegamus.

492 3122 578 3183 xvi.
602 3116 653 3181 34.
678 3121 835 3201 Principio
859 3120 940 3182 male
963 3118 1198 3200 reprehendunt
1212 3119 1523 3202 praemeditationem
1538 3141 1642 3184 rerum
1657 3119 1742 3183 lutu-

410 3234 525 3278 rernm.
560 3214 644 3276 Nihil
668 3221 716 3276 est
738 3215 823 3276 enim
846 3214 930 3295 quod
955 3224 1017 3274 tam
1038 3211 1193 3293 optundat
1216 3212 1381 3295 elevetque
1404 3214 1632 3294 aegritudinem
1648 3230 1782 3297 quantae

410 3316 566 3392 perpetua
601 3308 633 3369 in
666 3310 751 3370 omni
782 3309 846 3368 vita
874 3307 1024 3388 cogitatio
1054 3305 1134 3367 nihil
1164 3324 1233 3367 esse
1261 3305 1346 3389 quod
1375 3326 1438 3368 non
1469 3308 1612 3370 accidere
1634 3309 1743 3392 possit,

411 3422 503 3488 qnam
535 3402 701 3466 meditatio
733 3400 926 3463 conditionis
955 3400 1124 3470 humanae,
1156 3418 1249 3481 quam
1271 3402 1353 3461 vitae
1382 3399 1435 3461 lex
1457 3404 1743 3484 commentatioque

411 3496 559 3580 parendi,
584 3515 665 3579 quae
688 3515 752 3556 non
776 3494 836 3557 hoc
859 3493 974 3566 adieri,
998 3502 1032 3555 ut
1053 3512 1179 3574 semper
1201 3513 1410 3567 maereamus,
1433 3494 1488 3556 sed
1510 3502 1546 3556 ut
1559 3516 1742 3578 numquam.

394 3592 521 3673 ,lteqrm
544 3591 629 3652 enim
653 3589 706 3670 qui
730 3607 834 3650 rerum
858 3596 1016 3660 naturam,
1040 3590 1094 3669 qui
1119 3588 1201 3649 vitae
1218 3586 1417 3659 varietatem,
1440 3589 1493 3671 qui
1508 3588 1743 3651 inbecillitatem

416 3684 540 3765 generis
564 3682 692 3745 humani
716 3682 849 3763 cogitat,
873 3691 1009 3751 maeret,
1032 3701 1102 3743 cum
1126 3680 1203 3743 haec
1227 3682 1358 3762 cogitat,
1381 3681 1438 3743 sed
1461 3691 1524 3744 tum
1540 3680 1589 3743 vel
1607 3682 1781 3750 maximone

415 3778 590 3860 sapientiae
613 3773 754 3856 iungitur
776 3794 916 3836 munere.
949 3775 1121 3856 Utrumque
1144 3775 1229 3835 enim
1252 3775 1468 3856 consequitur,
1488 3783 1526 3837 ut
1547 3783 1577 3838 et
1598 3776 1745 3838 conside·

416 3872 520 3933 nudis
547 3871 643 3933 rebus
675 3868 820 3930 humanis
849 3867 979 3949 proprio
1010 3867 1234 3950 philosophiae
1263 3867 1384 3930 fruatur
1411 3865 1516 3931 allicio
1539 3877 1572 3931 et
1601 3869 1744 3931 adversis

417 3963 537 4026 ensibus
565 3962 682 4047 triplici
705 3961 923 4024 consolatione
942 3969 1094 4023 sanetur:
1121 3962 1270 4043 primum,
1294 3962 1378 4044 quod
1406 3982 1501 4045 posse
1523 3961 1665 4025 accidere
1687 3962 1743 4025 din

422 4176 689 4187 ——-—..-—-——---
700 4179 709 4183 -
735 4179 749 4182 -
764 4179 779 4183 -
790 4177 1444 4185 —»—-—-———-—--.-—--—-——-——--—-——-—--

478 4325 501 4374 3.
519 4327 564 4374 itta
583 4338 653 4373 corr.
673 4336 705 4371 ex
722 4324 774 4371 ulto
793 4325 854 4371 G-
874 4323 898 4370 9.
917 4324 1087 4371 voluntariam
1106 4323 1130 4370 in
1149 4322 1200 4370 tine
1219 4321 1330 4383 paginae
1348 4334 1401 4370 om.
1416 4324 1490 4371 Gt-
1508 4325 1744 4376 transactionem

426 4398 481 4444 G-
501 4403 588 4462 pareri
606 4400 667 4446 Gttt
686 4424 712 4433 -
734 4399 772 4446 ta.
792 4399 897 4446 hebetem
912 4400 972 4458 sarit
992 4399 1037 4445 W:
1062 4397 1157 4444 hebetat
1176 4399 1211 4452 t),
1230 4397 1352 4444 habentem
1370 4397 1402 4454 13;
1428 4397 1533 4447 hebetem
1551 4401 1598 4448 Gli
1617 4405 1643 4450 et
1660 4402 1742 4465 Treg-

428 4471 501 4523 derus.
528 4476 673 4522 «Omittatn
697 4473 800 4521 deserta
824 4472 978 4535 metaphora
1005 4485 1100 4534 parum
1125 4470 1193 4519 benc
1217 4471 1323 4519 sicilici
1345 4484 1362 4518 a
1384 4473 1575 4534 cogitationibus
1595 4476 1674 4524 aciem
1697 4475 1743 4524 ab·

430 4549 505 4601 arun
522 4563 576 4599 non
594 4548 682 4596 dicam
702 4548 768 4595 haec
787 4549 820 4594 ita
841 4546 946 4608 intelligi
965 4561 1052 4610 posse,
1073 4550 1101 4594 ut
1118 4547 1151 4593 ad
1169 4544 1283 4593 miserias
1299 4546 1500 4607 contemplandas
1517 4547 1548 4595 ab
1563 4551 1658 4599 acerbis
1673 4551 1744 4614 cagi-

432 4624 545 4673 tatioeibus
567 4626 633 4672 acies
656 4623 766 4670 abstrahi
788 4624 904 4670 dicatur:
934 4622 994 4670 illud
1019 4623 1119 4677 dicam.
1148 4624 1253 4683 poetam
1277 4621 1387 4670 tortasse
1411 4621 1526 4684 aliquem
1548 4626 1593 4672 aut
1614 4626 1742 4685 Taciturn,

433 4696 567 4749 Ciceronem
587 4712 639 4747 non
658 4699 734 4756 itam,
756 4700 793 4746 sic
813 4700 836 4746 in
857 4699 923 4747 lianc
942 4700 1101 4747 sortientium
1120 4696 1238 4746 scribere
1257 4695 1382 4758 potuisse,
1402 4700 1430 4744 ut
1447 4700 1519 4745 esset
1535 4702 1744 4750 aciemadmise-

433 4771 472 4818 tias
489 4774 689 4835 contemplandos
711 4772 816 4821 hebetem
840 4777 863 4832 ta
881 4777 921 4829 se)
941 4775 1037 4833 saetam
1059 4774 1091 4820 ab
1114 4771 1208 4820 acerbis
1225 4770 1414 4833 cogitationibus
1432 4771 1560 4821 abstrahit.
1587 4776 1614 4824 ln
1632 4775 1744 4840 simplici

435 4844 520 4902 mitem
538 4851 618 4909 atque
638 4844 746 4895 naturali
773 4860 849 4909 prosa
869 4850 986 4895 oratione
1006 4847 1111 4896 hebetem
1128 4847 1162 4894 ad
1178 4847 1292 4895 miserias
1308 4847 1510 4907 contemplandas
1527 4847 1588 4899 nihil
1606 4855 1678 4901 esset
1696 4853 1745 4901 nisi

435 4928 482 4973 Μ
496 4922 553 4983 (iam
572 4935 621 4985 per
638 4935 668 4970 se
689 4922 758 4985 ipsa,
778 4925 833 4970 sine
853 4921 902 4970 ulla
922 4922 1028 4970 rationis
1046 4923 1212 4981 auctoritate}
1230 4922 1263 4968 ad
1274 4922 1418 4970 miseriosc.
1432 4921 1500 4971 hebes
1511 4929 1558 4983 est,
1577 4924 1743 4988 quodquam

437 4998 558 5045 tentenhae
577 4998 714 5059 scriptoris
733 4997 894 5045 contrarium
912 4998 959 5046 sit.
985 4996 1058 5044 tacite
1078 4995 1236 5058 intelligitur.
1268 4997 1359 5058 ltaque
1377 5009 1427 5058 ego
1445 4998 1483 5046 sic
1501 4998 1604 5047 scribo:
1624 5001 1745 5049 abstrahit

438 5062 556 5129 ithsotnte,
576 5072 604 5120 ct
630 5071 661 5132 §fi
679 5072 719 5118 35.
739 5072 779 5119 iti.
800 5073 855 5118 tint.
876 5071 933 5119 blai.
953 5071 967 5132 g
988 5074 1024 5130 tbi
1044 5072 1075 5119 ob
1093 5072 1188 5119 acerbis
1204 5072 1411 5132 cogitationibum
1430 5071 1564 5135 †hebetem
1581 5078 1632 5124 cet.
1658 5077 1744 5126 nesti-

438 5135 523 5193 ¹tissem
540 5143 683 5194 lectionem
702 5160 733 5193 ex
753 5147 843 5207 paucis
861 5145 998 5194 codicibus
1016 5146 1177 5209 interpolatis
1191 5144 1266 5206 vulgo
1285 5148 1422 5208 receptam
1439 5146 1534 5198 hebetat
1550 5151 1642 5209 aciem,
1661 5150 1742 5210 unde,

438 5218 484 5263 cum
497 5225 519 5266 at
535 5224 595 5269 ante
614 5234 645 5268 oc
662 5222 790 5269 omissum
809 5225 896 5278 esset,
916 5221 1071 5282 corrigendo
1091 5222 1147 5269 lieri
1168 5220 1273 5268 hebetem
1290 5222 1369 5269 aciem
1387 5219 1462 5270 tacite
1480 5224 1576 5285 potuit,
1596 5225 1645 5274 nisi
1664 5226 1744 5274 dubi-

439 5282 515 5348 ltrtm,
537 5298 597 5343 ante
621 5295 756 5356 Augustini
780 5294 917 5344 saeculum
938 5295 1065 5344 hebetandi
1083 5294 1195 5343 verbum
1219 5296 1244 5343 in
1263 5308 1311 5345 usu
1330 5294 1419 5345 luisse.
1448 5297 1540 5346 Cicero
1558 5300 1679 5363 quidem,
1698 5301 1743 5363 qui

438 5352 550 5415 lultteetstti
567 5368 651 5417 verbo
673 5368 811 5432 aliquoties
830 5372 865 5430 tut
884 5372 907 5428 1,
927 5370 966 5429 73)
986 5373 1079 5423 utitur.
1105 5370 1236 5418 obtundere
1254 5370 1317 5419 dicit
1334 5374 1379 5418 aut
1397 5374 1584 5435 praestringere
1601 5376 1646 5422 aut
1663 5376 1743 5422 etiam

437 5425 519 5487 ltlitem
533 5443 635 5492 nudem
653 5444 711 5504 (stt.
732 5442 773 5498 lll,
793 5444 833 5501 ta,
854 5445 882 5491 t:
908 5445 973 5492 h’am
989 5458 1027 5492 rne
1044 5444 1149 5492 hebetem
1166 5444 1291 5493 molestiae
1306 5445 1480 5506 reddiderunt,
1504 5447 1536 5496 ct.
1556 5449 1632 5497 ltosc.
1652 5452 1741 5497 amer.

439 5501 590 5583 itbtzipsoe
606 5529 692 5566 caecos
709 5518 826 5565 redderet.
857 5517 926 5566 Lael.
947 5518 960 5580 ἓ
979 5520 1024 5568 bl:
1044 5519 1219 5581 eos--effleit
1236 5523 1338 5579 caecos).
1365 5520 1545 5578 Quamobrem
1558 5522 1621 5571 mihi
1639 5523 1744 5571 videtur

439 5587 459 5623 ¹⁰
471 5586 621 5667 lichetypo,
640 5596 669 5640 ut
686 5591 781 5649 multa,
801 5593 838 5641 sic
857 5592 882 5640 h.
896 5592 911 5641 l.
926 5596 986 5640 ante
1004 5596 1082 5643 aciem
1100 5596 1145 5641 aut
1162 5595 1242 5643 reddit
1259 5597 1303 5643 out
1319 5595 1380 5656 fucit
1392 5594 1435 5657 (cl.
1450 5594 1464 5658 5
1477 5596 1521 5644 bi:
1540 5597 1663 5644 acriorem
1673 5597 1742 5657 faciti

439 5659 569 5732 ‘ledisse-
588 5668 630 5715 W.
653 5694 677 5701 -
705 5666 743 5715 tt.
763 5668 887 5716 reddite
910 5692 935 5701 -
959 5675 1083 5730 receptum
1103 5670 1172 5731 pettit
1190 5670 1210 5717 G
1232 5667 1288 5729 (sed
1313 5667 1413 5729 addidit
1432 5681 1466 5718 nr.
1486 5682 1542 5719 sec.
1562 5671 1570 5717 i
1588 5672 1648 5733 post
1663 5683 1695 5730 u,
1715 5674 1744 5720 ut

440 5729 570 5800 ⁸¹litterani
587 5742 704 5803 inpettiti:
725 5749 850 5803 receptum
866 5743 1032 5811 impetiitllili
1048 5771 1074 5780 -
1091 5745 1129 5792 tt.
1148 5743 1267 5804 refertam
1284 5744 1343 5806 (tert
1359 5745 1385 5792 in
1403 5743 1502 5804 rasura)
1521 5744 1554 5798 G:
1572 5744 1703 5811 refertam
1724 5746 1743 5795 lt

442 5806 577 5870 ·lricura
594 5818 614 5865 it
632 5814 690 5877 (sed
707 5816 840 5864 evidetur
857 5829 925 5864 corr.
945 5830 976 5865 ex
995 5819 1011 5878 i)
1031 5820 1078 5868 tto
1100 5844 1126 5853 -
1152 5819 1191 5866 tu.
1208 5820 1464 5880 praemeditationum
1482 5822 1501 5867 G
1521 5841 1547 5851 -
1568 5818 1607 5866 20.
1627 5820 1745 5880 optundet

441 5874 486 5927 (η’
502 5911 523 5923 -
539 5892 578 5942 et.
598 5891 664 5952 guod
680 5891 792 5940 atridem
809 5904 858 5940 non
872 5892 948 5953 possit
965 5893 984 5940 0
1004 5918 1030 5926 -
1055 5892 1096 5942 23.
1115 5906 1255 5943 mereamus
1271 5896 1320 5944 nn
1340 5917 1366 5930 -
1390 5894 1430 5943 at.
1448 5892 1551 5955 truatur
1568 5892 1602 5940 C:
1620 5891 1744 5956 sanguim·

442 5946 554 6015 hunus
570 5990 604 6003 -
621 5965 663 6017 ss.
680 5969 801 6016 smne
816 5966 885 6015 ona.
909 5964 974 6015 vtae
992 5964 1026 6015 aa
1043 5979 1069 6031 p.
1089 5967 1146 6030 aas,
1165 5968 1206 6019 st.
