4342 7459
439 1259 502 1326 oet
935 1259 989 1323 DE
1009 1255 1278 1321 ΗΝΙΝΑΤΙΟΝΕ

442 1425 621 1490 conlatione
642 1422 827 1486 hostiarum.
871 1416 922 1484 39.
945 1423 994 1484 An
1016 1442 1087 1485 cum
1109 1421 1142 1484 in
1164 1419 1417 1504 Aequimaelium
1444 1420 1606 1497 misimus,
1636 1423 1692 1507 qui
1714 1420 1773 1488 ad-

441 1521 523 1584 ferat
544 1538 675 1601 agnum,
698 1536 791 1600 quem
815 1515 1033 1590 immolemus,
1056 1517 1083 1578 is
1106 1516 1182 1578 mihi
1207 1533 1308 1598 agnus
1330 1515 1479 1591 adfertur,
1503 1517 1559 1599 qui
1579 1516 1677 1581 babet
1697 1527 1772 1585 exta

442 1614 537 1679 rebus
559 1612 794 1675 accommodata
820 1617 853 1674 et
880 1610 921 1673 ad
950 1630 1022 1673 eum
1052 1629 1169 1693 agnum
1197 1629 1263 1673 non
1292 1629 1368 1673 casu
1396 1608 1453 1674 sed
1476 1610 1556 1674 duce
1578 1609 1639 1675 deo
1661 1630 1772 1676 servos

442 1708 632 1772 deducitnrl
675 1708 754 1768 Nam
777 1706 803 1768 si
826 1724 934 1767 casum
956 1705 989 1767 in
1013 1724 1050 1768 eo
1073 1726 1201 1788 quoqne
1224 1725 1295 1768 esse
1317 1703 1395 1767 dicis
1418 1706 1511 1788 quasi
1533 1714 1651 1770 sortem
1671 1725 1774 1791 quem

417 1802 514 1871 edam
543 1822 613 1864 cum
642 1800 773 1863 deorum
802 1799 965 1862 uoluntate
995 1799 1212 1874 coniunctam,
1241 1798 1335 1861 doleo
1358 1806 1477 1862 tantam
1500 1799 1623 1863 Stoicos
1643 1797 1773 1865 nostros

440 1896 604 1979 Epicureis
625 1891 786 1958 inridendi
808 1894 856 1957 sni
880 1893 1061 1956 facultatem
1084 1893 1227 1968 dedisse;
1251 1913 1316 1956 non
1339 1894 1423 1955 enim
1446 1894 1572 1975 ignoras
1595 1913 1691 1978 quem
1712 1897 1775 1959 ista

441 1990 615 2052 derideant.
659 1985 710 2050 40.
741 1988 782 2051 Et
804 1988 932 2072 quidem
956 1988 1004 2051 illi
1025 1986 1149 2052 facilius
1171 1986 1273 2051 facere
1296 1996 1448 2070 possunt;
1478 1986 1557 2052 dens
1579 1990 1663 2052 enim
1686 1991 1774 2073 ipsos

440 2083 566 2147 iocandi
597 2102 691 2146 causa
719 2082 845 2147 induxit
870 2083 1025 2165 Epicurus
1056 2082 1236 2165 perlucidos
1269 2090 1302 2145 et
1334 2082 1507 2165 perflabilis
1540 2089 1573 2146 et
1599 2083 1774 2148 habitantis

441 2186 602 2262 tamquam
624 2177 709 2241 inter
730 2177 812 2240 dnos
834 2177 923 2241 lucos
946 2178 993 2240 sic
1016 2178 1098 2240 inter
1120 2176 1203 2240 duos
1226 2177 1360 2240 mundos
1382 2185 1513 2261 propter
1533 2186 1651 2241 metu·
1667 2180 1776 2244 ruina·

403 2294 531 2347 rorum3
561 2292 681 2355 eosque
702 2272 821 2334 baber'e
844 2278 932 2355 putat
953 2270 1064 2333 eadem
1087 2272 1245 2346 membra,
1273 2291 1354 2354 quae
1377 2291 1449 2346 nos,
1472 2292 1532 2335 nec
1554 2292 1647 2336 usum
1671 2274 1773 2338 ullum

439 2367 557 2430 babere
586 2366 808 2430 membrorum.
856 2366 938 2446 Ergo
965 2364 1018 2427 hic
1044 2365 1265 2428 circumitione
1287 2362 1424 2447 quadem
1446 2364 1524 2428 deos
1546 2365 1663 2429 tollens
1686 2375 1772 2433 recte

439 2481 504 2523 non
527 2460 650 2523 dubitat
671 2459 898 2523 divinationem
915 2458 1042 2534 tollere,
1058 2458 1114 2521 sed
1131 2478 1213 2533 non,
1228 2469 1264 2522 ut
1279 2458 1330 2521 bic
1346 2459 1406 2522 sibi
1422 2467 1560 2535 constat,
1575 2460 1651 2524 item
1665 2461 1772 2525 Stoici.

439 2556 528 2618 illius
550 2556 634 2617 enim
657 2553 737 2617 deus
758 2554 839 2617 nibil
861 2553 982 2617 habens
1005 2574 1064 2616 nec
1087 2552 1136 2617 sni
1159 2572 1217 2615 nec
1239 2552 1335 2617 alieni
1359 2554 1477 2636 negotii
1500 2574 1564 2617 non
1588 2562 1693 2637 potest
1715 2554 1773 2619 bu-

439 2650 578 2712 minibns
599 2647 828 2712 divinationem
850 2649 1021 2731 inpertire3
1046 2656 1152 2711 vester
1173 2655 1279 2710 eutem
1303 2646 1382 2710 deos
1405 2655 1511 2730 potest
1529 2667 1593 2710 nou
1609 2650 1773 2732 inpertire,

403 2752 475 2812 aaut
496 2743 598 2805 nihilo
622 2745 725 2807 minus
747 2743 900 2806 mundum
922 2749 1014 2826 regat
1040 2750 1072 2805 et
1092 2741 1274 2804 bominibus
1302 2742 1458 2805 consulat.
1508 2738 1559 2804 ll.
1587 2742 1651 2805 Cur
1677 2744 1776 2826 igitur

440 2856 498 2901 ros
521 2835 653 2900 induitis
676 2837 708 2900 in
731 2858 785 2901 eas
807 2839 983 2920 captiones,
1006 2856 1086 2920 quas
1108 2854 1281 2919 numquam
1304 2837 1494 2918 explicant
1522 2838 1569 2900 lte
1592 2838 1677 2901 enim
1700 2859 1773 2904 cum

440 2931 540 3014 magis
564 2941 743 3015 properant,
766 2931 957 2996 concludere
980 2932 1098 2994 solent:
1121 2931 1146 2993 si
1163 2929 1193 2992 di
1216 2938 1305 3003 sunt,
1321 2938 1368 2992 est
1383 2930 1552 3005 divineti03
1576 2939 1649 2995 sunt
1664 2941 1773 2997 autem

440 3025 488 3087 di:
516 3034 564 3087 est
586 3045 661 3108 ergo
685 3026 846 3090 divinatio.
882 3026 982 3089 Multo
1005 3034 1053 3088 est
1074 3021 1287 3107 probabilius:
1315 3043 1379 3088 non
1401 3032 1454 3088 est
1472 3034 1577 3089 antem
1600 3025 1774 3090 divinatio:

439 3139 502 3183 nou
526 3128 599 3183 sunt
620 3138 697 3203 ergo
718 3120 761 3185 di.
805 3120 887 3184 Vide
909 3140 1004 3204 quam
1026 3127 1144 3182 temere
1168 3118 1365 3182 committent
1386 3127 1436 3194 ut,
1464 3120 1492 3182 si
1514 3118 1603 3182 nulla
1630 3121 1671 3182 sit
1693 3120 1774 3185 divi·

401 3216 543 3290 sonatio,
572 3215 651 3277 nulli
679 3215 743 3278 sint
769 3213 813 3278 di.
856 3212 1018 3276 Divinatio
1041 3212 1126 3278 enim
1148 3213 1312 3297 perspicue
1335 3213 1476 3290 tollitur;
1504 3213 1581 3278 deos
1603 3233 1675 3280 esse
1698 3217 1774 3281 retl-

438 3311 576 3374 nendum
600 3316 658 3372 cst.

524 3405 638 3470 xvlrr.
668 3400 719 3465 lt.
747 3404 851 3487 Atque
877 3403 938 3466 hac
966 3403 1155 3485 extispicum
1182 3399 1378 3464 divinatione
1405 3401 1527 3465 sublata
1549 3403 1653 3466 omnis
1675 3404 1773 3469 barn·

439 3502 561 3581 spicina
582 3498 705 3561 sublata
728 3505 787 3561 cst.
831 3497 964 3560 Ostenta
986 3498 1069 3560 enim
1093 3505 1246 3560 secuntur
1267 3503 1297 3558 et
1319 3495 1453 3579 fulgore.
1496 3494 1587 3560 Valet
1608 3506 1715 3562 eutem
1736 3500 1770 3564 in

439 3593 617 3675 fulguribus
640 3591 819 3654 observatio
841 3590 1009 3666 diuturna,
1041 3592 1073 3654 in
1097 3591 1228 3654 ostentis
1255 3592 1336 3653 ratio
1363 3590 1553 3674 plerumque
1574 3593 1771 3657 coniectura·

401 3706 504 3770 reque
526 3685 704 3749 adhibetur.
738 3683 821 3759 Quid
845 3693 894 3747 est
915 3684 1027 3767 igitur,
1043 3684 1129 3769 quod
1146 3685 1346 3749 observatum
1363 3685 1403 3747 sit
1417 3686 1450 3747 in
1464 3684 1609 3767 fulgurei
1640 3686 1771 3751 Caelum

439 3781 473 3841 in
501 3778 639 3841 sedecim
670 3779 767 3860 partis
795 3778 971 3841 diviserunt
996 3778 1130 3842 Etrusci.
1179 3778 1285 3841 Facile
1306 3777 1340 3839 id
1365 3779 1493 3860 quidem
1516 3779 1586 3854 fnit,
1608 3789 1772 3864 quattuor,

439 3892 519 3957 quas
541 3893 601 3935 nos
624 3871 786 3946 habemns,
809 3871 990 3954 duplicare;
1021 3881 1093 3956 post
1115 3873 1199 3936 idem
1222 3874 1337 3936 iterum
1359 3872 1481 3949 facere,
1503 3882 1539 3937 ut
1560 3894 1601 3936 ex
1623 3894 1662 3938 eo
1685 3874 1773 3939 dice·

438 3974 526 4040 rent,
556 3965 674 4028 fulmen
703 3986 765 4050 qua
788 3985 827 4028 ex
850 3975 939 4049 parte
961 3969 1109 4030 venisset.
1155 3969 1293 4030 Primum
1316 3967 1347 4031 id
1372 3968 1449 4051 quid
1473 3968 1625 4032 interest?
1654 3968 1771 4033 deinde

441 4060 517 4144 quid
542 4061 718 4142 significati
747 4062 858 4122 Nonne
882 4062 1081 4144 perspicuum
1106 4069 1163 4134 est,
1186 4081 1226 4123 ex
1249 4063 1350 4143 prima
1372 4062 1582 4126 admiratione
1597 4065 1771 4139 homiuum,

400 4155 522 4236 eoquod
555 4157 692 4218 tonitrua
721 4157 887 4237 lacteisque
916 4154 1083 4217 fulminum
1114 4157 1556 4229 extimuissent,*credidisse
1584 4178 1621 4221 ea
1645 4155 1771 4224 efficere

438 4269 544 4311 rerum
572 4250 712 4311 omnium
744 4258 982 4331 praepotentem
1011 4251 1143 4312 loveml
1189 4251 1300 4331 ltaque
1330 4251 1361 4312 in
1391 4251 1506 4314 nostris
1536 4253 1771 4315 commentariis

437 4345 588 4425 scriptum
611 4343 780 4405 babemus:
811 4344 903 4405 love
932 4352 1125 4418 tonante,
1154 4343 1403 4424 fulgurante
1435 4345 1603 4408 comitia
1633 4346 1770 4429 populi

437 4437 586 4500 babere
613 4438 736 4499 nefas.
786 4434 837 4498 itt.
862 4439 930 4500 lloc
953 4438 1086 4501 fortasse
1109 4440 1156 4500 rei
1179 4438 1326 4521 publicae
1350 4459 1443 4501 causa
1471 4440 1674 4502 constitutum
1699 4447 1768 4515 est;

439 4532 637 4595 comitiorum
661 4534 743 4594 enim
767 4552 830 4594 non
854 4531 1072 4595 habendorum
1096 4552 1207 4594 causas
1231 4552 1301 4594 csse
1323 4518 1503 4596 &oluerunt
1538 4535 1649 4617 ltaque
1672 4534 1771 4597 comi·

399 4628 554 4691 sotiorum
581 4628 684 4690 solum
715 4628 826 4690 vitium
855 4635 903 4689 est
930 4626 1066 4701 fulmen,
1097 4626 1184 4711 quod
1207 4627 1292 4689 idem
1315 4629 1461 4691 omnibus
1483 4629 1580 4691 rebus
1602 4634 1771 4710 optumum

503 5013 526 5060 l.
546 5010 720 5069 nequimrlinm
736 5011 795 5066 All,
813 5009 971 5069 eonimeiinm
988 5011 1020 5066 B;
1040 5009 1136 5061 eadem
1154 5012 1285 5073 scriptura
1304 5012 1346 5060 est
1362 5010 1432 5075 apud
1451 5012 1598 5063 Varronem
1616 5013 1651 5065 de
1668 5014 1686 5065 1.
1700 5014 1717 5067 l.
1737 5018 1769 5079 V,

435 5086 507 5149 gibi
526 5098 689 5147 quarnqnnnr
708 5097 730 5134 rs
749 5097 855 5147 quoque
875 5097 971 5133 nomeu
990 5084 1039 5135 loci
1058 5085 1092 5134 ab
1111 5090 1222 5149 aequata
1237 5084 1320 5135 tinelli
1338 5085 1418 5136 domo
1436 5087 1559 5147 deducit;
1579 5089 1612 5139 ol.
1632 5090 1700 5154 inpr.
1713 5092 1769 5142 Cic.

436 5162 470 5211 de
488 5161 569 5209 domo
587 5172 633 5209 sua
651 5160 720 5222 §iot
746 5186 770 5195 -
789 5161 911 5208 mittimus
928 5158 959 5209 Α2
972 5187 999 5196 -
1019 5161 1043 5209 3.
1057 5164 1205 5209 oromodoln
1218 5160 1249 5211 Αι
1268 5187 1294 5196 -
1315 5175 1410 5225 nonum
1426 5178 1475 5211 non
1492 5177 1551 5226 sup.
1565 5163 1610 5215 lin.
1630 5166 1648 5215 B
1669 5192 1696 5203 —
1715 5179 1771 5217 ser·-

434 5250 479 5287 oos
496 5236 537 5286 13¹:
556 5249 644 5284 sernas
661 5231 768 5285 nu²rlo
782 5261 808 5270 -
828 5234 851 5286 l,
865 5238 981 5285 commit
1001 5249 1031 5284 er
1046 5249 1132 5285 corr:
1151 5250 1224 5285 casus
1239 5235 1334 5297 Α’ΒΗ,
1354 5237 1401 5287 sed
1421 5240 1445 5287 in
1464 5240 1482 5289 B
1501 5238 1581 5290 altere
1599 5252 1610 5287 ι
1627 5241 1652 5290 in
1672 5255 1724 5292 ras.
1740 5268 1767 5279 —

435 5315 496 5364 dicis
512 5326 563 5361 esse
579 5309 672 5360 salisb.
693 5311 712 5358 0
738 5336 764 5346 -
794 5311 818 5359 5.
838 5311 933 5359 Stoicos
949 5317 1042 5359 uestros
1059 5311 1156 5360 Davisii
1174 5324 1247 5374 susp.
1269 5339 1294 5347 -
1315 5313 1339 5361 6.
1359 5314 1516 5375 ipnoronsll
1537 5340 1564 5351 -
1588 5316 1611 5365 7.
1631 5317 1769 5368 deriontll

437 5415 464 5426 -
483 5389 508 5438 8.
527 5389 621 5436 inducit
640 5387 734 5435 Davisii
753 5386 821 5434 coni.
843 5413 868 5421 —
887 5386 1029 5449 stabilisti,
1047 5387 1188 5449 perflabiles
1206 5387 1253 5436 Ηο
1274 5414 1299 5422 -
1324 5388 1464 5439 bobrtnntes
1482 5390 1529 5439 ΗΟ
1549 5417 1576 5427 -
1602 5392 1642 5442 ld.
1660 5392 1730 5441 illurn
1748 5395 1768 5442 Α

436 5490 464 5502 -
486 5466 526 5514 ll.
547 5464 613 5525 Erpa
630 5463 651 5510 is
667 5461 761 5511 Salisb.
784 5488 809 5496 -
834 5462 1005 5511 rircrrmitione
1022 5460 1104 5512 ΑΒἨ
1117 5478 1122 5511 :
1150 5465 1245 5512 circam
1261 5466 1362 5514 mitione
1380 5465 1416 5524 8¹,
1441 5468 1623 5517 circuitioneo
1648 5495 1674 5503 -
1698 5474 1768 5518 rectu

436 5538 555 5590 Clericus
573 5539 642 5588 coni.
663 5563 689 5572 -
717 5537 755 5586 lt.
774 5541 802 5585 at
818 5549 871 5585 orn.
893 5537 912 5586 Η
933 5563 959 5572 -
986 5537 1026 5587 tl.
1045 5541 1165 5600 inpertire
1181 5544 1332 5589 correctum
1352 5542 1376 5590 in
1394 5542 1509 5603 inpertirr’
1527 5543 1585 5606 (bis)
1603 5544 1621 5593 B
1642 5569 1668 5579 -
1687 5550 1770 5593 uester

435 5614 606 5673 --inpertire
623 5615 641 5661 Α
661 5614 685 5662 in
705 5626 787 5674 marg.
808 5625 844 5661 m.
863 5625 917 5661 sec.
937 5613 1055 5663 additum
1074 5613 1155 5663 babel
1175 5640 1201 5649 -
1221 5617 1260 5664 ts.
1280 5616 1484 5665 nichilhominus
1500 5618 1521 5666 Η
1540 5643 1567 5653 -
1593 5618 1632 5667 ts.
1651 5619 1770 5668 inducitis

435 5687 531 5739 n²ss²ii
551 5714 576 5724 -
598 5689 676 5738 li-i9
700 5691 725 5737 di
741 5693 775 5748 Α,
795 5687 841 5738 sed
861 5693 955 5750 quarto
973 5689 1032 5739 loco
1051 5693 1083 5749 (v.
1097 5691 1139 5753 ιο)
1156 5695 1213 5738 sunt
1230 5692 1268 5740 dei
1287 5717 1313 5726 —
1332 5692 1373 5741 it).
1390 5696 1526 5754 perpicnoe
1543 5689 1573 5742 ι’
1587 5718 1613 5727 -
1633 5694 1673 5743 ti.
1693 5699 1769 5755 atoue

435 5778 493 5828 sup
508 5764 551 5814 lin.
568 5765 585 5813 li
605 5790 631 5799 -
656 5765 696 5814 23.
716 5771 853 5824 sequnntur
870 5765 921 5812 ΗΟ
941 5791 967 5800 -
991 5765 1096 5828 sulpura
1114 5765 1186 5814 ΑΗΟ
1206 5791 1232 5802 -
1257 5764 1298 5816 ai.
1316 5766 1488 5829 [rrtppribnsn
1509 5793 1535 5804 —
1554 5768 1595 5817 26.
1611 5772 1699 5830 portes
1716 5768 1768 5819 ΗΟ

438 5867 465 5876 -
484 5841 526 5889 27.
545 5841 685 5902 duplicares
700 5842 783 5903 pidem
801 5840 821 5889 H
841 5863 867 5874 -
887 5840 927 5890 28.
940 5848 1057 5891 euenisset
1074 5842 1125 5901 AB,
1144 5840 1191 5891 sed
1210 5842 1236 5891 in
1255 5843 1273 5891 B
1290 5843 1376 5906 prima
1394 5856 1407 5893 e
1424 5857 1455 5893 ex
1474 5857 1544 5893 corr.
1564 5867 1591 5878 -
1610 5842 1651 5891 29.
1665 5844 1767 5892 ommi.

436 5915 504 5965 ll-
524 5916 633 5964 borntnes
650 5916 794 5966 Lambinus
820 5942 847 5951 -
874 5915 914 5966 30.
933 5917 1099 5967 tbcnurucrt
1126 5944 1152 5953 -
1177 5916 1218 5966 3¹.
1236 5923 1339 5966 cernent.
1359 5921 1379 5968 Α
1398 5944 1424 5954 -
1448 5918 1489 5970 32.
1507 5923 1608 5969 tonante
1624 5922 1648 5969 et
1662 5917 1726 5985 sulp.
1747 5918 1768 5969 Η

438 6013 465 6025 -
485 5988 526 6039 33.
543 5990 630 6041 bobert
646 5990 751 6056 Erlang.
772 6017 800 6028 -
824 5991 956 6041 constitum
972 5995 993 6042 Α
1013 6018 1038 6028 -
1064 5991 1105 6042 35.
1124 5993 1204 6043 solnm
1221 5992 1259 6043 C:
1284 5992 1357 6044 fort:
1376 5994 1496 6045 colonen.
