4342 7459
663 1270 731 1335 Lus.
752 1270 806 1333 111.
838 1268 913 1333 Cae.
935 1268 1254 1332 XXVII-XXVIII.
1282 1266 1328 1351 §S
1350 1264 1494 1333 63-69.
1675 1265 1738 1334 297

410 1431 494 1498 llalo
516 1451 551 1495 se
574 1430 704 1514 dignum
727 1429 870 1511 deputat,
892 1429 952 1491 nisi
970 1430 1065 1491 miser
1087 1429 1137 1491 sit.
1168 1429 1264 1493 Vides
1288 1450 1363 1513 ergo
1386 1431 1543 1514 opinionis
1566 1452 1652 1507 esse,
1674 1453 1738 1497 non

410 1535 542 1590 naturae
562 1526 691 1589 malum.
725 1524 825 1600 Quid,
848 1544 927 1608 quos
949 1543 1000 1586 res
1023 1523 1092 1605 ipsa
1107 1523 1214 1605 lugere
1229 1526 1396 1608 probibet?
1419 1534 1454 1588 ut
1468 1526 1551 1610 apud
1567 1528 1739 1592 Homerum

411 1621 588 1685 cotidianae
617 1639 710 1683 neces
736 1619 945 1701 interitusque
973 1618 1143 1680 multorum
1167 1618 1362 1682 sedationem
1390 1620 1552 1682 maerendi
1581 1620 1737 1697 adferunt,

411 1715 496 1798 apud
517 1733 613 1797 quem
637 1714 680 1775 ita
703 1712 831 1775 dicitur:

494 1810 673 1891 Namque
695 1808 814 1870 nimis
838 1805 986 1869 multos
1008 1814 1129 1889 atque
1151 1807 1254 1870 omni
1276 1805 1365 1869 luce
1388 1805 1571 1872 cadentis
1764 1821 1778 1865 a
1849 1866 1852 1876 .

496 1903 721 1976 Cernimus,
743 1909 784 1965 ut
805 1920 916 1965 nemo
940 1902 1074 1983 possit
1096 1920 1275 1964 maerore
1298 1920 1450 1964 vacare.

495 1998 580 2073 Quo
603 1999 730 2079 magis
753 2003 816 2059 est
838 2014 1009 2079 aequum
1032 1994 1202 2057 tumulis
1224 1995 1409 2057 mandare
1433 2003 1661 2080 peremptos

494 2094 622 2156 Firmo
644 2091 771 2154 animo
795 2097 832 2153 et
854 2090 1003 2152 luctum
1026 2087 1209 2152 lacrimis
1230 2087 1352 2151 finire
1375 2089 1541 2153 diurnis.

411 2186 568 2269 eo.·mgo
590 2185 624 2246 in
646 2191 801 2267 potestate
824 2190 872 2245 est
893 2182 1018 2245 abicere
1041 2181 1199 2257 dolorem,
1228 2204 1298 2245 oum
1321 2184 1416 2257 velis,
1445 2188 1578 2269 tempori
1600 2188 1739 2249 servien-

411 2291 483 2346 tem.
517 2283 566 2344 An
589 2285 638 2341 est
659 2278 758 2341 ullum
781 2287 920 2360 tempus,
945 2277 1240 2359 quoniamquidem
1263 2297 1312 2339 res
1335 2279 1367 2340 in
1388 2287 1495 2342 nostra
1511 2287 1665 2362 potestate
1680 2287 1738 2354 est,
1748 2290 1777 2338 ιο

411 2378 461 2441 cui
483 2394 549 2437 non
570 2372 737 2457 ponendae
760 2364 908 2434 curae'et
930 2369 1135 2450 aegritudinis
1158 2390 1251 2433 causa
1271 2372 1466 2436 serviamus?
1490 2373 1659 2436 Constabat
1673 2392 1738 2448 eos,

412 2469 464 2553 qni
497 2467 717 2531 concidentem
745 2465 929 2527 volneribus
958 2465 1013 2526 Cn.
1035 2464 1219 2550 Pompeium
1242 2465 1409 2540 vidissent,
1439 2488 1510 2529 cum
1539 2469 1569 2530 in
1593 2469 1648 2531 illo
1671 2469 1739 2552 ipso

411 2562 616 2629 acerbissimo
645 2559 885 2642 miserrimoque
914 2557 1094 2642 spectaculo
1123 2559 1182 2621 sibi
1211 2561 1369 2635 timerent,
1396 2562 1481 2644 quod
1504 2583 1538 2625 se
1561 2563 1660 2626 classe
1681 2561 1740 2624 bo·

412 2659 505 2723 stium
529 2653 735 2718 circumfusos
758 2651 915 2725 viderent,
946 2651 1022 2713 nihil
1048 2653 1133 2715 alind
1159 2661 1223 2716 tum
1247 2656 1348 2736 egisse
1371 2656 1432 2718 nisi
1454 2662 1489 2719 ut
1511 2659 1645 2740 remiges
1667 2657 1739 2720 bor·

411 2760 552 2815 urentur
580 2755 612 2811 et
640 2755 675 2809 ut
696 2747 828 2809 salutem
857 2746 1107 2828 adipiscerentur
1128 2746 1214 2830 luga,
1245 2757 1355 2829 postea
1378 2770 1472 2831 quam
1495 2753 1612 2835 Tyrum
1635 2752 1778 2814 venis-⁴⁸

411 2855 495 2919 sent,
518 2852 587 2907 tum
610 2841 761 2905 adflictari
786 2841 1012 2923 lamentarique
1035 2841 1188 2922 coepisse.
1226 2843 1332 2904 Timor
1355 2844 1452 2923 igitur
1473 2846 1512 2906 ab
1534 2845 1582 2908 his
1604 2846 1740 2927 aegritu·

411 2938 516 3002 dinem
541 2936 644 3020 potuit
666 2934 835 3017 repellere,
857 2935 936 2996 ratio
958 2931 997 2996 ab
1021 2935 1155 3015 sapienti
1179 2935 1246 2997 viro
1269 2955 1333 2998 non
1356 2938 1498 3019 poterit‘l

493 3029 641 3094 Xlllllll.
669 3027 755 3104 Quid
785 3035 832 3089 est
860 3037 964 3091 autem
988 3027 1073 3110 quod
1100 3029 1170 3110 plus
1193 3029 1296 3091 valeat
1317 3029 1358 3091 ad
1381 3031 1563 3113 ponendum
1587 3031 1739 3106 dolorem,

412 3146 506 3212 quam
530 3145 602 3188 cum
626 3132 674 3186 est
693 3123 889 3185 intellectum
912 3123 955 3184 nil
978 3122 1088 3205 profici
1105 3131 1136 3184 et
1151 3121 1266 3185 trustra
1281 3143 1350 3186 esse
1367 3128 1573 3207 susceptum?
1597 3125 1629 3187 Si
1645 3125 1741 3207 igitur

411 3220 528 3305 deponi
552 3225 667 3301 potest,
690 3218 784 3280 etiam
808 3237 871 3278 non
895 3218 1014 3298 suscipi
1037 3224 1155 3299 potest:
1178 3216 1338 3279 voluntate
1361 3218 1457 3300 igitur
1479 3227 1510 3280 et
1532 3219 1650 3281 iudicio
1672 3229 1777 3279 sus-ao

411 3315 472 3398 cipi
495 3311 725 3396 aegritudinem
749 3310 960 3373 confitendum
985 3319 1039 3372 est.
1073 3308 1124 3371 67.
1147 3310 1246 3393 quue
1270 3312 1427 3374 indicatur
1449 3333 1557 3375 eorum
1577 3313 1740 3396 patientia,

413 3410 465 3492 qni
488 3428 561 3471 curn
584 3405 682 3468 multa
704 3406 767 3467 sint
788 3424 883 3486 saepe
906 3405 1062 3486 perpessi,
1085 3403 1209 3466 facilius
1232 3405 1338 3467 ierunt
1360 3406 1512 3489 quicquid
1538 3406 1661 3479 accidit,
1684 3406 1740 3467 ob-

412 3502 622 3583 duruisseque
639 3500 699 3561 iam
716 3518 785 3561 sese
801 3508 909 3561 contra
922 3499 1080 3560 fortunam
1096 3495 1297 3571 arbitrantur,
1321 3509 1355 3562 ut
1370 3500 1424 3561 ille
1440 3499 1523 3583 apud
1538 3499 1740 3582 Euripidem:

580 3595 619 3656 Si
643 3593 740 3656 mihi
763 3613 862 3654 nunc
885 3592 1010 3654 tristis
1033 3594 1194 3675 primum
1216 3592 1433 3657 inluxisset
1456 3593 1543 3657 dies

579 3690 657 3751 Nec
681 3695 758 3749 tam
781 3707 1022 3749 aerumnoso
1046 3686 1335 3768 navigavissem
1358 3689 1458 3762 salo,
1749 3700 1779 3745 aa

578 3784 696 3845 Esset
719 3780 884 3843 dolendi
908 3800 1040 3854 cansa,
1066 3789 1105 3843 ut
1126 3781 1278 3843 iniecto
1302 3782 1435 3844 eculei

580 3879 704 3939 Frena
726 3863 896 3958 r'epente
919 3883 1026 3938 tactu
1050 3876 1316 3957 exagitantur
1338 3894 1454 3949 novo;

581 3970 660 4032 Sed
683 3970 757 4031 iam
782 3970 969 4031 subactus
992 3970 1167 4032 miseriis
1191 3970 1387 4053 optorpui.

412 4064 601 4147 beietigatio
630 4064 726 4146 igitur
756 4065 950 4126 miseriarum
974 4063 1187 4144 aegritudines
1210 4084 1280 4125 eum
1303 4062 1396 4125 iaciat
1419 4063 1571 4137 leniores,
1598 4064 1739 4147 intellegi

413 4180 541 4225 necesse
564 4167 614 4221 est
636 4180 699 4219 non
722 4179 786 4220 rem
810 4160 909 4239 ipsam
931 4177 1056 4218 causam
1073 4167 1168 4240 atque
1184 4157 1300 4219 fontem
1317 4178 1387 4219 esse
1404 4160 1563 4219 maeroris.
1596 4158 1646 4220 68.
1669 4160 1778 4222 Phi-no

413 4253 537 4337 losophi
561 4253 675 4314 summi
703 4251 882 4336 nequedum
905 4261 1008 4312 tamen
1032 4252 1219 4332 sapientiam
1242 4252 1402 4314 consecuti
1427 4272 1531 4313 nonne
1553 4253 1741 4333 intellegunt

412 4350 443 4411 in
464 4366 589 4410 summo
612 4366 646 4407 se
669 4346 751 4408 malo
774 4349 865 4407 esse‘?
896 4346 975 4406 Sunt
998 4347 1080 4406 enim
1098 4346 1297 4425 insipientes,
1321 4366 1423 4428 neque
1442 4347 1623 4428 insipientia
1641 4348 1740 4409 ullum

413 4443 511 4505 maius
536 4438 652 4500 malum
676 4449 739 4513 est;
762 4459 866 4522 neque
890 4448 993 4500 tamen
1017 4439 1134 4519 lugent.
1168 4439 1250 4512 Quid
1276 4441 1342 4500 ital
1367 4440 1449 4513 Quia
1464 4440 1538 4503 buic
1555 4444 1659 4522 generi
1677 4464 1740 4504 ma-

413 4536 512 4599 lorum
535 4554 600 4596 non
623 4531 792 4614 adtingitur
814 4535 866 4596 illa
890 4535 1014 4615 opinio,
1041 4541 1159 4594 rectum
1184 4553 1252 4594 esse
1276 4541 1306 4595 et
1328 4553 1464 4615 aequum
1488 4535 1578 4596 etad
1602 4533 1740 4598 officium

412 4631 570 4714 pertinere
594 4647 687 4709 aegre
710 4628 805 4701 t'erre,
830 4628 915 4711 quod
939 4629 1063 4708 sapiens
1088 4648 1149 4687 non
1173 4628 1232 4699 sis,
1256 4627 1342 4709 quod
1364 4629 1446 4689 idem
1464 4628 1652 4709 adfingimus
1667 4630 1778 4691 hnicu

412 4722 618 4806 aegritudini,
642 4723 673 4782 in
697 4741 757 4803 qua
782 4723 884 4784 luctus
907 4723 1004 4793 inest,
1029 4740 1110 4802 quae
1134 4721 1272 4782 omnnium
1297 4742 1442 4783 maxuma
1459 4730 1516 4783 est.
1556 4720 1606 4783 69.
1630 4724 1740 4805 ltaque

411 4817 596 4881 Aristoteles
614 4824 733 4876 veteres
755 4816 960 4898 philosophos
976 4835 1136 4887 accusans,
1154 4817 1209 4896 qui
1224 4816 1490 4877 existimavissent
1507 4813 1740 4898 philosophiam

410 4912 476 4977 suis
499 4911 636 4992 ingeniis
659 4929 727 4970 esse
753 4909 936 4990 perlectam,
964 4909 1008 4969 ait
1038 4928 1093 4969 eos
1117 4917 1171 4969 aul
1194 4910 1395 4970 stultissimos
1419 4919 1471 4970 ant
1494 4910 1740 4990 gloriosissimos

409 5004 524 5077 fuisse,
556 5003 612 5065 sed
644 5024 678 5063 se
707 5003 827 5075 videre,
859 5003 943 5085 qnod
974 5005 1080 5084 patrois
1110 5004 1200 5063 annis
1232 5023 1343 5084 magna
1374 5005 1513 5065 accessio
1536 5003 1617 5065 laeta
1639 5013 1741 5078 esset,

409 5098 498 5161 brevi
521 5107 664 5178 tempore
693 5097 926 5179 philosophiam
951 5097 1041 5178 plane
1064 5098 1239 5159 absolutam
1262 5098 1339 5159 lore.
1373 5099 1609 5181 Theophrastus
1637 5106 1779 5161 autemtt)

476 5381 500 5428 b.
520 5379 635 5427 camales
652 5379 795 5427 llanutius:
816 5379 922 5425 carentis
935 5379 970 5430 θ’,
991 5378 1017 5425 cl
1039 5378 1113 5426 llom.
1130 5376 1155 5425 ll.
1173 5378 1211 5434 ⁴9,
1226 5377 1273 5425 aas
1286 5391 1325 5440 sq.
1343 5403 1366 5411 -
1382 5378 1421 5425 u,
1436 5379 1476 5425 cui
1494 5393 1541 5426 non
1553 5381 1667 5439 porsennae
1679 5393 1742 5427 cura

407 5463 432 5507 et
451 5456 609 5518 aegritudine
625 5458 762 5502 semiannis
780 5454 847 5501 Bake
866 5452 882 5500 l.
898 5452 913 5500 Ι.
933 5467 958 5515 ρ.
973 5452 1010 5501 el.
1028 5480 1048 5488 ο
1072 5459 1095 5500 et
1112 5466 1165 5500 om.
1181 5454 1214 5502 C.
1235 5453 1298 5500 Vide
1319 5466 1350 5501 ne
1369 5455 1533 5515 aegritndim's
1550 5454 1679 5515 glossema
1698 5456 1740 5503 sit.

410 5558 437 5569 -
461 5531 500 5578 tt.
514 5531 627 5580 GnGlt
643 5556 667 5564 -
690 5530 727 5577 tl.
747 5535 798 5575 tum
817 5529 886 5574 aliun
905 5530 923 5575 0
944 5554 968 5561 -
992 5529 1029 5577 lb.
1049 5528 1079 5575 iis
1097 5529 1129 5575 Ο.
1152 5529 1234 5577 «Cum
1252 5532 1379 5589 sequntur
1397 5543 1411 5577 e
1430 5532 1561 5578 contrario
1580 5531 1692 5590 positum
1711 5528 1742 5576 ab

408 5605 517 5668 captasti
534 5606 599 5663 uiro,
619 5618 649 5653 er
669 5605 818 5666 Arrlietypo
837 5601 977 5664 legendum
997 5605 1036 5650 est
1053 5603 1115 5652 bis.»
1135 5602 1175 5649 W.
1203 5601 1240 5650 Cf.
1260 5602 1274 5664 3
1293 5603 1335 5649 Ἡε
1356 5606 1420 5665 quod
1438 5605 1482 5653 alii
1494 5629 1544 5662 --,
1563 5605 1588 5652 ta
1605 5604 1629 5648 bi
1647 5606 1697 5651 eet.
1714 5630 1740 5640 -

409 5682 452 5730 tl.
471 5680 504 5728 ab
519 5681 627 5741 sapienti
644 5681 697 5728 uiro
714 5679 837 5741 Bentley:
857 5694 888 5727 ac
904 5680 1027 5738 sapientia
1044 5692 1105 5725 uara
1124 5679 1142 5725 C
1163 5705 1188 5712 -
1211 5678 1247 5724 ss.
1270 5678 1330 5725 nillil
1347 5679 1404 5726 0-
1425 5680 1455 5726 tt
1483 5679 1565 5739 serant
1583 5678 1602 5724 C
1619 5702 1643 5710 -
1663 5677 1741 5725 obdu·

406 5756 538 5815 fuisseque
560 5757 611 5803 iam
633 5754 796 5817 Tregderus:
820 5756 964 5802 obduruisse
985 5767 1061 5812 quam
1079 5754 1113 5807 Ως
1139 5752 1365 5813 obduruissequcO
1386 5779 1412 5786 -
1438 5754 1477 5800 tb.
1497 5754 1654 5812 nauigassem
1673 5754 1691 5801 C
1713 5781 1738 5789 —

407 5831 453 5882 28.
465 5830 591 5879 subiactm
602 5832 621 5878 G
632 5830 665 5882 B;
684 5831 803 5879 subiectus
816 5832 834 5878 u
851 5856 876 5863 -
891 5829 930 5877 ἓξ).
943 5830 1125 5891 nesattpauou
1140 5855 1162 5861 —
1180 5828 1211 5876 30
1233 5835 1308 5890 atquc
1319 5842 1422 5875 caussam
1433 5828 1467 5879 ὼ
1487 5825 1555 5874 delet
1570 5827 1674 5876 Dobree
1688 5829 1741 5877 ld-

408 5918 483 5955 vers.
497 5906 518 5953 ll
537 5918 562 5969 p.
576 5904 632 5953 373.
650 5931 676 5940 -
697 5905 736 5953 31.
756 5918 833 5965 neque
849 5904 956 5951 nondum
975 5905 993 5952 C
1014 5930 1040 5938 -
1061 5904 1100 5952 37.
1120 5904 1271 5962 Aristoteles,
1290 5910 1381 5950 veteres
1396 5902 1436 5962 ph.
1452 5914 1581 5953 accusans.
1601 5904 1636 5950 ait
1653 5916 1692 5950 eos
1704 5930 1740 5941 --

407 5983 503 6047 μιν,
522 5982 566 6044 qut
582 5982 788 6030 metamaucus
800 6007 836 6016 --
844 5980 994 6043 perfectam:
1012 5981 1053 6029 scd
1070 5993 1095 6028 sa
1111 5980 1193 6029 nituere
1204 6005 1240 6016 ·-
1252 5979 1391 6027 absolutam
1405 5979 1460 6041 sore
1478 5978 1625 6027 Lactantius
1643 5979 1684 6040 lll,
1698 5978 1738 6029 28.
