4342 7459
608 1860 614 1864 ‚
856 1745 1325 1840 4444444444444444

510 2084 514 2091 ,
645 1959 991 2062 caro
1102 1955 1531 2083 4444444

401 2142 420 2164 ”
580 2163 605 2256 ”.
914 2186 972 2252 nu
995 2147 1270 2260 4444444444
1308 2261 1311 2265 Α

641 2336 644 2340 ’
728 2387 790 2444 nx
808 2380 1125 2444 mensuramus
1145 2379 1305 2441 4444444
1321 2378 1481 2441 rrarnnv
1556 2354 1559 2358 ’

927 2794 1113 2856 NOTARUM
1131 2792 1260 2854 INDEX.

430 2949 450 2999 u
469 2961 499 2986 =
515 2947 600 2998 codex
617 2945 662 2997 lat.
681 2948 848 2999 lisuncensis
870 2946 951 3008 4644,
978 2946 1041 2997 olim
1058 2944 1341 3006 benedictoburanus,
1367 2957 1439 2997 saec.
1457 2944 1519 3005 x11,
1546 2942 1658 2995 collatus
1675 2944 1711 2996 ab
1729 2948 1761 2997 ,4.

560 3030 739 3083 fleckeiseno.

429 3117 450 3169 E
466 3128 496 3153 =
513 3115 597 3166 codex
614 3115 788 3176 Eriurtensis,
809 3114 920 3166 collatus
936 3114 971 3165 ab
989 3114 1036 3165 Ed.
1050 3114 1197 3166 Wundero.

429 3202 441 3251 l
464 3217 495 3241 =
511 3199 596 3250 codex
613 3196 658 3250 lat.
671 3200 837 3251 Monacensis
854 3200 927 3259 taos,
946 3198 1009 3250 olim
1020 3198 1267 3260 inderedorliensis,
1283 3209 1355 3249 saec.
1369 3197 1438 3258 xlll,
1452 3194 1561 3249 collatus
1577 3197 1634 3248 ac.
1646 3195 1761 3248 Halmio.

430 3286 499 3335 ll:
515 3283 692 3348 fragmentum
714 3285 810 3334 vetusti
828 3282 927 3334 codicis
944 3283 1103 3346 bernensis,
1133 3282 1266 3345 alligatum
1288 3280 1373 3331 codici
1395 3294 1469 3332 num.
1490 3281 1554 3342 404,
1582 3280 1707 3332 collatum
1726 3280 1762 3332 ab

559 3369 582 3418 J.
602 3370 632 3418 G.
650 3368 764 3418 Baitero.

429 3456 495 3505 1³=
512 3452 596 3503 codex
613 3453 747 3502 Parisinus
764 3450 841 3511 6334,
864 3465 936 3502 4444.
955 3453 990 3512 ll,
1014 3452 1111 3501 iterum
1130 3449 1240 3502 collatus
1257 3450 1292 3501 ab
1310 3451 1341 3500 44.
1355 3448 1445 3501 lleilio.

429 3539 497 3589 ll=
513 3537 599 3587 codex
616 3537 823 3600 llbenaugiensis
841 3537 902 3598 444,
925 3549 997 3586 saec.
1015 3536 1073 3595 Xll,
1100 3534 1211 3586 collatus
1229 3549 1244 3586 a
1263 3537 1291 3586 C.
1306 3534 1418 3586 Halmio.

430 3623 447 3672 S
466 3620 597 3672 :codex
616 3620 659 3669 lat.
678 3621 844 3670 Monacensis
862 3620 957 3679 45964,
977 3618 1039 3670 olim
1057 3620 1212 3670 monasterii
1229 3618 1436 3684 salisburgensis
1453 3619 1486 3670 ad
1504 3621 1530 3670 S.
1544 3622 1666 3681 Petrum,
1686 3633 1761 3671 saec.

560 3707 603 3766 ill,
621 3702 731 3755 collatus
749 3705 783 3754 ab
800 3707 830 3755 A.
850 3702 1028 3754 Fleckeiseno.

430 3791 450 3842 C
467 3805 498 3830 =
514 3802 609 3840 ornnes
626 3787 686 3838 libri
702 3789 864 3853 superiores.

429 3874 450 3925 0
466 3888 496 3913 =
513 3874 592 3925 editio
610 3872 748 3924 Orelllaua.

495 3972 636 4021 Praeterea
653 3967 687 4017 ad
704 3980 799 4017 manus
815 3968 893 4016 eraut
908 3964 1036 4017 lectiones
1053 3965 1177 4017 codicum
1188 3966 1316 4029 Augustei
1333 3967 1374 4023 bt,
1388 3968 1428 4026 44,
1447 3964 1509 4017 olim
1527 3964 1710 4027 lindesiensis,
1728 3980 1764 4018 ex

429 4052 591 4105 bibliotheca
609 4049 862 4111 Wnllenbultelana,
882 4051 1102 4114 Duisburgensis,
1121 4052 1166 4114 qui
1184 4065 1254 4101 nunc
1272 4054 1313 4100 444
1328 4051 1488 4113 bonnensis,
1512 4049 1621 4101 Gudiani
1638 4051 1761 4113 secundi,

430 4137 600 4198 oehlereani,
618 4137 652 4187 ab
670 4140 699 4188 Α.
715 4137 883 4188 Fleckeiseno
901 4135 1113 4198 diligentissima,
1133 4139 1162 4185 ut
1178 4134 1258 4197 solet,
1277 4138 1435 4199 exscriptae.

1001 4317 1189 4330 ’.ι-η

516 4481 539 4542 1.
563 4475 591 4541 l.
615 4478 642 4540 0
665 4479 772 4552 Tite,
802 4479 836 4540 si
864 4477 957 4561 quid
984 4485 1022 4540 te
1049 4476 1219 4540 adiuero
1248 4498 1430 4542 curamve
1457 4479 1632 4553 levasso,

615 4572 722 4648 Quae
746 4592 844 4634 nunc
869 4580 904 4634 44
927 4572 1067 4655 coquit
1089 4579 1285 4635 44444444
1307 4574 1345 4636 in
1368 4582 1531 4657 pectore
1553 4574 1652 4647 lixa,

614 4667 769 4749 Ecquid
798 4673 886 4729 erat
911 4666 1084 4747 praemit

518 4764 606 4826 Licet
627 4762 712 4824 enim
735 4761 812 4825 mibi
836 4760 979 4823 versibus
1002 4760 1122 4822 eisdem
1144 4760 1245 4824 adfari
1268 4770 1316 4836 te,
1343 4764 1462 4836 Attica,
1494 4763 1608 4847 quibus
1636 4764 1764 4828 adfatur

405 4857 642 4927 nFlamininum

499 5090 635 5138 4444444444
652 5102 724 5138 444444.
758 5089 856 5139 lucrare
872 5087 912 5139 ani
930 5102 1040 5140 4444444.
1059 5101 1240 5140 44444444444
1257 5092 1285 5150 Ρ,
1308 5103 1327 5138 u
1344 5101 1424 5138 444444
1440 5102 1570 5141 4444444444
1587 5104 1647 5141 curo
1663 5106 1764 5144 rncmr

433 5166 464 5223 S,
494 5165 584 5213 Tattius
605 5166 634 5213 de
655 5169 776 5213 senectute
799 5166 832 5217 li.
859 5167 943 5214 444444
960 5177 1037 5214 444444
1055 5177 1194 5215 4444444444.
1214 5177 1275 5214 4444
1291 5177 1376 5213 aaron.
1395 5176 1604 5224 essecestram
1629 5170 1651 5225 4,
1677 5169 1764 5219 Marci

432 5240 497 5289 tullii
520 5241 641 5289 ciceronis
663 5240 692 5288 de
713 5244 835 5289 senectute
855 5240 916 5288 tiber
937 5240 1024 5301 incipit
1044 5239 1111 5289 Gud.
1125 5240 1154 5298 4,
1181 5240 1263 5288 Marci
1282 5239 1354 5288 Tullii
1370 5238 1494 5289 Ciceronis
1510 5241 1540 5289 de
1556 5241 1682 5291 Senectute
1700 5242 1763 5292 iiber

433 5317 521 5378 insipit
536 5316 641 5379 [44444444
658 5314 732 5364 04444.

501 5393 523 5440 4.
544 5392 563 5439 0
583 5390 639 5454 lite]
656 5391 735 5440 Attice
751 5390 785 5447 44,
810 5390 859 5438 Tite
876 5390 895 5439 E
914 5391 938 5438 in
957 5403 1008 5439 ras.
1028 5415 1055 5424 —
1081 5391 1161 5451 quill
1184 5393 1210 5438 et
1226 5390 1265 5439 sic
1283 5390 1337 5439 lere
1355 5402 1464 5453 semper
1486 5416 1513 5426 -
1541 5396 1563 5441 te
1582 5394 1613 5442 P:
1640 5406 1684 5456 eqo
1703 5392 1760 5445 rell.

434 5469 486 5518 mei
504 5467 562 5516 440
581 5492 608 5502 -
627 5468 751 5515 adiuuere
770 5467 795 5525 Ρ,
814 5467 878 5515 item
892 5466 920 5524 Ε,
939 5465 986 5514 444
1001 5479 1032 5514 ex
1045 5478 1126 5524 corr,
1144 5465 1232 5514 adiuto
1250 5467 1350 5525 lillis,
1370 5467 1460 5514 adiuro
1478 5466 1498 5515 0
1514 5490 1548 5503 -
1564 5467 1681 5516 44444444
1698 5465 1760 5517 lect.

433 5557 458 5591 4.
473 5545 530 5592 4444)
549 5569 575 5578 -
595 5543 619 5592 4.
639 5547 661 5592 le
677 5554 744 5590 nunc
761 5541 780 5589 44
800 5566 826 5575 -
845 5548 964 5589 uersatur
977 5542 1101 5604 pectorel
1124 5567 1149 5576 -
1166 5541 1243 5602 4444444
1261 5542 1280 5590 u
1299 5565 1325 5575 —
1350 5544 1410 5603 post
1424 5544 1481 5604 tica
1497 5546 1538 5591 est
1555 5543 1580 5592 in
1598 5543 1658 5591 4445
1674 5548 1697 5590 44
1710 5555 1763 5602 quo

434 5618 579 5680 4444444444
596 5643 621 5653 -
649 5616 673 5667 3.
692 5616 780 5676 ecquid
796 5617 877 5666 lus:
896 5622 919 5666 et
936 5618 996 5680 quid
1013 5616 1061 5666 BE
1082 5644 1109 5654 -
1126 5617 1234 5678 proemii
1251 5617 1313 5678 llE,
1336 5619 1432 5679 praecii
1450 5618 1473 5677 1,
1494 5618 1574 5679 precii
1591 5617 1649 5674 Bs;
1674 5618 1763 5679 ecquid

668 5703 695 5735 444

434 5764 455 5800 4.
468 5765 509 5812 nr.
529 5763 581 5801 om.
597 5749 638 5810 P¹;
663 5754 686 5799 44
703 5749 764 5811 quid
780 5749 827 5798 erit
844 5750 951 5811 praeno
968 5746 998 5799 1³²
1014 5750 1039 5799 in
1053 5761 1136 5811 marg.
1151 5774 1178 5783 -
1198 5746 1222 5798 l.
1235 5750 1327 5799 iisdem
1342 5749 1454 5799 uersibus
1470 5750 1499 5809 lt,
1517 5755 1541 5799 44
1556 5748 1668 5799 4444444444
1683 5748 1761 5799 4444444

435 5845 513 5907 efferi
529 5858 543 5894 o
560 5846 660 5895 4444444
681 5872 707 5881 -
731 5847 756 5896 d.
774 5845 916 5909 flaminium
934 5844 986 5904 lil,
1008 5844 1177 5907 flamminium
1193 5843 1222 5894 44.
