<?xml version="1.0" encoding="UTF-8"?>
<!DOCTYPE html PUBLIC "-//W3C//DTD XHTML 1.0 Transitional//EN"
    "http://www.w3.org/TR/xhtml1/DTD/xhtml1-transitional.dtd">
<html xmlns="http://www.w3.org/1999/xhtml" xml:lang="en" lang="en">
 <head>
  <title>
</title>
<meta http-equiv="Content-Type" content="text/html;charset=utf-8" />
  <meta name='ocr-system' content='tesseract 3.04.00' />
  <meta name='ocr-capabilities' content='ocr_page ocr_carea ocr_par ocr_line ocrx_word'/>
</head>
<body>
  <div class='ocr_page' id='page_1' title='image "./operaquaesupers00halmgoog/operaquaesupers00halmgoog_0328.png"; bbox 0 0 4342 7459; ppageno 0'>
   <div class='ocr_carea' id='block_1_1' title="bbox 439 1244 1447 1316">
    <p class='ocr_par' dir='ltr' id='par_1_1' title="bbox 439 1244 1447 1316">
     <span class='ocr_line' id='line_1_1' title="bbox 439 1244 1447 1316; baseline 0.007 -7"><span class='ocrx_word' id='word_1_1' title='bbox 439 1244 502 1313; x_wconf 78' lang='grc'><strong>342</strong></span> <span class='ocrx_word' id='word_1_2' title='bbox 771 1248 1096 1315; x_wconf 74' lang='lat' dir='ltr'><strong>ruscvmaaautt</strong></span> <span class='ocrx_word' id='word_1_3' title='bbox 1117 1249 1447 1316; x_wconf 70' lang='lat' dir='ltr'>DISPUTATIONUH</span> 
     </span>
    </p>
   </div>
   <div class='ocr_carea' id='block_1_2' title="bbox 343 1409 1838 1599">
    <p class='ocr_par' dir='ltr' id='par_1_2' title="bbox 343 1409 1838 1599">
     <span class='ocr_line' id='line_1_2' title="bbox 343 1409 1774 1497; baseline 0 -21"><span class='ocrx_word' id='word_1_4' title='bbox 343 1440 344 1443; x_wconf 40' lang='lat'>¹</span> <span class='ocrx_word' id='word_1_5' title='bbox 439 1411 604 1476; x_wconf 80' lang='lat' dir='ltr'>iracundia</span> <span class='ocrx_word' id='word_1_6' title='bbox 626 1412 750 1489; x_wconf 90' lang='lat' dir='ltr'><strong>dicitur,</strong></span> <span class='ocrx_word' id='word_1_7' title='bbox 772 1432 855 1497; x_wconf 86' lang='lat' dir='ltr'><strong>quae</strong></span> <span class='ocrx_word' id='word_1_8' title='bbox 877 1412 917 1477; x_wconf 86' lang='lat' dir='ltr'><strong>ab</strong></span> <span class='ocrx_word' id='word_1_9' title='bbox 937 1413 985 1477; x_wconf 92' lang='lat' dir='ltr'><strong>ira</strong></span> <span class='ocrx_word' id='word_1_10' title='bbox 1000 1411 1121 1488; x_wconf 80' lang='lat' dir='ltr'><strong>differt,</strong></span> <span class='ocrx_word' id='word_1_11' title='bbox 1143 1418 1255 1495; x_wconf 90' lang='lat' dir='ltr'><strong>estque</strong></span> <span class='ocrx_word' id='word_1_12' title='bbox 1270 1410 1358 1474; x_wconf 89' lang='lat' dir='ltr'><strong>aliud</strong></span> <span class='ocrx_word' id='word_1_13' title='bbox 1373 1409 1559 1475; x_wconf 91' lang='lat' dir='ltr'><strong>iracundum</strong></span> <span class='ocrx_word' id='word_1_14' title='bbox 1573 1429 1662 1486; x_wconf 86' lang='grc'>6666,</span> <span class='ocrx_word' id='word_1_15' title='bbox 1683 1411 1774 1476; x_wconf 88' lang='lat' dir='ltr'><strong>aliod</strong></span> 
     </span>
     <span class='ocr_line' id='line_1_3' title="bbox 441 1503 1838 1599; baseline 0.002 -30"><span class='ocrx_word' id='word_1_16' title='bbox 441 1507 628 1581; x_wconf 89' lang='lat' dir='ltr'><strong>iratum,ut</strong></span> <span class='ocrx_word' id='word_1_17' title='bbox 649 1506 756 1571; x_wconf 83' lang='lat' dir='ltr'><strong>differt</strong></span> <span class='ocrx_word' id='word_1_18' title='bbox 777 1508 921 1571; x_wconf 76' lang='lat' dir='ltr'><strong>anxietas</strong></span> <span class='ocrx_word' id='word_1_19' title='bbox 944 1506 983 1569; x_wconf 88' lang='lat' dir='ltr'><strong>ab</strong></span> <span class='ocrx_word' id='word_1_20' title='bbox 1005 1523 1141 1588; x_wconf 89' lang='lat' dir='ltr'><strong>angorc;</strong></span> <span class='ocrx_word' id='word_1_21' title='bbox 1164 1524 1269 1589; x_wconf 90' lang='lat' dir='ltr'><strong>neque</strong></span> <span class='ocrx_word' id='word_1_22' title='bbox 1292 1503 1501 1567; x_wconf 87' lang='lat' dir='ltr'><strong>enimomnes</strong></span> <span class='ocrx_word' id='word_1_23' title='bbox 1521 1506 1624 1582; x_wconf 85' lang='lat' dir='ltr'><strong>auxii,</strong></span> <span class='ocrx_word' id='word_1_24' title='bbox 1646 1507 1774 1591; x_wconf 87' lang='lat' dir='ltr'><strong>quian-</strong></span> <span class='ocrx_word' id='word_1_25' title='bbox 1829 1582 1838 1599; x_wconf 97' lang='lat'><strong>.</strong></span> 
     </span>
    </p>
   </div>
   <div class='ocr_carea' id='block_1_3' title="bbox 400 1598 1772 3653">
    <p class='ocr_par' dir='ltr' id='par_1_3' title="bbox 400 1598 1772 3653">
     <span class='ocr_line' id='line_1_4' title="bbox 440 1598 1771 1684; baseline 0.002 -21"><span class='ocrx_word' id='word_1_26' title='bbox 440 1609 557 1684; x_wconf 92' lang='lat' dir='ltr'><strong>guntur</strong></span> <span class='ocrx_word' id='word_1_27' title='bbox 577 1599 768 1684; x_wconf 90' lang='lat' dir='ltr'><strong>aliquando,</strong></span> <span class='ocrx_word' id='word_1_28' title='bbox 791 1621 864 1676; x_wconf 92' lang='lat' dir='ltr'><strong>nec,</strong></span> <span class='ocrx_word' id='word_1_29' title='bbox 887 1601 944 1684; x_wconf 91' lang='lat' dir='ltr'><strong>qui</strong></span> <span class='ocrx_word' id='word_1_30' title='bbox 965 1600 1065 1674; x_wconf 86' lang='lat' dir='ltr'><strong>anxii,</strong></span> <span class='ocrx_word' id='word_1_31' title='bbox 1088 1619 1214 1684; x_wconf 89' lang='lat' dir='ltr'><strong>semper</strong></span> <span class='ocrx_word' id='word_1_32' title='bbox 1236 1603 1404 1681; x_wconf 77' lang='lat' dir='ltr'><strong>angsmtur,</strong></span> <span class='ocrx_word' id='word_1_33' title='bbox 1427 1605 1463 1661; x_wconf 88' lang='lat' dir='ltr'><strong>ut</strong></span> <span class='ocrx_word' id='word_1_34' title='bbox 1483 1598 1566 1661; x_wconf 88' lang='lat' dir='ltr'><strong>inter</strong></span> <span class='ocrx_word' id='word_1_35' title='bbox 1587 1600 1771 1665; x_wconf 89' lang='lat' dir='ltr'><strong>ebrietatem</strong></span> 
     </span>
     <span class='ocr_line' id='line_1_5' title="bbox 439 1690 1772 1777; baseline 0.001 -20"><span class='ocrx_word' id='word_1_36' title='bbox 439 1701 472 1758; x_wconf 91' lang='lat' dir='ltr'><strong>et</strong></span> <span class='ocrx_word' id='word_1_37' title='bbox 498 1693 713 1758; x_wconf 75' lang='lat' dir='ltr'><strong>ebriositatem</strong></span> <span class='ocrx_word' id='word_1_38' title='bbox 740 1696 890 1770; x_wconf 87' lang='lat' dir='ltr'><strong>interest,</strong></span> <span class='ocrx_word' id='word_1_39' title='bbox 918 1693 1071 1777; x_wconf 77' lang='lat' dir='ltr'><strong>aliudque</strong></span> <span class='ocrx_word' id='word_1_40' title='bbox 1101 1701 1149 1757; x_wconf 91' lang='lat' dir='ltr'><strong>est</strong></span> <span class='ocrx_word' id='word_1_41' title='bbox 1177 1698 1348 1756; x_wconf 89' lang='lat' dir='ltr'><strong>amatorem</strong></span> <span class='ocrx_word' id='word_1_42' title='bbox 1379 1711 1464 1766; x_wconf 88' lang='lat' dir='ltr'><strong>esse,</strong></span> <span class='ocrx_word' id='word_1_43' title='bbox 1493 1690 1580 1755; x_wconf 91' lang='lat' dir='ltr'><strong>aliud</strong></span> <span class='ocrx_word' id='word_1_44' title='bbox 1602 1701 1772 1758; x_wconf 77' lang='lat' dir='ltr'><strong>amantem.</strong></span> 
     </span>
     <span class='ocr_line' id='line_1_6' title="bbox 415 1782 1772 1871; baseline -0.001 -20"><span class='ocrx_word' id='word_1_45' title='bbox 415 1784 490 1851; x_wconf 76' lang='lat'><strong>⁶28.</strong></span> <span class='ocrx_word' id='word_1_46' title='bbox 510 1789 621 1871; x_wconf 80' lang='lat' dir='ltr'><strong>Atque·</strong></span> <span class='ocrx_word' id='word_1_47' title='bbox 636 1786 716 1851; x_wconf 90' lang='lat' dir='ltr'><strong>baec</strong></span> <span class='ocrx_word' id='word_1_48' title='bbox 737 1788 871 1853; x_wconf 86' lang='lat' dir='ltr'><strong>aliorum</strong></span> <span class='ocrx_word' id='word_1_49' title='bbox 892 1788 933 1853; x_wconf 91' lang='lat' dir='ltr'><strong>ad</strong></span> <span class='ocrx_word' id='word_1_50' title='bbox 955 1788 1034 1851; x_wconf 87' lang='lat' dir='ltr'><strong>alios</strong></span> <span class='ocrx_word' id='word_1_51' title='bbox 1057 1788 1185 1850; x_wconf 85' lang='lat' dir='ltr'>morbos</span> <span class='ocrx_word' id='word_1_52' title='bbox 1207 1782 1389 1870; x_wconf 72' lang='lat' dir='ltr'><strong>proclivitas</strong></span> <span class='ocrx_word' id='word_1_53' title='bbox 1404 1784 1468 1848; x_wconf 91' lang='lat' dir='ltr'><strong>late</strong></span> <span class='ocrx_word' id='word_1_54' title='bbox 1484 1792 1588 1868; x_wconf 88' lang='lat' dir='ltr'><strong>patet;</strong></span> <span class='ocrx_word' id='word_1_55' title='bbox 1610 1805 1683 1850; x_wconf 91' lang='lat' dir='ltr'><strong>nam</strong></span> <span class='ocrx_word' id='word_1_56' title='bbox 1698 1807 1772 1871; x_wconf 87' lang='lat' dir='ltr'><strong>per-</strong></span> 
     </span>
     <span class='ocr_line' id='line_1_7' title="bbox 438 1877 1772 1965; baseline 0.001 -21"><span class='ocrx_word' id='word_1_57' title='bbox 438 1883 517 1945; x_wconf 83' lang='lat' dir='ltr'><strong>tinet</strong></span> <span class='ocrx_word' id='word_1_58' title='bbox 537 1881 577 1944; x_wconf 88' lang='lat' dir='ltr'><strong>ad</strong></span> <span class='ocrx_word' id='word_1_59' title='bbox 599 1901 709 1946; x_wconf 90' lang='lat' dir='ltr'><strong>omnes</strong></span> <span class='ocrx_word' id='word_1_60' title='bbox 730 1882 998 1965; x_wconf 79' lang='lat' dir='ltr'><strong>perturbationes:</strong></span> <span class='ocrx_word' id='word_1_61' title='bbox 1020 1880 1053 1944; x_wconf 90' lang='lat' dir='ltr'><strong>in</strong></span> <span class='ocrx_word' id='word_1_62' title='bbox 1076 1881 1183 1945; x_wconf 91' lang='lat' dir='ltr'><strong>multis</strong></span> <span class='ocrx_word' id='word_1_63' title='bbox 1205 1878 1302 1943; x_wconf 88' lang='lat' dir='ltr'><strong>etiam</strong></span> <span class='ocrx_word' id='word_1_64' title='bbox 1317 1877 1403 1941; x_wconf 88' lang='lat' dir='ltr'><strong>vitiis</strong></span> <span class='ocrx_word' id='word_1_65' title='bbox 1417 1887 1559 1962; x_wconf 87' lang='lat' dir='ltr'><strong>apparet,</strong></span> <span class='ocrx_word' id='word_1_66' title='bbox 1581 1878 1638 1942; x_wconf 91' lang='lat' dir='ltr'><strong>sed</strong></span> <span class='ocrx_word' id='word_1_67' title='bbox 1653 1899 1772 1945; x_wconf 86' lang='lat' dir='ltr'><strong>nomen</strong></span> 
     </span>
     <span class='ocr_line' id='line_1_8' title="bbox 438 1967 1772 2059; baseline -0.001 -20"><span class='ocrx_word' id='word_1_68' title='bbox 438 1994 489 2039; x_wconf 88' lang='lat' dir='ltr'><strong>res</strong></span> <span class='ocrx_word' id='word_1_69' title='bbox 510 1995 574 2040; x_wconf 92' lang='lat' dir='ltr'><strong>non</strong></span> <span class='ocrx_word' id='word_1_70' title='bbox 594 1974 700 2039; x_wconf 74' lang='lat' dir='ltr'><strong>babet.</strong></span> <span class='ocrx_word' id='word_1_71' title='bbox 734 1978 819 2059; x_wconf 87' lang='lat' dir='ltr'><strong>Ergo</strong></span> <span class='ocrx_word' id='word_1_72' title='bbox 846 1982 878 2039; x_wconf 91' lang='lat' dir='ltr'><strong>et</strong></span> <span class='ocrx_word' id='word_1_73' title='bbox 907 1974 1006 2039; x_wconf 86' lang='lat' dir='ltr'><strong>invidi</strong></span> <span class='ocrx_word' id='word_1_74' title='bbox 1027 1981 1060 2038; x_wconf 92' lang='lat' dir='ltr'><strong>et</strong></span> <span class='ocrx_word' id='word_1_75' title='bbox 1081 1973 1229 2038; x_wconf 82' lang='lat' dir='ltr'><strong>malevoli</strong></span> <span class='ocrx_word' id='word_1_76' title='bbox 1252 1968 1298 2056; x_wconf 91' lang='grc'><strong>[64</strong></span> <span class='ocrx_word' id='word_1_77' title='bbox 1317 1967 1420 2055; x_wconf 89' lang='lat' dir='ltr'><strong>lividi]</strong></span> <span class='ocrx_word' id='word_1_78' title='bbox 1445 1978 1478 2036; x_wconf 91' lang='lat' dir='ltr'><strong>et</strong></span> <span class='ocrx_word' id='word_1_79' title='bbox 1498 1969 1600 2037; x_wconf 88' lang='lat' dir='ltr'><strong>timidi</strong></span> <span class='ocrx_word' id='word_1_80' title='bbox 1622 1978 1654 2036; x_wconf 93' lang='grc'><strong>64</strong></span> <span class='ocrx_word' id='word_1_81' title='bbox 1676 1973 1772 2037; x_wconf 87' lang='lat' dir='ltr'><strong>mise-</strong></span> 
     </span>
     <span class='ocr_line' id='line_1_9' title="bbox 437 2064 1769 2154; baseline 0 -22"><span class='ocrx_word' id='word_1_82' title='bbox 437 2069 592 2145; x_wconf 91' lang='lat' dir='ltr'><strong>ricordes,</strong></span> <span class='ocrx_word' id='word_1_83' title='bbox 614 2069 690 2154; x_wconf 91' lang='lat' dir='ltr'><strong>quia</strong></span> <span class='ocrx_word' id='word_1_84' title='bbox 710 2069 868 2154; x_wconf 88' lang='lat' dir='ltr'><strong>proclives</strong></span> <span class='ocrx_word' id='word_1_85' title='bbox 889 2068 929 2131; x_wconf 85' lang='lat' dir='ltr'><strong>ad</strong></span> <span class='ocrx_word' id='word_1_86' title='bbox 945 2087 999 2132; x_wconf 86' lang='lat' dir='ltr'><strong>eas</strong></span> <span class='ocrx_word' id='word_1_87' title='bbox 1014 2067 1283 2151; x_wconf 81' lang='lat' dir='ltr'><strong>perturbationes,</strong></span> <span class='ocrx_word' id='word_1_88' title='bbox 1307 2085 1371 2128; x_wconf 91' lang='lat' dir='ltr'><strong>non</strong></span> <span class='ocrx_word' id='word_1_89' title='bbox 1387 2065 1462 2150; x_wconf 89' lang='lat' dir='ltr'><strong>quia</strong></span> <span class='ocrx_word' id='word_1_90' title='bbox 1477 2064 1769 2152; x_wconf 78' lang='lat' dir='ltr'><strong>semperlerantur.</strong></span> 
     </span>
     <span class='ocr_line' id='line_1_10' title="bbox 437 2159 1771 2247; baseline 0.001 -20"><span class='ocrx_word' id='word_1_91' title='bbox 437 2163 524 2227; x_wconf 89' lang='lat' dir='ltr'><strong>llaec</strong></span> <span class='ocrx_word' id='word_1_92' title='bbox 551 2162 649 2246; x_wconf 90' lang='lat' dir='ltr'><strong>igitur</strong></span> <span class='ocrx_word' id='word_1_93' title='bbox 677 2164 857 2247; x_wconf 81' lang='lat' dir='ltr'><strong>proclivitas</strong></span> <span class='ocrx_word' id='word_1_94' title='bbox 879 2162 919 2227; x_wconf 91' lang='lat' dir='ltr'><strong>ad</strong></span> <span class='ocrx_word' id='word_1_95' title='bbox 942 2182 1035 2226; x_wconf 89' lang='lat' dir='ltr'><strong>suum</strong></span> <span class='ocrx_word' id='word_1_96' title='bbox 1058 2160 1210 2245; x_wconf 90' lang='lat' dir='ltr'><strong>quodque</strong></span> <span class='ocrx_word' id='word_1_97' title='bbox 1233 2179 1334 2244; x_wconf 91' lang='lat' dir='ltr'><strong>genus</strong></span> <span class='ocrx_word' id='word_1_98' title='bbox 1355 2179 1375 2223; x_wconf 88' lang='lat' dir='ltr'><strong>a</strong></span> <span class='ocrx_word' id='word_1_99' title='bbox 1396 2159 1605 2225; x_wconf 85' lang='lat' dir='ltr'><strong>similitudine</strong></span> <span class='ocrx_word' id='word_1_100' title='bbox 1626 2162 1771 2247; x_wconf 83' lang='lat' dir='ltr'><strong>corporis</strong></span> 
     </span>
     <span class='ocr_line' id='line_1_11' title="bbox 400 2253 1771 2340; baseline 0.003 -24"><span class='ocrx_word' id='word_1_101' title='bbox 400 2256 613 2340; x_wconf 74' lang='lat' dir='ltr'><strong>coaegrotatio</strong></span> <span class='ocrx_word' id='word_1_102' title='bbox 635 2255 772 2333; x_wconf 91' lang='lat' dir='ltr'><strong>dicatur,</strong></span> <span class='ocrx_word' id='word_1_103' title='bbox 794 2256 869 2320; x_wconf 93' lang='lat' dir='ltr'><strong>dum</strong></span> <span class='ocrx_word' id='word_1_104' title='bbox 892 2276 931 2320; x_wconf 89' lang='lat' dir='ltr'><strong>ea</strong></span> <span class='ocrx_word' id='word_1_105' title='bbox 951 2253 1214 2340; x_wconf 85' lang='lat' dir='ltr'><strong>intellegaturad</strong></span> <span class='ocrx_word' id='word_1_106' title='bbox 1230 2254 1456 2336; x_wconf 87' lang='lat' dir='ltr'><strong>aegrotandum</strong></span> <span class='ocrx_word' id='word_1_107' title='bbox 1478 2255 1672 2338; x_wconf 81' lang='lat' dir='ltr'><strong>proclivitas.</strong></span> <span class='ocrx_word' id='word_1_108' title='bbox 1705 2254 1771 2320; x_wconf 83' lang='lat' dir='ltr'><strong>Sed</strong></span> 
     </span>
     <span class='ocr_line' id='line_1_12' title="bbox 437 2346 1772 2434; baseline -0.001 -19"><span class='ocrx_word' id='word_1_109' title='bbox 437 2352 516 2415; x_wconf 90' lang='lat' dir='ltr'><strong>baec</strong></span> <span class='ocrx_word' id='word_1_110' title='bbox 537 2349 570 2412; x_wconf 95' lang='lat' dir='ltr'><strong>in</strong></span> <span class='ocrx_word' id='word_1_111' title='bbox 591 2348 684 2414; x_wconf 90' lang='lat' dir='ltr'><strong>bonis</strong></span> <span class='ocrx_word' id='word_1_112' title='bbox 704 2351 815 2426; x_wconf 88' lang='lat' dir='ltr'><strong>rebus,</strong></span> <span class='ocrx_word' id='word_1_113' title='bbox 843 2348 929 2434; x_wconf 94' lang='lat' dir='ltr'><strong>quod</strong></span> <span class='ocrx_word' id='word_1_114' title='bbox 951 2348 1006 2413; x_wconf 91' lang='lat' dir='ltr'><strong>alii</strong></span> <span class='ocrx_word' id='word_1_115' title='bbox 1027 2348 1066 2413; x_wconf 91' lang='lat' dir='ltr'><strong>ad</strong></span> <span class='ocrx_word' id='word_1_116' title='bbox 1090 2348 1151 2412; x_wconf 88' lang='lat' dir='ltr'><strong>alia</strong></span> <span class='ocrx_word' id='word_1_117' title='bbox 1172 2347 1257 2411; x_wconf 94' lang='lat' dir='ltr'><strong>bona</strong></span> <span class='ocrx_word' id='word_1_118' title='bbox 1279 2352 1352 2410; x_wconf 88' lang='lat' dir='ltr'><strong>sunt</strong></span> <span class='ocrx_word' id='word_1_119' title='bbox 1372 2346 1531 2431; x_wconf 83' lang='lat' dir='ltr'><strong>aptiores,</strong></span> <span class='ocrx_word' id='word_1_120' title='bbox 1552 2348 1690 2413; x_wconf 81' lang='lat' dir='ltr'><strong>facilitas</strong></span> <span class='ocrx_word' id='word_1_121' title='bbox 1712 2368 1772 2413; x_wconf 91' lang='lat' dir='ltr'><strong>no·</strong></span> 
     </span>
     <span class='ocr_line' id='line_1_13' title="bbox 438 2440 1771 2529; baseline 0 -21"><span class='ocrx_word' id='word_1_122' title='bbox 438 2444 585 2518; x_wconf 89' lang='lat' dir='ltr'><strong>minetur,</strong></span> <span class='ocrx_word' id='word_1_123' title='bbox 605 2442 639 2505; x_wconf 93' lang='lat' dir='ltr'><strong>in</strong></span> <span class='ocrx_word' id='word_1_124' title='bbox 661 2444 751 2509; x_wconf 86' lang='lat' dir='ltr'><strong>malis</strong></span> <span class='ocrx_word' id='word_1_125' title='bbox 773 2443 974 2529; x_wconf 88' lang='lat' dir='ltr'><strong>proclivitas,</strong></span> <span class='ocrx_word' id='word_1_126' title='bbox 1002 2450 1039 2506; x_wconf 94' lang='lat' dir='ltr'><strong>ut</strong></span> <span class='ocrx_word' id='word_1_127' title='bbox 1059 2440 1218 2526; x_wconf 87' lang='lat' dir='ltr'><strong>significet</strong></span> <span class='ocrx_word' id='word_1_128' title='bbox 1238 2440 1431 2524; x_wconf 87' lang='lat' dir='ltr'><strong>lapsionem,</strong></span> <span class='ocrx_word' id='word_1_129' title='bbox 1453 2442 1487 2505; x_wconf 94' lang='lat' dir='ltr'><strong>in</strong></span> <span class='ocrx_word' id='word_1_130' title='bbox 1508 2442 1771 2510; x_wconf 79' lang='lat' dir='ltr'><strong>neutris-babeat</strong></span> 
     </span>
     <span class='ocr_line' id='line_1_14' title="bbox 438 2539 733 2623; baseline -0.01 -20"><span class='ocrx_word' id='word_1_131' title='bbox 438 2539 584 2623; x_wconf 89' lang='lat' dir='ltr'><strong>superius</strong></span> <span class='ocrx_word' id='word_1_132' title='bbox 605 2556 733 2602; x_wconf 90' lang='lat' dir='ltr'><strong>nomen.</strong></span> 
     </span>
     <span class='ocr_line' id='line_1_15' title="bbox 523 2628 1771 2715; baseline 0.001 -21"><span class='ocrx_word' id='word_1_133' title='bbox 523 2632 609 2694; x_wconf 84' lang='lat' dir='ltr'><strong>xlll.</strong></span> <span class='ocrx_word' id='word_1_134' title='bbox 631 2628 682 2695; x_wconf 76' lang='lat'><strong>29.</strong></span> <span class='ocrx_word' id='word_1_135' title='bbox 710 2630 781 2707; x_wconf 86' lang='lat' dir='ltr'><strong>Quo</strong></span> <span class='ocrx_word' id='word_1_136' title='bbox 811 2628 906 2694; x_wconf 91' lang='lat' dir='ltr'><strong>modo</strong></span> <span class='ocrx_word' id='word_1_137' title='bbox 934 2636 1039 2694; x_wconf 91' lang='lat' dir='ltr'><strong>autem</strong></span> <span class='ocrx_word' id='word_1_138' title='bbox 1065 2630 1099 2694; x_wconf 94' lang='lat' dir='ltr'><strong>in</strong></span> <span class='ocrx_word' id='word_1_139' title='bbox 1121 2650 1254 2715; x_wconf 88' lang='lat' dir='ltr'><strong>corpore</strong></span> <span class='ocrx_word' id='word_1_140' title='bbox 1276 2637 1326 2694; x_wconf 91' lang='lat' dir='ltr'><strong>est</strong></span> <span class='ocrx_word' id='word_1_141' title='bbox 1346 2629 1493 2704; x_wconf 89' lang='lat' dir='ltr'><strong>morbus,</strong></span> <span class='ocrx_word' id='word_1_142' title='bbox 1515 2635 1563 2693; x_wconf 86' lang='lat' dir='ltr'><strong>est</strong></span> <span class='ocrx_word' id='word_1_143' title='bbox 1583 2630 1771 2713; x_wconf 75' lang='lat' dir='ltr'><strong>aegrotatio,</strong></span> 
     </span>
     <span class='ocr_line' id='line_1_16' title="bbox 401 2722 1772 2807; baseline -0.003 -16"><span class='ocrx_word' id='word_1_144' title='bbox 401 2735 488 2791; x_wconf 82' lang='lat' dir='ltr'><strong>tsest</strong></span> <span class='ocrx_word' id='word_1_145' title='bbox 508 2725 635 2801; x_wconf 88' lang='lat' dir='ltr'><strong>vitium,</strong></span> <span class='ocrx_word' id='word_1_146' title='bbox 664 2725 709 2789; x_wconf 89' lang='lat' dir='ltr'><strong>sic</strong></span> <span class='ocrx_word' id='word_1_147' title='bbox 737 2724 770 2788; x_wconf 94' lang='lat' dir='ltr'><strong>in</strong></span> <span class='ocrx_word' id='word_1_148' title='bbox 801 2724 916 2789; x_wconf 84' lang='lat' dir='ltr'><strong>animo.</strong></span> <span class='ocrx_word' id='word_1_149' title='bbox 956 2724 1102 2788; x_wconf 81' lang='lat' dir='ltr'><strong>Morbum</strong></span> <span class='ocrx_word' id='word_1_150' title='bbox 1125 2723 1289 2807; x_wconf 89' lang='lat' dir='ltr'><strong>appellant</strong></span> <span class='ocrx_word' id='word_1_151' title='bbox 1310 2722 1406 2788; x_wconf 93' lang='lat' dir='ltr'><strong>totius</strong></span> <span class='ocrx_word' id='word_1_152' title='bbox 1429 2722 1572 2805; x_wconf 91' lang='lat' dir='ltr'><strong>corporis</strong></span> <span class='ocrx_word' id='word_1_153' title='bbox 1594 2723 1772 2807; x_wconf 86' lang='lat' dir='ltr'><strong>corruptio·</strong></span> 
     </span>
     <span class='ocr_line' id='line_1_17' title="bbox 438 2817 1772 2902; baseline -0.001 -19"><span class='ocrx_word' id='word_1_154' title='bbox 438 2840 527 2895; x_wconf 89' lang='lat' dir='ltr'><strong>nem,</strong></span> <span class='ocrx_word' id='word_1_155' title='bbox 550 2818 798 2902; x_wconf 84' lang='lat' dir='ltr'><strong>aegrotationem</strong></span> <span class='ocrx_word' id='word_1_156' title='bbox 821 2818 965 2881; x_wconf 92' lang='lat' dir='ltr'><strong>morbum</strong></span> <span class='ocrx_word' id='word_1_157' title='bbox 987 2837 1059 2882; x_wconf 91' lang='lat' dir='ltr'><strong>cum</strong></span> <span class='ocrx_word' id='word_1_158' title='bbox 1081 2817 1317 2892; x_wconf 85' lang='lat' dir='ltr'><strong>imbecillitate,</strong></span> <span class='ocrx_word' id='word_1_159' title='bbox 1339 2817 1465 2891; x_wconf 89' lang='lat' dir='ltr'><strong>vitium,</strong></span> <span class='ocrx_word' id='word_1_160' title='bbox 1488 2836 1558 2880; x_wconf 90' lang='lat' dir='ltr'><strong>cum</strong></span> <span class='ocrx_word' id='word_1_161' title='bbox 1580 2822 1686 2901; x_wconf 86' lang='lat' dir='ltr'><strong>partes</strong></span> <span class='ocrx_word' id='word_1_162' title='bbox 1701 2836 1772 2881; x_wconf 91' lang='lat' dir='ltr'><strong>cor-</strong></span> 
     </span>
     <span class='ocr_line' id='line_1_18' title="bbox 439 2909 1771 2997; baseline -0.002 -20"><span class='ocrx_word' id='word_1_163' title='bbox 439 2913 526 2997; x_wconf 89' lang='lat' dir='ltr'><strong>poris</strong></span> <span class='ocrx_word' id='word_1_164' title='bbox 542 2913 625 2977; x_wconf 90' lang='lat' dir='ltr'><strong>inter</strong></span> <span class='ocrx_word' id='word_1_165' title='bbox 638 2932 673 2976; x_wconf 88' lang='lat' dir='ltr'><strong>se</strong></span> <span class='ocrx_word' id='word_1_166' title='bbox 689 2910 854 2986; x_wconf 85' lang='lat' dir='ltr'><strong>dissident,</strong></span> <span class='ocrx_word' id='word_1_167' title='bbox 877 2932 918 2976; x_wconf 86' lang='lat' dir='ltr'><strong>ex</strong></span> <span class='ocrx_word' id='word_1_168' title='bbox 933 2932 999 2996; x_wconf 92' lang='lat' dir='ltr'><strong>quo</strong></span> <span class='ocrx_word' id='word_1_169' title='bbox 1015 2911 1153 2995; x_wconf 88' lang='lat' dir='ltr'><strong>pravitas</strong></span> <span class='ocrx_word' id='word_1_170' title='bbox 1169 2911 1391 2986; x_wconf 88' lang='lat' dir='ltr'><strong>membrorum,</strong></span> <span class='ocrx_word' id='word_1_171' title='bbox 1406 2909 1562 2986; x_wconf 86' lang='lat' dir='ltr'><strong>distortio,</strong></span> <span class='ocrx_word' id='word_1_172' title='bbox 1578 2909 1771 2975; x_wconf 80' lang='lat' dir='ltr'><strong>deformitas.</strong></span> 
     </span>
     <span class='ocr_line' id='line_1_19' title="bbox 439 3002 1771 3091; baseline -0.002 -22"><span class='ocrx_word' id='word_1_173' title='bbox 439 3006 547 3091; x_wconf 83' lang='lat' dir='ltr'><strong>ltaque</strong></span> <span class='ocrx_word' id='word_1_174' title='bbox 568 3006 622 3071; x_wconf 89' lang='lat' dir='ltr'><strong>ills</strong></span> <span class='ocrx_word' id='word_1_175' title='bbox 645 3004 726 3079; x_wconf 91' lang='lat' dir='ltr'><strong>duo,</strong></span> <span class='ocrx_word' id='word_1_176' title='bbox 748 3006 876 3069; x_wconf 93' lang='lat' dir='ltr'><strong>morbus</strong></span> <span class='ocrx_word' id='word_1_177' title='bbox 899 3014 932 3069; x_wconf 89' lang='lat' dir='ltr'><strong>ct</strong></span> <span class='ocrx_word' id='word_1_178' title='bbox 952 3005 1139 3089; x_wconf 80' lang='lat' dir='ltr'><strong>aegrotatio,</strong></span> <span class='ocrx_word' id='word_1_179' title='bbox 1161 3025 1202 3068; x_wconf 85' lang='lat' dir='ltr'><strong>ex</strong></span> <span class='ocrx_word' id='word_1_180' title='bbox 1222 3004 1320 3069; x_wconf 90' lang='lat' dir='ltr'><strong>totius</strong></span> <span class='ocrx_word' id='word_1_181' title='bbox 1335 3002 1524 3068; x_wconf 88' lang='lat' dir='ltr'><strong>valetudinis</strong></span> <span class='ocrx_word' id='word_1_182' title='bbox 1539 3004 1682 3087; x_wconf 89' lang='lat' dir='ltr'><strong>corporis</strong></span> <span class='ocrx_word' id='word_1_183' title='bbox 1695 3024 1771 3069; x_wconf 86' lang='lat' dir='ltr'><strong>eon·</strong></span> 
     </span>
     <span class='ocr_line' id='line_1_20' title="bbox 439 3098 1772 3186; baseline -0.002 -21"><span class='ocrx_word' id='word_1_184' title='bbox 439 3101 642 3186; x_wconf 86' lang='lat' dir='ltr'><strong>quassatione</strong></span> <span class='ocrx_word' id='word_1_185' title='bbox 663 3109 695 3163; x_wconf 93' lang='grc'><strong>64</strong></span> <span class='ocrx_word' id='word_1_186' title='bbox 716 3101 959 3185; x_wconf 83' lang='lat' dir='ltr'><strong>perturbatione·</strong></span> <span class='ocrx_word' id='word_1_187' title='bbox 974 3099 1163 3183; x_wconf 89' lang='lat' dir='ltr'><strong>gignuntur;</strong></span> <span class='ocrx_word' id='word_1_188' title='bbox 1187 3098 1296 3163; x_wconf 91' lang='lat' dir='ltr'><strong>vitium</strong></span> <span class='ocrx_word' id='word_1_189' title='bbox 1317 3106 1423 3162; x_wconf 89' lang='lat' dir='ltr'><strong>autem</strong></span> <span class='ocrx_word' id='word_1_190' title='bbox 1445 3098 1569 3182; x_wconf 90' lang='lat' dir='ltr'><strong>integra</strong></span> <span class='ocrx_word' id='word_1_191' title='bbox 1589 3098 1772 3163; x_wconf 86' lang='lat' dir='ltr'><strong>valetudine</strong></span> 
     </span>
     <span class='ocr_line' id='line_1_21' title="bbox 401 3191 1772 3278; baseline -0.004 -16"><span class='ocrx_word' id='word_1_192' title='bbox 401 3195 543 3277; x_wconf 82' lang='lat' dir='ltr'><strong>scipsum</strong></span> <span class='ocrx_word' id='word_1_193' title='bbox 566 3214 607 3257; x_wconf 83' lang='lat' dir='ltr'><strong>es</strong></span> <span class='ocrx_word' id='word_1_194' title='bbox 630 3198 835 3258; x_wconf 86' lang='lat' dir='ltr'><strong>secernitur.</strong></span> <span class='ocrx_word' id='word_1_195' title='bbox 871 3191 934 3257; x_wconf 87' lang='lat' dir='ltr'><strong>Sed</strong></span> <span class='ocrx_word' id='word_1_196' title='bbox 956 3193 987 3256; x_wconf 92' lang='lat' dir='ltr'><strong>in</strong></span> <span class='ocrx_word' id='word_1_197' title='bbox 1009 3192 1117 3257; x_wconf 91' lang='lat' dir='ltr'><strong>animo</strong></span> <span class='ocrx_word' id='word_1_198' title='bbox 1140 3200 1260 3257; x_wconf 89' lang='lat' dir='ltr'><strong>tantum</strong></span> <span class='ocrx_word' id='word_1_199' title='bbox 1283 3193 1378 3257; x_wconf 92' lang='lat' dir='ltr'><strong>modo</strong></span> <span class='ocrx_word' id='word_1_200' title='bbox 1394 3193 1586 3278; x_wconf 77' lang='lat' dir='ltr'><strong>cogitatione</strong></span> <span class='ocrx_word' id='word_1_201' title='bbox 1601 3213 1772 3276; x_wconf 85' lang='lat' dir='ltr'><strong>possumus</strong></span> 
     </span>
     <span class='ocr_line' id='line_1_22' title="bbox 438 3286 1772 3371; baseline -0.002 -19"><span class='ocrx_word' id='word_1_202' title='bbox 438 3289 581 3353; x_wconf 91' lang='lat' dir='ltr'><strong>morbum</strong></span> <span class='ocrx_word' id='word_1_203' title='bbox 605 3287 645 3352; x_wconf 81' lang='lat' dir='ltr'><strong>ab</strong></span> <span class='ocrx_word' id='word_1_204' title='bbox 666 3288 883 3371; x_wconf 87' lang='lat' dir='ltr'><strong>aegrotatione</strong></span> <span class='ocrx_word' id='word_1_205' title='bbox 905 3286 1084 3369; x_wconf 88' lang='lat' dir='ltr'><strong>seiungere.</strong></span> <span class='ocrx_word' id='word_1_206' title='bbox 1119 3287 1281 3351; x_wconf 81' lang='lat' dir='ltr'><strong>vitiositas</strong></span> <span class='ocrx_word' id='word_1_207' title='bbox 1301 3294 1406 3351; x_wconf 90' lang='lat' dir='ltr'><strong>autem</strong></span> <span class='ocrx_word' id='word_1_208' title='bbox 1422 3296 1472 3352; x_wconf 90' lang='lat' dir='ltr'><strong>est</strong></span> <span class='ocrx_word' id='word_1_209' title='bbox 1492 3286 1617 3351; x_wconf 88' lang='lat' dir='ltr'><strong>babitus</strong></span> <span class='ocrx_word' id='word_1_210' title='bbox 1639 3295 1695 3349; x_wconf 90' lang='lat' dir='ltr'><strong>aut</strong></span> <span class='ocrx_word' id='word_1_211' title='bbox 1715 3286 1772 3350; x_wconf 89' lang='lat' dir='ltr'><strong>ad-</strong></span> 
     </span>
     <span class='ocr_line' id='line_1_23' title="bbox 438 3379 1772 3464; baseline 0.001 -19"><span class='ocrx_word' id='word_1_212' title='bbox 438 3381 533 3446; x_wconf 82' lang='lat' dir='ltr'><strong>iectio</strong></span> <span class='ocrx_word' id='word_1_213' title='bbox 554 3383 587 3446; x_wconf 93' lang='lat' dir='ltr'><strong>in</strong></span> <span class='ocrx_word' id='word_1_214' title='bbox 609 3388 676 3446; x_wconf 90' lang='lat' dir='ltr'><strong>tota</strong></span> <span class='ocrx_word' id='word_1_215' title='bbox 699 3381 763 3445; x_wconf 88' lang='lat' dir='ltr'><strong>vita</strong></span> <span class='ocrx_word' id='word_1_216' title='bbox 785 3382 968 3445; x_wconf 85' lang='lat' dir='ltr'><strong>inconstans</strong></span> <span class='ocrx_word' id='word_1_217' title='bbox 991 3389 1023 3445; x_wconf 90' lang='lat' dir='ltr'><strong>et</strong></span> <span class='ocrx_word' id='word_1_218' title='bbox 1044 3401 1063 3444; x_wconf 87' lang='lat' dir='ltr'><strong>a</strong></span> <span class='ocrx_word' id='word_1_219' title='bbox 1084 3401 1119 3445; x_wconf 92' lang='lat' dir='ltr'><strong>se</strong></span> <span class='ocrx_word' id='word_1_220' title='bbox 1141 3381 1210 3464; x_wconf 88' lang='lat' dir='ltr'><strong>ipsa</strong></span> <span class='ocrx_word' id='word_1_221' title='bbox 1231 3379 1433 3445; x_wconf 88' lang='lat' dir='ltr'><strong>dissentiens.</strong></span> <span class='ocrx_word' id='word_1_222' title='bbox 1463 3383 1509 3445; x_wconf 87' lang='lat' dir='ltr'><strong>lta</strong></span> <span class='ocrx_word' id='word_1_223' title='bbox 1525 3379 1560 3445; x_wconf 89' lang='lat' dir='ltr'><strong>bt</strong></span> <span class='ocrx_word' id='word_1_224' title='bbox 1574 3388 1610 3444; x_wconf 92' lang='grc'><strong>64</strong></span> <span class='ocrx_word' id='word_1_225' title='bbox 1623 3380 1656 3443; x_wconf 85' lang='grc'><strong>46</strong></span> <span class='ocrx_word' id='word_1_226' title='bbox 1672 3381 1772 3446; x_wconf 87' lang='lat' dir='ltr'><strong>altera</strong></span> 
     </span>
     <span class='ocr_line' id='line_1_24' title="bbox 439 3465 1771 3560; baseline 0 -20"><span class='ocrx_word' id='word_1_227' title='bbox 439 3475 641 3560; x_wconf 84' lang='lat' dir='ltr'><strong>cormptione</strong></span> <span class='ocrx_word' id='word_1_228' title='bbox 663 3465 850 3558; x_wconf 80' lang='lat' dir='ltr'><strong>opinionum</strong></span> <span class='ocrx_word' id='word_1_229' title='bbox 882 3475 1010 3538; x_wconf 94' lang='lat' dir='ltr'><strong>morbus</strong></span> <span class='ocrx_word' id='word_1_230' title='bbox 1039 3474 1193 3539; x_wconf 88' lang='lat' dir='ltr'><strong>efficiatur</strong></span> <span class='ocrx_word' id='word_1_231' title='bbox 1216 3483 1248 3538; x_wconf 91' lang='lat' dir='ltr'><strong>et</strong></span> <span class='ocrx_word' id='word_1_232' title='bbox 1268 3476 1458 3559; x_wconf 89' lang='lat' dir='ltr'><strong>aegrotatio,</strong></span> <span class='ocrx_word' id='word_1_233' title='bbox 1486 3477 1519 3538; x_wconf 94' lang='lat' dir='ltr'><strong>in</strong></span> <span class='ocrx_word' id='word_1_234' title='bbox 1542 3475 1640 3539; x_wconf 90' lang='lat' dir='ltr'><strong>altera</strong></span> <span class='ocrx_word' id='word_1_235' title='bbox 1662 3476 1771 3540; x_wconf 89' lang='lat' dir='ltr'><strong>incon·</strong></span> 
     </span>
     <span class='ocr_line' id='line_1_25' title="bbox 439 3568 1771 3653; baseline 0.001 -21"><span class='ocrx_word' id='word_1_236' title='bbox 439 3569 556 3633; x_wconf 90' lang='lat' dir='ltr'><strong>stantia</strong></span> <span class='ocrx_word' id='word_1_237' title='bbox 577 3575 610 3632; x_wconf 93' lang='grc'><strong>64</strong></span> <span class='ocrx_word' id='word_1_238' title='bbox 630 3569 847 3652; x_wconf 89' lang='lat' dir='ltr'><strong>repugnantia.</strong></span> <span class='ocrx_word' id='word_1_239' title='bbox 867 3571 948 3632; x_wconf 81' lang='lat' dir='ltr'><strong>Non</strong></span> <span class='ocrx_word' id='word_1_240' title='bbox 970 3568 1055 3632; x_wconf 90' lang='lat' dir='ltr'><strong>enim</strong></span> <span class='ocrx_word' id='word_1_241' title='bbox 1078 3588 1171 3632; x_wconf 89' lang='lat' dir='ltr'><strong>omne</strong></span> <span class='ocrx_word' id='word_1_242' title='bbox 1193 3568 1302 3632; x_wconf 91' lang='lat' dir='ltr'><strong>vitium</strong></span> <span class='ocrx_word' id='word_1_243' title='bbox 1326 3571 1410 3653; x_wconf 90' lang='lat' dir='ltr'><strong>paris</strong></span> <span class='ocrx_word' id='word_1_244' title='bbox 1434 3570 1530 3633; x_wconf 90' lang='lat' dir='ltr'><strong>babet</strong></span> <span class='ocrx_word' id='word_1_245' title='bbox 1544 3568 1771 3645; x_wconf 88' lang='lat' dir='ltr'><strong>dissensiones,</strong></span> 
     </span>
    </p>
   </div>
   <div class='ocr_carea' id='block_1_4' title="bbox 434 3847 1771 5996">
    <p class='ocr_par' dir='ltr' id='par_1_4' title="bbox 434 3847 1771 5996">
     <span class='ocr_line' id='line_1_26' title="bbox 503 3847 1771 3908; baseline 0.006 -13"><span class='ocrx_word' id='word_1_246' title='bbox 503 3849 528 3900; x_wconf 91' lang='grc'><strong>4,</strong></span> <span class='ocrx_word' id='word_1_247' title='bbox 546 3848 616 3898; x_wconf 77' lang='lat' dir='ltr'><strong>atiud</strong></span> <span class='ocrx_word' id='word_1_248' title='bbox 636 3847 999 3908; x_wconf 60' lang='lat' dir='ltr'><strong>ammoneremus:</strong></span> <span class='ocrx_word' id='word_1_249' title='bbox 1022 3849 1090 3897; x_wconf 80' lang='grc'>46466</span> <span class='ocrx_word' id='word_1_250' title='bbox 1112 3847 1432 3908; x_wconf 57' lang='lat' dir='ltr'><strong>caesarem-tatarum</strong></span> <span class='ocrx_word' id='word_1_251' title='bbox 1454 3851 1526 3900; x_wconf 83' lang='lat' dir='ltr'><strong>uliud</strong></span> <span class='ocrx_word' id='word_1_252' title='bbox 1547 3854 1771 3903; x_wconf 60' lang='lat' dir='ltr'><strong>cab-omum</strong></span> 
     </span>
     <span class='ocr_line' id='line_1_27' title="bbox 437 3920 1768 3988; baseline 0.005 -15"><span class='ocrx_word' id='word_1_253' title='bbox 437 3924 536 3975; x_wconf 80' lang='lat' dir='ltr'><strong>Nonius</strong></span> <span class='ocrx_word' id='word_1_254' title='bbox 554 3938 580 3988; x_wconf 88' lang='lat' dir='ltr'><strong>p.</strong></span> <span class='ocrx_word' id='word_1_255' title='bbox 593 3922 650 3974; x_wconf 86' lang='grc'>444.</span> <span class='ocrx_word' id='word_1_256' title='bbox 671 3949 697 3959; x_wconf 94' lang='grc'>-</span> <span class='ocrx_word' id='word_1_257' title='bbox 717 3922 741 3973; x_wconf 84' lang='grc'><strong>3.</strong></span> <span class='ocrx_word' id='word_1_258' title='bbox 760 3923 812 3985; x_wconf 82' lang='lat' dir='ltr'><strong>osc]</strong></span> <span class='ocrx_word' id='word_1_259' title='bbox 830 3923 891 3973; x_wconf 87' lang='grc'>6666</span> <span class='ocrx_word' id='word_1_260' title='bbox 907 3924 957 3973; x_wconf 79' lang='lat' dir='ltr'><strong>ott</strong></span> <span class='ocrx_word' id='word_1_261' title='bbox 975 3948 1002 3958; x_wconf 97' lang='lat'><em>-</em></span> <span class='ocrx_word' id='word_1_262' title='bbox 1021 3920 1047 3973; x_wconf 92' lang='grc'><strong>4.</strong></span> <span class='ocrx_word' id='word_1_263' title='bbox 1066 3928 1089 3972; x_wconf 85' lang='grc'><strong>64</strong></span> <span class='ocrx_word' id='word_1_264' title='bbox 1106 3922 1337 3974; x_wconf 82' lang='grc'>6664664464666616.</span> <span class='ocrx_word' id='word_1_265' title='bbox 1351 3925 1371 3975; x_wconf 88' lang='lat' dir='ltr'>C</span> <span class='ocrx_word' id='word_1_266' title='bbox 1386 3952 1412 3959; x_wconf 97' lang='lat'><em>—</em></span> <span class='ocrx_word' id='word_1_267' title='bbox 1428 3938 1475 3986; x_wconf 83' lang='lat' dir='ltr'><strong>qve</strong></span> <span class='ocrx_word' id='word_1_268' title='bbox 1491 3939 1545 3977; x_wconf 88' lang='lat' dir='ltr'><strong>om.</strong></span> <span class='ocrx_word' id='word_1_269' title='bbox 1558 3928 1589 3976; x_wconf 82' lang='lat' dir='ltr'><strong>G¹</strong></span> <span class='ocrx_word' id='word_1_270' title='bbox 1600 3938 1663 3977; x_wconf 90' lang='lat' dir='ltr'><strong>cum</strong></span> <span class='ocrx_word' id='word_1_271' title='bbox 1674 3928 1768 3979; x_wconf 82' lang='lat' dir='ltr'><strong>Nonio.</strong></span> 
     </span>
     <span class='ocr_line' id='line_1_28' title="bbox 439 3996 1770 4062; baseline 0.005 -15"><span class='ocrx_word' id='word_1_272' title='bbox 439 4026 466 4038; x_wconf 96' lang='lat'>-</span> <span class='ocrx_word' id='word_1_273' title='bbox 485 3998 510 4047; x_wconf 94' lang='grc'><strong>7.</strong></span> <span class='ocrx_word' id='word_1_274' title='bbox 527 3997 641 4048; x_wconf 78' lang='grc'>6666446644</span> <span class='ocrx_word' id='word_1_275' title='bbox 659 3997 678 4047; x_wconf 89' lang='lat' dir='ltr'>C</span> <span class='ocrx_word' id='word_1_276' title='bbox 699 4023 725 4033; x_wconf 96' lang='lat'><em>-</em></span> <span class='ocrx_word' id='word_1_277' title='bbox 745 3996 815 4059; x_wconf 76' lang='lat' dir='ltr'><strong>«ligo</strong></span> <span class='ocrx_word' id='word_1_278' title='bbox 832 4002 855 4046; x_wconf 91' lang='grc'><strong>64</strong></span> <span class='ocrx_word' id='word_1_279' title='bbox 871 3997 942 4046; x_wconf 87' lang='lat' dir='ltr'><strong>lividi</strong></span> <span class='ocrx_word' id='word_1_280' title='bbox 959 4000 1033 4047; x_wconf 88' lang='lat' dir='ltr'><strong>certe</strong></span> <span class='ocrx_word' id='word_1_281' title='bbox 1050 3998 1126 4047; x_wconf 90' lang='lat' dir='ltr'><strong>uncis</strong></span> <span class='ocrx_word' id='word_1_282' title='bbox 1143 3996 1334 4048; x_wconf 87' lang='lat' dir='ltr'><strong>includendum</strong></span> <span class='ocrx_word' id='word_1_283' title='bbox 1350 4001 1424 4062; x_wconf 89' lang='grc'>6646.</span> <span class='ocrx_word' id='word_1_284' title='bbox 1450 4000 1568 4050; x_wconf 87' lang='lat' dir='ltr'><strong>Primum</strong></span> <span class='ocrx_word' id='word_1_285' title='bbox 1586 4002 1657 4052; x_wconf 91' lang='lat' dir='ltr'><strong>enim</strong></span> <span class='ocrx_word' id='word_1_286' title='bbox 1675 4003 1770 4053; x_wconf 85' lang='lat' dir='ltr'><strong>Cicero</strong></span> 
     </span>
     <span class='ocr_line' id='line_1_29' title="bbox 437 4070 1768 4138; baseline 0.002 -16"><span class='ocrx_word' id='word_1_287' title='bbox 437 4085 524 4136; x_wconf 90' lang='lat' dir='ltr'><strong>neque</strong></span> <span class='ocrx_word' id='word_1_288' title='bbox 546 4073 639 4121; x_wconf 83' lang='lat' dir='ltr'><strong>licendi</strong></span> <span class='ocrx_word' id='word_1_289' title='bbox 660 4070 774 4120; x_wconf 88' lang='lat' dir='ltr'><strong>verbum</strong></span> <span class='ocrx_word' id='word_1_290' title='bbox 796 4083 883 4134; x_wconf 91' lang='lat' dir='ltr'><strong>neque</strong></span> <span class='ocrx_word' id='word_1_291' title='bbox 908 4084 977 4134; x_wconf 88' lang='lat' dir='ltr'><strong>quae</strong></span> <span class='ocrx_word' id='word_1_292' title='bbox 999 4071 1060 4121; x_wconf 92' lang='lat' dir='ltr'><strong>inde</strong></span> <span class='ocrx_word' id='word_1_293' title='bbox 1086 4071 1204 4121; x_wconf 81' lang='grc'>66646646</span> <span class='ocrx_word' id='word_1_294' title='bbox 1228 4075 1290 4122; x_wconf 88' lang='grc'>6664</span> <span class='ocrx_word' id='word_1_295' title='bbox 1312 4072 1345 4122; x_wconf 89' lang='grc'><strong>66</strong></span> <span class='ocrx_word' id='word_1_296' title='bbox 1367 4073 1463 4123; x_wconf 89' lang='lat' dir='ltr'><strong>invidia</strong></span> <span class='ocrx_word' id='word_1_297' title='bbox 1484 4086 1628 4138; x_wconf 84' lang='lat' dir='ltr'><strong>usurpasse</strong></span> <span class='ocrx_word' id='word_1_298' title='bbox 1646 4074 1768 4135; x_wconf 86' lang='lat' dir='ltr'><strong>videtur;</strong></span> 
     </span>
     <span class='ocr_line' id='line_1_30' title="bbox 436 4145 1769 4215; baseline 0.005 -20"><span class='ocrx_word' id='word_1_299' title='bbox 436 4146 532 4197; x_wconf 87' lang='lat' dir='ltr'><strong>deinde</strong></span> <span class='ocrx_word' id='word_1_300' title='bbox 550 4151 574 4196; x_wconf 88' lang='lat' dir='ltr'><strong>et</strong></span> <span class='ocrx_word' id='word_1_301' title='bbox 595 4145 665 4196; x_wconf 85' lang='grc'>446464</span> <span class='ocrx_word' id='word_1_302' title='bbox 685 4147 746 4209; x_wconf 88' lang='grc'>6664</span> <span class='ocrx_word' id='word_1_303' title='bbox 762 4151 785 4196; x_wconf 87' lang='grc'><strong>64</strong></span> <span class='ocrx_word' id='word_1_304' title='bbox 806 4146 886 4195; x_wconf 77' lang='lat' dir='ltr'><strong>invidi</strong></span> <span class='ocrx_word' id='word_1_305' title='bbox 903 4159 1133 4211; x_wconf 88' lang='lat' dir='ltr'><strong>supervacaneum</strong></span> <span class='ocrx_word' id='word_1_306' title='bbox 1152 4148 1206 4206; x_wconf 73' lang='grc'>664,</span> <span class='ocrx_word' id='word_1_307' title='bbox 1226 4147 1342 4210; x_wconf 87' lang='lat' dir='ltr'><strong>denique</strong></span> <span class='ocrx_word' id='word_1_308' title='bbox 1361 4149 1429 4198; x_wconf 87' lang='lat' dir='ltr'><strong>inter</strong></span> <span class='ocrx_word' id='word_1_309' title='bbox 1445 4150 1524 4199; x_wconf 83' lang='lat' dir='ltr'><strong>invidi</strong></span> <span class='ocrx_word' id='word_1_310' title='bbox 1541 4153 1568 4199; x_wconf 92' lang='lat' dir='ltr'><strong>et</strong></span> <span class='ocrx_word' id='word_1_311' title='bbox 1584 4150 1656 4200; x_wconf 83' lang='lat' dir='ltr'><strong>lividi</strong></span> <span class='ocrx_word' id='word_1_312' title='bbox 1673 4164 1769 4215; x_wconf 91' lang='lat' dir='ltr'><strong>parum</strong></span> 
     </span>
     <span class='ocr_line' id='line_1_31' title="bbox 435 4219 1770 4285; baseline 0.003 -14"><span class='ocrx_word' id='word_1_313' title='bbox 435 4220 577 4272; x_wconf 88' lang='lat' dir='ltr'><strong>commode</strong></span> <span class='ocrx_word' id='word_1_314' title='bbox 598 4222 783 4285; x_wconf 88' lang='lat' dir='ltr'><strong>interpositum</strong></span> <span class='ocrx_word' id='word_1_315' title='bbox 807 4219 833 4269; x_wconf 91' lang='lat' dir='ltr'><strong>id</strong></span> <span class='ocrx_word' id='word_1_316' title='bbox 855 4224 909 4279; x_wconf 87' lang='lat' dir='ltr'><strong>est,</strong></span> <span class='ocrx_word' id='word_1_317' title='bbox 937 4220 1009 4284; x_wconf 92' lang='lat' dir='ltr'><strong>quod</strong></span> <span class='ocrx_word' id='word_1_318' title='bbox 1032 4221 1150 4283; x_wconf 85' lang='lat' dir='ltr'><strong>quodam</strong></span> <span class='ocrx_word' id='word_1_319' title='bbox 1173 4222 1253 4271; x_wconf 88' lang='lat' dir='ltr'><strong>modo</strong></span> <span class='ocrx_word' id='word_1_320' title='bbox 1275 4223 1369 4285; x_wconf 88' lang='lat' dir='ltr'><strong>prioris</strong></span> <span class='ocrx_word' id='word_1_321' title='bbox 1393 4227 1435 4273; x_wconf 90' lang='lat' dir='ltr'><strong>est</strong></span> <span class='ocrx_word' id='word_1_322' title='bbox 1450 4224 1627 4281; x_wconf 83' lang='lat' dir='ltr'><strong>contrarium,</strong></span> <span class='ocrx_word' id='word_1_323' title='bbox 1652 4226 1770 4276; x_wconf 82' lang='grc'>666466644</span> 
     </span>
     <span class='ocr_line' id='line_1_32' title="bbox 434 4294 1769 4365; baseline 0.004 -19"><span class='ocrx_word' id='word_1_324' title='bbox 434 4319 464 4346; x_wconf 87' lang='lat'>=</span> <span class='ocrx_word' id='word_1_325' title='bbox 480 4296 695 4365; x_wconf 76' lang='grc' dir='ltr'><strong><em>ἐπιχαιρέκακοι</em></strong></span> <span class='ocrx_word' id='word_1_326' title='bbox 718 4294 760 4353; x_wconf 77' lang='lat' dir='ltr'><strong>(ct.</strong></span> <span class='ocrx_word' id='word_1_327' title='bbox 779 4294 811 4358; x_wconf 99' lang='grc'><strong>55</strong></span> <span class='ocrx_word' id='word_1_328' title='bbox 830 4296 868 4345; x_wconf 93' lang='grc'><strong>46.</strong></span> <span class='ocrx_word' id='word_1_329' title='bbox 889 4296 928 4344; x_wconf 93' lang='grc'><strong>47.</strong></span> <span class='ocrx_word' id='word_1_330' title='bbox 947 4296 987 4347; x_wconf 73' lang='lat'><strong>20.</strong></span> <span class='ocrx_word' id='word_1_331' title='bbox 1007 4296 1056 4355; x_wconf 92' lang='grc'>66).</span> <span class='ocrx_word' id='word_1_332' title='bbox 1083 4298 1150 4348; x_wconf 87' lang='lat' dir='ltr'><strong>Usus</strong></span> <span class='ocrx_word' id='word_1_333' title='bbox 1172 4294 1213 4345; x_wconf 89' lang='lat' dir='ltr'><strong>ille</strong></span> <span class='ocrx_word' id='word_1_334' title='bbox 1235 4310 1293 4346; x_wconf 89' lang='lat' dir='ltr'><strong>voc.</strong></span> <span class='ocrx_word' id='word_1_335' title='bbox 1313 4297 1399 4347; x_wconf 82' lang='lat' dir='ltr'><strong>livoris</strong></span> <span class='ocrx_word' id='word_1_336' title='bbox 1421 4311 1470 4361; x_wconf 89' lang='lat' dir='ltr'><strong>pro</strong></span> <span class='ocrx_word' id='word_1_337' title='bbox 1492 4299 1589 4348; x_wconf 83' lang='grc'>4664646</span> <span class='ocrx_word' id='word_1_338' title='bbox 1605 4297 1639 4348; x_wconf 88' lang='grc'><strong>66</strong></span> <span class='ocrx_word' id='word_1_339' title='bbox 1658 4302 1769 4362; x_wconf 81' lang='lat' dir='ltr'><strong>augusti</strong></span> 
     </span>
     <span class='ocr_line' id='line_1_33' title="bbox 436 4370 1771 4437; baseline 0.003 -14"><span class='ocrx_word' id='word_1_340' title='bbox 436 4372 601 4437; x_wconf 86' lang='lat' dir='ltr'><strong>temporibus</strong></span> <span class='ocrx_word' id='word_1_341' title='bbox 623 4371 748 4436; x_wconf 80' lang='lat' dir='ltr'><strong>frequens</strong></span> <span class='ocrx_word' id='word_1_342' title='bbox 771 4370 826 4420; x_wconf 86' lang='grc'>4644.</span> <span class='ocrx_word' id='word_1_343' title='bbox 855 4371 891 4420; x_wconf 83' lang='lat' dir='ltr'><strong>Ex</strong></span> <span class='ocrx_word' id='word_1_344' title='bbox 909 4371 1102 4434; x_wconf 86' lang='lat' dir='ltr'><strong>antiquioribus</strong></span> <span class='ocrx_word' id='word_1_345' title='bbox 1120 4371 1294 4435; x_wconf 88' lang='lat' dir='ltr'><strong>scriptoribus</strong></span> <span class='ocrx_word' id='word_1_346' title='bbox 1312 4386 1380 4424; x_wconf 90' lang='lat' dir='ltr'><strong>unus</strong></span> <span class='ocrx_word' id='word_1_347' title='bbox 1397 4372 1470 4424; x_wconf 89' lang='lat' dir='ltr'><strong>solus</strong></span> <span class='ocrx_word' id='word_1_348' title='bbox 1487 4376 1595 4434; x_wconf 88' lang='grc'>6446466,</span> <span class='ocrx_word' id='word_1_349' title='bbox 1620 4376 1651 4424; x_wconf 85' lang='lat' dir='ltr'><strong>l).</strong></span> <span class='ocrx_word' id='word_1_350' title='bbox 1670 4375 1771 4427; x_wconf 85' lang='lat' dir='ltr'><strong>Brutus</strong></span> 
     </span>
     <span class='ocr_line' id='line_1_34' title="bbox 435 4445 1770 4512; baseline 0.002 -15"><span class='ocrx_word' id='word_1_351' title='bbox 435 4447 492 4512; x_wconf 89' lang='lat' dir='ltr'><strong>(qui</strong></span> <span class='ocrx_word' id='word_1_352' title='bbox 509 4445 559 4496; x_wconf 89' lang='lat' dir='ltr'><strong>alia</strong></span> <span class='ocrx_word' id='word_1_353' title='bbox 577 4460 684 4511; x_wconf 89' lang='lat' dir='ltr'><strong>quoque</strong></span> <span class='ocrx_word' id='word_1_354' title='bbox 702 4445 784 4495; x_wconf 87' lang='lat' dir='ltr'><strong>babet</strong></span> <span class='ocrx_word' id='word_1_355' title='bbox 800 4458 815 4494; x_wconf 88' lang='lat' dir='ltr'><strong>a</strong></span> <span class='ocrx_word' id='word_1_356' title='bbox 834 4446 971 4496; x_wconf 88' lang='lat' dir='ltr'><strong>Ciceronis</strong></span> <span class='ocrx_word' id='word_1_357' title='bbox 989 4459 1038 4496; x_wconf 91' lang='lat' dir='ltr'><strong>usu</strong></span> <span class='ocrx_word' id='word_1_358' title='bbox 1061 4446 1154 4509; x_wconf 87' lang='grc'>644666)</span> <span class='ocrx_word' id='word_1_359' title='bbox 1178 4447 1203 4495; x_wconf 90' lang='grc'><strong>46</strong></span> <span class='ocrx_word' id='word_1_360' title='bbox 1226 4448 1301 4511; x_wconf 88' lang='lat' dir='ltr'><strong>epist.</strong></span> <span class='ocrx_word' id='word_1_361' title='bbox 1321 4447 1355 4497; x_wconf 92' lang='lat' dir='ltr'><strong>ad</strong></span> <span class='ocrx_word' id='word_1_362' title='bbox 1373 4446 1462 4498; x_wconf 86' lang='lat' dir='ltr'><strong>Famil.</strong></span> <span class='ocrx_word' id='word_1_363' title='bbox 1481 4448 1523 4508; x_wconf 76' lang='grc'>444,</span> <span class='ocrx_word' id='word_1_364' title='bbox 1543 4450 1583 4508; x_wconf 89' lang='grc'><strong>40,</strong></span> <span class='ocrx_word' id='word_1_365' title='bbox 1603 4449 1631 4498; x_wconf 90' lang='lat' dir='ltr'><strong>t:</strong></span> <span class='ocrx_word' id='word_1_366' title='bbox 1654 4450 1770 4500; x_wconf 79' lang='lat' dir='ltr'><strong>malevo-</strong></span> 
     </span>
     <span class='ocr_line' id='line_1_35' title="bbox 435 4519 1770 4584; baseline 0.001 -9"><span class='ocrx_word' id='word_1_367' title='bbox 435 4524 512 4575; x_wconf 82' lang='grc'>466446</span> <span class='ocrx_word' id='word_1_368' title='bbox 527 4526 551 4573; x_wconf 93' lang='grc'><strong>64</strong></span> <span class='ocrx_word' id='word_1_369' title='bbox 567 4523 671 4573; x_wconf 74' lang='lat' dir='ltr'><strong>livore·</strong></span> <span class='ocrx_word' id='word_1_370' title='bbox 689 4522 731 4573; x_wconf 89' lang='lat' dir='ltr'><strong>W.</strong></span> <span class='ocrx_word' id='word_1_371' title='bbox 750 4548 783 4558; x_wconf 92' lang='lat'>-</span> <span class='ocrx_word' id='word_1_372' title='bbox 800 4521 824 4571; x_wconf 89' lang='lat'><strong>8.</strong></span> <span class='ocrx_word' id='word_1_373' title='bbox 841 4521 952 4583; x_wconf 87' lang='lat' dir='ltr'><strong>proclive</strong></span> <span class='ocrx_word' id='word_1_374' title='bbox 969 4519 1088 4582; x_wconf 80' lang='lat' dir='ltr'><strong>Bentley.</strong></span> <span class='ocrx_word' id='word_1_375' title='bbox 1112 4548 1132 4557; x_wconf 97' lang='lat'><em>—</em></span> <span class='ocrx_word' id='word_1_376' title='bbox 1155 4522 1273 4584; x_wconf 79' lang='grc'>[6666466</span> <span class='ocrx_word' id='word_1_377' title='bbox 1289 4523 1354 4572; x_wconf 86' lang='lat' dir='ltr'><strong>CO.</strong></span> <span class='ocrx_word' id='word_1_378' title='bbox 1374 4522 1532 4573; x_wconf 73' lang='lat' dir='ltr'><strong>uindicativo</strong></span> <span class='ocrx_word' id='word_1_379' title='bbox 1550 4524 1628 4573; x_wconf 76' lang='lat' dir='ltr'><strong>invidi</strong></span> <span class='ocrx_word' id='word_1_380' title='bbox 1645 4524 1770 4575; x_wconf 84' lang='lat' dir='ltr'><strong>homines</strong></span> 
     </span>
     <span class='ocr_line' id='line_1_36' title="bbox 434 4594 1768 4661; baseline 0.004 -15"><span class='ocrx_word' id='word_1_381' title='bbox 434 4611 530 4661; x_wconf 79' lang='grc'>6666666</span> <span class='ocrx_word' id='word_1_382' title='bbox 546 4596 580 4646; x_wconf 90' lang='grc'><strong>66</strong></span> <span class='ocrx_word' id='word_1_383' title='bbox 597 4596 722 4647; x_wconf 88' lang='lat' dir='ltr'><strong>invidiam</strong></span> <span class='ocrx_word' id='word_1_384' title='bbox 738 4596 801 4658; x_wconf 77' lang='lat' dir='ltr'><strong>sarri</strong></span> <span class='ocrx_word' id='word_1_385' title='bbox 818 4594 883 4646; x_wconf 84' lang='lat' dir='ltr'><strong>iatso</strong></span> <span class='ocrx_word' id='word_1_386' title='bbox 901 4594 1063 4646; x_wconf 88' lang='lat' dir='ltr'><strong>dicerentur.</strong></span> <span class='ocrx_word' id='word_1_387' title='bbox 1092 4595 1129 4645; x_wconf 89' lang='lat' dir='ltr'><strong>ct.</strong></span> <span class='ocrx_word' id='word_1_388' title='bbox 1149 4596 1183 4646; x_wconf 86' lang='lat' dir='ltr'><strong>de</strong></span> <span class='ocrx_word' id='word_1_389' title='bbox 1201 4610 1230 4646; x_wconf 90' lang='lat' dir='ltr'><strong>re</strong></span> <span class='ocrx_word' id='word_1_390' title='bbox 1249 4597 1384 4648; x_wconf 89' lang='lat' dir='ltr'><strong>notissima</strong></span> <span class='ocrx_word' id='word_1_391' title='bbox 1402 4598 1430 4648; x_wconf 84' lang='lat' dir='ltr'><strong>T.</strong></span> <span class='ocrx_word' id='word_1_392' title='bbox 1450 4599 1480 4648; x_wconf 88' lang='lat' dir='ltr'><strong>D.</strong></span> <span class='ocrx_word' id='word_1_393' title='bbox 1500 4598 1531 4660; x_wconf 91' lang='grc'><strong>44,</strong></span> <span class='ocrx_word' id='word_1_394' title='bbox 1549 4599 1590 4648; x_wconf 82' lang='grc'><strong>66.</strong></span> <span class='ocrx_word' id='word_1_395' title='bbox 1609 4597 1649 4649; x_wconf 85' lang='grc'><strong>64.</strong></span> <span class='ocrx_word' id='word_1_396' title='bbox 1669 4601 1712 4659; x_wconf 92' lang='grc'>444,</span> <span class='ocrx_word' id='word_1_397' title='bbox 1726 4599 1768 4651; x_wconf 76' lang='lat' dir='ltr'><strong>bl.</strong></span> 
     </span>
     <span class='ocr_line' id='line_1_37' title="bbox 435 4667 1767 4735; baseline 0.002 -12"><span class='ocrx_word' id='word_1_398' title='bbox 435 4675 490 4724; x_wconf 73' lang='lat' dir='ltr'><strong>lin.</strong></span> <span class='ocrx_word' id='word_1_399' title='bbox 509 4674 528 4732; x_wconf 95' lang='grc'><strong>4,</strong></span> <span class='ocrx_word' id='word_1_400' title='bbox 547 4672 586 4722; x_wconf 78' lang='grc'><strong>66.</strong></span> <span class='ocrx_word' id='word_1_401' title='bbox 606 4673 637 4732; x_wconf 92' lang='grc'><strong>44,</strong></span> <span class='ocrx_word' id='word_1_402' title='bbox 655 4671 671 4721; x_wconf 89' lang='lat'><strong>8</strong></span> <span class='ocrx_word' id='word_1_403' title='bbox 688 4670 780 4735; x_wconf 78' lang='lat' dir='ltr'><strong>(mepta</strong></span> <span class='ocrx_word' id='word_1_404' title='bbox 796 4682 873 4731; x_wconf 81' lang='lat' dir='ltr'><strong>quom</strong></span> <span class='ocrx_word' id='word_1_405' title='bbox 890 4683 939 4731; x_wconf 85' lang='lat' dir='ltr'><strong>quo</strong></span> <span class='ocrx_word' id='word_1_406' title='bbox 955 4692 986 4717; x_wconf 94' lang='lat'>=</span> <span class='ocrx_word' id='word_1_407' title='bbox 1003 4667 1092 4719; x_wconf 76' lang='grc'>666641.</span> <span class='ocrx_word' id='word_1_408' title='bbox 1110 4671 1180 4732; x_wconf 79' lang='lat' dir='ltr'><strong>livi,</strong></span> <span class='ocrx_word' id='word_1_409' title='bbox 1199 4672 1223 4732; x_wconf 88' lang='grc'><strong>6,</strong></span> <span class='ocrx_word' id='word_1_410' title='bbox 1243 4675 1265 4721; x_wconf 95' lang='grc'><strong>4.</strong></span> <span class='ocrx_word' id='word_1_411' title='bbox 1291 4674 1343 4722; x_wconf 83' lang='grc'>444.</span> <span class='ocrx_word' id='word_1_412' title='bbox 1362 4672 1427 4732; x_wconf 79' lang='grc'>44444,</span> <span class='ocrx_word' id='word_1_413' title='bbox 1446 4672 1471 4733; x_wconf 87' lang='grc'><strong>3,</strong></span> <span class='ocrx_word' id='word_1_414' title='bbox 1491 4674 1514 4722; x_wconf 87' lang='lat' dir='ltr'><strong>t.</strong></span> <span class='ocrx_word' id='word_1_415' title='bbox 1534 4674 1588 4723; x_wconf 80' lang='lat' dir='ltr'><strong>liv.</strong></span> <span class='ocrx_word' id='word_1_416' title='bbox 1608 4674 1638 4733; x_wconf 89' lang='lat' dir='ltr'><strong>tl,</strong></span> <span class='ocrx_word' id='word_1_417' title='bbox 1658 4676 1681 4724; x_wconf 94' lang='grc'><strong>4.</strong></span> <span class='ocrx_word' id='word_1_418' title='bbox 1705 4675 1767 4726; x_wconf 85' lang='lat' dir='ltr'><strong>Tae.</strong></span> 
     </span>
     <span class='ocr_line' id='line_1_38' title="bbox 435 4745 1770 4810; baseline 0.001 -11"><span class='ocrx_word' id='word_1_419' title='bbox 435 4749 501 4799; x_wconf 90' lang='lat' dir='ltr'><strong>llist.</strong></span> <span class='ocrx_word' id='word_1_420' title='bbox 519 4748 551 4806; x_wconf 91' lang='grc'><strong>44,</strong></span> <span class='ocrx_word' id='word_1_421' title='bbox 570 4746 594 4797; x_wconf 87' lang='lat' dir='ltr'><strong>l.</strong></span> <span class='ocrx_word' id='word_1_422' title='bbox 613 4747 655 4806; x_wconf 91' lang='grc'>444,</span> <span class='ocrx_word' id='word_1_423' title='bbox 673 4746 723 4808; x_wconf 72' lang='grc'>76).</span> <span class='ocrx_word' id='word_1_424' title='bbox 744 4747 814 4796; x_wconf 77' lang='lat' dir='ltr'><strong>iam.</strong></span> <span class='ocrx_word' id='word_1_425' title='bbox 829 4746 931 4805; x_wconf 79' lang='lat' dir='ltr'><strong>1,9,sa</strong></span> <span class='ocrx_word' id='word_1_426' title='bbox 948 4745 1009 4808; x_wconf 81' lang='lat' dir='ltr'><strong>(ooo</strong></span> <span class='ocrx_word' id='word_1_427' title='bbox 1025 4758 1078 4804; x_wconf 83' lang='lat' dir='ltr'><strong>eos,</strong></span> <span class='ocrx_word' id='word_1_428' title='bbox 1097 4745 1464 4807; x_wconf 83' lang='lat' dir='ltr'><strong>qvi--orbitroreatvr,</strong></span> <span class='ocrx_word' id='word_1_429' title='bbox 1483 4748 1526 4797; x_wconf 86' lang='lat' dir='ltr'><strong>sed</strong></span> <span class='ocrx_word' id='word_1_430' title='bbox 1542 4761 1595 4809; x_wconf 85' lang='lat' dir='ltr'><strong>cos,</strong></span> <span class='ocrx_word' id='word_1_431' title='bbox 1615 4762 1676 4810; x_wconf 81' lang='lat' dir='ltr'><strong>qvos</strong></span> <span class='ocrx_word' id='word_1_432' title='bbox 1693 4757 1770 4801; x_wconf 85' lang='grc'>6664</span> 
     </span>
     <span class='ocr_line' id='line_1_39' title="bbox 434 4818 1769 4888; baseline 0.004 -18"><span class='ocrx_word' id='word_1_433' title='bbox 434 4821 579 4885; x_wconf 67' lang='lat' dir='ltr'><strong>infinitior.)</strong></span> <span class='ocrx_word' id='word_1_434' title='bbox 597 4821 625 4870; x_wconf 87' lang='lat' dir='ltr'><strong>T.</strong></span> <span class='ocrx_word' id='word_1_435' title='bbox 645 4822 675 4871; x_wconf 84' lang='lat' dir='ltr'><strong>o.</strong></span> <span class='ocrx_word' id='word_1_436' title='bbox 695 4821 737 4880; x_wconf 93' lang='lat' dir='ltr'><strong>lll,</strong></span> <span class='ocrx_word' id='word_1_437' title='bbox 755 4818 771 4870; x_wconf 90' lang='grc'><strong>4</strong></span> <span class='ocrx_word' id='word_1_438' title='bbox 788 4820 888 4883; x_wconf 73' lang='lat' dir='ltr'><strong>(Uim</strong></span> <span class='ocrx_word' id='word_1_439' title='bbox 904 4820 1182 4882; x_wconf 68' lang='lat' dir='ltr'><strong>subducerem,</strong></span> <span class='ocrx_word' id='word_1_440' title='bbox 1200 4834 1235 4870; x_wconf 83' lang='lat' dir='ltr'><strong>ors</strong></span> <span class='ocrx_word' id='word_1_441' title='bbox 1252 4822 1317 4884; x_wconf 86' lang='lat' dir='ltr'><strong>quod</strong></span> <span class='ocrx_word' id='word_1_442' title='bbox 1333 4818 1406 4883; x_wconf 77' lang='lat' dir='ltr'><strong>siti,</strong></span> <span class='ocrx_word' id='word_1_443' title='bbox 1425 4834 1539 4885; x_wconf 90' lang='lat' dir='ltr'><strong>quorum</strong></span> <span class='ocrx_word' id='word_1_444' title='bbox 1558 4826 1701 4886; x_wconf 86' lang='lat' dir='ltr'><strong>utrumque</strong></span> <span class='ocrx_word' id='word_1_445' title='bbox 1719 4824 1735 4888; x_wconf 92' lang='grc'>5</span> <span class='ocrx_word' id='word_1_446' title='bbox 1751 4826 1769 4876; x_wconf 77' lang='lat' dir='ltr'><strong>b</strong></span> 
     </span>
     <span class='ocr_line' id='line_1_40' title="bbox 435 4892 1768 4962; baseline 0.003 -16"><span class='ocrx_word' id='word_1_447' title='bbox 435 4898 546 4959; x_wconf 87' lang='lat' dir='ltr'><strong>negatur</strong></span> <span class='ocrx_word' id='word_1_448' title='bbox 562 4898 589 4945; x_wconf 91' lang='lat' dir='ltr'><strong>et</strong></span> <span class='ocrx_word' id='word_1_449' title='bbox 605 4892 748 4954; x_wconf 84' lang='grc'>6646444466).</span> <span class='ocrx_word' id='word_1_450' title='bbox 769 4892 927 4943; x_wconf 87' lang='lat' dir='ltr'><strong>indicativus</strong></span> <span class='ocrx_word' id='word_1_451' title='bbox 945 4896 1017 4943; x_wconf 89' lang='lat' dir='ltr'><strong>recte</strong></span> <span class='ocrx_word' id='word_1_452' title='bbox 1036 4907 1065 4944; x_wconf 87' lang='lat' dir='ltr'><strong>se</strong></span> <span class='ocrx_word' id='word_1_453' title='bbox 1083 4894 1166 4945; x_wconf 87' lang='lat' dir='ltr'><strong>babet</strong></span> <span class='ocrx_word' id='word_1_454' title='bbox 1178 4897 1255 4959; x_wconf 78' lang='lat' dir='ltr'><strong>legg.</strong></span> <span class='ocrx_word' id='word_1_455' title='bbox 1268 4898 1299 4956; x_wconf 89' lang='grc'><strong>44,</strong></span> <span class='ocrx_word' id='word_1_456' title='bbox 1313 4896 1340 4946; x_wconf 83' lang='grc'><strong>64</strong></span> <span class='ocrx_word' id='word_1_457' title='bbox 1358 4898 1420 4960; x_wconf 76' lang='lat' dir='ltr'><strong>[vot</strong></span> <span class='ocrx_word' id='word_1_458' title='bbox 1432 4898 1502 4947; x_wconf 89' lang='lat' dir='ltr'><strong>euim</strong></span> <span class='ocrx_word' id='word_1_459' title='bbox 1516 4899 1618 4961; x_wconf 78' lang='lat' dir='ltr'><strong>augur).</strong></span> <span class='ocrx_word' id='word_1_460' title='bbox 1636 4911 1662 4962; x_wconf 92' lang='lat' dir='ltr'><strong>p.</strong></span> <span class='ocrx_word' id='word_1_461' title='bbox 1677 4898 1768 4951; x_wconf 79' lang='lat' dir='ltr'><strong>Plano.</strong></span> 
     </span>
     <span class='ocr_line' id='line_1_41' title="bbox 435 4966 1770 5035; baseline 0.004 -15"><span class='ocrx_word' id='word_1_462' title='bbox 435 4971 450 5034; x_wconf 90' lang='grc'>5</span> <span class='ocrx_word' id='word_1_463' title='bbox 467 4971 499 5021; x_wconf 84' lang='lat' dir='ltr'><strong>ts</strong></span> <span class='ocrx_word' id='word_1_464' title='bbox 516 4969 626 5033; x_wconf 80' lang='grc'>46666664</span> <span class='ocrx_word' id='word_1_465' title='bbox 642 4966 755 5027; x_wconf 58' lang='grc'>46644466</span> <span class='ocrx_word' id='word_1_466' title='bbox 774 4980 826 5016; x_wconf 87' lang='grc'><strong>666</strong></span> <span class='ocrx_word' id='word_1_467' title='bbox 845 4967 909 5017; x_wconf 88' lang='lat' dir='ltr'><strong>item</strong></span> <span class='ocrx_word' id='word_1_468' title='bbox 926 4967 960 5018; x_wconf 90' lang='lat' dir='ltr'><strong>de</strong></span> <span class='ocrx_word' id='word_1_469' title='bbox 977 4970 1006 5019; x_wconf 83' lang='lat' dir='ltr'><strong>a.</strong></span> <span class='ocrx_word' id='word_1_470' title='bbox 1023 4970 1051 5018; x_wconf 86' lang='lat' dir='ltr'><strong>P.</strong></span> <span class='ocrx_word' id='word_1_471' title='bbox 1066 4970 1085 5029; x_wconf 93' lang='lat' dir='ltr'><strong>l,</strong></span> <span class='ocrx_word' id='word_1_472' title='bbox 1102 4969 1133 5019; x_wconf 84' lang='grc'><strong>34)</strong></span> <span class='ocrx_word' id='word_1_473' title='bbox 1150 4970 1317 5035; x_wconf 78' lang='grc'>(6666666664),</span> <span class='ocrx_word' id='word_1_474' title='bbox 1336 4973 1358 5022; x_wconf 86' lang='grc'><strong>64</strong></span> <span class='ocrx_word' id='word_1_475' title='bbox 1375 4972 1442 5022; x_wconf 87' lang='lat' dir='ltr'><strong>baec</strong></span> <span class='ocrx_word' id='word_1_476' title='bbox 1460 4975 1500 5022; x_wconf 96' lang='grc'><strong>664</strong></span> <span class='ocrx_word' id='word_1_477' title='bbox 1517 4973 1657 5031; x_wconf 83' lang='grc'>66646666,</span> <span class='ocrx_word' id='word_1_478' title='bbox 1675 4975 1700 5023; x_wconf 92' lang='lat' dir='ltr'><strong>S.</strong></span> <span class='ocrx_word' id='word_1_479' title='bbox 1715 4977 1770 5025; x_wconf 80' lang='lat' dir='ltr'><strong>Ae-</strong></span> 
     </span>
     <span class='ocr_line' id='line_1_42' title="bbox 435 5043 1769 5111; baseline 0.004 -16"><span class='ocrx_word' id='word_1_480' title='bbox 435 5044 498 5095; x_wconf 89' lang='lat' dir='ltr'><strong>lium</strong></span> <span class='ocrx_word' id='word_1_481' title='bbox 520 5058 582 5094; x_wconf 84' lang='grc'><strong>666</strong></span> <span class='ocrx_word' id='word_1_482' title='bbox 602 5057 633 5093; x_wconf 93' lang='grc'><strong>66</strong></span> <span class='ocrx_word' id='word_1_483' title='bbox 653 5043 789 5105; x_wconf 77' lang='grc'>6666664666,</span> <span class='ocrx_word' id='word_1_484' title='bbox 814 5054 882 5105; x_wconf 88' lang='lat' dir='ltr'><strong>quae</strong></span> <span class='ocrx_word' id='word_1_485' title='bbox 904 5056 1050 5107; x_wconf 90' lang='lat' dir='ltr'><strong>numquam</strong></span> <span class='ocrx_word' id='word_1_486' title='bbox 1068 5044 1211 5106; x_wconf 87' lang='lat' dir='ltr'><strong>inveniret,</strong></span> <span class='ocrx_word' id='word_1_487' title='bbox 1236 5045 1282 5096; x_wconf 89' lang='lat' dir='ltr'><strong>ubi</strong></span> <span class='ocrx_word' id='word_1_488' title='bbox 1299 5045 1423 5096; x_wconf 89' lang='lat' dir='ltr'><strong>librarius</strong></span> <span class='ocrx_word' id='word_1_489' title='bbox 1440 5047 1474 5096; x_wconf 90' lang='lat' dir='ltr'><strong>sd</strong></span> <span class='ocrx_word' id='word_1_490' title='bbox 1492 5060 1549 5111; x_wconf 89' lang='lat' dir='ltr'><strong>seq.</strong></span> <span class='ocrx_word' id='word_1_491' title='bbox 1568 5046 1624 5096; x_wconf 89' lang='grc'>6664</span> <span class='ocrx_word' id='word_1_492' title='bbox 1640 5047 1769 5100; x_wconf 89' lang='lat' dir='ltr'><strong>aberrare</strong></span> 
     </span>
     <span class='ocr_line' id='line_1_43' title="bbox 436 5115 1767 5187; baseline 0.003 -19"><span class='ocrx_word' id='word_1_493' title='bbox 436 5119 533 5182; x_wconf 88' lang='lat' dir='ltr'><strong>potuit;</strong></span> <span class='ocrx_word' id='word_1_494' title='bbox 553 5130 616 5168; x_wconf 89' lang='lat' dir='ltr'><strong>nam</strong></span> <span class='ocrx_word' id='word_1_495' title='bbox 633 5116 705 5180; x_wconf 90' lang='lat' dir='ltr'><strong>quod</strong></span> <span class='ocrx_word' id='word_1_496' title='bbox 723 5115 794 5180; x_wconf 90' lang='lat' dir='ltr'><strong>apud</strong></span> <span class='ocrx_word' id='word_1_497' title='bbox 811 5116 944 5176; x_wconf 83' lang='lat' dir='ltr'><strong>Tacitum,</strong></span> <span class='ocrx_word' id='word_1_498' title='bbox 963 5120 1008 5178; x_wconf 80' lang='lat' dir='ltr'><strong>qui</strong></span> <span class='ocrx_word' id='word_1_499' title='bbox 1027 5117 1114 5179; x_wconf 85' lang='lat' dir='ltr'><strong>idem,</strong></span> <span class='ocrx_word' id='word_1_500' title='bbox 1133 5122 1162 5168; x_wconf 92' lang='grc'><strong>64</strong></span> <span class='ocrx_word' id='word_1_501' title='bbox 1179 5119 1221 5170; x_wconf 87' lang='grc'>6444</span> <span class='ocrx_word' id='word_1_502' title='bbox 1239 5122 1427 5180; x_wconf 89' lang='lat' dir='ltr'><strong>recentiorum,</strong></span> <span class='ocrx_word' id='word_1_503' title='bbox 1447 5121 1588 5172; x_wconf 91' lang='lat' dir='ltr'><strong>modorum</strong></span> <span class='ocrx_word' id='word_1_504' title='bbox 1604 5127 1767 5187; x_wconf 70' lang='lat' dir='ltr'><strong>postqum·</strong></span> 
     </span>
     <span class='ocr_line' id='line_1_44' title="bbox 435 5190 1767 5259; baseline 0.008 -18"><span class='ocrx_word' id='word_1_505' title='bbox 435 5205 513 5257; x_wconf 80' lang='lat' dir='ltr'><strong>qvam</strong></span> <span class='ocrx_word' id='word_1_506' title='bbox 529 5203 608 5241; x_wconf 90' lang='lat' dir='ltr'><strong>usum</strong></span> <span class='ocrx_word' id='word_1_507' title='bbox 625 5192 746 5251; x_wconf 89' lang='lat' dir='ltr'><strong>variarit,</strong></span> <span class='ocrx_word' id='word_1_508' title='bbox 765 5192 787 5241; x_wconf 90' lang='lat' dir='ltr'><strong>si</strong></span> <span class='ocrx_word' id='word_1_509' title='bbox 806 5191 872 5243; x_wconf 86' lang='lat' dir='ltr'><strong>fides</strong></span> <span class='ocrx_word' id='word_1_510' title='bbox 884 5190 1021 5243; x_wconf 91' lang='lat' dir='ltr'><strong>codicibus</strong></span> <span class='ocrx_word' id='word_1_511' title='bbox 1034 5192 1158 5244; x_wconf 88' lang='lat' dir='ltr'><strong>babendo</strong></span> <span class='ocrx_word' id='word_1_512' title='bbox 1171 5198 1226 5256; x_wconf 91' lang='grc'>664,</span> <span class='ocrx_word' id='word_1_513' title='bbox 1245 5196 1402 5245; x_wconf 87' lang='lat' dir='ltr'><strong>indicativus</strong></span> <span class='ocrx_word' id='word_1_514' title='bbox 1413 5195 1454 5245; x_wconf 91' lang='lat' dir='ltr'><strong>bis</strong></span> <span class='ocrx_word' id='word_1_515' title='bbox 1465 5195 1559 5258; x_wconf 89' lang='lat' dir='ltr'><strong>legitur</strong></span> <span class='ocrx_word' id='word_1_516' title='bbox 1570 5199 1645 5258; x_wconf 76' lang='lat' dir='ltr'><strong>(ann.</strong></span> <span class='ocrx_word' id='word_1_517' title='bbox 1658 5200 1712 5259; x_wconf 82' lang='lat' dir='ltr'><strong>lili,</strong></span> <span class='ocrx_word' id='word_1_518' title='bbox 1726 5201 1767 5252; x_wconf 88' lang='grc'><strong>66.</strong></span> 
     </span>
     <span class='ocr_line' id='line_1_45' title="bbox 435 5266 1769 5332; baseline 0.005 -13"><span class='ocrx_word' id='word_1_519' title='bbox 435 5269 500 5320; x_wconf 88' lang='grc'>44464.</span> <span class='ocrx_word' id='word_1_520' title='bbox 520 5268 562 5328; x_wconf 91' lang='grc'>444,</span> <span class='ocrx_word' id='word_1_521' title='bbox 581 5266 608 5325; x_wconf 88' lang='grc'><strong>4;</strong></span> <span class='ocrx_word' id='word_1_522' title='bbox 628 5281 688 5317; x_wconf 84' lang='lat' dir='ltr'><strong>nam</strong></span> <span class='ocrx_word' id='word_1_523' title='bbox 706 5269 773 5317; x_wconf 85' lang='grc'>466.</span> <span class='ocrx_word' id='word_1_524' title='bbox 792 5268 859 5328; x_wconf 78' lang='grc'>44444,</span> <span class='ocrx_word' id='word_1_525' title='bbox 879 5268 889 5317; x_wconf 90' lang='grc'><strong>4</strong></span> <span class='ocrx_word' id='word_1_526' title='bbox 911 5281 944 5317; x_wconf 83' lang='grc'><strong>66</strong></span> <span class='ocrx_word' id='word_1_527' title='bbox 962 5268 1004 5317; x_wconf 90' lang='grc'><strong>66.</strong></span> <span class='ocrx_word' id='word_1_528' title='bbox 1024 5268 1091 5331; x_wconf 85' lang='lat' dir='ltr'><strong>spir.</strong></span> <span class='ocrx_word' id='word_1_529' title='bbox 1111 5269 1251 5319; x_wconf 78' lang='lat' dir='ltr'><strong>irritaverit</strong></span> <span class='ocrx_word' id='word_1_530' title='bbox 1269 5268 1357 5332; x_wconf 89' lang='lat' dir='ltr'><strong>legere</strong></span> <span class='ocrx_word' id='word_1_531' title='bbox 1375 5268 1459 5331; x_wconf 88' lang='grc'>44664),</span> <span class='ocrx_word' id='word_1_532' title='bbox 1478 5269 1540 5320; x_wconf 90' lang='lat' dir='ltr'><strong>nibil</strong></span> <span class='ocrx_word' id='word_1_533' title='bbox 1558 5271 1591 5321; x_wconf 88' lang='lat' dir='ltr'><strong>sd</strong></span> <span class='ocrx_word' id='word_1_534' title='bbox 1609 5273 1769 5326; x_wconf 90' lang='lat' dir='ltr'><strong>Ciceronem</strong></span> 
     </span>
     <span class='ocr_line' id='line_1_46' title="bbox 435 5340 1770 5410; baseline 0.005 -16"><span class='ocrx_word' id='word_1_535' title='bbox 435 5345 559 5410; x_wconf 86' lang='lat' dir='ltr'><strong>pertinet.</strong></span> <span class='ocrx_word' id='word_1_536' title='bbox 583 5340 684 5405; x_wconf 81' lang='lat' dir='ltr'><strong>Duplex</strong></span> <span class='ocrx_word' id='word_1_537' title='bbox 702 5342 888 5393; x_wconf 88' lang='lat' dir='ltr'><strong>coniunctivus</strong></span> <span class='ocrx_word' id='word_1_538' title='bbox 907 5345 979 5392; x_wconf 90' lang='grc'>66646</span> <span class='ocrx_word' id='word_1_539' title='bbox 998 5344 1039 5392; x_wconf 87' lang='grc'><strong>664</strong></span> <span class='ocrx_word' id='word_1_540' title='bbox 1055 5342 1136 5392; x_wconf 73' lang='lat' dir='ltr'><strong>acad.</strong></span> <span class='ocrx_word' id='word_1_541' title='bbox 1157 5343 1176 5403; x_wconf 89' lang='lat' dir='ltr'><strong>l,</strong></span> <span class='ocrx_word' id='word_1_542' title='bbox 1195 5342 1227 5394; x_wconf 72' lang='grc'><strong>46</strong></span> <span class='ocrx_word' id='word_1_543' title='bbox 1244 5344 1405 5409; x_wconf 78' lang='lat' dir='ltr'><strong>(relinqueret</strong></span> <span class='ocrx_word' id='word_1_544' title='bbox 1422 5345 1491 5395; x_wconf 88' lang='lat' dir='ltr'><strong>coni.</strong></span> <span class='ocrx_word' id='word_1_545' title='bbox 1509 5344 1590 5409; x_wconf 69' lang='lat' dir='ltr'><strong>obliq.</strong></span> <span class='ocrx_word' id='word_1_546' title='bbox 1609 5346 1643 5396; x_wconf 91' lang='lat' dir='ltr'><strong>ab</strong></span> <span class='ocrx_word' id='word_1_547' title='bbox 1660 5348 1683 5397; x_wconf 90' lang='grc'><strong>64</strong></span> <span class='ocrx_word' id='word_1_548' title='bbox 1698 5351 1770 5401; x_wconf 85' lang='grc'>6466-</span> 
     </span>
     <span class='ocr_line' id='line_1_47' title="bbox 434 5415 1768 5486; baseline 0.003 -17"><span class='ocrx_word' id='word_1_549' title='bbox 434 5420 511 5470; x_wconf 81' lang='grc'>664466</span> <span class='ocrx_word' id='word_1_550' title='bbox 525 5417 665 5482; x_wconf 84' lang='lat' dir='ltr'><strong>pendens).</strong></span> <span class='ocrx_word' id='word_1_551' title='bbox 693 5417 747 5466; x_wconf 85' lang='lat' dir='ltr'><strong>Fin.</strong></span> <span class='ocrx_word' id='word_1_552' title='bbox 767 5417 787 5476; x_wconf 93' lang='grc'><strong>4,</strong></span> <span class='ocrx_word' id='word_1_553' title='bbox 806 5415 838 5467; x_wconf 84' lang='grc'><strong>48</strong></span> <span class='ocrx_word' id='word_1_554' title='bbox 855 5419 1032 5481; x_wconf 64' lang='lat' dir='ltr'><strong>(coaequatur</strong></span> <span class='ocrx_word' id='word_1_555' title='bbox 1049 5418 1117 5467; x_wconf 89' lang='lat' dir='ltr'><strong>coni.</strong></span> <span class='ocrx_word' id='word_1_556' title='bbox 1136 5417 1239 5482; x_wconf 83' lang='lat' dir='ltr'><strong>obliq.).</strong></span> <span class='ocrx_word' id='word_1_557' title='bbox 1260 5421 1329 5470; x_wconf 84' lang='lat' dir='ltr'><strong>Fam.</strong></span> <span class='ocrx_word' id='word_1_558' title='bbox 1349 5421 1392 5481; x_wconf 84' lang='grc'>441,</span> <span class='ocrx_word' id='word_1_559' title='bbox 1411 5420 1435 5481; x_wconf 97' lang='grc'><strong>7,</strong></span> <span class='ocrx_word' id='word_1_560' title='bbox 1455 5420 1482 5469; x_wconf 86' lang='grc'><strong>4;</strong></span> <span class='ocrx_word' id='word_1_561' title='bbox 1502 5433 1554 5471; x_wconf 88' lang='grc'><strong>666</strong></span> <span class='ocrx_word' id='word_1_562' title='bbox 1572 5422 1636 5471; x_wconf 92' lang='lat' dir='ltr'><strong>item</strong></span> <span class='ocrx_word' id='word_1_563' title='bbox 1655 5423 1734 5486; x_wconf 84' lang='lat' dir='ltr'><strong>Legg.</strong></span> <span class='ocrx_word' id='word_1_564' title='bbox 1747 5425 1768 5484; x_wconf 93' lang='grc'>4,</span> 
     </span>
     <span class='ocr_line' id='line_1_48' title="bbox 435 5489 1769 5559; baseline 0.003 -14"><span class='ocrx_word' id='word_1_565' title='bbox 435 5494 463 5546; x_wconf 88' lang='grc'><strong>44</strong></span> <span class='ocrx_word' id='word_1_566' title='bbox 485 5493 539 5558; x_wconf 76' lang='lat' dir='ltr'><strong>tubi</strong></span> <span class='ocrx_word' id='word_1_567' title='bbox 556 5506 604 5557; x_wconf 92' lang='lat' dir='ltr'><strong>pro</strong></span> <span class='ocrx_word' id='word_1_568' title='bbox 621 5496 715 5542; x_wconf 77' lang='grc'>6664664</span> <span class='ocrx_word' id='word_1_569' title='bbox 732 5489 875 5553; x_wconf 83' lang='lat' dir='ltr'><strong>legendum</strong></span> <span class='ocrx_word' id='word_1_570' title='bbox 894 5494 936 5541; x_wconf 91' lang='lat' dir='ltr'><strong>est</strong></span> <span class='ocrx_word' id='word_1_571' title='bbox 952 5493 1060 5552; x_wconf 82' lang='lat' dir='ltr'><strong>metuet).</strong></span> <span class='ocrx_word' id='word_1_572' title='bbox 1080 5491 1201 5552; x_wconf 84' lang='lat' dir='ltr'><strong>Quinctil.</strong></span> <span class='ocrx_word' id='word_1_573' title='bbox 1221 5493 1274 5552; x_wconf 80' lang='grc'>4444,</span> <span class='ocrx_word' id='word_1_574' title='bbox 1295 5497 1335 5555; x_wconf 93' lang='grc'><strong>44,</strong></span> <span class='ocrx_word' id='word_1_575' title='bbox 1350 5495 1380 5543; x_wconf 90' lang='grc'><strong>46</strong></span> <span class='ocrx_word' id='word_1_576' title='bbox 1399 5494 1452 5556; x_wconf 81' lang='lat' dir='ltr'><strong>(ubi</strong></span> <span class='ocrx_word' id='word_1_577' title='bbox 1465 5500 1616 5559; x_wconf 82' lang='grc'>6666666644</span> <span class='ocrx_word' id='word_1_578' title='bbox 1628 5496 1689 5548; x_wconf 89' lang='grc'>44664</span> <span class='ocrx_word' id='word_1_579' title='bbox 1700 5500 1769 5549; x_wconf 89' lang='lat' dir='ltr'><strong>scri-</strong></span> 
     </span>
     <span class='ocr_line' id='line_1_49' title="bbox 436 5566 1768 5634; baseline 0.003 -14"><span class='ocrx_word' id='word_1_580' title='bbox 436 5570 501 5620; x_wconf 92' lang='lat' dir='ltr'><strong>bere</strong></span> <span class='ocrx_word' id='word_1_581' title='bbox 522 5583 572 5620; x_wconf 84' lang='grc'><strong>666</strong></span> <span class='ocrx_word' id='word_1_582' title='bbox 588 5568 667 5630; x_wconf 67' lang='lat' dir='ltr'><strong>estl-</strong></span> <span class='ocrx_word' id='word_1_583' title='bbox 686 5567 727 5616; x_wconf 90' lang='lat' dir='ltr'><strong>W.</strong></span> <span class='ocrx_word' id='word_1_584' title='bbox 752 5566 817 5616; x_wconf 88' lang='lat' dir='ltr'><strong>Vide</strong></span> <span class='ocrx_word' id='word_1_585' title='bbox 837 5567 968 5617; x_wconf 87' lang='lat' dir='ltr'><strong>etiamad</strong></span> <span class='ocrx_word' id='word_1_586' title='bbox 987 5566 1089 5630; x_wconf 84' lang='grc'>4584.</span> <span class='ocrx_word' id='word_1_587' title='bbox 1111 5592 1137 5604; x_wconf 89' lang='grc'>-</span> <span class='ocrx_word' id='word_1_588' title='bbox 1161 5568 1200 5618; x_wconf 84' lang='grc'><strong>40.</strong></span> <span class='ocrx_word' id='word_1_589' title='bbox 1220 5569 1320 5619; x_wconf 80' lang='grc'>6466466</span> <span class='ocrx_word' id='word_1_590' title='bbox 1337 5570 1458 5634; x_wconf 84' lang='lat' dir='ltr'><strong>Bentley:</strong></span> <span class='ocrx_word' id='word_1_591' title='bbox 1480 5572 1573 5622; x_wconf 86' lang='lat' dir='ltr'><strong>dicitvr</strong></span> <span class='ocrx_word' id='word_1_592' title='bbox 1590 5572 1625 5623; x_wconf 84' lang='lat' dir='ltr'><strong>C.</strong></span> <span class='ocrx_word' id='word_1_593' title='bbox 1649 5573 1716 5623; x_wconf 88' lang='lat' dir='ltr'><strong>Vide</strong></span> <span class='ocrx_word' id='word_1_594' title='bbox 1734 5574 1768 5624; x_wconf 92' lang='lat' dir='ltr'><strong>ad</strong></span> 
     </span>
     <span class='ocr_line' id='line_1_50' title="bbox 436 5641 1770 5709; baseline 0.004 -15"><span class='ocrx_word' id='word_1_595' title='bbox 436 5646 457 5694; x_wconf 92' lang='lat' dir='ltr'><strong>ll</strong></span> <span class='ocrx_word' id='word_1_596' title='bbox 474 5644 489 5708; x_wconf 89' lang='grc'>5</span> <span class='ocrx_word' id='word_1_597' title='bbox 507 5642 548 5695; x_wconf 87' lang='grc'><strong>47.</strong></span> <span class='ocrx_word' id='word_1_598' title='bbox 569 5671 596 5681; x_wconf 90' lang='grc'><strong>-</strong></span> <span class='ocrx_word' id='word_1_599' title='bbox 617 5642 656 5694; x_wconf 92' lang='grc'><strong>44.</strong></span> <span class='ocrx_word' id='word_1_600' title='bbox 675 5643 818 5707; x_wconf 78' lang='grc'>6666646446</span> <span class='ocrx_word' id='word_1_601' title='bbox 833 5647 857 5692; x_wconf 90' lang='grc'><strong>64</strong></span> <span class='ocrx_word' id='word_1_602' title='bbox 873 5644 962 5693; x_wconf 72' lang='lat' dir='ltr'><strong>vitiam</strong></span> <span class='ocrx_word' id='word_1_603' title='bbox 979 5643 998 5693; x_wconf 91' lang='lat' dir='ltr'>C</span> <span class='ocrx_word' id='word_1_604' title='bbox 1013 5668 1039 5678; x_wconf 94' lang='lat'>-</span> <span class='ocrx_word' id='word_1_605' title='bbox 1060 5642 1101 5691; x_wconf 89' lang='grc'><strong>46.</strong></span> <span class='ocrx_word' id='word_1_606' title='bbox 1120 5641 1277 5694; x_wconf 82' lang='lat' dir='ltr'><strong>imbecilitate</strong></span> <span class='ocrx_word' id='word_1_607' title='bbox 1293 5648 1353 5694; x_wconf 90' lang='lat' dir='ltr'><strong>G-</strong></span> <span class='ocrx_word' id='word_1_608' title='bbox 1373 5646 1414 5697; x_wconf 77' lang='lat' dir='ltr'><strong>al.</strong></span> <span class='ocrx_word' id='word_1_609' title='bbox 1429 5660 1506 5709; x_wconf 80' lang='lat' dir='ltr'><strong>poros</strong></span> <span class='ocrx_word' id='word_1_610' title='bbox 1522 5648 1593 5700; x_wconf 84' lang='grc'>66664</span> <span class='ocrx_word' id='word_1_611' title='bbox 1608 5649 1770 5700; x_wconf 51' lang='lat' dir='ltr'><strong>&amp;micres</strong></span> 
     </span>
     <span class='ocr_line' id='line_1_51' title="bbox 435 5717 1769 5789; baseline 0.005 -21"><span class='ocrx_word' id='word_1_612' title='bbox 435 5717 559 5783; x_wconf 79' lang='lat' dir='ltr'><strong>Bentley:</strong></span> <span class='ocrx_word' id='word_1_613' title='bbox 576 5719 658 5783; x_wconf 80' lang='lat' dir='ltr'><strong>portia</strong></span> <span class='ocrx_word' id='word_1_614' title='bbox 673 5717 744 5768; x_wconf 84' lang='grc'>66664</span> <span class='ocrx_word' id='word_1_615' title='bbox 760 5717 922 5767; x_wconf 67' lang='lat' dir='ltr'><strong>dtneatiottis</strong></span> <span class='ocrx_word' id='word_1_616' title='bbox 940 5719 974 5777; x_wconf 85' lang='lat' dir='ltr'><strong>C;</strong></span> <span class='ocrx_word' id='word_1_617' title='bbox 990 5723 1078 5782; x_wconf 82' lang='lat' dir='ltr'><strong>portes</strong></span> <span class='ocrx_word' id='word_1_618' title='bbox 1094 5718 1166 5769; x_wconf 85' lang='grc'>66664</span> <span class='ocrx_word' id='word_1_619' title='bbox 1182 5721 1347 5772; x_wconf 58' lang='lat' dir='ltr'><strong>denotantes</strong></span> <span class='ocrx_word' id='word_1_620' title='bbox 1365 5723 1400 5772; x_wconf 92' lang='lat'><strong>0.</strong></span> <span class='ocrx_word' id='word_1_621' title='bbox 1421 5723 1472 5772; x_wconf 72' lang='lat' dir='ltr'><strong>sEr</strong></span> <span class='ocrx_word' id='word_1_622' title='bbox 1489 5725 1562 5786; x_wconf 83' lang='lat' dir='ltr'><strong>puris</strong></span> <span class='ocrx_word' id='word_1_623' title='bbox 1578 5735 1641 5774; x_wconf 92' lang='lat' dir='ltr'><strong>cum</strong></span> <span class='ocrx_word' id='word_1_624' title='bbox 1658 5726 1769 5789; x_wconf 86' lang='lat' dir='ltr'><strong>propter</strong></span> 
     </span>
     <span class='ocr_line' id='line_1_52' title="bbox 434 5792 1768 5861; baseline 0.006 -18"><span class='ocrx_word' id='word_1_625' title='bbox 434 5794 572 5857; x_wconf 86' lang='lat' dir='ltr'><strong>superiora</strong></span> <span class='ocrx_word' id='word_1_626' title='bbox 589 5792 631 5844; x_wconf 87' lang='lat' dir='ltr'><strong>illa</strong></span> <span class='ocrx_word' id='word_1_627' title='bbox 647 5800 759 5858; x_wconf 86' lang='lat' dir='ltr'><strong>portes</strong></span> <span class='ocrx_word' id='word_1_628' title='bbox 774 5794 888 5857; x_wconf 77' lang='lat' dir='ltr'><strong>corporis</strong></span> <span class='ocrx_word' id='word_1_629' title='bbox 904 5794 968 5844; x_wconf 77' lang='lat' dir='ltr'><strong>irater</strong></span> <span class='ocrx_word' id='word_1_630' title='bbox 984 5808 1009 5845; x_wconf 86' lang='lat' dir='ltr'><strong>se</strong></span> <span class='ocrx_word' id='word_1_631' title='bbox 1025 5794 1143 5845; x_wconf 78' lang='grc'>6466466664</span> <span class='ocrx_word' id='word_1_632' title='bbox 1159 5795 1257 5847; x_wconf 89' lang='lat' dir='ltr'><strong>tactum</strong></span> <span class='ocrx_word' id='word_1_633' title='bbox 1271 5801 1343 5848; x_wconf 89' lang='lat' dir='ltr'><strong>esset</strong></span> <span class='ocrx_word' id='word_1_634' title='bbox 1352 5799 1442 5861; x_wconf 78' lang='lat' dir='ltr'><strong>portis,</strong></span> <span class='ocrx_word' id='word_1_635' title='bbox 1461 5811 1514 5848; x_wconf 90' lang='lat' dir='ltr'><strong>non</strong></span> <span class='ocrx_word' id='word_1_636' title='bbox 1527 5799 1634 5859; x_wconf 79' lang='lat' dir='ltr'><strong>mnam,</strong></span> <span class='ocrx_word' id='word_1_637' title='bbox 1653 5800 1675 5850; x_wconf 90' lang='lat' dir='ltr'><strong>si</strong></span> <span class='ocrx_word' id='word_1_638' title='bbox 1687 5801 1768 5851; x_wconf 89' lang='lat' dir='ltr'><strong>etiam</strong></span> 
     </span>
     <span class='ocr_line' id='line_1_53' title="bbox 434 5868 1768 5938; baseline 0.004 -19"><span class='ocrx_word' id='word_1_639' title='bbox 434 5868 594 5921; x_wconf 68' lang='grc'>6466666666</span> <span class='ocrx_word' id='word_1_640' title='bbox 609 5870 636 5920; x_wconf 90' lang='grc'><strong>46</strong></span> <span class='ocrx_word' id='word_1_641' title='bbox 651 5870 813 5922; x_wconf 58' lang='lat' dir='ltr'><strong>dimotum</strong></span> <span class='ocrx_word' id='word_1_642' title='bbox 829 5871 960 5920; x_wconf 87' lang='lat' dir='ltr'><strong>mutatum</strong></span> <span class='ocrx_word' id='word_1_643' title='bbox 978 5873 1032 5931; x_wconf 88' lang='grc'>664,</span> <span class='ocrx_word' id='word_1_644' title='bbox 1059 5871 1216 5934; x_wconf 85' lang='lat' dir='ltr'><strong>praesertim</strong></span> <span class='ocrx_word' id='word_1_645' title='bbox 1234 5884 1295 5923; x_wconf 88' lang='lat' dir='ltr'><strong>cum</strong></span> <span class='ocrx_word' id='word_1_646' title='bbox 1318 5874 1477 5938; x_wconf 88' lang='lat' dir='ltr'><strong>praecedat:</strong></span> <span class='ocrx_word' id='word_1_647' title='bbox 1504 5874 1612 5937; x_wconf 70' lang='grc'>66666446</span> <span class='ocrx_word' id='word_1_648' title='bbox 1623 5898 1661 5911; x_wconf 90' lang='grc'><strong>--</strong></span> <span class='ocrx_word' id='word_1_649' title='bbox 1672 5874 1768 5925; x_wconf 66' lang='grc'>64666-</span> 
     </span>
     <span class='ocr_line' id='line_1_54' title="bbox 434 5942 583 5996; baseline 0.02 -3"><span class='ocrx_word' id='word_1_650' title='bbox 434 5942 522 5993; x_wconf 73' lang='lat' dir='ltr'><strong>aens.-</strong></span> <span class='ocrx_word' id='word_1_651' title='bbox 539 5944 583 5996; x_wconf 87' lang='lat' dir='ltr'><strong>W.</strong></span> 
     </span>
    </p>
   </div>
   <div class='ocr_carea' id='block_1_5' title="bbox 0 0 2176 7459">
    <p class='ocr_par' dir='ltr' id='par_1_5' title="bbox 0 0 2176 7459">
     <span class='ocr_line' id='line_1_55' title="bbox 0 0 2176 7459; baseline 0 2"><span class='ocrx_word' id='word_1_652' title='bbox 0 0 2176 7459; x_wconf 95' lang='lat' dir='ltr'><strong> </strong></span> 
     </span>
    </p>
   </div>
  </div>
 </body>
</html>
