4342 7459
665 1273 734 1340 nu.
758 1275 784 1339 4.
811 1273 886 1340 cn.
906 1273 1231 1341 xxxv-xxxva.
1257 1271 1303 1361 §p
1326 1270 1491 1345 ot-tot.
1680 1257 1743 1341 att

411 1435 602 1501 dissimulet
632 1436 755 1499 Etenim
783 1436 810 1499 sl
839 1436 952 1509 semel,
982 1436 1102 1510 Vellei,
1130 1438 1321 1520 suscipimus
1351 1457 1451 1522 genus
1472 1436 1534 1500 boc
1556 1433 1745 1519 argumenti,

410 1531 540 1595 attende
568 1549 634 1614 quo
662 1536 777 1614 serpat
811 1531 859 1593 Tu
888 1531 970 1592 enim
1000 1531 1148 1593 sumebas
1169 1532 1231 1594 uisi
1252 1532 1285 1594 iu
1307 1531 1445 1595 hominis
1466 1530 1567 1613 ligura
1588 1531 1744 1594 rationem

409 1627 514 1688 ineme
535 1642 602 1686 uon
623 1643 736 1707 posse3
759 1632 863 1686 sumet
884 1623 966 1686 alius
988 1626 1050 1688 nisi
1072 1625 1105 1687 in
1128 1623 1287 1697 terrestri,
1309 1625 1372 1688 nisi
1389 1626 1420 1687 in
1438 1645 1492 1699 eo,
1515 1625 1569 1709 qui
1585 1632 1679 1688 uatus
1694 1623 1744 1699 stt,

409 1719 472 1782 nisi
494 1720 528 1781 in
550 1737 604 1791 eo,
627 1722 683 1803 qui
704 1717 895 1790 adoleverit,
921 1718 984 1780 nisi
1008 1720 1118 1793 ineo,
1146 1719 1200 1801 qui
1224 1718 1385 1793 didicerit,
1413 1717 1476 1781 uisi
1498 1719 1531 1781 in
1554 1738 1603 1792 eo,
1626 1719 1681 1803 qui
1705 1735 1746 1783 ex

409 1812 518 1875 animo
547 1819 673 1875 constet
699 1818 732 1875 et
757 1829 890 1894 corpore
919 1810 1046 1874 caduco·
1063 1821 1095 1875 et
1124 1810 1263 1884 inlirmo,
1295 1820 1455 1895 postremo
1478 1812 1540 1876 nisi
1562 1814 1595 1877 in
1617 1808 1770 1877 homiues

409 1914 506 1990 atqns
534 1905 669 1969 mortali.
709 1904 804 1982 Quod
833 1905 860 1967 si
889 1904 922 1967 in
954 1906 1102 1968 omnibns
1131 1904 1181 1968 lais
1203 1906 1299 1969 rebus
1322 1906 1466 1979 obsistis,
1489 1905 1568 1990 quid
1591 1900 1748 1991 estquod

409 2008 442 2063 tc
463 1999 565 2062 lorma
588 2018 651 2061 nna
673 1999 866 2061 conturbati
899 1998 956 2061 His
979 1999 1064 2060 enim
1088 2000 1251 2074 omnibus,
1281 2017 1364 2083 quac
1392 2002 1561 2083 proposui,
1590 1999 1749 2063 adiunctis
1793 2044 1812 2053 -

410 2095 445 2157 in
459 2093 590 2157 bomine
605 2092 764 2155 rationem
780 2112 851 2155 esse
866 2099 899 2153 et
914 2099 1050 2155 mentem
1067 2092 1219 2167 videbas,
1235 2092 1351 2176 quibus
1367 2092 1517 2157 detractis
1533 2093 1627 2158 deum
1643 2104 1749 2157 44444444

408 2207 507 2252 nosse
530 2196 561 2251 te
584 2187 681 2260 dicis,
694 2185 799 2272 modo
822 2185 1005 2250 liniamenta
1027 2196 1186 2249 maneant.
1216 2188 1293 2251 'lloc
1315 2195 1441 2251 estnon
1458 2187 1671 2263 considerare,
1693 2183 1749 2250 sed

409 2281 503 2365 quasi
526 2280 651 2353 sortiri,
674 2278 752 2363 quid
776 2280 919 2363 loquare.
963 2277 1015 2341 09.
1037 2281 1105 2343 Nisi
1128 2281 1211 2344 torte
1233 2302 1274 2344 ne
1292 2281 1353 2345 boc
1369 2280 1498 2366 quidem
1514 2280 1664 2356 attendis,
1685 2283 1790 2344 nouit

409 2374 508 2440 modo
531 2375 563 2435 iu
585 2374 732 2446 homine,
756 2373 812 2436 aed
835 2373 930 2435 etiam
953 2374 986 2435 in
1009 2375 1139 2447 arbore,
1162 2375 1317 2458 quicquid
1340 2392 1609 2457 supervacaneum
1633 2375 1674 2438 sit
1695 2373 1751 2438 ant

409 2487 504 2533 nsum
526 2485 591 2530 nou
613 2466 745 2540 babeat,
768 2467 904 2530 obstare.
939 2466 1042 2541 Quam
1058 2469 1225 2531 molestum
1242 2478 1304 2543 est,
1325 2485 1390 2537 uuo
1407 2468 1506 2552 digito
1525 2470 1598 2552 plus
1613 2467 1748 2532 baberel

409 2562 489 2646 qnid
511 2562 580 2625 itai
603 2561 681 2644 qnia
704 2578 762 2623 uec
784 2561 892 2642 specie
914 2579 974 2622 nec
996 2581 1057 2624 usn
1079 2563 1176 2649 alium
1200 2562 1345 2646 quinque
1363 2555 1554 2626 desiderant.
1592 2564 1679 2625 'l'nns
1694 2576 1751 2623 au-

408 2663 473 2718 tem
497 2654 577 2719 deus
599 2675 663 2718 non
688 2654 788 2736 digito
811 2673 876 2716 uno
900 2652 1068 2730 redundat,
1092 2656 1148 2718 sed
1168 2658 1285 2738 capite,
1309 2655 1409 2730 collo,
1431 2657 1621 2730 cervicibus,
1643 2652 1751 2718 lateri·

409 2750 484 2822 bus,
506 2749 590 2823 alvo,
613 2759 719 2830 tergo,
743 2748 932 2831 poplitibus,
954 2749 1115 2822 manibus,
1139 2750 1291 2833 pedibus,
1314 2749 1500 2824 femiuibus,
1524 2750 1678 2814 cruribus.
1716 2743 1788 2810 stat

409 2853 446 2907 ut
459 2843 638 2906 inmortalis
653 2845 709 2915 sit,
732 2842 808 2928 quid
824 2842 902 2904 haec
916 2843 956 2904 ad
972 2843 1068 2904 vitam
1084 2843 1224 2905 membra
1241 2844 1427 2925 pertinenti
1450 2843 1529 2927 qnid
1545 2843 1613 2926 ipsa
1628 2839 1750 2905 iacies?

409 2938 512 3019 Magis
535 2936 605 3009 illa,
634 2936 814 3009 cerebrum,
844 2955 914 3009 cor,
944 2935 1128 3018 pulmones,
1151 2937 1255 3009 iecur;
1284 2937 1362 2999 haec
1385 2938 1469 2999 enim
1493 2945 1568 3000 sunt
1590 2934 1751 2999 domicilla

410 3030 512 3094 vitae:
544 3030 608 3093 oris
632 3030 763 3113 quidem
792 3026 920 3091 babitus
942 3026 982 3090 ad
1005 3029 1091 3091 vitae
1114 3027 1291 3093 firmitatem
1313 3030 1395 3092 nibil
1419 3031 1567 3113 pertinet.
1603 3025 1750 3091 xxxvl.

412 3122 485 3186 400.
507 3124 549 3187 Et
570 3144 626 3187 eos
648 3122 866 3207 vituperabas,
890 3125 944 3205 qui
963 3143 1004 3184 ex
1019 3123 1169 3205 operibns
1183 3119 1358 3205 magnificis
1373 3132 1468 3207 atque
1483 3123 1663 3207 praeclaris,
1678 3133 1750 3183 ctam
1784 3163 1787 3178 .

410 3218 516 3301 ipsum
539 3219 711 3289 mundum,
735 3237 805 3279 cum
828 3216 898 3278 eins
922 3216 1076 3288 membra,
1100 3217 1239 3289 caelum,
1262 3225 1376 3289 terras,
1400 3219 1512 3290 maria,
1535 3235 1672 3299 cumque
1694 3217 1789 3277 bra-'st'

410 3333 480 3376 snm
503 3314 657 3413 insignia,
681 3311 795 3383 solem,
819 3311 925 3372 lunam
948 3311 1123 3393 stellasque
1141 3310 1312 3383 vidissent,
1335 3328 1472 3393 cumque
1495 3320 1669 3394 temporum
1683 3327 1752 3371 ma·

412 3406 578 3480 turitatcs,
599 3406 790 3469 mutationes
812 3405 1116 3486 vicissitudinesque
1139 3403 1379 3486 cognovissent,
1403 3405 1551 3484 suspicati
1573 3412 1679 3466 esseut
1693 3401 1751 3464 all·¹

412 3518 509 3583 quam
540 3499 749 3562 excellentem
779 3517 850 3561 esse
878 3506 1155 3581 praestantemque
1177 3506 1339 3571 naturam,
1371 3517 1453 3581 qnae
1475 3498 1554 3560 baec
1576 3496 1750 3569 eciecisset,

413 3601 572 3665 moveret,
595 3602 732 3676 regeret,
759 3592 958 3674 gubernaret.
995 3592 1057 3666 Qui
1088 3594 1181 3654 etiam
1210 3592 1237 3653 si
1266 3592 1415 3654 aberrant
1436 3591 1631 3663 coniectura,
1654 3588 1749 3651 video

411 3695 518 3750 tamen
535 3687 613 3769 qnid
636 3694 818 3769 sequautur.
847 3687 895 3747 l'u
911 3684 996 3768 qnod
1014 3704 1096 3767 opus
1111 3683 1238 3747 tandem
1255 3702 1402 3767 maguum
1419 3691 1451 3749 et
1465 3685 1627 3767 egregium
1642 3681 1788 3755 babeant

409 3778 495 3863 quod
518 3781 666 3843 ellectum
690 3779 798 3841 divina
821 3787 925 3841 mente
948 3778 1110 3852 videatur,
1133 3799 1174 3842 ex
1197 3797 1260 3862 quo
1283 3798 1353 3843 esse
1373 3779 1450 3842 deos
1473 3779 1661 3861 suspiceret
1687 3776 1751 3839 naa

409 3875 539 3948 bebam,
568 3874 694 3956 inquis,
724 3874 756 3935 in
778 3874 886 3933 auimo
909 3873 1035 3935 insitam
1058 3873 1314 3936 informationem
1339 3872 1498 3956 quandam
1522 3873 1584 3935 dei.
1618 3872 1659 3934 Et
1679 3870 1751 3932 bar⁴

408 3969 474 4031 bati
504 3967 635 4051 quidem
666 3967 766 4037 lovis,
800 3966 943 4048 galeatae
974 3967 1156 4029 Minervae:
1189 3987 1263 4029 uum
1296 3967 1395 4049 igitur
1423 3985 1493 4029 esse
1526 3965 1598 4028 talia
1631 3964 1751 4046 putas?

409 4057 482 4123 404.
506 4061 635 4135 Quanto
665 4061 777 4122 melius
807 4059 886 4122 baec
910 4059 1023 4141 vulgus
1055 4060 1290 4142 imperitorum,
1318 4061 1374 4143 qni
1397 4079 1461 4122 non
1485 4058 1625 4120 membra
1647 4056 1750 4118 solnm

409 4155 550 4218 bominis
573 4154 634 4215 deo
657 4154 815 4226 tribuant,
845 4155 900 4216 sed
924 4173 1014 4215 nsum
1039 4156 1133 4215 etiam
1157 4154 1387 4226 membrorum3
1418 4155 1493 4215 dant
1524 4152 1607 4214 enim
1631 4165 1788 4222 arcum,tt

409 4250 556 4330 sagittas,
584 4248 723 4319 hastam,
754 4248 906 4329 clipeum,
937 4246 1108 4320 fuscinam,
1141 4246 1275 4320 inlmeu,
1298 4248 1394 4319 etsi,
1418 4248 1557 4309 actiones
1581 4242 1751 4328 quaesiui

411 4342 560 4414 deorum,
589 4361 654 4402 non
684 4340 807 4414 vident,
836 4341 916 4402 nibil
944 4352 1089 4421 agentern
1121 4348 1227 4402 tamen
1249 4341 1342 4403 deum
1370 4361 1432 4404 non
1455 4347 1576 4423 queunt
1599 4338 1751 4419 cogitare.

410 4436 490 4518 Ipsi,
514 4436 568 4518 qni
590 4435 777 4508 inridentur,
799 4435 962 4518 Aegyptii,
986 4435 1105 4496 nullam
1128 4434 1253 4497 belum
1276 4436 1337 4496 nisi
1354 4436 1395 4496 ob
1416 4434 1556 4517 aliquam
1571 4431 1750 4502 utilitatem,

410 4548 504 4613 qnam
527 4548 568 4590 ex
591 4548 629 4590 ea
651 4537 817 4610 caperent,
838 4538 1119 4603 consecraverunt;
1144 4528 1230 4590 velut
1252 4528 1320 4590 ibes
1342 4530 1511 4589 maximam
1535 4527 1596 4588 vim
1619 4541 1750 4604 serpen·

409 4623 487 4685 tium
510 4622 699 4695 conficiunt,
723 4643 793 4683 cum
810 4623 873 4683 sint
888 4641 963 4683 aves
980 4622 1136 4694 excelsae,
1160 4622 1303 4684 cruribus
1323 4621 1445 4703 rigidis,
1468 4639 1584 4684 corneo
1600 4632 1788 4701 procero-tt

410 4737 475 4801 que
497 4726 618 4780 rostro:
641 4724 788 4779 avertunt
810 4725 933 4797 pestem
948 4716 987 4777 ab
1003 4718 1158 4798 Aegypto,
1178 4736 1250 4777 cnm
1267 4715 1404 4776 volucris
1419 4716 1531 4795 anguis
1547 4732 1587 4774 ex
1603 4710 1751 4775 vastitate

408 4811 528 4894 Libyae
554 4820 649 4873 vento
672 4809 778 4872 Africo
807 4810 947 4871 invectas
975 4808 1169 4872 interficiunt
1196 4817 1291 4892 atque
1315 4816 1522 4881 consumunt,
1554 4828 1593 4869 ex
1617 4824 1682 4889 quo
1704 4804 1751 4877 lit,

474 5074 499 5123 A.
518 5074 660 5122 odteudeA
681 5096 705 5107 -
726 5074 850 5121 rationem
867 5086 917 5122 csse
935 5073 954 5122 C
975 5099 1001 5107 -
1029 5070 1052 5122 l.
1072 5073 1122 5121 nisi
1139 5073 1165 5119 in
1182 5086 1211 5121 so
1228 5072 1271 5132 qni
1288 5070 1404 5119 didicerit
1421 5082 1474 5119 om.
1496 5070 1515 5119 C
1536 5096 1562 5105 -
1582 5072 1605 5120 5.
1625 5070 1748 5120 nstmuc

411 5176 438 5184 -
459 5149 484 5198 6.
502 5150 530 5199 in
546 5148 686 5197 bominibus
702 5147 739 5195 iis
757 5148 775 5196 C
796 5174 822 5182 -
843 5148 866 5196 4.
884 5160 938 5195 nna
954 5149 1038 5209 sonno
1056 5149 1075 5197 0
1095 5173 1122 5182 -
1146 5147 1169 5196 8.
1188 5150 1215 5198 in
1232 5147 1330 5195 bomine
1346 5148 1470 5193 rationem
1488 5158 1537 5194 esse
1555 5146 1589 5194 B:
1610 5146 1635 5193 444
1652 5139 1751 5193 homini
1781 5197 1786 5209 ,

407 5220 508 5272 recent
526 5235 577 5271 esse
594 5225 628 5278 A;
647 5224 771 5271 rationem
790 5222 816 5270 444
833 5222 931 5271 bomine
946 5236 997 5271 csse
1014 5223 1051 5272 C:
1070 5223 1096 5270 444
1114 5223 1211 5271 homine
1228 5235 1276 5271 esse
1293 5223 1419 5271 rationem
1436 5221 1455 5270 E
1474 5247 1499 5255 —
1521 5220 1559 5269 40.
1580 5220 1683 5284 loquere
1700 5219 1749 5270 Cli

410 5325 438 5335 -
452 5299 566 5347 4444444444
582 5300 602 5346 Α
617 5323 643 5332 -
665 5300 705 5346 tt.
725 5310 961 5359 superunctionem
975 5303 992 5347 A
1004 5299 1041 5352 B:
1061 5308 1246 5357 supernonenm
1260 5296 1278 5345 E
1294 5320 1319 5331 -
1341 5296 1380 5344 43.
1399 5310 1444 5344 nec
1461 5297 1539 5356 specis
1555 5306 1599 5343 nec
1616 5306 1663 5343 usn
1680 5293 1752 5343 Bou·

408 5374 482 5423 bier:
501 5386 546 5421 nec
562 5373 666 5433 speciem
683 5386 727 5420 uec
744 5386 816 5420 usam
833 5371 873 5429 tm
892 5386 937 5420 nec
953 5375 987 5419 od
1003 5374 1106 5433 speciem
1124 5386 1168 5420 nec
1185 5373 1220 5420 od
1231 5385 1304 5419 nsum
1317 5371 1376 5421 cod.
1392 5369 1583 5433 Glogaviensis,
1598 5371 1618 5419 0
1634 5396 1659 5405 —
1674 5370 1752 5433 qnin-

409 5461 457 5510 qsrs
474 5448 500 5497 in
518 5460 569 5497 ras.
590 5450 610 5497 A
631 5474 656 5482 -
677 5449 717 5496 45.
737 5449 796 5504 sinit
814 5451 832 5496 A
855 5474 879 5483 -
901 5447 941 5495 43.
961 5461 1011 5496 esse
1028 5460 1080 5495 om.
1102 5447 1121 5496 C
1140 5474 1166 5483 -
1186 5447 1247 5495 laec
1263 5448 1378 5508 effecisset
1396 5447 1414 5495 B
1429 5447 1463 5495 E:
1483 5447 1543 5495 ltacc
1558 5446 1652 5507 lecisset
1671 5444 1750 5494 ACO

411 5550 438 5560 -
457 5522 500 5574 44.
520 5524 637 5573 oberrent
654 5524 673 5572 C
694 5548 720 5557 -
740 5525 884 5571 coniectura
896 5521 1054 5572 Wallrerus:
1074 5535 1091 5569 n
1102 5523 1246 5570 coniectura
1258 5519 1281 5572 tt
1291 5523 1319 5570 0.
1341 5521 1408 5571 Vide
1421 5522 1637 5571 Scboemennum
1650 5520 1715 5569 Diss.
1728 5516 1752 5565 V

408 5612 435 5663 p.
457 5601 482 5648 lt
505 5611 545 5662 sq.
568 5626 594 5635 —
613 5600 655 5647 at.
674 5599 758 5658 inquis
775 5610 843 5647 corr.
863 5611 894 5647 ex
912 5598 994 5657 inquit
1011 5599 1029 5645 B
1054 5623 1080 5631 -
1107 5596 1147 5644 aa.
1167 5602 1261 5657 qnouto
1278 5610 1310 5645 ex
1329 5598 1495 5645 correctione
1514 5597 1538 5644 in
1557 5608 1610 5644 ras.
1628 5597 1662 5649 A:
1687 5596 1712 5644 iu
1731 5594 1750 5643 ll

408 5676 479 5724 inter
494 5689 512 5722 n
530 5676 557 5723 et
573 5680 582 5722 t
601 5672 684 5722 littera
704 5685 780 5722 erasa
800 5674 849 5722 est.
871 5699 898 5707 —
917 5673 955 5720 30.
977 5671 1091 5720 imbuunt
1109 5672 1127 5719 C
1149 5698 1175 5706 -
1201 5675 1261 5734 post
1278 5672 1354 5720 etium
1371 5671 1440 5720 duae
1460 5669 1505 5719 litt.
1525 5681 1617 5719 erasae
1637 5671 1660 5718 iu
1680 5673 1699 5718 A
1720 5694 1747 5705 —
1858 5678 1861 5682 ’

408 5748 449 5799 di,
468 5748 537 5796 4444444
553 5751 573 5797 A
584 5746 613 5796 B'
626 5772 653 5781 -
673 5746 713 5795 33.
733 5748 780 5806 ipsi
792 5747 835 5806 qut
853 5746 996 5794 inridentur
1008 5773 1021 5782 ·
1030 5772 1044 5782 -
1055 5747 1197 5803 utilitatem,
1217 5746 1284 5805 qood
1294 5760 1327 5795 ec
1338 5759 1369 5795 eo
1379 5749 1510 5807 cuperent,
1529 5745 1748 5802 consecrnncrsmt,

408 5823 477 5873 4444444
493 5823 527 5871 444
543 5823 685 5870 marimens
702 5822 754 5869 nim
771 5825 913 5881 serpentum
929 5822 1074 5882 conticium,
1095 5819 1168 5881 qnasi
1184 5833 1245 5868 anes
1261 5820 1356 5870 excelse
1366 5846 1379 5857 -
1390 5846 1404 5856 -
1415 5819 1529 5867 onlnem
1545 5830 1640 5880 angues
1656 5830 1689 5866 ec
1706 5818 1750 5867 Lt-

409 5899 487 5959 bpess
505 5899 625 5946 4444444444
635 5903 709 5945 sento
719 5897 842 5956 Africano
852 5920 889 5932 --
901 5895 984 5957 cdqu
993 5900 1154 5956 consumant,
1174 5901 1249 5956 ntqns
1263 5898 1307 5958 pt,
1325 5900 1354 5945 444
1366 5920 1403 5934 --
1414 5907 1458 5943 nec
1469 5894 1544 5943 odore
1554 5890 1642 5943 Scbol.
1655 5893 1746 5947 luven.

406 5971 464 6036 XV,
481 5970 506 6023 3.
526 5998 555 6009 -
574 5970 615 6022 34.
633 5971 792 6033 4444444444,
811 5969 949 6032 4444440,
967 5969 1062 6020 tibiali
1081 5995 1108 6006 -
1129 5970 1294 6021 aduectotc.
