4342 7459
748 1262 817 1328 nn.
838 1262 864 1326 1.
893 1262 969 1329 co.
990 1260 1187 1329 vu-run
1215 1257 1262 1346 §s
1284 1256 1428 1326 n-eo.
1667 1256 1746 1327 suo

410 1427 556 1505 adiutor3
583 1425 677 1491 ambo
699 1424 800 1499 euim,
826 1426 932 1509 iuquit
953 1423 1118 1499 adridens,
1139 1423 1180 1489 als
1202 1422 1316 1489 eodem
1337 1422 1471 1487 Philone
1492 1420 1573 1488 nihil
1594 1423 1676 1489 scire
1697 1422 1746 1489 di·

410 1523 541 1588 dicistis.
579 1522 660 1585 Tum
674 1540 758 1603 eqo,
781 1519 867 1596 Quid
891 1517 1111 1594 didicerimus,
1134 1518 1227 1583 Cotta
1248 1518 1373 1594 viderit,
1396 1527 1431 1582 tu
1451 1524 1559 1582 autem
1579 1516 1655 1582 uolo
1678 1518 1745 1583 exi·

409 1617 520 1681 stiores
548 1635 599 1680 mo
626 1614 806 1679 adiutorem
836 1613 912 1678 huie
933 1613 1074 1687 venisse,
1102 1613 1159 1677 sed
1179 1612 1368 1687 auditorem,
1390 1612 1575 1697 etquidem
1596 1631 1744 1697 aequum,

408 1710 512 1775 libem
538 1708 675 1785 iudicio,
702 1708 790 1774 nulla
818 1709 887 1772 eius
914 1707 1001 1773 modi
1023 1706 1209 1772 adstrictum
1241 1708 1446 1785 necessitate,
1474 1714 1510 1772 ut
1542 1704 1620 1772 milri
1648 1707 1744 1773 velim

409 1805 506 1870 nolim
528 1806 571 1869 sit
593 1811 679 1867 certa
700 1801 856 1887 qusedam
878 1803 998 1867 tuenda
1018 1804 1185 1866 sententia.
1751 1818 1767 1866 s

494 1897 572 1964 Vlll.
594 1893 646 1960 48.
675 1899 755 1961 'lom
777 1896 919 1960 Velleius
940 1892 1075 1960 fidenter
1097 1914 1188 1970 sane,
1217 1901 1254 1962 ut
1276 1896 1381 1961 solent
1405 1896 1474 1972 isti,
1501 1895 1582 1959 nihil
1602 1903 1667 1961 tam
1688 1916 1744 1962 re-

407 2014 481 2058 rens
505 2009 603 2075 quam
623 2011 665 2056 ne
687 1990 833 2055 dubitare
855 1990 962 2075 alique
984 1990 1024 2053 de
1046 2010 1080 2054 re
1102 1991 1276 2065 videretur,
1304 1998 1463 2074 tamquam
1484 1988 1579 2054 modo
1602 2010 1644 2054 ex
1665 1990 1743 2055 deo·

408 2108 480 2152 rum
502 2085 638 2150 concilio
660 2093 694 2149 et
714 2105 756 2148 ex
770 2084 901 2167 Epicuri
921 2084 1146 2149 intermundiis
1160 2083 1392 2157 descendisset,
1407 2083 1535 2157 Audite,
1549 2083 1662 2168 iuquit,
1676 2104 1742 2151 non

407 2181 510 2247 futilis
532 2180 837 2263 commenticiasque
858 2179 1047 2253 sententias,
1068 2199 1133 2242 nou
1148 2175 1292 2261 opificem
1306 2177 1606 2262 aedificatoremque
1621 2178 1742 2257 mundi,

408 2274 548 2340 Platonis
579 2273 619 2338 de
648 2275 780 2337 Timaeo
811 2274 921 2347 deum,
950 2292 1010 2336 nec
1037 2292 1131 2337 enum
1161 2272 1339 2348 fatidicam,
1366 2270 1545 2337 Stoicorum
1570 2271 1780 2355 spinosorum

408 2387 505 2454 quam
527 2369 637 2432 Latine
660 2367 735 2431 licet
751 2365 981 2450 providentiam
996 2366 1116 2440 dicere,
1139 2386 1244 2450 neque
1258 2385 1335 2429 vero
1349 2364 1502 2429 mundum
1518 2367 1621 2449 ipsum
1635 2366 1742 2432 auimo

408 2471 441 2527 et
461 2462 607 2527 sensibus
630 2460 822 2545 praeditum,
850 2459 1050 2543 rotundum,
1067 2460 1245 2535 ardentem,
1267 2459 1441 2524 volubilem
1461 2458 1571 2534 deum,
1597 2466 1743 2541 portenta
1774 2509 1826 2564 Ἴ

408 2566 441 2623 et
460 2557 614 2623 miracula
628 2575 693 2618 non
708 2554 932 2618 disserentium
950 2554 1227 2638 philosophorum,
1249 2553 1306 2618 sed
1322 2554 1559 2618 somniantium.
1593 2548 1646 2615 49.
1664 2552 1743 2629 Qui·

406 2653 467 2716 bus
498 2652 583 2714 enim
605 2649 707 2714 oeulis
733 2649 849 2712 intueri
876 2648 989 2730 potuit‘
1002 2656 1108 2712 uester
1128 2648 1217 2712 Plato
1243 2648 1393 2711 fabricam
1415 2647 1505 2712 illam
1525 2647 1604 2711 tanti
1626 2647 1742 2731 operia,

407 2764 472 2829 qua
493 2745 634 2808 construi
655 2763 675 2807 a
698 2742 759 2806 deo
780 2750 878 2825 atque
901 2741 1062 2805 aedificari
1085 2744 1236 2807 muudum
1259 2742 1360 2805 taciti
1387 2761 1471 2826 quac
1493 2741 1636 2805 molitio?
1659 2758 1780 2825 meets

406 2839 620 2903 ferramenta?
643 2837 699 2921 qui
721 2839 848 2899 vectes?
870 2854 953 2918 quae
974 2836 1163 2900 machinae?
1185 2838 1240 2919 qui
1263 2835 1398 2899 ministri
1417 2836 1497 2899 tanti
1517 2836 1658 2900 muueris
1672 2834 1743 2900 fue·

407 2936 504 2996 routt
526 2951 621 3017 quem
643 2930 685 2995 ad
707 2930 835 2994 modum
856 2938 962 2994 antem
978 2929 1130 2994 oboedire
1152 2939 1184 2992 et
1203 2949 1313 3014 parcre
1329 2928 1484 2993 voluntati
1499 2928 1663 2993 architecti
1677 2935 1742 3004 siir,

406 3028 508 3109 ignis,
530 3043 628 3109 aqua,
650 3030 737 3088 terra
758 3026 955 3106 potueruut?
985 3024 1069 3086 uude
1091 3044 1166 3087 vero
1190 3032 1279 3088 ortae
1304 3023 1379 3087 illae
1401 3024 1545 3108 quinque
1565 3021 1702 3097 formae,
1724 3042 1743 3087 e

408 3117 526 3205 quibua
546 3119 673 3202 reliqua
693 3114 881 3191 formantur,
904 3125 977 3200 apte
998 3118 1147 3182 cadentes
1169 3117 1209 3181 ad
1231 3118 1371 3183 animum
1394 3114 1595 3182 afficiendum
1619 3118 1744 3202 parien-

407 3214 530 3297 dosque
553 3215 688 3278 sensus?
710 3213 855 3294 Longum
879 3219 928 3275 est
947 3212 988 3276 ad
1011 3213 1136 3288 omnia,
1159 3232 1242 3297 quae
1263 3212 1340 3276 talia
1357 3220 1448 3287 suut,
1469 3220 1505 3276 ut
1519 3217 1628 3294 optata
1642 3211 1781 3293 mugisse

406 3326 504 3391 quam
533 3307 661 3370 invente
688 3306 865 3370 rideantur.
901 3302 953 3369 20.
977 3307 1041 3372 Sed
1068 3307 1124 3370 illa
1151 3307 1317 3390 palmaria,
1347 3307 1448 3390 qnod,
1478 3306 1534 3390 qui
1562 3325 1628 3370 oen
1648 3304 1744 3370 modo

406 3409 517 3465 ustum
547 3400 701 3465 mundum
730 3399 958 3473 introduxerit,
988 3399 1168 3472 sedetiam
1199 3420 1294 3465 mauu
1326 3419 1428 3484 paene
1448 3399 1584 3475 iactum,
1614 3400 1643 3463 is
1670 3417 1743 3461 eum

410 3494 528 3559 dixerit
548 3493 617 3558 iore
640 3497 875 3577 sempiternum.
906 3495 999 3559 llouc
1014 3515 1125 3559 censes
1141 3496 1261 3578 primis,
1283 3504 1319 3558 ut
1333 3494 1459 3571 dieitur,
1481 3494 1577 3558 labris
1598 3499 1744 3575 quotane

408 3588 659 3673 physiologiam,
685 3589 718 3652 id
741 3596 791 3652 est
811 3597 944 3652 naturae
966 3590 1139 3663 rationem,
1168 3591 1224 3672 qui
1247 3590 1435 3673 quicquam,
1458 3588 1543 3672 quod
1565 3594 1670 3651 ortum
1692 3588 1744 3661 sit,
1837 3616 1840 3623 ¹

407 3692 496 3769 putet
524 3690 690 3749 aeteruum
719 3703 789 3747 esse
819 3686 939 3766 posset
973 3682 1137 3759 Quae-est
1157 3685 1241 3748 enim
1264 3685 1497 3768 coagmentatio
1519 3703 1585 3748 nou
1606 3682 1782 3748 dissolu-ss

406 3774 506 3841 hilis?
534 3785 590 3841 sut
618 3777 696 3861 quid
725 3785 790 3850 est,
820 3777 912 3841 cuius
934 3778 1124 3861 principium
1146 3777 1278 3863 aliquod
1299 3780 1354 3853 sit,
1375 3777 1457 3843 nihil
1478 3779 1522 3842 sit
1542 3779 1744 3843 extremum?

407 3869 567 3958 Πρόνοια
589 3891 664 3935 sero
687 3878 808 3946 sesua,
829 3870 949 3947 lucili,
972 3872 998 3935 si
1021 3880 1070 3936 est
1091 3873 1218 3949 eadem,
1240 3871 1352 3938 eadem
1373 3872 1520 3957 requiro,
1542 3891 1625 3956 quae
1646 3870 1743 3956 paulo

474 4099 498 4145 t.
514 4096 589 4159 ptem
605 4093 628 4146 a
647 4120 673 4131 -
697 4095 722 4144 2.
744 4096 868 4157 questas
889 4120 917 4132 -
938 4095 1032 4145 uiderit
1049 4108 1118 4146 corr.
1138 4109 1170 4146 er
1186 4096 1321 4147 uideretl
1340 4121 1367 4133 -
1387 4096 1411 4147 3.
1429 4109 1469 4146 me
1485 4096 1555 4146 inter
1570 4095 1628 4146 eolo
1644 4096 1673 4146 et
1688 4096 1746 4147 em·

406 4172 490 4221 sussen
505 4182 640 4234 supersor.
660 4170 679 4219 u
699 4196 726 4207 -
746 4171 788 4219 sed
804 4171 945 4220 adimerem
962 4168 1022 4220 B¹c
1041 4195 1068 4206 —
1093 4168 1160 4231 usqi
1179 4172 1322 4235 (supersor.
1341 4172 1458 4234 aequum)
1476 4172 1514 4229 u;
1536 4184 1624 4221 semen
1639 4173 1674 4226 A:
1691 4172 1745 4234 fre·

406 4251 460 4295 tran
477 4245 527 4295 el:
550 4270 577 4280 -
602 4243 627 4295 l.
645 4245 773 4296 iuditiot
794 4273 820 4284 -
846 4246 870 4294 7.
889 4246 989 4294 uidetur
1006 4246 1025 4295 C
1043 4273 1076 4282 -
1094 4246 1119 4296 8.
1138 4247 1312 4297 intermundiis
1329 4246 1436 4297 wc:
1460 4248 1621 4299 intemmntiis
1637 4243 1695 4298 tus
1715 4272 1743 4284 -

406 4320 567 4370 descendisset
583 4319 617 4369 B:
639 4321 763 4369 descendis
779 4321 822 4369 sed
840 4322 874 4378 Λ;
894 4321 1047 4369 descendens.
1065 4322 1115 4370 Sed
1132 4322 1181 4371 (ΞΕ
1195 4348 1221 4357 -
1242 4322 1265 4371 9.
1284 4322 1363 4384 [utilis
1380 4322 1446 4372 CE:
1464 4322 1559 4384 sutcilis
1576 4323 1595 4371 Α
1608 4336 1614 4379 ;
1631 4322 1680 4384 fuit
1696 4320 1747 4371 tilis

407 4407 478 4445 corr.
503 4394 529 4443 iu
549 4393 643 4456 futtiles
665 4397 703 4453 B;
730 4396 812 4458 sutiles
835 4395 864 4446 0.
893 4395 931 4444 Cl.
955 4407 1011 4445 var.
1035 4394 1095 4447 lect.
1120 4396 1153 4446 ad
1173 4410 1198 4461 p.
1217 4396 1275 4458 sto,
1294 4397 1319 4447 3.
1344 4423 1371 4433 -
1399 4398 1627 4461 commentitiaeque
1646 4402 1696 4448 nd
1715 4420 1742 4434 -

408 4470 449 4519 to.
466 4482 603 4531 pronoeom
619 4466 683 4519 u-
704 4468 744 4519 tt.
764 4470 843 4518 oculis
860 4470 979 4520 Morsus:
999 4472 1077 4521 ocutis
1093 4472 1172 4520 animi
1190 4470 1229 4530 u;
1250 4473 1327 4522 ocutis
1344 4472 1442 4536 [animi]
1454 4473 1483 4521 0.
1504 4472 1650 4535 sEquidem
1667 4472 1747 4522 animi

406 4544 521 4605 seclusi,
540 4558 594 4594 nou
612 4545 672 4608 quie
691 4558 741 4609 per
756 4558 787 4596 se
804 4559 857 4595 nou
875 4548 949 4596 recte
967 4545 1090 4597 dicautur
1106 4550 1186 4598 enimi
1203 4549 1281 4607 oculi,
1300 4548 1349 4599 sed
1367 4550 1429 4611 quia
1447 4548 1595 4598 sententiae
1612 4547 1662 4611 ipsi
1680 4546 1708 4596 h.
1726 4544 1743 4596 1.

407 4623 548 4685 repugnet.
575 4620 670 4670 Mentis
688 4622 759 4670 enim
777 4619 860 4671 oculis
878 4622 980 4684 quivis,
1006 4622 1106 4673 nedum
1124 4623 1209 4683 Plato,
1235 4625 1328 4675 intueri
1349 4626 1454 4683 poterat
1470 4622 1597 4674 {abnuam
1615 4621 1699 4682 illem,
1718 4620 1745 4672 id

408 4699 464 4754 est,
487 4694 567 4745 telem
590 4694 640 4744 sibi
661 4696 751 4744 animo
773 4696 916 4747 intormere
940 4710 971 4747 ec
990 4696 1105 4760 flogere;
1129 4697 1177 4748 sed
1195 4698 1246 4748 hoc
1265 4700 1370 4762 quaerit
1387 4696 1516 4757 Velleius,
1535 4695 1670 4761 quomodo
1687 4695 1745 4747 lieri
1809 4689 1813 4697 '

409 4769 525 4834 potuerit
545 4772 574 4819 ut
597 4770 717 4833 corporis
739 4782 868 4819 sensuum
892 4784 943 4835 ope
966 4771 1038 4823 Plato
1056 4773 1090 4822 ed
1108 4774 1238 4823 eiusmodi
1257 4776 1424 4838 opinionem,
1448 4785 1578 4823 sensuum
1595 4770 1745 4822 certissimo

409 4844 561 4893 testimonie
574 4844 813 4905 conmodicentem,
827 4847 1006 4909 perveniret.»
1019 4850 1064 4898 on.
1080 4875 1107 4885 -
1123 4848 1162 4899 48.
1180 4848 1278 4909 formae
1289 4862 1302 4898 e
1313 4848 1401 4911 quibus
1412 4849 1431 4898 u
1441 4848 1461 4899 C
1471 4847 1505 4897 E:
1525 4846 1605 4907 temne
1616 4858 1647 4896 oe
1657 4845 1746 4907 quiem

406 4922 444 4971 A:
465 4919 578 4989 (omos,
602 4933 636 4970 es
656 4921 745 4983 quidm
765 4923 785 4971 0
805 4948 832 4958 -
858 4923 897 4971 t9.
916 4924 1077 4985 officiendum
1098 4923 1298 4974 Schoemaoous
1323 4922 1389 4986 (coll.
1409 4921 1472 4973 Plat
1490 4922 1556 4971 Tim.
1575 4935 1601 4986 p.
1620 4919 1743 4985 til-dlltt

407 4996 562 5060 efficiendum
580 4994 631 5047 llo
650 5023 677 5033 -
697 4999 738 5047 20.
758 5000 791 5047 ud
808 4997 847 5050 u:
873 5013 927 5049 om.
947 5000 966 5047 0
987 5025 1013 5034 -
1038 4998 1079 5046 tt.
1099 4997 1143 5046 itta
1156 4999 1288 5059 patmorio
1305 4998 1426 5048 Davisius
1445 4998 1479 5057 (io
1497 4996 1583 5060 prima
1601 4994 1743 5059 ediderat:

406 5071 453 5121 itio
472 5073 596 5134 palmaris
619 5070 686 5128 llo,
713 5074 776 5121 illud
798 5076 916 5135 pulmone
938 5074 1058 5123 Davisius
1082 5075 1120 5133 (iu
1143 5075 1218 5122 tertie
1242 5072 1305 5133 ed).
1334 5073 1372 5122 Cl.
1393 5073 1422 5122 C.
1442 5074 1471 5121 G.
1490 5070 1606 5121 Districh
1626 5071 1743 5131 Quaestt.

406 5159 520 5209 annum.
540 5150 641 5197 eterit.
661 5147 695 5197 de
713 5147 777 5199 locis
795 5149 895 5212 aliquot
913 5150 1048 5199 Ciceronis
1066 5161 1091 5212 p.
1110 5148 1141 5199 to
1158 5161 1218 5211 sqq.
1238 5152 1265 5198 et
1281 5147 1396 5211 Seyffert
1412 5144 1500 5197 Schol.
1520 5148 1575 5198 let.
1595 5149 1604 5197 l
1622 5161 1649 5212 p.
1668 5148 1700 5199 28
1718 5150 1746 5199 et

406 5223 448 5273 57.
469 5223 538 5282 (suto
549 5223 642 5272 Cicero
660 5226 748 5286 posuit
761 5228 897 5287 tamquam
911 5223 985 5288 pluro
998 5224 1093 5273 eadem
1106 5225 1231 5273 orationis
1245 5222 1327 5285 figura
1339 5226 1554 5274 enumeraturus.
1573 5223 1632 5274 Vid.
1646 5224 1743 5288 Oposo.

406 5295 489 5347 Aced.
508 5298 518 5346 l
537 5309 562 5360 p.
577 5297 625 5345 ³60
643 5300 697 5346 not.
718 5300 745 5347 et
762 5296 825 5359 illis,
845 5312 914 5360 quae
933 5298 968 5347 ibi
987 5296 1095 5360 collegi,
1114 5298 1174 5347 edd.
1187 5300 1217 5348 N.
1232 5299 1261 5347 D.
1275 5299 1296 5346 ll
1315 5297 1404 5360 giis:
1425 5301 1527 5360 (tuente
1543 5311 1604 5348 uero
1620 5298 1744 5360 illusum,

406 5373 474 5434 quod
489 5377 513 5421 st
529 5370 639 5421 mnrium
655 5375 707 5421 cet.
726 5372 836 5436 Philipp.
851 5372 872 5421 V
891 5373 905 5435 ἕ
924 5374 967 5421 m:
987 5375 1026 5423 An
1042 5375 1088 5423 ittu
1105 5388 1154 5422 non
1171 5375 1328 5437 mcvudmis
1344 5374 1536 5436 iqnominiis··
1548 5379 1605 5423 runt
1620 5370 1743 5434 notanda,

407 5448 474 5509 qaod
491 5450 560 5496 oet.»
582 5447 701 5508 Manum.)
722 5472 748 5482 ·-
768 5449 834 5509 quod
851 5446 892 5498 ‘tlt
911 5449 1022 5509 quidem,
1043 5449 1109 5509 quod
1126 5447 1183 5497 0-
1203 5447 1244 5498 ti.
1264 5449 1339 5498 idest
1355 5451 1603 5499 noturoerotionem
1619 5446 1671 5497 del.
1692 5449 1745 5497 lla·

407 5522 504 5571 nutius.
524 5520 593 5570 «Sed
610 5521 636 5569 h.
657 5519 684 5579 1.,
705 5520 749 5570 ubi
768 5524 882 5585 primum
900 5523 950 5571 isto
964 5536 1023 5572 voc.
1038 5525 1138 5572 Graeco
1157 5524 1246 5582 utitur,
1266 5523 1392 5587 equidem
1411 5525 1436 5574 in
1454 5522 1628 5589 explicatione
1641 5523 1741 5584 Latina,

408 5609 494 5659 esque
512 5608 593 5658 quem
612 5597 728 5645 marimo
746 5595 862 5646 Tulliana
881 5597 923 5660 (de
943 5598 1050 5647 Diviu.l
1069 5597 1150 5659 590),
1171 5599 1279 5648 minime
1292 5599 1425 5649 otiando.»
1443 5601 1487 5649 0n.
1504 5625 1531 5637 -
1549 5599 1590 5648 25.
1609 5610 1744 5661 commes-

407 5673 470 5721 tstio
488 5671 534 5720 8¹:
551 5674 732 5720 commentatio
749 5675 770 5722 Α
781 5673 799 5721 C
813 5687 818 5729 ;
837 5674 1038 5735 oouuqmentotio
1056 5673 1114 5721 D²E
1129 5699 1155 5709 ·-
1175 5674 1215 5723 26.
1234 5675 1304 5723 cuius
1315 5678 1336 5725 A
1346 5676 1365 5725 C
1377 5676 1412 5725 E:
1430 5675 1502 5724 cuiB
1518 5701 1545 5711 -
1558 5675 1599 5724 27.
1612 5669 1743 5745 Πρόνοια

407 5745 557 5796 Manutius:
575 5747 687 5796 Pronoea
698 5745 721 5798 u
731 5748 759 5797 0.
780 5748 817 5797 cl.
832 5762 857 5797 v.
872 5750 911 5797 to.
926 5774 953 5784 -
966 5762 1025 5798 uero
1035 5754 1133 5808 oestro,
1154 5749 1246 5807 lucili,
1265 5749 1333 5799 sient
1343 5751 1443 5809 mdem,
1462 5749 1547 5798 eodem
1563 5750 1665 5812 requiro
1678 5762 1739 5802 uos:

407 5834 468 5872 nero
483 5824 506 5871 si
520 5827 604 5871 oestro
620 5827 668 5884 est,
686 5824 775 5881 Lucili,
793 5825 879 5873 eodem
889 5827 993 5889 requiro
1005 5830 1024 5875 Α
1034 5825 1053 5873 Β
1064 5825 1083 5874 C
1094 5825 1113 5874 0
1125 5837 1131 5883 ;
1149 5825 1171 5874 si
1186 5838 1246 5876 uero
1261 5831 1345 5876 oestro
1361 5829 1397 5874 est
1412 5823 1479 5875 lucili
1497 5825 1583 5874 sudem
1593 5826 1695 5887 require
1706 5826 1739 5888 E3

407 5910 468 5947 emo
488 5898 511 5947 si
531 5903 615 5947 ossus
630 5905 680 5957 est,
703 5898 797 5959 lucili,
821 5900 920 5959 eodem,
942 5901 1029 5950 eudem
1045 5901 1148 5962 requiro
1166 5899 1350 5955 lleindordus;
1373 5911 1432 5949 uero
1453 5904 1537 5949 oestro
1552 5900 1574 5949 st
1591 5900 1678 5951 mdem
1693 5906 1739 5963 est,

408 5972 880 6038 saui,souemrequir01.embious;
896 5989 955 6029 uero
965 5980 1050 6028 outre
1059 5978 1094 6040 si,
1110 5976 1203 6040 lucili,
1217 5977 1303 6028 eudon
1312 5980 1356 6039 est,
1374 5974 1461 6026 οοάοοο
1470 5974 1573 6038 requio
1584 5975 1738 6044 lladrlaius.
