4342 7459
943 1255 1201 1322 nocuerim.
1263 1266 1267 1272 '
1669 1250 1728 1319 901

411 1413 502 1491 0666
531 1415 558 1477 si
586 1414 682 1477 ullnm
713 1430 858 1495 umquam
887 1412 1001 1475 animal
1029 1410 1277 1476 consecrandum
1305 1412 1376 1488 1611,
1404 1411 1484 1474 11166
1504 1409 1642 1493 proiecto
1663 1411 1729 1472 tuit.

411 1510 443 1572 Si
472 1510 579 1573 Cadmi
608 1509 774 1589 progenies
801 1514 854 1569 aut
871 1507 1050 1587 Amphionis
1077 1515 1131 1569 aut
1150 1504 1282 1588 Tyndari
1305 1506 1337 1568 16
1358 1505 1477 1569 caelum
1498 1503 1634 1568 tollenda
1651 1508 1731 1567 lama

409 1603 479 1682 init,
506 1604 576 1665 buic
606 1604 691 1665 idem
719 1603 817 1664 bonos
846 1609 932 1663 certe
963 1600 1115 1664 dicandus
1145 1609 1204 1662 est.
1244 1602 1334 1676 Quod
1360 1602 1486 1681 quidem
1506 1601 1614 1664 laciam
1636 1609 1730 1680 teque

409 1697 545 1758 omnium
570 1698 717 1778 optimam
747 1695 1019 1775 doctissimamque
1045 1694 1292 1775 approbantibus
1324 1696 1372 1758 dis
1400 1693 1626 1757 immortalibus
1654 1694 1731 1774 ipsis

408 1791 440 1852 in
467 1808 574 1852 eorum
601 1798 692 1852 coetu
725 1788 857 1852 locatam
888 1791 929 1851 ad
958 1790 1133 1870 opinionem
1162 1790 1298 1851 omnium
1323 1788 1497 1852 mortalium
1525 1788 1755 1852 consecrabat

410 1884 658 1962 (Lactantius
677 1884 750 1945 lnst.
771 1880 791 1942 l.
812 1883 834 1944 l.
857 1900 885 1943 c.
908 1883 952 1944 15.
978 1884 1006 1961 β.
1027 1884 1094 1960 20.)

482 1982 511 2041 6.
539 1979 604 2039 Nec
629 1977 711 2038 enim
735 1976 879 2038 omnibus
898 1976 991 2037 iidem
1010 1975 1052 2036 illi
1073 1978 1232 2057 sapientes
1251 1975 1389 2039 arbitrati
1409 1985 1484 2038 sunt
1500 1974 1633 2038 eundem
1657 1993 1732 2037 cur-
1787 1967 1801 1992 ⁴

409 2090 478 2134 sum
506 2072 540 2137 in
563 2071 682 2133 eaelum
703 2078 821 2151 patere.
861 2071 937 2132 Nam
956 2071 1041 2131 vitiis-
1058 2078 1090 2131 et
1113 2069 1288 2132 sceleribus
1305 2072 1532 2133 contaminatos
1549 2068 1681 2151 deprimi
1699 2070 1734 2132 iu

408 2164 557 2227 tenebras
574 2173 668 2244 atque
688 2165 719 2225 iu
737 2182 835 2226 caeno
855 2165 958 2226 iacere
984 2163 1176 2240 docuerunt,
1199 2172 1301 2225 castos
1320 2172 1423 2226 autem
1439 2160 1599 2248 [animos],
1622 2181 1730 2245 puros,

407 2258 562 2338 integros,
587 2260 805 2337 incorruptos,
834 2256 926 2319 bonis
955 2258 1046 2319 etiam
1071 2257 1183 2320 studiis
1200 2266 1294 2337 atque
1323 2258 1443 2321 artibus
1471 2256 1642 2340 expolitos,
1669 2256 1769 2320 tenio

409 2351 544 2431 quodam
567 2359 598 2413 et
617 2350 696 2413 tacili
716 2349 807 2429 lapsu
824 2351 866 2413 66
884 2350 983 2425 deos,
1003 2351 1035 2412 id
1055 2359 1104 2414 est
1123 2352 1163 2414 ad
1183 2360 1324 2414 naturam
1338 2353 1385 2413 sui
1400 2351 1542 2431 similem,
1556 2350 1729 2433 pervolare.

408 2445 529 2523 (idem
548 2446 621 2507 lnst.
643 2444 664 2506 l.
685 2446 733 2504 lll.
754 2462 781 2505 c.
805 2447 850 2507 19.
872 2445 900 2523 5.
925 2446 971 2522 6.)

480 2544 510 2601 7.
544 2541 585 2601 dt.
611 2542 719 2598 Tattius
741 2544 772 2597 in
790 2558 842 2598 aaa
865 2540 1054 2598 Consolatione
1068 2556 1228 2618 pugnasse
1251 2556 1286 2600 se
1305 2557 1431 2620 semper
1450 2547 1556 2602 contra
1578 2539 1731 2602 fortunam

408 2639 531 2709 loquitar
558 2651 690 2713 eamque
719 2650 737 2693 a
767 2650 802 2694 se
830 2650 955 2712 semper
980 2650 1050 2695 esse
1075 2640 1270 2712 superatam,
1302 2651 1373 2694 cum
1393 2633 1515 2696 fortiter
1537 2634 1731 2696 inimicorum

407 2730 543 2810 impetus
564 2727 763 2804 rettudisset,
791 2743 850 2788 nec
870 2736 935 2787 tum
955 2725 1081 2806 quidem
1101 2743 1137 2787 se
1159 2725 1199 2788 ab
1222 2744 1260 2788 ea
1278 2727 1427 2805 tractum,
1457 2746 1527 2790 cum
1547 2727 1638 2790 domo
1658 2727 1770 2809 pul-no

408 2840 463 2885 sus
488 2823 588 2903 patria
608 2821 753 2883 caruerit.
793 2823 870 2881 Tum
892 2830 1007 2893 autem,
1026 2838 1097 2881 cum
1117 2821 1255 2882 amiserit
1273 2821 1464 2883 carissimam
1486 2820 1597 2899 liliam,
1616 2822 1730 2883 victum

408 2934 444 2977 se
464 2935 482 2978 a
501 2915 623 2978 fortuna
643 2915 775 2994 turpiter
791 2916 973 2978 confitetur:
1002 2915 1107 2994 Cedo,
1136 2922 1242 2992 inaait,
1274 2926 1306 2978 et
1334 2935 1459 2980 manum
1489 2916 1571 2979 tollo.
1612 2917 1732 2994 (ldem

407 3009 483 3072 ibid.
506 3028 534 3073 c.
556 3010 603 3070 26.
625 3010 654 3087 ἓ.
679 3010 724 3082 9.)

482 3106 511 3166 8.
543 3104 612 3163 sona
640 3109 725 3162 eliani
746 3109 796 3176 qai
814 3108 881 3163 laec
900 3110 995 3163 omnia
1012 3124 1114 3179 genera
1132 3108 1293 3163 consolandi
1311 3108 1462 3179 colligam
1483 3108 1557 3164 eliae
1581 3110 1655 3165 enine
1673 3110 1732 3166 allo

408 3203 489 3257 niodo
508 3208 646 3265 metae,
676 3208 706 3255 at
730 3202 787 3270 tere
805 3217 855 3255 noe
872 3203 904 3257 in
924 3200 1112 3258 Conwlatione
1132 3204 1227 3258 omnia
1245 3204 1276 3258 in
1294 3203 1507 3259 coarctationem
1528 3217 1614 3260 marn
1635 3203 1770 3262 conia-2⁰

407 3298 511 3362 cimae:
532 3304 592 3352 erat
610 3298 682 3352 enim
698 3299 729 3351 in
748 3304 852 3353 tentore
868 3299 978 3353 animae
996 3305 1021 3353 et
1038 3301 1127 3354 omnia
1142 3300 1173 3354 in
1191 3315 1222 3354 eo
1236 3298 1420 3370 temptabatur
1433 3300 1528 3354 oratio.
1574 3295 1731 3369 (Cicero

411 3388 503 3448 Tusa.
525 3385 544 3447 l.
567 3387 615 3447 lll.
637 3386 664 3464 5.
682 3389 747 3463 76.)

482 3485 508 3545 9.
539 3482 637 3553 Qatet
664 3488 713 3555 qai
739 3504 795 3544 non
820 3495 919 3560 patent
947 3488 1092 3560 inpendent
1117 3489 1206 3543 oieb?
1233 3487 1326 3559 quade
1353 3488 1408 3557 6111
1436 3485 1472 3556 Q.
1495 3484 1731 3558 dimittat-n,

407 3579 502 3649 aedae
522 3580 637 3651 edicat,
659 3585 776 3651 quaein
799 3582 986 3639 emenone
1005 3583 1173 3655 collegiatae.
1214 3580 1333 3658 (idem
1351 3576 1427 3639 ibid.
1450 3579 1480 3659 5.
1506 3582 1568 3655 70.)

485 3671 531 3732 10.
561 3674 695 3732 Paloilleee
725 3676 891 3751 Capitolium
918 3680 1047 3735 dedicant
1074 3685 1213 3735 nemiuem
1240 3686 1270 3733 et
1289 3678 1472 3734 nuntiabatur
1489 3678 1580 3734 aedito
1596 3679 1685 3750 filiam
1703 3681 1772 3736 teti

411 3770 493 3851 116111
511 3769 620 3826 abente
635 3773 755 3843 sepeliri.
795 3773 827 3831 L.
852 3773 966 3829 Paellee
984 3780 1083 3845 septena
1101 3774 1196 3829 dietae
1213 3774 1285 3829 inter
1303 3773 1421 3829 deonna
1446 3774 1589 3844 mareiae
1609 3774 1734 3845 liliam

410 3864 583 3935 meamne
600 3866 694 3922 mein
713 3870 849 3940 inarum
867 3877 916 3925 eet.
956 3870 1145 3926 Pnaeoermitte
1164 3867 1321 3933 dlaatnroe,
1338 3866 1464 3933 Catonm
1480 3865 1590 3939 Callae,
1610 3867 1729 3935 Pleume,

411 3956 526 4021 Bennios,
561 3956 719 4025 Scaevolae,
747 3961 882 4029 Metellos,
915 3962 1047 4027 &aaron
1077 3962 1214 4033 11616166,
1243 3960 1366 4027 Craeeoe,
1388 3960 1534 4020 dlarcelloe
1560 3970 1642 4036 mque
1658 3965 1733 4035 deep·

409 4054 485 4117 diae,
515 4046 632 4124 queram
659 4070 715 4109 nan
733 4059 826 4112 minor
844 4060 874 4112 in
892 4058 966 4113 laeta
984 4074 1069 4129 worn
1088 4060 1118 4113 in
1137 4057 1215 4113 bellie
1237 4058 1325 4112 cirtae
1344 4056 1399 4124 salt
1417 4062 1444 4111 et
1461 4071 1578 4126 gamin
1603 4058 1732 4114 orbitates

412 4150 443 4203 in
473 4146 672 4203 Consolationis
696 4149 767 4204 libro
789 4149 895 4206 Tulliae
913 4152 1070 4222 explicavit.
1112 4147 1387 4226 (Hieronymus
1405 4146 1437 4205 in
1456 4146 1599 4227 Epitapb.
1626 4148 1770 4228 Nepa-sn

407 4238 481 4299 tiani
502 4238 583 4317 Opp.
604 4239 638 4297 T.
661 4239 710 4299 1v.
723 4240 755 4301 P.
776 4241 809 4302 ll.
831 4259 863 4320 p.
884 4242 950 4302 268.
971 4240 1087 4302 Bened.
1112 4241 1198 4302 Tom.
1226 4241 1247 4300 1.
1269 4258 1301 4319 p.
1323 4239 1387 4299 335.
1408 4237 1557 4315 Vallars.)

485 4331 530 4393 11.
555 4334 605 4409 (In
635 4332 851 4395 Consolatione
882 4335 1069 4396 mentionem
1088 4334 1257 4395 iniecturus
1277 4339 1344 4394 erat
1363 4331 1455 4393 etiam
1473 4333 1530 4394 Cn.
1555 4333 1730 4413 Caepionis,

409 4424 552 4503 Rutiliae,
575 4434 636 4486 cet.
659 4427 719 4488 Cir.
741 4424 781 4489 66
800 4429 933 4491 Atticum
956 4429 1001 4507 12,
1021 4428 1108 4491 2016
1129 4427 1202 4489 fine.
1224 4425 1271 4504 12,
1285 4425 1334 4504 22,
1348 4426 1378 4487 2.
1395 4424 1439 4505 12,
1452 4426 1500 4504 21,
1513 4427 1541 4488 2.
1558 4426 1632 4505 Ort.)

591 4661 641 4727 111.
684 4659 800 4734 Ltssliit
822 4666 874 4732 DE
896 4666 983 4736 SUIS
1006 4665 1205 4735 CONSlLllS
1227 4665 1316 4734 slve
1339 4663 1555 4733 expositio
1740 4689 1770 4738 aa

832 4836 1107 4906 CONSlLlOliUll
1133 4834 1309 4905 80011011.

955 5008 1186 5063 secundumn.

451 5222 458 5238 ,
485 5165 562 5227 Cum
584 5164 692 5226 Cicero
712 5160 809 5243 gratia
829 5157 913 5241 apud
931 5156 1082 5238 populum
1101 5157 1133 5217 in
1152 5154 1221 5218 dies
1240 5157 1339 5235 magis
1358 5157 1520 5238 magisque
1540 5163 1630 5219 aucta
1649 5153 1733 5216 invi-

410 5254 492 5319 diam
512 5257 570 5320 sibi
591 5256 739 5319 oontlaret
757 5256 914 5318 bominum
933 5255 964 5314 in
985 5251 1107 5313 civitate
1126 5250 1313 5331 potentium,
1344 5257 1379 5311 ut
1398 5249 1503 5313 Crassi
1523 5258 1555 5311 et
1574 5249 1729 5326 Caesaris,

409 5349 521 5413 librum
551 5350 591 5413 de
620 5351 702 5413 suis
732 5347 914 5412 consiliis
943 5346 1009 5408 sive
1038 5345 1332 5425 expositionem
1362 5341 1619 5406 consiliorum
1643 5357 1770 5407 suo-to

474 5651 500 5701 t.
528 5650 678 5716 Amphionis]
697 5649 786 5701 Aldus.
806 5652 824 5701 1.
843 5649 878 5701 Ι.
897 5650 1045 5714 Heusinger
1061 5650 1088 5699 16
1105 5649 1176 5699 Actis
1193 5647 1253 5699 Soc.
1272 5648 1328 5698 Lat.
1349 5648 1404 5697 len.
1418 5647 1442 5696 1.
1456 5657 1483 5710 p.
1495 5645 1537 5695 oe.
1550 5642 1606 5707 (Est
1617 5640 1731 5706 Chloris,

409 5725 504 5789 Hygia.
532 5725 593 5777 161).
614 5726 663 5788 10.)
696 5726 882 5789 Amphitruonis
907 5723 991 5775 Codd.
1013 5752 1040 5762 -
1071 5724 1111 5774 10.
1140 5722 1197 5788 uni]
1215 5723 1303 5787 Sigon.
1321 5722 1369 5772 levi
1387 5719 1472 5771 Codd.
1495 5746 1522 5757 -
1540 5719 1583 5770 ta.
1613 5714 1731 5783 11616161]

408 5799 488 5851 Varia
505 5800 583 5851 lectto
600 5797 671 5865 apud
689 5799 856 5852 vallaretum.
875 5798 930 5852 Gir.
949 5797 1089 5851 1611161.
1109 5798 1150 5860 eo,
1168 5800 1193 5858 t,
1211 5797 1235 5849 3.
1255 5798 1358 5863 (lotum
1380 5798 1470 5846 eutem
1492 5795 1575 5859 ceput
1597 5806 1630 5845 ex
1653 5792 1732 5845 Cloe-

408 5878 482 5929 ronie
499 5874 682 5928 consolatione
699 5876 872 5942 ‹teeumptum
887 5873 1012 5938 666166.)
1028 5872 1127 5926 laniet
1141 5870 1230 5937 volgo.
