4342 7459
672 1228 740 1291 ιιι.
762 1227 803 1290 ιι.
831 1225 906 1290 ci».
928 1225 1193 1291 nxvnmsxx.
1221 1225 1267 1311 qs
1290 1218 1481 1292 iar-iti.
1678 1227 1739 1292 sea

408 1387 606 1471 vigilantium
629 1386 858 1470 cogitationum
882 1386 1025 1468 vestigia.
1069 1388 1111 1450 At
1132 1387 1287 1470 quaedam
1309 1388 1459 1453 adiuncta
1480 1396 1574 1464 snut.
1604 1399 1641 1454 nt
1660 1392 1740 1454 mibi

409 1482 449 1546 de
465 1489 670 1545 monumento
685 1479 788 1554 diarii,
810 1479 866 1542 tibi
890 1480 978 1563 qnod
1001 1498 1116 1561 equus,
1138 1482 1171 1544 in
1193 1503 1256 1563 qno
1279 1502 1339 1564 eqo
1362 1483 1508 1558 vehebat,
1531 1504 1652 1546 mecum
1676 1504 1738 1548 una

409 1576 572 1640 demersus
594 1593 704 1637 rursus
727 1574 881 1656 apparuit.
927 1568 997 1634 iii.
1019 1575 1068 1634 An
1091 1582 1125 1637 tn
1148 1594 1260 1637 censes
1281 1576 1378 1639 uliam
1400 1596 1495 1639 anum
1519 1585 1582 1639 iam
1605 1577 1738 1641 deiiram

407 1670 544 1733 futuram
571 1666 687 1741 inisse,
709 1674 746 1729 ui
773 1666 904 1729 somniis
931 1666 1091 1740 crederet,
1113 1668 1175 1730 nisi
1197 1668 1258 1731 ista
1279 1689 1354 1733 casu
1377 1689 1441 1732 non
1463 1691 1634 1753 numquam
1657 1672 1738 1736 forte

408 1771 527 1825 temere
549 1763 797 1825 concurrerent?
834 1759 1016 1823 Alexandro
1040 1760 1136 1824 draco
1156 1762 1246 1846 ioqui
1268 1763 1356 1826 visus
1378 1771 1436 1826 est.
1479 1765 1587 1828 Potest
1608 1767 1763 1830 omninos

407 1854 470 1918 boc
492 1873 562 1919 esse
583 1853 718 1926 fuirum,
739 1860 845 1936 potest
868 1872 989 1927 verum,
1013 1852 1085 1928 sed,
1107 1862 1214 1917 utrum
1238 1864 1300 1931 est,
1323 1877 1387 1920 nou
1409 1865 1456 1920 est
1478 1858 1631 1922 mirabile.
1668 1861 1738 1922 Nun

409 1949 493 2012 enim
516 1948 637 2011 audivit
658 1948 713 2011 iiie
736 1946 905 2009 draconem
928 1946 1124 2029 loquentem,
1145 1947 1201 2012 sed
1224 1958 1275 2013 est
1293 1951 1382 2013 visus
1404 1951 1530 2025 andire,
1554 1949 1738 2034 etquidem,

409 2063 474 2127 qno
503 2043 605 2106 maius
634 2042 694 2117 sii,
724 2061 795 2105 cum
826 2040 964 2103 radicem
995 2061 1051 2104 ore
1079 2049 1216 2117 teneret,
1246 2043 1372 2106 locutus
1399 2051 1458 2107 est.
1502 2044 1564 2108 Sed
1590 2045 1668 2109 uibii
1691 2052 1741 2108 est

409 2157 555 2221 maguum
569 2136 753 2199 somnianti.
782 2134 908 2209 Quaero
931 2142 1051 2209 autem,
1074 2155 1130 2197 cur
1143 2135 1324 2201 Alexandro
1347 2144 1409 2200 tam
1425 2137 1555 2200 inlustre
1570 2138 1739 2212 somnium,

409 2239 472 2295 mm
501 2239 639 2305 certum,
668 2249 728 2292 nec
755 2227 831 2291 huic
860 2228 963 2291 eidem
989 2227 1087 2303 aiios,
1115 2248 1175 2292 nec
1203 2229 1300 2291 muita
1329 2230 1453 2293 ceteris.
1494 2232 1580 2304 biibi
1609 2231 1778 2314 quidemst

408 2333 534 2410 praeter
553 2324 614 2389 boc
636 2323 812 2387 Marianum
835 2321 915 2383 nibil
937 2341 1014 2384 sane
1037 2322 1123 2404 quod
1144 2322 1350 2385 meminerim.
1397 2324 1526 2387 Frustra
1547 2326 1644 2407 igitur
1664 2345 1739 2387 con-

409 2427 553 2501 sumptae
584 2425 631 2480 tot
660 2423 770 2480 noctes
800 2425 863 2478 tam
892 2415 984 2497 ionga
1014 2416 1048 2478 in
1077 2422 1190 2479 aetate.
1234 2411 1306 2478 iii.
1334 2417 1429 2504 Nunc
1452 2417 1581 2502 quidem
1610 2424 1740 2502 proptor

408 2512 672 2576 intermissionem
695 2509 831 2572 forensis
854 2528 969 2592 operae
990 2516 1023 2571 ei
1043 2508 1279 2573 lucubrationes
1301 2508 1424 2573 detraxi
1451 2520 1483 2573 st
1502 2510 1739 2578 meridiationes

410 2600 1739 2690 mffimmfflmmmfflmmmmmwmwo

410 2700 536 2763 somnio
558 2719 629 2762 sum
650 2696 841 2770 admonitus,
863 2697 959 2758 tantia
980 2698 1165 2778 praesertim
1188 2698 1228 2760 de
1251 2697 1355 2772 rebus,
1377 2718 1437 2761 nec
1459 2699 1535 2762 mibi
1558 2700 1657 2783 magis
1672 2713 1777 2763 nm-ia

411 2813 505 2876 quam
527 2793 655 2865 videor,
681 2810 775 2874 quam
797 2809 869 2852 cum
891 2797 946 2851 aut
967 2789 1001 2851 in
1022 2790 1091 2853 iuro
1113 2792 1314 2873 magistratus
1343 2800 1398 2855 aut
1424 2793 1456 2856 in
1483 2793 1572 2857 curia
1594 2800 1739 2857 senatum

411 2888 521 2961 video,
542 2886 711 2950 somniare.

495 2980 608 3043 LXIX.
629 2979 754 3041 Etenim
778 3012 819 3024 -
841 2997 881 3039 ex
903 2977 1059 3040 divisione
1082 2979 1144 3041 buc
1165 2980 1340 3043 secundum
1363 2989 1412 3043 est
1425 3012 1467 3028 -
1489 3000 1573 3063 quae
1595 2988 1644 3044 cat
1665 2999 1741 3044 con·

410 3075 545 3138 tinuatio
576 3071 821 3154 coniunctioque
853 3078 1006 3146 naturae,
1043 3091 1160 3154 quam,
1193 3081 1228 3136 ut
1254 3074 1342 3147 dixi,
1381 3081 1494 3137 vocent
1523 3076 1741 3158 συμπάθειαν,

411 3166 594 3239 eiusmodi,
617 3173 650 3229 ut
671 3165 836 3228 thesaurus
860 3184 900 3227 ex
921 3184 983 3228 ovo
1005 3165 1147 3247 intellegi
1163 3165 1299 3231 debeat?
1330 3168 1408 3241 Nam
1424 3166 1538 3231 medici
1554 3190 1596 3233 ex
1610 3169 1780 3253 quibus-ac

411 3259 483 3323 dam
504 3259 600 3323 rebus
623 3266 656 3321 et
675 3257 874 3322 advenientis
903 3265 935 3320 ei
960 3260 1133 3322 crescentis
1162 3260 1289 3324 morbos
1312 3260 1517 3342 intellegunt.
1547 3281 1611 3325 uon
1637 3261 1741 3325 nullas

412 3354 505 3417 etiam
527 3350 718 3415 valetudinis
733 3348 995 3434 significationes,
1011 3361 1046 3415 ut
1061 3350 1121 3415 boc
1135 3353 1254 3436 ipsum,
1278 3353 1382 3435 pieni
1406 3354 1586 3418 enectine
1608 3356 1742 3429 simus,

412 3465 454 3509 ex
475 3444 614 3528 quodam
637 3464 753 3527 genere
777 3446 970 3508 somniorum
994 3446 1135 3528 inieiieqi
1158 3467 1252 3529 posse
1267 3447 1387 3510 dicunt.
1423 3448 1606 3512 Thesaurus
1620 3469 1696 3513 vero
1710 3454 1743 3511 et

411 3538 572 3604 berediias
599 3546 631 3602 et
651 3537 754 3603 bonos
781 3547 814 3602 et
834 3540 967 3601 victoria
994 3549 1026 3603 et
1047 3539 1144 3603 muita
1167 3541 1292 3623 generis
1314 3541 1456 3605 eiusdem
1479 3562 1544 3625 qua
1564 3563 1635 3606 eum
1658 3561 1743 3605 som·

412 3634 476 3697 niis
497 3633 633 3697 naturali
655 3634 845 3717 cognatione
865 3633 1064 3716 iunguntur?
1096 3629 1168 3697 ti3.
1189 3635 1312 3699 Dicitur
1326 3633 1471 3719 quidam,
1486 3656 1557 3699 cnm
1573 3635 1605 3698 in
1619 3635 1780 3699 somnisao

413 3728 581 3812 complexu
597 3729 732 3791 Venerio
747 3728 946 3810 iungeretur,
962 3728 1101 3792 caicuios
1116 3730 1259 3793 eiecisse.
1288 3729 1388 3793 Video
1403 3729 1625 3815 sympathiam
1640 3728 1743 3793 usum

414 3830 462 3885 est
483 3822 567 3884 euim
591 3821 653 3884 iaie
676 3821 834 3884 obiectum
857 3822 1041 3898 dormienti,
1064 3830 1100 3886 ut
1121 3823 1169 3898 id,
1192 3823 1277 3907 quod
1300 3824 1423 3898 evenit,
1445 3836 1575 3888 naturae
1598 3824 1655 3898 vis,
1676 3843 1743 3886 non

413 3916 522 3999 opinio
543 3916 657 3978 erroris
680 3916 829 3978 effecerit.
874 3915 963 3991 Quae
984 3918 1082 4001 igitur
1103 3924 1216 3982 natura
1237 3917 1351 3981 obtulit
1371 3918 1457 3982 iiiam
1480 3918 1617 4000 speciem
1640 3916 1744 3981 Simo·

413 4010 491 4084 uidi,
512 4030 531 4073 a
554 4030 616 4095 qua
639 4019 798 4074 vetaretur
819 4012 989 4093 navigaret
1011 4017 1066 4074 aut
1089 4011 1167 4094 quid
1188 4019 1319 4075 naturae
1340 4012 1522 4094 copulatum
1538 4009 1651 4074 babuit
1660 4009 1744 4074 eici-

413 4103 517 4167 biudis
545 4105 632 4187 quod
662 4104 810 4168 scribitur
836 4105 1020 4168 somnium?
1050 4104 1105 4187 qui
1127 4104 1223 4187 paulo
1244 4113 1318 4167 anto
1347 4104 1509 4167 interitum
1531 4103 1617 4166 usus
1639 4111 1689 4167 est
1710 4104 1781 4167 inu

414 4198 534 4260 somnis
555 4200 675 4262 amicae
698 4218 769 4262 ease
791 4199 921 4262 amictus
943 4197 1101 4273 amicuio;
1132 4198 1160 4261 is
1182 4219 1255 4261 cum
1277 4207 1361 4263 esset
1383 4198 1540 4282 proiectus
1561 4197 1743 4262 inhumatus

413 4290 454 4353 ab
483 4291 695 4375 omnibusque
727 4292 871 4355 desertus
901 4293 1034 4367 iaceret,
1066 4293 1165 4356 amica
1195 4313 1310 4376 corpus
1340 4293 1410 4356 eins
1443 4293 1522 4355 texit
1550 4314 1607 4356 auo
1635 4293 1742 4377 paiiio.

414 4385 498 4466 Ergo
519 4384 582 4447 boc
605 4385 709 4448 inerat
729 4386 761 4449 in
785 4388 879 4450 rebus
901 4386 1015 4451 futuris
1037 4396 1070 4450 et
1091 4407 1202 4450 causas
1224 4386 1376 4450 naturalis
1398 4386 1559 4451 iniciati
1592 4407 1632 4450 an
1655 4394 1687 4449 et
1708 4393 1744 4450 nt

414 4479 573 4541 videretur
595 4488 627 4543 et
647 4489 682 4543 ut
704 4480 846 4544 eveniret
867 4499 959 4543 cassu
981 4480 1112 4544 edecitt

500 4572 596 4635 Lxx.
631 4569 703 4636 iii.
736 4573 846 4649 Quid?
879 4574 1018 4657 ipsorum
1047 4575 1254 4657 interpretum
1282 4574 1485 4638 coniecturae
1514 4593 1621 4637 nonne
1643 4573 1781 4656 megisti

414 4667 544 4747 ingenia
572 4667 734 4731 declarant
760 4689 870 4732 eorum
899 4689 991 4752 quam
1014 4669 1078 4732 vim
1102 4688 1355 4750 consensumque
1377 4670 1534 4731 naturaei
1569 4666 1682 4729 Cursor
1702 4665 1742 4728 ad

415 4758 563 4844 Olympia
584 4758 740 4843 proticisci
763 4763 905 4845 cogitans
927 4763 1015 4826 visus
1038 4764 1141 4826 estin
1162 4763 1282 4826 somnis
1304 4782 1397 4825 curru
1414 4761 1637 4846 quadrigarum
1652 4759 1743 4835 vebi3

481 5030 649 5080 inditi·
677 5029 827 5092 usqam
852 5055 880 5067 -
908 5030 1135 5094 immitti
1162 5058 1195 5069 -
1219 5031 1635 5081 csomcorr.esmcssaninit
1664 5056 1691 5066 -
1718 5031 1743 5080 ti.

413 5109 561 5166 potestesse
577 5102 681 5167 Eriaug.
701 5131 729 5141 -
754 5106 779 5156 e.
798 5110 884 5155 stium
900 5112 935 5156 sst
951 5105 1039 5157 iiiotz:
1063 5111 1150 5156 unsri
1166 5108 1198 5156 sit
1215 5108 1263 5158 co
1287 5131 1311 5143 -
1337 5118 1388 5155 aon
1403 5105 1490 5155 ssssC
1514 5130 1542 5141 -
1567 5104 1591 5153 7.
1610 5106 1671 5167 posi
1687 5104 1745 5166 qni-

415 5179 470 5228 dsm
486 5192 538 5229 una
556 5170 695 5229 littoreis
712 5180 769 5229 inii
784 5207 817 5218 -
839 5180 862 5231 8.
882 5193 925 5230 ors
942 5195 974 5231 ax
991 5194 1061 5230 mors
1078 5193 1148 5231 corr.
1161 5181 1218 5232 inii
1239 5206 1264 5217 -
1289 5180 1407 5242 loquutus
1424 5180 1457 5238 Β,
1481 5179 1578 5229 imum
1593 5182 1629 5228 ast
1644 5178 1746 5227 eicien-

415 5251 481 5302 dum
499 5266 559 5304 esse
576 5253 704 5304 censebat
719 5254 836 5306 iortinus
860 5281 886 5291 -
911 5256 951 5305 40.
971 5255 1030 5306 iort.
1048 5260 1143 5305 certam
1159 5259 1225 5315 tran,
1243 5267 1289 5305 ccc
1308 5279 1334 5290 -
1359 5253 1422 5303 oties
1440 5250 1470 5302 V¹
1490 5279 1515 5289 -
1541 5254 1581 5303 ii.
1600 5254 1746 5302 mamonis»

416 5328 445 5387 Β,
463 5328 512 5377 sed
529 5341 607 5377 caum
624 5330 649 5380 in
667 5342 720 5379 ras.
741 5355 768 5364 -
786 5331 967 5393 meminerim
983 5335 1002 5380 Α
1024 5355 1051 5365 -
1071 5331 1111 5380 ii.
1130 5330 1190 5392 iopc
1206 5330 1225 5379 ii
1244 5355 1270 5366 -
1291 5327 1331 5379 43.
1344 5327 1538 5378 internitionem
1554 5332 1573 5377 Α
1595 5353 1622 5364 -
1643 5328 1683 5377 iii.
1696 5341 1746 5376 us·

416 5415 494 5464 quom
509 5406 546 5461 it.
572 5418 680 5466 acquum
700 5404 763 5455 edd.
782 5408 843 5455 ante
867 5405 1002 5456 Davisium
1027 5430 1054 5440 -
1080 5405 1121 5456 iti.
1140 5410 1186 5454 cut
1200 5406 1254 5467 (ero
1270 5401 1301 5453 Αι
1321 5426 1347 5439 -
1373 5403 1412 5454 48.
1432 5408 1459 5451 ot
1474 5404 1541 5451 enim
1562 5401 1744 5463 iiotiiugerus3

417 5476 495 5527 codd.
514 5477 674 5540 scripturam
691 5478 810 5529 defendit
826 5479 972 5543 Madvigius
988 5480 1023 5530 ad
1041 5480 1095 5531 Cic.
1115 5478 1149 5530 de
1167 5478 1231 5529 iinn.
1249 5477 1305 5542 μθ
1330 5503 1357 5512 -
1383 5478 1422 5527 is.
1440 5476 1600 5538 sumpntbios
1617 5476 1636 5525 C
1656 5500 1679 5513 -
1703 5475 1745 5525 24.

417 5552 604 5602 amouere
625 5580 651 5589 ·-
670 5555 804 5604 montius
818 5555 878 5611 AB.
898 5555 947 5606 sad
963 5568 993 5604 ns
1008 5556 1034 5605 iu
1052 5567 1105 5605 res.
1124 5554 1150 5604 in
1168 5554 1202 5603 ii:
1220 5552 1355 5603 mutius
1370 5550 1393 5599 V
1411 5577 1438 5587 -
1458 5552 1498 5601 tt.
1511 5550 1658 5599 adstuduit
1675 5545 1704 5599 8²
1717 5574 1744 5585 -

416 5631 446 5676 st
461 5627 507 5675 boc
522 5628 603 5689 ι’ρενηι
619 5626 661 5678 bis
677 5630 805 5692 scriptum
822 5630 881 5679 inii
901 5656 925 5666 -
947 5632 1008 5694 pust
1020 5629 1089 5691 pieni
1105 5641 1157 5678 uua
1175 5626 1222 5677 liti.
1241 5639 1317 5678 crasa
1335 5626 1361 5675 in
1379 5626 1398 5675 B
1419 5650 1444 5661 -
1464 5626 1572 5675 mcctios
1589 5622 1745 5673 Lambinus:

418 5703 527 5751 sasciiuc
544 5702 563 5752 C
584 5726 611 5737 -
636 5701 676 5751 23.
695 5716 728 5752 su
744 5703 853 5764 quodem
868 5702 966 5767 umero]
984 5703 1046 5754 inde
1064 5704 1099 5755 ub
1117 5705 1157 5755 his
1175 5702 1264 5753 verbis
1281 5715 1368 5767 usqua
1386 5699 1419 5749 sd
1437 5698 1513 5764 stis
1530 5703 1606 5759 cique
1621 5698 1748 5747 morsu

419 5773 512 5825 iacuna
531 5776 556 5824 in
574 5775 595 5823 V
612 5779 663 5826 est.
684 5803 711 5813 -
731 5776 771 5828 24.
790 5789 842 5837 qao
857 5778 975 5829 iiarsus:
999 5791 1065 5841 quos
1081 5780 1101 5829 C
1121 5803 1148 5813 -
1171 5779 1212 5827 st.
1230 5778 1353 5841 mouetur
1368 5779 1390 5827 Α
1407 5799 1435 5810 -
1457 5775 1498 5824 26.
1516 5774 1661 5835 rumpotinus
1676 5772 1697 5822 4
1717 5797 1745 5809 -

419 5850 461 5901 28.
480 5852 524 5913 qui
541 5852 734 5901 sntwssiit-
753 5853 794 5903 30.
812 5852 953 5904 munii
971 5876 997 5889 -
1017 5854 1156 5918 bibisque
1173 5853 1308 5903 mii-
1326 5848 1637 5902 aimoino-cs
1654 5847 1746 5899 siuid.

421 5926 453 5974 bi
464 5948 490 5959 -
511 5922 552 5975 44.
569 5926 666 5975 «ssim
681 5922 721 5976 ΑΙ.
