4342 7459
435 1229 499 1298 599
931 1230 985 1293 DE
1006 1227 1272 1294 DIVINATIONE

436 1391 731 1474 mutationibusque
753 1388 833 1455 caeli
855 1385 935 1453 nibil
955 1388 1098 1464 intersit,
1127 1388 1183 1473 qni
1204 1393 1334 1464 ventus,
1362 1388 1419 1472 qui
1440 1387 1561 1464 imber,
1585 1407 1670 1473 quae
1691 1393 1770 1453 tera-

436 1496 544 1574 postas
564 1487 686 1570 ubique
707 1484 762 1558 sit,
786 1503 921 1567 warum
943 1503 1050 1547 rernm
1070 1484 1103 1547 in
1125 1483 1289 1566 proxumis
1311 1483 1388 1547 locis
1409 1489 1515 1549 tantae
1537 1482 1771 1548 dissimilitudi-

436 1603 495 1650 nes
516 1601 611 1665 saepe
633 1580 713 1654 sint,
734 1585 771 1645 ut
790 1578 855 1645 alia
876 1577 1023 1652 Tusculi,
1045 1576 1108 1641 alia
1129 1578 1247 1643 Romae
1269 1577 1396 1641 eveniat
1416 1597 1515 1660 saepe
1535 1582 1708 1660 tempestas
1728 1606 1771 1625 -

438 1676 526 1762 quod
548 1674 605 1758 qui
626 1673 776 1755 nadgam
803 1689 952 1735 maxume
978 1670 1249 1746 animadvertunt,
1278 1691 1350 1736 oum
1377 1671 1411 1734 in
1433 1668 1598 1736 flectendis
1620 1689 1773 1753 promun-

413 1768 530 1836 stnriis
551 1773 717 1831 ventorum
741 1766 931 1831 mutationes
952 1783 1116 1828 maxumas
1139 1783 1235 1847 saepe
1257 1765 1469 1829 cendunt-‘z
1491 1765 1569 1829 baec
1587 1764 1685 1847 igitur
1700 1784 1773 1830 cum

438 1864 480 1929 sit
500 1870 567 1927 tum
590 1861 744 1925 serenitas
765 1867 832 1924 tum
854 1859 1050 1944 perturbatio
1072 1858 1168 1933 caeli,
1191 1864 1281 1922 estne
1303 1878 1453 1923 sanorum
1474 1858 1640 1923 bominum
1655 1857 1718 1923 boe
1731 1857 1773 1922 ad

437 1958 635 2023 nascentium
662 1962 750 2020 ortus
778 1954 937 2039 pertinere
959 1973 1024 2017 non
1047 1951 1153 2016 dicere
1177 1948 1276 2035 [quod
1298 1970 1364 2015 non
1385 1961 1471 2017 certe
1494 1948 1664 2037 pertinet],
1693 1952 1774 2017 illud

437 2051 547 2116 uncio
569 2050 649 2134 quid
670 2057 783 2120 tenue.
807 2049 893 2132 quod
916 2046 1027 2111 sentiri
1049 2045 1138 2110 nnllo
1160 2044 1267 2119 modo,
1290 2044 1433 2128 intellegi
1455 2055 1562 2110 autem
1585 2045 1641 2110 vix
1657 2053 1773 2130 potest,

438 2163 522 2230 quse
544 2164 563 2207 a
585 2143 660 2206 lune
682 2141 861 2225 ceterisque
883 2140 1041 2204 sideribus
1064 2138 1145 2202 caeli
1166 2139 1354 2221 temperatio
1375 2138 1447 2213 liat,
1469 2140 1578 2208 dicere
1599 2141 1639 2204 ad
1656 2159 1774 2223 puero·

400 2255 507 2303 torum
529 2243 617 2301 ortus
638 2236 823 2320 pertineret
860 2233 973 2310 Quidt
1002 2230 1090 2317 quod
1111 2253 1177 2297 non
1199 2232 1392 2315 intellegunt
1412 2232 1571 2297 seminum
1586 2234 1666 2310 vim,
1689 2254 1774 2318 quae

437 2332 478 2397 ad
498 2331 692 2415 gignendum
713 2328 1005 2413 procreandumque
1027 2328 1200 2411 plurimum
1222 2325 1340 2400 valeat,
1369 2325 1515 2391 funditus
1536 2326 1620 2401 tolli,
1651 2328 1775 2392 medio·

319 2420 322 2428 ’
438 2426 500 2492 cris
522 2424 639 2489 erroris
661 2428 732 2489 estt
767 2424 848 2500 Quis
870 2423 956 2487 enim
977 2443 1043 2487 non
1064 2422 1152 2486 videt
1173 2428 1206 2485 et
1226 2420 1345 2485 formas
1367 2428 1400 2485 et
1421 2441 1526 2485 mores
1548 2430 1581 2485 et
1601 2421 1774 2506 plerosque

438 2527 540 2586 statne
567 2538 605 2583 ac
633 2526 739 2582 motus
765 2513 917 2600 effingere
939 2516 1163 2602 aparentibus
1185 2511 1331 2580 liberos?
1365 2514 1452 2600 quod
1474 2536 1540 2581 non
1564 2517 1773 2600 contingeret,

437 2614 465 2680 si
492 2611 572 2677 baec
599 2632 665 2677 non
690 2612 738 2675 vis
767 2619 801 2675 et
826 2617 939 2675 natura
966 2610 1166 2694 gignentium
1195 2606 1351 2684 efficeret,
1378 2610 1434 2674 sed
1464 2611 1649 2693 temperatio
1677 2609 1774 2677 lunae

400 2706 584 2791 sscaelique
611 2705 793 2771 moderatio.
836 2702 888 2766 95.
916 2704 1027 2781 Quidt
1057 2702 1146 2788 quod
1176 2723 1241 2767 uno
1270 2709 1303 2767 et
1331 2702 1445 2767 eodem
1473 2704 1625 2788 temporis
1654 2713 1777 2787 puncto

437 2800 504 2867 nsti
532 2798 697 2866 dissimilis
725 2807 758 2863 et
784 2806 912 2864 naturas
944 2804 977 2861 et
1006 2798 1085 2861 vitas
1116 2802 1148 2860 et
1178 2816 1272 2860 casus
1293 2796 1429 2873 babent,
1457 2816 1612 2881 parumne
1634 2796 1776 2865 declarat

437 2893 519 2958 nibil
540 2893 581 2957 ad
603 2891 757 2975 agendam
779 2893 877 2956 vitam
900 2890 1050 2956 nascendi
1073 2899 1199 2974 tempus
1221 2891 1403 2973 pertineret
1434 2891 1498 2958 nisi
1518 2891 1601 2957 torte
1623 2900 1775 2974 putemus

438 2988 598 3056 neminem
620 2988 732 3052 eodem
753 2996 896 3071 tempore
917 2987 990 3068 ipso
1018 2992 1051 3048 et
1071 2993 1262 3067 conceptum
1294 2994 1326 3048 ct
1355 2993 1464 3051 natum
1494 2986 1568 3071 qno'
1581 2986 1774 3054 Africanum.

438 3084 521 3149 Num
543 3082 617 3167 quis
639 3081 735 3165 igitur
756 3080 829 3144 tulis
850 3078 937 3144 fuitt

400 3195 431 3242 so
522 3176 634 3242 xevt.
655 3170 707 3237 96.
731 3173 837 3251 Quidt
859 3173 980 3238 illudne
996 3172 1126 3236 dubium
1139 3178 1200 3245 est,
1216 3173 1294 3255 quin
1310 3171 1411 3248 multi,
1428 3194 1498 3239 cum
1513 3176 1558 3239 its
1573 3175 1639 3239 nati
1654 3185 1775 3253 essent,

437 3278 474 3339 ut
494 3270 651 3356 quaedam
672 3276 784 3333 contra
805 3277 951 3333 naturam
972 3268 1142 3350 depravata
1162 3265 1333 3341 baberent,
1356 3268 1600 3332 restituerentur
1621 3276 1653 3332 et
1674 3270 1774 3334 corri-

438 3372 588 3449 gerentur
615 3364 655 3426 ab
677 3371 807 3439 natura,
838 3384 910 3426 cnm
933 3382 968 3427 se
989 3363 1059 3445 ipsa
1081 3368 1280 3436 revocasset,
1310 3370 1365 3425 ent
1386 3370 1454 3425 arte
1476 3370 1572 3447 atque
1594 3363 1774 3429 medicinat

438 3467 475 3525 ut
496 3477 634 3543 quorum
656 3457 784 3541 linguae
806 3458 852 3523 sis
873 3456 1090 3529 inhaererent,
1112 3462 1148 3519 ut
1170 3454 1258 3537 loqui
1282 3475 1345 3519 non
1367 3463 1516 3538 possent,
1539 3476 1597 3522 eae
1620 3458 1773 3543 scalpello

438 3559 579 3618 resectae
609 3550 843 3616 liberarentur?
887 3550 980 3615 blnlti
1009 3549 1103 3614 etiarn
1134 3556 1266 3613 naturas
1296 3550 1410 3613 vitium
1441 3550 1646 3615 meditatione
1676 3561 1775 3637 atque

400 3647 667 3713 asexercitatione
690 3645 904 3719 sustulerunt,
933 3652 968 3708 nt
990 3640 1235 3706 Demosthenem
1265 3642 1373 3706 scribit
1395 3642 1585 3720 Phalereus,
1615 3667 1774 3713 cumano

438 3742 545 3809 disere
565 3740 731 3824 nequiret,
762 3740 989 3804 exercitatione
1018 3736 1134 3799 iecisse
1163 3743 1199 3799 ut
1226 3735 1421 3817 planissume
1451 3735 1578 3800 diceret.
1622 3739 1716 3816 Quod
1746 3743 1775 3806 si

437 3836 517 3903 baso
537 3835 624 3900 astro
646 3836 831 3917 ingenerata
845 3842 878 3897 et
891 3831 1005 3896 tradita
1021 3840 1142 3906 essent,
1156 3831 1245 3895 nulla
1259 3852 1311 3895 res
1327 3852 1365 3895 ea
1381 3841 1503 3897 mutare
1519 3841 1636 3916 posset.
1668 3834 1775 3910 Quidt

439 3927 667 3993 dissimilitudo
697 3930 840 3993 locorum
868 3947 975 3991 nonne
1004 3927 1167 3991 dissimilis
1198 3927 1361 3990 bominum
1391 3928 1627 4012 procreationes
1656 3928 1775 3996 babstt

440 4045 519 4111 quas
541 4022 670 4107 quidem
694 4041 880 4105 percurrere
903 4021 1046 4085 oratione
1070 4019 1163 4097 facile
1187 4031 1252 4095 est,
1275 4021 1352 4104 quid
1376 4022 1459 4084 inter
1480 4021 1577 4084 lndos
1598 4031 1630 4086 et
1651 4024 1774 4101 Persas,

401 4118 611 4200 osemiopas
638 4126 670 4181 ct
697 4119 794 4201 Syros
823 4117 947 4180 diderat
976 4117 1164 4200 corporibus
1192 4116 1325 4189 animis,
1353 4122 1388 4178 ut
1415 4114 1609 4179 incredibilis
1639 4118 1775 4183 varietas

440 4211 731 4293 dissimilitudoque
754 4213 805 4275 sit.
849 4207 900 4272 97.
923 4212 973 4273 Ex
996 4231 1060 4294 quo
1083 4210 1280 4293 intellegitur
1302 4210 1375 4292 plus
1397 4218 1551 4273 terrarum
1574 4211 1654 4274 situs
1678 4231 1775 4295 quam

439 4306 535 4370 lunae
568 4312 669 4368 tactus
708 4304 749 4368 ad
782 4305 977 4368 nascendum
1012 4304 1126 4367 valere.
1191 4306 1268 4366 Nam
1303 4303 1388 4387 quod
1423 4304 1512 4367 aiunt
1544 4305 1776 4388 quadringenta

440 4398 642 4481 septuaginta
662 4399 750 4462 milia
772 4417 927 4462 annorum
955 4398 988 4460 in
1014 4396 1230 4481 periclitandis
1253 4398 1526 4481 experiundisque
1549 4399 1674 4481 pueris,
1704 4401 1775 4483 qui·

441 4513 575 4575 mumque
598 4501 705 4557 essent
726 4492 802 4567 nati,
826 4491 1019 4575 Babylonios
1043 4490 1198 4575 posuisse,
1223 4491 1347 4554 fallunt.
1385 4492 1418 4555 Si
1441 4493 1526 4554 enim
1548 4501 1633 4556 esset
1653 4491 1776 4557 factita-

441 4736 573 4787 tnnetivus
591 4733 668 4786 nobis
686 4733 823 4799 probatur,
842 4734 912 4798 quod
932 4736 1048 4798 priorem
1065 4733 1214 4783 sententiae
1233 4735 1337 4796 partem
1355 4731 1417 4781 inde
1435 4732 1552 4784 averbis
1568 4739 1598 4784 ut
1613 4735 1640 4785 ie
1656 4738 1777 4790 mcsimis

441 4824 527 4874 nsque
547 4808 581 4859 ad
604 4811 711 4860 mutiunt
735 4812 867 4874 pertinere
891 4808 1066 4869 arbitramur,
1095 4809 1166 4860 unde
1188 4810 1257 4859 bano
1279 4806 1423 4858 verborum
1445 4810 1603 4859 sententiam
1621 4823 1682 4861 esse
1700 4811 1776 4862 duci-

441 4899 513 4937 mus:
539 4898 601 4936 cum
624 4884 658 4937 illi
681 4883 747 4935 caeli
771 4885 943 4948 siderumque
969 4886 1056 4933 motus
1080 4883 1115 4933 ad
1139 4884 1328 4948 temperandos
1350 4888 1444 4933 ventos
1468 4886 1694 4949 tempestatesque
1714 4888 1775 4943 nibil

440 4960 554 5020 valeant,
572 4963 762 5024 tempestatum
780 4963 871 5010 autem
888 4957 1125 5017 dissimilitudines,
1145 4959 1179 5008 ab
1198 4961 1284 5010 nautis
1297 4960 1411 5009 marimo
1424 4956 1482 5009 illae
1495 4959 1606 5021 quidem
1620 4965 1775 5025 perceptae,

440 5038 466 5088 in
484 5037 612 5102 proximis
629 5034 694 5086 locis
711 5035 843 5085 maximae
861 5035 928 5092 sint,
953 5046 1041 5083 nonne
1060 5046 1156 5095 magno
1174 5048 1255 5097 opere
1273 5033 1412 5092 lalluntur,
1435 5036 1480 5097 qui
1500 5035 1569 5084 banc
1587 5039 1777 5099 tempestatum

439 5112 495 5162 vlnr
512 5110 546 5161 ad
563 5114 638 5161 ortus
655 5112 821 5162 nascentium
840 5109 901 5159 nibil
921 5110 1063 5172 pertinere,
1083 5106 1154 5158 illem
1172 5109 1291 5160 siderum
1308 5107 1452 5173 plurimum
1470 5111 1606 5173 pertinere
1624 5111 1732 5161 dicanti
1748 5139 1775 5150 -

439 5201 576 5240 esooessmsss
592 5191 613 5238 A
639 5214 666 5224 -
692 5186 716 5236 3.
734 5186 783 5235 sisst
799 5185 861 5235 DV:
880 5191 937 5233 aiat
953 5184 1000 5234 ΛΟ
1023 5210 1050 5219 -
1075 5183 1099 5235 i.
1119 5185 1323 5234 animaduerterit
1341 5184 1383 5234 BV
1402 5211 1429 5220 -
1451 5186 1636 5246 promunturiis
1652 5189 1696 5235 A1:
1714 5200 1777 5248 pro·

439 5264 587 5316 mssctors'ts
604 5265 633 5321 B,
649 5261 829 5323 procucatoriis
838 5256 954 5318 A²VttJO
975 5285 1002 5294 -
1021 5262 1046 5309 e.
1062 5262 1210 5309 mutationis
1222 5262 1253 5310 Α*
1266 5287 1292 5296 -
1312 5261 1419 5311 sentinat
1437 5261 1567 5310 llanutius
1586 5261 1605 5310 0
1626 5287 1652 5296 -
1672 5262 1696 5311 t.
1711 5264 1778 5323 qnod

440 5343 507 5391 serta
519 5337 626 5401 gestisset
645 5336 778 5396 Davisius,
795 5335 863 5396 quod
879 5339 945 5383 certe
960 5346 1010 5382 soc
1025 5335 1132 5395 pertinet
1149 5335 1304 5386 Schuetzius
1321 5336 1356 5392 0;
1375 5339 1500 5399 suspecta
1518 5337 1575 5386 visa
1592 5339 1654 5386 sunt
1672 5337 1777 5388 llottin-

440 5426 515 5478 gero,
533 5414 576 5463 cui
594 5410 678 5462 simile
696 5410 907 5461 additamentum
925 5408 1118 5473 deprendimus
1136 5411 1156 5459 ll
1173 5411 1227 5470 §st
1252 5438 1278 5447 -
1299 5412 1338 5461 ta.
1358 5426 1375 5460 c
1392 5425 1445 5461 om.
1461 5412 1489 5460 Βι
1509 5436 1535 5446 -
1560 5409 1600 5462 tt.
1619 5412 1664 5460 boc
1681 5411 1774 5464 Salisb.

441 5489 508 5540 0—
529 5487 570 5539 46.
588 5486 718 5537 dissentire
733 5483 794 5536 A'O
820 5512 846 5521 -
875 5486 987 5535 dectcrnt
1005 5485 1141 5535 Davisius:
1166 5486 1332 5536 dxtarostC
1353 5510 1379 5521 —
1406 5486 1445 5536 49.
1463 5486 1572 5545 success
1589 5489 1608 5535 Α
1628 5512 1655 5523 -
1680 5487 1721 5536 2⁰.
1739 5490 1778 5539 tto

441 5575 500 5628 sup.
519 5560 563 5613 lin.
582 5563 602 5612 Β
626 5588 652 5597 -
680 5562 721 5612 22.
740 5560 772 5610 ab
789 5561 825 5612 C:
848 5565 895 5610 cut
911 5560 1032 5611 Davisius
1049 5562 1118 5611 coni.
1139 5588 1166 5597 -
1190 5562 1242 5624 ipse
1258 5560 1290 5610 V¹
1310 5588 1335 5597 —
1361 5566 1407 5611 cut
1422 5563 1547 5612 medimna
1563 5559 1595 5610 v¹
1619 5588 1646 5599 -
1671 5562 1713 5612 2³.
1731 5569 1778 5613 cat

442 5650 551 5700 gwerra
567 5636 612 5686 BV
632 5662 660 5671 -
678 5649 722 5687 esse
738 5636 881 5687 Manutius:
901 5635 948 5685 bne
965 5636 984 5685 C
1004 5661 1031 5671 -
1050 5636 1093 5685 as.
1110 5637 1205 5699 fecisset
1222 5639 1240 5687 Β
1260 5664 1287 5673 -
1307 5639 1347 5687 27.
1366 5651 1423 5688 eom
1438 5640 1459 5688 Α
1479 5664 1507 5673 -
1525 5638 1566 5687 98.
1580 5638 1709 5688 atemere
1720 5636 1776 5691 a²0

444 5738 473 5749 -
491 5712 532 5764 29.
550 5713 690 5763 orationes»
706 5710 736 5761 Βι
756 5738 783 5748 -
807 5711 848 5762 30.
868 5711 996 5774 oetbiepcs
1013 5717 1036 5762 st
1051 5724 1124 5772 syros
1140 5712 1220 5762 codd.
1239 5712 1303 5764 dett.
1323 5714 1430 5774 blcseri,
1448 5717 1472 5763 et
1488 5712 1617 5775 cettiopos
1633 5726 1705 5775 egros
1721 5715 1775 5776 AV,

442 5793 467 5839 st
482 5789 610 5850 ostbiopcs
625 5790 690 5839 siros
706 5788 725 5839 Β
745 5814 772 5824 -
791 5792 820 5837 set
836 5785 923 5837 cmv
942 5812 970 5823 -
989 5786 1029 5837 39.
1048 5789 1148 5839 lusci
1167 5812 1194 5823 —
1214 5793 1297 5838 tactos
1307 5790 1363 5839 AV:
1390 5794 1484 5840 nectos
1500 5790 1533 5849 Β,
1551 5794 1632 5840 status
1646 5789 1776 5849 Clericus,

443 5869 540 5915 mess
556 5863 650 5916 salisb.
669 5867 697 5915 et
713 5865 734 5915 0
752 5889 780 5902 -
805 5862 846 5914 33.
862 5862 1074 5925 pereclitcsdtsb
1093 5886 1120 5898 —
1139 5865 1300 5926 commutetis
1316 5877 1382 5927 quoe
1398 5864 1428 5915 Βι
1448 5889 1476 5902 -
1500 5865 1650 5928 qstssanus
1665 5868 1686 5915 Α
1704 5877 1774 5916 corr.

443 5941 642 6003 οηιιισιιι-
665 5938 906 5992 ibbobillostcsl
926 5963 954 5976 -
975 5935 1224 6003 mespilae.
