4342 7459
971 1228 1025 1292 DE
1046 1228 1165 1294 Fato.
1672 1228 1735 1297 583

408 1386 534 1451 deditus
556 1364 672 1451 eadem
689 1387 914 1451 constitutione
937 1398 1092 1451 astrorum
1115 1396 1207 1451 natos
1229 1389 1405 1472 eademque
1426 1396 1595 1472 conceptos
1610 1390 1735 1456 solebat

407 1502 560 1545 asserere.
591 1481 637 1544 lta
660 1480 747 1564 quod
771 1481 912 1544 medicus
934 1482 1092 1565 pertinere
1114 1481 1264 1544 credebat
1284 1481 1323 1545 ad
1340 1481 1533 1544 simillimam
1549 1484 1733 1569 temperiem

408 1566 614 1638 valetudinis,
643 1565 702 1627 boc
728 1564 938 1648 philosophus
959 1567 1138 1648 astrologus
1160 1566 1199 1629 ad
1223 1567 1286 1628 vim
1308 1566 1628 1650 constitutionemque
1649 1568 1734 1632 side·

406 1682 494 1734 rum,
516 1680 598 1741 quae
619 1659 723 1723 iuerat
744 1680 808 1742 quo
830 1668 972 1742 tempore
994 1660 1136 1743 concepti
1158 1659 1288 1742 natique
1310 1666 1392 1723 eunt.

492 1752 523 1816 5.
546 1753 723 1817 Macrobius
739 1753 894 1816 Saturnal.
910 1753 967 1828 111,
979 1748 1033 1826 ib,
1046 1750 1082 1814 3:
1106 1754 1149 1815 Et
1162 1772 1198 1815 nc
1218 1752 1311 1814 oilior
1331 1752 1373 1815 eit
1392 1754 1476 1814 testis
1491 1763 1588 1834 pocta.
1610 1756 1758 1838 accipitet

406 1848 558 1911 odsertore
580 1848 736 1920 Cicerovtc,
759 1850 794 1909 in
813 1867 871 1928 quo
891 1848 1004 1911 botmre
1020 1847 1115 1928 suerit
1136 1848 1186 1909 bic
1201 1846 1298 1927 piscis
1318 1845 1398 1927 cpttd
1418 1844 1453 1907 Ρ.
1467 1846 1636 1928 Scipiones
1650 1851 1734 1932 Assi-

407 1961 514 2004 conum
535 1940 622 2002 ilium
642 1950 670 2002 ct
684 1942 911 2004 Numantinum.
943 1942 1026 2003 Haec
1046 1949 1117 2002 stou
1137 1941 1171 2001 in
1190 1939 1309 2020 diciopo
1330 1940 1365 2001 de
1375 1940 1441 2020 fcto
1461 1940 1551 2003 verbo
1565 1943 1735 2007 Ciceroob:

406 2038 485 2098 Nam
508 2054 580 2097 oum
602 2045 687 2098 esset
712 2033 796 2117 apud
826 2055 861 2098 se
888 2034 928 2098 ad
951 2036 1139 2097 Lavernium
1163 2033 1267 2115 Scipio
1288 2051 1415 2115 unaque
1437 2033 1583 2109 Pontius,
1611 2036 1735 2101 adlatus

408 2137 455 2191 est
476 2127 558 2190 forte
581 2127 720 2212 Scipioni
743 2128 940 2211 acupenser,
964 2129 1019 2211 qui
1042 2127 1211 2196 admodum
1234 2144 1305 2190 raro
1327 2124 1466 2209 capitur,
1488 2125 1544 2189 sed
1566 2129 1735 2212 cstpiscis,
1772 2150 1774 2153 ’

408 2231 443 2286 ut
461 2222 576 2296 ierunt,
598 2222 631 2283 in
653 2222 762 2304 primis
784 2221 909 2284 nobilis.
945 2221 1023 2284 Cum
1045 2231 1151 2308 autem
1167 2219 1274 2304 Scipio
1296 2240 1393 2283 unum
1416 2226 1448 2283 et
1468 2220 1602 2284 alterum
1624 2243 1666 2286 ex
1683 2223 1734 2299 iis,
1743 2234 1772 2283 tc

408 2316 462 2400 qui
494 2335 566 2377 eum
595 2315 764 2378 salutatum
794 2320 962 2388 venerant,
996 2315 1195 2379 invitavisset
1224 2313 1393 2397 pluresque
1423 2313 1516 2378 etiam
1546 2315 1735 2381 invitaturus

408 2405 584 2483 videretur,
605 2410 638 2471 in
660 2427 768 2471 aurem
786 2409 933 2472 Pontius:
957 2408 1081 2494 Scipio,
1104 2408 1223 2493 inquit,
1246 2408 1317 2472 vide
1339 2406 1418 2493 quid
1440 2427 1531 2490 agas:
1553 2409 1735 2495 accipenser

408 2503 467 2566 iste
489 2522 661 2586 paucorum
683 2502 848 2566 bominum
869 2510 928 2566 est.

472 2723 496 2773 Ἰ.
515 2724 616 2788 diatopc
632 2724 662 2773 dc
677 2723 739 2787 sao]
757 2721 855 2773 librum
872 2698 907 2773 de
924 2723 978 2773 lato
995 2720 1160 2785 dialogorum
1179 2723 1203 2772 in
1222 2734 1364 2774 numerum
1377 2723 1471 2774 cicero
1489 2722 1598 2789 quidem
1616 2736 1669 2775 non
1680 2725 1736 2775 ret·

408 2797 480 2857 tulit;
504 2797 575 2849 nnde
594 2800 684 2849 nescio
702 2811 736 2848 sn
753 2796 903 2849 Macrobius
920 2799 946 2849 in
963 2796 1031 2848 libro
1048 2796 1181 2848 laudando
1198 2798 1328 2848 momoria
1345 2796 1435 2862 tapsus
1451 2798 1494 2849 sit.
