4342 7459
833 1786 877 1878 ll.
903 1783 1047 1878 TULLII
1073 1781 1303 1880 CICERONIS

1046 1982 1090 2033 DE

587 2138 818 2233 lllNlBUS
846 2074 1127 2233 BoNthtttt
1154 2145 1233 2229 ΕΒ
1261 2142 1553 2230 ΜΑΒΟΒΒΜ

857 2334 925 2396 uo
962 2335 1005 2398 u.
1042 2333 1278 2398 sanson

903 2510 1030 2569 mm
1055 2510 1247 2571 mutue.

985 2702 1155 2715 *—
1219 2701 1222 2706 ’

492 2850 517 2913 l.
540 2844 571 2912 l.
592 2849 794 2930 Voluptatem
822 2850 967 2933 quidem,
996 2853 1108 2928 brute,
1139 2854 1166 2916 si
1193 2854 1264 2935 ipsa
1284 2871 1343 2935 pro
1365 2870 1399 2915 se
1421 2851 1570 2937 loquatur
1588 2870 1648 2915 nec
1669 2860 1732 2915 tam

406 2944 588 3028 pertinaces
615 2942 731 3005 habeat
756 2951 921 3024 patronos,
950 2965 1171 3009 concessuram
1201 2946 1336 3009 arbitror
1366 2946 1543 3009 convictam
1571 2946 1734 3029 superiore

406 3038 490 3102 libro
514 3036 671 3120 dignitati.
708 3037 833 3100 Etenim
856 3039 896 3100 sit
917 3039 1101 3122 impudens,
1132 3041 1158 3102 si
1186 3040 1295 3102 virtuti
1317 3038 1436 3102 diutius
1458 3046 1613 3121 repugnet
1633 3047 1688 3102 aut
1708 3038 1735 3102 si

407 3131 552 3194 honestis
586 3130 725 3192 iucunda
749 3138 922 3212 anteponat
949 3143 1005 3195 aut
1030 3134 1131 3216 pluris
1162 3154 1231 3197 esse
1254 3132 1423 3196 contendat
1445 3131 1644 3196 dulcedinem
1667 3151 1736 3195 cor-

408 3227 495 3309 poris
517 3246 559 3288 ex
582 3243 658 3287 eave
680 3233 784 3287 naum
805 3224 957 3288 laetitiam
972 3246 1068 3309 quam
1091 3229 1276 3309 gravitatem
1296 3228 1393 3289 animi
1408 3233 1504 3309 atque
1518 3227 1761 3290 consumtumo

409 3319 516 3395 Quare
544 3319 631 3381 illam
655 3318 782 3401 quidem
806 3318 1000 3383 dimittamus
1023 3328 1055 3383 et
1076 3322 1143 3383 suis
1166 3341 1200 3383 se
1221 3320 1338 3383 finibus
1360 3328 1468 3383 tenere
1488 3320 1668 3394 iubeamus,
1695 3339 1737 3382 ne

409 3413 572 3477 blanditiis
601 3412 669 3475 eius
696 3412 917 3498 illecebrisque
944 3414 1137 3496 impediatur
1164 3414 1349 3498 disputandi
1375 3414 1536 3477 severitas.
1578 3410 1610 3475 2.
1632 3412 1739 3488 Quae·

410 3507 544 3570 rendum
568 3514 617 3569 est
638 3507 739 3581 euim,
760 3508 815 3571 ubi
838 3508 880 3570 sit
899 3508 979 3570 illud
994 3528 1151 3571 summum
1165 3509 1300 3584 bonum,
1324 3509 1410 3591 quod
1427 3509 1565 3591 reperire
1580 3506 1738 3581 volumus,

412 3600 563 3683 quomam
593 3605 626 3662 et
655 3600 801 3684 voluptas
831 3602 870 3664 ab
900 3622 939 3663 eo
967 3609 1089 3664 remota
1117 3611 1166 3665 est
1193 3610 1224 3666 et
1245 3602 1357 3666 eadem
1378 3601 1443 3665 tere
1467 3607 1576 3665 contra
1597 3619 1653 3663 eos
1675 3600 1738 3662 dici

410 3699 562 3775 possunt,
585 3692 639 3777 qui
661 3695 851 3758 vacuitatem
873 3695 995 3757 doloris
1017 3691 1111 3758 linem
1126 3696 1282 3760 bonomm
1297 3715 1368 3760 esse
1382 3695 1566 3767 voluerunt,
1588 3714 1647 3757 nec
1661 3713 1737 3757 vero
1751 3709 1777 3754 to

411 3786 510 3849 ullum
531 3787 684 3869 pmbetur
705 3809 862 3852 summum
883 3789 1019 3862 honum,
1050 3791 1136 3872 quod
1159 3792 1275 3854 virtute
1298 3798 1419 3865 careat,
1448 3810 1511 3874 qua
1532 3788 1612 3851 nibil
1633 3794 1740 3870 potest

410 3899 481 3943 ease
502 3882 726 3962 praestantius.
769 3883 881 3966 ltaque
905 3903 1097 3966 quamquam
1119 3884 1153 3946 in
1175 3904 1214 3947 eo
1230 3904 1393 3959 sermone,
1417 3884 1473 3967 qui
1489 3903 1560 3947 cum
1576 3883 1739 3965 Torquato

411 3980 460 4039 est
481 3974 624 4048 babitus,
647 3995 714 4039 non
734 3977 858 4040 remissi
880 3976 1015 4051 fuimus,
1038 3985 1143 4040 tamen
1165 3978 1245 4041 baec
1266 3978 1369 4042 acrior
1390 3984 1439 4042 est
1460 3998 1532 4041 cum
1547 3974 1663 4039 Stoicis
1685 3994 1741 4058 pa·

410 4075 481 4132 rata
502 4069 674 4132 eontentio.
712 4069 802 4145 Quae
824 4070 908 4133 enim
931 4071 970 4132 de
992 4069 1154 4153 voluptate
1170 4072 1326 4146 dicontur,
1350 4092 1389 4137 ea
1409 4092 1471 4135 nec
1485 4071 1666 4135 acutissime
1680 4089 1741 4132 uec

412 4162 596 4225 abscondite
628 4163 841 4238 disseruntur;
870 4165 1084 4248 nequeenim
1109 4167 1163 4249 qni
1187 4165 1361 4230 detendunt
1387 4187 1457 4230 eam
1479 4165 1598 4228 versuti
1620 4164 1655 4226 in
1678 4163 1777 4225 dis-te

412 4256 548 4318 serendo
571 4265 645 4320 sunt
666 4278 725 4321 nec
749 4260 805 4341 qui
828 4266 937 4322 contra
959 4257 1069 4321 dicunt
1091 4280 1219 4322 causam
1235 4261 1397 4324 difficilem
1419 4260 1586 4345 repellunt.
1622 4254 1651 4319 3.
1667 4258 1740 4339 lpse

413 4351 506 4412 etiam
530 4349 606 4412 dicit
627 4351 783 4433 Epicurus
807 4374 846 4415 ne
869 4355 1153 4435 argumentandum
1171 4355 1300 4439 quidem
1320 4376 1390 4418 esse
1406 4355 1445 4417 de
1460 4353 1631 4438 voluptate,
1654 4352 1740 4438 quod

413 4445 453 4507 sit
474 4445 614 4534 positum
636 4446 787 4509 iudicium
810 4448 879 4509 eius
902 4448 935 4508 iu
958 4447 1122 4521 sensibus,
1144 4455 1178 4510 ut
1200 4450 1391 4513 commoneri
1416 4468 1475 4512 nos
1490 4448 1566 4510 satis
1582 4450 1638 4520 sit,
1660 4446 1741 4509 nibil

413 4539 543 4601 attineat
566 4538 686 4602 doceri.
724 4539 830 4614 Quare
853 4540 906 4602 illa
928 4538 1021 4603 nobis
1036 4541 1171 4624 simplex
1185 4541 1246 4605 fuit
1260 4544 1292 4604 in
1313 4550 1481 4624 utramque
1497 4548 1617 4623 partem
1633 4540 1741 4621 dispu-

414 4633 501 4696 tatio.
538 4636 603 4696 Nec
625 4634 710 4697 enim
733 4636 766 4697 iu
789 4636 941 4717 Torquati
970 4654 1115 4697 sermone
1138 4637 1309 4718 quicquam
1329 4635 1522 4718 implicatum
1545 4641 1600 4696 aut
1621 4641 1779 4696 tortuo-to

415 4747 483 4791 sum
506 4727 566 4790 luit
587 4736 777 4812 nostraque,
798 4734 834 4791 ut
857 4729 933 4790 mibi
956 4729 1097 4803 videtur,
1121 4728 1260 4791 dilucida
1282 4729 1394 4792 oratio.
1439 4728 1615 4790 Stoicorum
1636 4733 1741 4789 autem

415 4842 478 4885 non
501 4823 626 4904 ignoras
650 4843 744 4905 quam
767 4822 809 4885 sit
831 4823 945 4885 subtile
968 4822 1019 4885 vel
1042 4824 1206 4904 spinosum
1228 4824 1336 4906 potius
1358 4822 1535 4885 disserendi
1557 4839 1673 4901 genus,
1695 4820 1742 4882 id-

416 4938 477 4999 que
508 4938 579 4981 cum
610 4917 735 4979 Graecis
764 4924 831 4979 tum
861 4915 960 4997 magis
982 4917 1094 4989 nobis,
1124 4917 1240 4998 quibus
1263 4916 1357 4979 etiam
1378 4915 1473 4979 verba
1495 4914 1649 4998 parienda
1670 4922 1743 4977 sunt

416 5011 670 5094 imponendaque
698 5031 779 5074 nova
808 5011 902 5073 rebus
931 5013 1022 5074 novis
1051 5013 1190 5075 nomina.
1236 5010 1331 5084 Quod
1353 5009 1484 5093 quidem
1507 5028 1600 5071 nemo
1623 5008 1743 5072 medio·

418 5107 509 5168 criter
530 5107 643 5169 doctus
667 5105 830 5168 mirabitur
852 5106 994 5186 cogitans
1017 5105 1049 5167 in
1072 5106 1157 5168 omni
1181 5113 1264 5177 arte,
1287 5103 1378 5166 cuius
1400 5123 1475 5165 usus
1497 5101 1636 5185 vulgaris
1658 5117 1780 5164 com-ao

418 5202 584 5285 manisque
606 5219 672 5263 non
694 5200 750 5275 sit,
778 5199 909 5262 multam
931 5200 1102 5263 novitatem
1124 5198 1287 5261 nominum
1310 5216 1396 5270 esse,
1418 5216 1491 5258 cum
1513 5195 1744 5258 constituantur

481 5475 506 5524 t.
523 5474 580 5536 ipso
599 5476 767 5535 prosequatur
783 5470 803 5521 E
822 5498 850 5507 -
872 5476 925 5520 tom
942 5484 996 5520 om.
1015 5469 1033 5518 Β
1054 5496 1081 5505 -
1106 5468 1131 5518 3.
1149 5466 1255 5531 Etenim]
1278 5466 1344 5517 enim
1360 5465 1379 5513 Β
1403 5490 1429 5500 -
1455 5463 1579 5514 rivirtuti
1595 5464 1688 5513 diutius
1703 5476 1745 5513 rc-

417 5548 515 5614 poquot]
531 5550 595 5612 two
611 5548 657 5595 toti
673 5546 770 5594 diucius
786 5550 808 5595 tc
823 5551 916 5608 pupnct
928 5548 948 5595 Α
962 5570 988 5579 -
1008 5543 1032 5594 l.
1045 5544 1159 5606 corporis
1170 5546 1190 5592 Α
1201 5543 1219 5592 Β
1231 5544 1267 5592 D:
1287 5542 1400 5604 corporis
1415 5546 1438 5590 et
1449 5541 1589 5589 titutomm
1600 5537 1642 5588 alii
1654 5538 1744 5599 codd.;

420 5625 529 5687 corpoeis
545 5628 568 5673 et
584 5621 749 5673 titillationem
765 5621 785 5670 0
804 5647 831 5656 —
856 5621 879 5669 o.
899 5618 1005 5683 quidem]
1024 5619 1077 5680 quit
1093 5619 1127 5675 B;
1146 5618 1226 5679 inquit
1243 5616 1262 5665 E
1282 5642 1309 5652 -
1334 5616 1423 5680 tencre]
1439 5621 1522 5677 petere
1538 5616 1602 5675 ΑΒ;
1621 5615 1706 5665 cadere
1723 5618 1743 5665 G

423 5724 448 5734 -
467 5698 491 5747 9.
504 5697 599 5758 eodan]
611 5708 642 5747 co
657 5695 675 5744 Β
690 5696 750 5755 (non
763 5696 789 5757 Β)
804 5722 830 5732 -
851 5696 890 5744 tt.
907 5694 1026 5757 probetur
1043 5695 1097 5743 tres
1115 5692 1235 5754 Madvigii
1253 5690 1375 5741 codices:
1392 5692 1511 5752 probetur
1527 5694 1555 5738 ut
1571 5691 1591 5738 Α
1603 5690 1622 5738 Β
1632 5689 1666 5748 0;
1683 5704 1746 5751 pro·

422 5771 490 5822 betur
507 5774 551 5838 [ot]
569 5774 594 5823 ll
618 5798 645 5808 -
667 5771 755 5832 potest]
771 5775 851 5833 posset
868 5769 932 5827 ΑΕ;
954 5770 1030 5830 possit
1046 5769 1066 5818 B
1086 5795 1113 5804 —
1133 5766 1173 5818 tt.
1192 5766 1322 5830 contentio]
1340 5768 1446 5816 intencio
1464 5769 1524 5828 (non
1542 5764 1660 5825 inuentio)
1678 5765 1697 5814 E
1717 5792 1744 5802 -

424 5847 549 5907 roocro
565 5847 627 5897 dcli
647 5873 675 5884 -
697 5848 736 5898 48.
755 5845 790 5910 ot]
809 5845 866 5895 ctB
887 5867 912 5879 -
933 5843 1083 5893 commoneri
1103 5843 1151 5892 BE
1171 5868 1198 5878 -
1217 5843 1258 5891 ΞΒ.
1276 5854 1387 5891 murone
1403 5854 1447 5892 ccc
1464 5841 1598 5903 quicquam
1618 5839 1698 5891 ΑΒΕ
1718 5867 1744 5877 -

424 5922 463 5973 2³.
477 5923 611 5990 ponendo]
626 5920 775 5989 pariendoq'
791 5925 812 5973 A
831 5946 858 5957 -
877 5918 918 5970 tt.
936 5919 1009 5970 rebus
1024 5918 1097 5969 mois
1113 5918 1176 5968 AB:
1197 5917 1267 5966 eoois
1282 5915 1355 5967 rebus
1371 5917 1401 5966 0.
