4342 7459
775 1318 777 1324 .
813 1257 880 1321 hta.
904 1258 940 1319 V.
968 1255 1041 1322 Cra.
1065 1258 1106 1321 X.
1133 1254 1179 1341 §5
1201 1254 1346 1322 dh-dl.
1682 1254 1745 1322 339

501 1416 544 1479 x.
568 1414 619 1478 28.
641 1417 738 1501 Atqrri
760 1416 810 1480 his
832 1417 1002 1500 capiuntur
1021 1418 1177 1499 imperiti,
1200 1426 1232 1482 et
1252 1425 1384 1502 propter
1403 1417 1498 1482 huius
1517 1418 1602 1482 modi
1618 1426 1747 1483 senten·

417 1510 477 1573 tias
498 1510 631 1573 istorum
654 1509 819 1574 hominum
843 1519 891 1574 est
914 1512 1093 1576 multitudo.
1129 1516 1227 1576 Acute
1249 1522 1353 1576 autem
1372 1512 1565 1595 disputantis
1585 1514 1666 1577 illud
1689 1522 1747 1588 est,

417 1622 481 1666 uon
504 1605 581 1687 quid
605 1606 742 1688 quisque
764 1606 863 1678 dicat,
887 1605 941 1667 sed
966 1605 1043 1688 quid
1066 1607 1183 1690 cuique
1198 1605 1367 1669 dicendum
1389 1606 1563 1670 sitridere.
1597 1609 1692 1671 Velut
1711 1608 1747 1672 in

418 1714 454 1759 ea
482 1696 551 1780 ipsa
582 1700 753 1771 sententia,
779 1719 874 1781 quam
901 1699 934 1761 in
958 1698 1015 1762 hac
1037 1700 1252 1782 disputatione
1275 1700 1488 1782 suscepimus,
1517 1701 1622 1766 cuuis
1642 1703 1746 1767 honos

419 1809 543 1873 semper
564 1791 673 1855 beatos
696 1794 842 1855 volumus
865 1813 945 1856 esse.
979 1793 1068 1869 Quos
1091 1792 1191 1856 dicam
1214 1794 1316 1856 honos
1338 1794 1538 1878 perspicuum
1554 1805 1622 1871 est;
1645 1796 1771 1860 omui-s

418 1883 476 1947 hus
499 1886 583 1948 euim
605 1886 771 1949 virtutihus
792 1888 961 1949 instructos
984 1895 1165 1949 sternutus
1187 1894 1253 1949 tum
1275 1887 1440 1971 sapientis,
1463 1896 1529 1949 tum
1546 1888 1632 1952 viros
1646 1890 1747 1954 honos

417 1976 561 2042 dicimus.
595 1979 766 2042 Videamus
788 1982 843 2065 qui
868 1980 993 2043 dicendi
1020 1983 1083 2042 siut
1108 1981 1201 2043 beati.
1242 1980 1399 2064 Equidem
1422 2002 1478 2045 eos
1501 1982 1662 2055 existimo,
1691 1982 1747 2066 qui

418 2071 479 2134 siut
499 2071 533 2133 in
556 2073 662 2147 honis,
684 2075 774 2137 nuilo
795 2074 948 2137 adiuncto
967 2075 1065 2147 malo,
1089 2094 1195 2158 neque
1210 2074 1274 2136 ulla
1289 2074 1353 2136 alia
1367 2074 1443 2137 huic
1458 2073 1565 2148 aerbo,
1587 2095 1658 2139 cum
1674 2075 1748 2140 hea-

417 2172 482 2227 tum
515 2165 664 2241 dicimus,
698 2168 837 2232 subiecta
867 2169 956 2231 notio
985 2177 1034 2232 est
1061 2170 1122 2231 nisi
1154 2169 1284 2231 secretis
1307 2168 1399 2231 malis
1421 2168 1568 2231 omnihus
1591 2168 1749 2237 cumulata

416 2259 571 2322 honorum
594 2262 784 2345 complexio.
816 2260 869 2323 99.
892 2262 982 2325 lianc
995 2264 1123 2345 assequi
1139 2264 1255 2336 virtus,
1277 2262 1304 2325 si
1321 2262 1492 2346 quicquam
1507 2272 1632 2346 praeter
1646 2264 1747 2347 ipsam
1757 2280 1787 2330 to

416 2352 489 2415 honi
512 2363 575 2426 est,
597 2375 662 2417 uon
684 2364 800 2438 potest.
832 2356 942 2419 Aderit
963 2357 1048 2420 enim
1070 2355 1241 2429 malorum,
1265 2358 1291 2419 si
1310 2355 1393 2419 mala
1407 2356 1462 2420 illa
1479 2357 1633 2430 ducimus,
1656 2358 1749 2422 turha

416 2447 586 2530 quaedam,
613 2459 799 2533 paupertas,
828 2451 1023 2532 ignobilitas,
1052 2450 1229 2523 humilitas,
1262 2450 1419 2525 solitudo,
1448 2450 1578 2514 amissio
1606 2471 1748 2532 suorum,

416 2560 523 2624 graves
550 2544 678 2606 dolores
707 2546 866 2627 corporis,
895 2544 1019 2627 perdita
1041 2544 1205 2617 valetudo,
1235 2543 1396 2616 debilitas,
1423 2545 1575 2616 caecitas,
1601 2544 1749 2613 interitus

416 2638 549 2717 patriae,
579 2637 740 2727 axilium,¹
757 2640 892 2701 servitus
915 2638 1066 2721 denique.
1102 2638 1137 2699 ln
1160 2637 1209 2699 his
1231 2645 1278 2700 tot
1300 2645 1333 2700 et
1352 2638 1449 2701 tantis
1472 2672 1513 2683 -
1535 2647 1631 2721 etque
1653 2639 1748 2705 eiiam

416 2730 504 2812 plura
527 2739 660 2813 possunt
682 2731 827 2794 accidere
845 2764 886 2780 -·
908 2740 1012 2816 potest
1034 2752 1105 2795 esse
1127 2732 1272 2814 sapiens,
1294 2751 1366 2794 uam
1382 2731 1460 2796 haec
1475 2751 1566 2797 casus
1588 2731 1787 2815 importatae

416 2825 523 2906 quiin
547 2825 720 2909 sapientem
743 2833 850 2907 potest
870 2828 1042 2889 incurrere.
1075 2828 1115 2888 At
1137 2826 1165 2887 si
1187 2844 1224 2887 ea
1241 2825 1323 2889 mala
1338 2832 1428 2899 sunt,
1450 2826 1523 2909 quis
1537 2834 1643 2907 potest
1656 2845 1748 2909 prae·

416 2925 497 2980 stare
519 2938 647 3002 semper
668 2919 843 2999 sapientem
867 2920 992 2982 beatum
1015 2919 1101 2992 lore,
1124 2938 1195 2981 cum
1219 2918 1269 2981 vel
1291 2920 1323 2983 in
1340 2919 1487 2983 omnihus
1509 2918 1559 2984 his
1581 2939 1646 2984 uuo
1668 2927 1747 2984 tem·

415 3028 490 3093 pore
512 3032 584 3075 esse
606 3015 731 3095 possiti
775 3011 826 3076 30.
849 3016 919 3075 Non
941 3014 1040 3095 igitur
1055 3013 1148 3076 facile
1163 3013 1304 3076 concedo
1319 3032 1425 3096 neque
1440 3014 1538 3076 Bruto
1553 3032 1625 3078 meo
1639 3032 1746 3098 neque

415 3107 634 3167 communibus
657 3106 815 3187 magistris
843 3126 902 3169 nec
925 3107 1083 3170 veteribus
1106 3106 1185 3178 illis,
1214 3105 1392 3179 Aristoteli,
1419 3105 1615 3189 Speusippo,
1636 3108 1746 3173 Xeno·

414 3198 506 3272 crati,
529 3198 708 3273 Polemoni,
731 3208 780 3274 ut,
802 3221 873 3263 cum
896 3220 947 3273 ea,
970 3220 1053 3282 quae
1067 3219 1164 3283 supra
1178 3200 1378 3272 enumeravi,
1399 3200 1434 3262 in
1456 3200 1546 3264 malis
1568 3210 1785 3283 annectentes

412 3289 494 3354 idom
518 3292 626 3355 dicant
647 3314 773 3376 semper
793 3294 918 3357 beatum
942 3314 1012 3357 esse
1034 3296 1219 3378 sapientem.
1255 3292 1345 3369 Quos
1367 3294 1392 3358 si
1416 3292 1527 3358 titulus
1542 3293 1593 3357 hic
1608 3294 1746 3362 delectat

412 3384 546 3466 insignis
566 3394 600 3448 et
620 3387 765 3468 pulcher,
795 3389 988 3471 Pythagora,
1018 3390 1162 3461 Socrate,
1191 3388 1325 3452 Platone
1346 3388 1569 3470 dignissimus,
1591 3388 1743 3454 inducant

411 3478 549 3542 animum
572 3479 641 3553 illa,
663 3500 796 3563 quorum
818 3482 986 3564 splendore
1005 3483 1183 3565 capiuntur,
1205 3482 1300 3556 vires,
1322 3481 1547 3556 valetudinem,
1566 3481 1742 3565 pulchritu-

411 3571 533 3647 dinem,
562 3573 705 3647 diritias,
735 3574 886 3649 honores,
913 3596 992 3658 opes
1014 3585 1232 3649 contemnere,
1265 3595 1381 3660 eaque,
1407 3595 1489 3659 quaa
1510 3574 1561 3638 his
1583 3576 1742 3640 contraria

411 3676 495 3742 mat,
516 3688 576 3752 pro
598 3669 697 3732 nihilo
719 3667 854 3732 ducere:
876 3678 942 3734 tum
965 3678 1117 3753 poterunt
1137 3670 1311 3733 clarissima
1332 3690 1410 3735 voce
1428 3667 1572 3753 profiteri
1586 3687 1620 3732 se
1635 3682 1779 3750 hequen

410 3761 555 3827 iomunae
583 3764 705 3844 impetu
732 3782 791 3825 nec
819 3764 1030 3828 multitudinis
1060 3764 1211 3847 opinions
1239 3784 1299 3828 uec
1328 3764 1439 3828 dolore
1465 3782 1525 3828 uec
1554 3769 1739 3845 paupertate
1838 3821 1846 3833 ,

411 3858 520 3921 terreri
543 3858 713 3940 omniaque
736 3858 795 3919 sibi
818 3858 851 3920 in
875 3878 945 3921 sese
967 3877 1038 3924 esse
1059 3859 1161 3941 posita
1182 3876 1241 3922 uec
1264 3876 1333 3922 esse
1354 3858 1526 3941 quicquam
1546 3863 1635 3920 extra
1649 3875 1739 3922 suam

410 3957 597 4033 potestatem
627 3950 715 4034 quod
742 3950 858 4015 ducant
885 3954 917 4014 in
943 3952 1048 4015 honis.
1091 3948 1142 4014 3i.
1164 3954 1254 4015 Nunc
1276 3957 1308 4015 st
1328 3950 1408 4016 haec
1430 3950 1531 4032 loqui,
1560 3958 1740 4032 quaesunt

410 4046 513 4128 magni
544 4046 708 4109 cuiusdam
739 4054 771 4109 et
799 4046 853 4109 alti
881 4047 957 4119 riri,
990 4054 1022 4108 et
1043 4045 1154 4110 eadem
1177 4064 1259 4129 quas
1280 4043 1395 4127 vulgus
1422 4044 1455 4109 ia
1478 4043 1572 4110 malis
1594 4046 1738 4110 ethonis

409 4160 572 4205 numerare
601 4140 734 4203 concedi
764 4140 850 4202 nulio
880 4142 974 4203 modo
1002 4148 1115 4223 potest.
1160 4139 1231 4215 Qua
1260 4137 1362 4222 gloria
1383 4145 1559 4201 commotus
1579 4138 1778 4221 Epicurusto

409 4235 558 4306 exoritur,
587 4235 636 4298 cui
667 4235 777 4308 etiam,
807 4236 833 4297 si
857 4234 906 4297 dis
930 4235 1049 4317 placet,
1079 4234 1204 4298 videtur
1224 4253 1349 4316 semper
1369 4232 1497 4316 sapiens
1518 4228 1641 4296 heatus.
1678 4233 1737 4298 Hic

408 4328 558 4411 dignitate
586 4330 681 4392 huius
710 4331 885 4392 sententiae
912 4330 1047 4414 capitur,
1079 4328 1135 4393 sed
1158 4348 1329 4411 numquam
1353 4328 1384 4391 id
1407 4328 1539 4400 diceret,
1562 4327 1587 4390 si
1610 4327 1736 4410 ipsese

407 4423 541 4487 audiret
573 4423 659 4498 Quid
682 4432 729 4485 est
751 4424 835 4485 enim
860 4424 945 4507 quod
968 4424 1072 4487 miuus
1095 4422 1263 4485 conveniat
1285 4441 1379 4505 quam
1396 4428 1430 4484 ut
1447 4422 1490 4494 is,
1513 4419 1569 4504 qui
1585 4421 1636 4484 vel
1651 4440 1736 4484 sum·

408 4537 491 4581 mum
518 4518 569 4579 ael
598 4518 700 4580 solum
728 4518 844 4580 maium
868 4517 1008 4582 dolorem
1032 4537 1101 4581 esse
1127 4516 1226 4589 dicat,
1254 4515 1339 4579 idem
1367 4523 1497 4580 censeat
1527 4514 1647 4590 «Quam
1673 4515 1737 4579 hoc

408 4630 502 4676 suere
526 4613 614 4674 estis
639 4620 721 4685 tum,
744 4632 815 4675 cum
840 4611 950 4674 dolore
974 4613 1149 4683 crucietur,
1171 4610 1324 4674 dicturum
1348 4629 1419 4674 esse
1439 4608 1636 4693 sapientem?
1665 4611 1774 4674 Nona

408 4705 564 4788 igiturex
586 4707 719 4788 singulis
741 4706 873 4768 vocibus
895 4705 1078 4789 philosophi
1100 4702 1264 4788 spectandi
1287 4712 1375 4776 sunt,
1396 4701 1453 4766 sed
1469 4722 1509 4765 ea
1526 4704 1736 4788 perpetuitate

408 4808 502 4885 atque
525 4802 712 4864 constantia.

472 4986 496 5033 2.
515 4991 599 5035 ouum
616 4997 669 5033 om.
690 4986 719 5033 G¹
740 5010 766 5020 -
785 4986 809 5034 5.
829 4984 894 5045 qaod
912 4983 946 5039 C;
970 4984 1035 5044 Quid
1051 4983 1081 5033 0.
1110 4981 1148 5032 Cl.
1161 4993 1187 5030 v.
1201 4981 1241 5029 st.
1257 5004 1284 5015 -
1304 4980 1328 5028 Ἰ.
1348 4978 1477 5028 dicendsen
1494 4991 1562 5027 corr.
1582 4979 1640 5029 esd.
1661 4993 1696 5029 m.
1711 4981 1736 5031 ia

408 5059 503 5108 &endi
515 5061 533 5109 li
547 5088 572 5095 -
587 5060 629 5108 hoe
642 5059 696 5108 CO.
711 5058 901 5108 ascribentium
913 5070 961 5106 eos.
976 5056 1091 5121 Simplex
1104 5055 1242 5107 correlatic
1254 5057 1295 5104 est
1306 5053 1533 5103 demonstratione
1542 5052 1612 5103 nulle
1622 5055 1737 5104 iuncta.»

408 5132 448 5181 w.
465 5160 492 5169 -
513 5134 553 5183 40.
572 5134 626 5195 ipso
643 5135 732 5183 Gli-
754 5133 793 5183 43.
811 5134 926 5184 αοὶἱιιιαο
944 5133 969 5183 h.
984 5131 1000 5182 l.
1015 5134 1064 5182 Gli
1078 5158 1105 5168 -
1127 5130 1165 5181 tt.
1185 5131 1301 5182 seraitae.
1320 5129 1433 5189 Denique
1448 5129 1477 5177 ie
1492 5128 1562 5179 eisc
1578 5156 1603 5166 -
1618 5130 1659 5179 at.
1672 5129 1739 5193 guod

407 5208 502 5257 sca.
522 5207 561 5258 Ci.
575 5222 599 5258 v.
613 5211 637 5259 o.
654 5235 681 5245 -
698 5209 797 5258 dilectat
815 5210 864 5258 Gli
886 5234 911 5244 -·
931 5208 972 5258 il.
992 5212 1164 5269 contempnere
1180 5207 1201 5254 G
1219 5229 1246 5241 -·
1265 5204 1364 5253 conteis
1381 5203 1410 5253 li¹
1423 5226 1449 5237 -
1470 5202 1510 5253 itt.
1528 5205 1578 5254 aim
1595 5207 1653 5255 Gli.
1672 5206 1737 5257 Vide

408 5279 440 5330 ad
453 5282 462 5331 l
476 5282 490 5345 5
503 5284 543 5333 tto.
561 5310 586 5319 -
600 5284 906 5334 28.Nanc--eaiiow:
925 5284 975 5332 Nec
986 5280 1215 5337 hanc--eulicC3
1235 5277 1513 5339 Namque-nullom
1531 5280 1739 5342 ii'ogueenimn

406 5358 457 5407 aiio
473 5358 593 5421 Bentley.
614 5360 683 5422 «Ego
701 5362 765 5423 puto
782 5358 955 5409 scribendum
973 5369 1033 5407 esse
1045 5358 1153 5406 Nemcet
1163 5380 1200 5392 -·
1211 5355 1280 5403 asilo
1295 5354 1368 5403 modo
1382 5358 1473 5416 potest,
1492 5354 1517 5403 iu
1531 5366 1611 5416 quam
1624 5354 1739 5406 eandem

407 5434 586 5496 suspicionem
603 5432 712 5483 collator
730 5434 864 5484 Gudianus
881 5432 1023 5490 inciderat,
1042 5434 1087 5495 qui
1105 5433 1131 5481 tn
1150 5430 1269 5492 margine
1286 5428 1439 5493 adscripsit:
1459 5444 1503 5499 γρ.
1522 5442 1596 5479 nunc.
1619 5431 1661 5479 Sic
1680 5431 1740 5493 post

409 5504 447 5555 iila
465 5507 586 5556 inducant
602 5510 716 5556 animam
727 5533 741 5543 -
750 5533 763 5544 -
775 5508 865 5556 decere
875 5507 916 5569 (=
925 5508 947 5556 si
963 5508 1111 5556 iniecerint
1124 5504 1180 5567 -).·
1198 5510 1251 5553 tum
1266 5508 1382 5565 poterant
1397 5503 1541 5553 clarissimo
1554 5516 1612 5553 coes
1625 5503 1740 5567 prodisti

408 5580 536 5640 uocem,
560 5580 657 5643 quibus
680 5581 773 5631 Cicero
791 5582 868 5639 dicit,
893 5581 996 5645 quidsi
1020 5580 1054 5630 ilii
1078 5577 1226 5644 philosophi
1244 5578 1386 5634 sentirent,
1410 5577 1504 5627 iisdem
1522 5577 1613 5627 liceret
1630 5588 1739 5640 semper

409 5652 516 5703 beatum
534 5667 594 5704 esse
612 5656 760 5718 sapientem
778 5655 883 5713 dicere,
909 5657 1045 5719 aptissime
1063 5669 1095 5706 ea
1114 5654 1247 5704 contrario
1265 5653 1332 5701 haec
1349 5655 1496 5716 ponuntur:
1519 5650 1737 5711 ch--poau,

409 5728 504 5789 quibus
521 5731 626 5792 gravius
645 5732 740 5779 iterum
760 5730 801 5791 (ct.
822 5730 836 5793 fl
855 5731 919 5791 init.)
938 5729 1012 5788 dicit,
1032 5729 1096 5793 quid
1111 5730 1237 5792 quonism
1255 5729 1398 5783 sentirent,
1418 5719 1562 5773 illuduulic
1575 5722 1655 5772 modo
1672 5721 1739 5773 lice·

409 5806 456 5852 ret
476 5802 594 5854 Ceussiis
612 5804 738 5867 particula
757 5816 838 5867 quam
856 5803 1007 5867 languidam
1025 5805 1123 5855 ellicist
1140 5804 1296 5861 orationem,
1316 5811 1451 5864 quumque
1464 5810 1517 5848 nou
1529 5801 1588 5860 epta
1600 5797 1642 5858 sit,
1661 5795 1737 5849 lacile

410 5874 583 5940 intelligitur·
602 5878 645 5927 w.
665 5903 691 5913 -
716 5877 757 5927 st.
776 5890 871 5940 tempu
892 5891 947 5929 om.
966 5881 996 5928 G¹
1015 5904 1042 5916 -·
1067 5879 1108 5928 32.
1126 5890 1152 5928 ae
1174 5878 1268 5927 συιδ
1291 5900 1316 5912 ·-
1341 5874 1382 5926 dl.
1400 5873 1465 5923 idem
1480 5871 1515 5922 B:
1538 5872 1617 5922 idest
1640 5873 1688 5923 flii
1708 5896 1735 5909 -

410 5950 449 6002 te.
467 5964 518 6002 sos
533 5953 612 6016 igiter
622 5977 659 5991 ··
670 5954 800 6016 contudi
815 5957 874 6004 east
889 5954 989 6005 tioatus
1005 5966 1032 6020 p.
1046 5952 1104 6005 iti.
1118 5975 1146 5990 -
1166 5952 1208 6006 tt.
1225 5950 1375 6014 massueti
1391 5948 1412 5999 G
1429 5950 1509 6013 (corr.
1522 5956 1560 5998 m.
1579 5943 1657 6011 sadi.
