<?xml version="1.0" encoding="UTF-8"?>
<!DOCTYPE html PUBLIC "-//W3C//DTD XHTML 1.0 Transitional//EN"
    "http://www.w3.org/TR/xhtml1/DTD/xhtml1-transitional.dtd">
<html xmlns="http://www.w3.org/1999/xhtml" xml:lang="en" lang="en">
 <head>
  <title>
</title>
<meta http-equiv="Content-Type" content="text/html;charset=utf-8" />
  <meta name='ocr-system' content='tesseract 3.04.00' />
  <meta name='ocr-capabilities' content='ocr_page ocr_carea ocr_par ocr_line ocrx_word'/>
</head>
<body>
  <div class='ocr_page' id='page_1' title='image "./operaquaesupers00halmgoog/operaquaesupers00halmgoog_0506.png"; bbox 0 0 4342 7459; ppageno 0'>
   <div class='ocr_carea' id='block_1_1' title="bbox 348 1253 1182 1322">
    <p class='ocr_par' dir='ltr' id='par_1_1' title="bbox 348 1253 1182 1322">
     <span class='ocr_line' id='line_1_1' title="bbox 348 1253 1182 1322; baseline 0.002 -2"><span class='ocrx_word' id='word_1_1' title='bbox 348 1253 411 1320; x_wconf 66' lang='lat'>490</span> <span class='ocrx_word' id='word_1_2' title='bbox 838 1258 892 1321; x_wconf 80' lang='lat' dir='ltr'>llll</span> <span class='ocrx_word' id='word_1_3' title='bbox 914 1257 1182 1322; x_wconf 72' lang='lat' dir='ltr'>DIVINATIONE</span> 
     </span>
    </p>
   </div>
   <div class='ocr_carea' id='block_1_2' title="bbox 306 1416 1713 4603">
    <p class='ocr_par' dir='ltr' id='par_1_2' title="bbox 323 1416 1680 1971">
     <span class='ocr_line' id='line_1_2' title="bbox 347 1416 1678 1504; baseline 0.002 -20"><span class='ocrx_word' id='word_1_4' title='bbox 347 1428 410 1484; x_wconf 91' lang='lat' dir='ltr'>tem</span> <span class='ocrx_word' id='word_1_5' title='bbox 433 1416 653 1498; x_wconf 83' lang='lat' dir='ltr'>gubemandit</span> <span class='ocrx_word' id='word_1_6' title='bbox 677 1424 732 1480; x_wconf 90' lang='lat' dir='ltr'>ant</span> <span class='ocrx_word' id='word_1_7' title='bbox 753 1436 828 1480; x_wconf 93' lang='lat' dir='ltr'>num</span> <span class='ocrx_word' id='word_1_8' title='bbox 851 1417 1076 1500; x_wconf 87' lang='lat' dir='ltr'>imperatorum</span> <span class='ocrx_word' id='word_1_9' title='bbox 1099 1419 1230 1482; x_wconf 89' lang='lat' dir='ltr'>scientia</span> <span class='ocrx_word' id='word_1_10' title='bbox 1252 1417 1330 1482; x_wconf 81' lang='lat' dir='ltr'><strong>nihil</strong></span> <span class='ocrx_word' id='word_1_11' title='bbox 1353 1426 1415 1495; x_wconf 92' lang='lat' dir='ltr'>est,</span> <span class='ocrx_word' id='word_1_12' title='bbox 1437 1418 1514 1504; x_wconf 87' lang='lat' dir='ltr'>qnia</span> <span class='ocrx_word' id='word_1_13' title='bbox 1536 1441 1678 1487; x_wconf 85' lang='lat' dir='ltr'>summus</span> 
     </span>
     <span class='ocr_line' id='line_1_3' title="bbox 347 1510 1675 1595; baseline 0.003 -19"><span class='ocrx_word' id='word_1_14' title='bbox 347 1515 517 1594; x_wconf 87' lang='lat' dir='ltr'>imperator</span> <span class='ocrx_word' id='word_1_15' title='bbox 538 1531 640 1593; x_wconf 84' lang='lat' dir='ltr'>nuper</span> <span class='ocrx_word' id='word_1_16' title='bbox 660 1510 742 1593; x_wconf 82' lang='lat' dir='ltr'>fugit</span> <span class='ocrx_word' id='word_1_17' title='bbox 762 1511 880 1575; x_wconf 89' lang='lat' dir='ltr'>amisso</span> <span class='ocrx_word' id='word_1_18' title='bbox 902 1514 1067 1575; x_wconf 81' lang='lat' dir='ltr'>exercitui</span> <span class='ocrx_word' id='word_1_19' title='bbox 1089 1520 1144 1576; x_wconf 93' lang='lat' dir='ltr'>aut</span> <span class='ocrx_word' id='word_1_20' title='bbox 1165 1533 1241 1575; x_wconf 93' lang='lat' dir='ltr'>num</span> <span class='ocrx_word' id='word_1_21' title='bbox 1263 1521 1433 1595; x_wconf 90' lang='lat' dir='ltr'>propterea</span> <span class='ocrx_word' id='word_1_22' title='bbox 1454 1513 1543 1578; x_wconf 88' lang='lat' dir='ltr'>nulla</span> <span class='ocrx_word' id='word_1_23' title='bbox 1559 1523 1610 1579; x_wconf 88' lang='lat' dir='ltr'>est</span> <span class='ocrx_word' id='word_1_24' title='bbox 1629 1517 1675 1580; x_wconf 86' lang='lat' dir='ltr'>rei</span> 
     </span>
     <span class='ocr_line' id='line_1_4' title="bbox 347 1604 1677 1691; baseline 0.002 -22"><span class='ocrx_word' id='word_1_25' title='bbox 347 1604 491 1691; x_wconf 89' lang='lat' dir='ltr'>publicae</span> <span class='ocrx_word' id='word_1_26' title='bbox 522 1605 679 1687; x_wconf 81' lang='lat' dir='ltr'>gerendae</span> <span class='ocrx_word' id='word_1_27' title='bbox 709 1605 789 1669; x_wconf 88' lang='lat' dir='ltr'>ratio</span> <span class='ocrx_word' id='word_1_28' title='bbox 821 1614 918 1689; x_wconf 88' lang='lat' dir='ltr'>atque</span> <span class='ocrx_word' id='word_1_29' title='bbox 949 1605 1135 1688; x_wconf 91' lang='lat' dir='ltr'>prudentia,</span> <span class='ocrx_word' id='word_1_30' title='bbox 1169 1606 1244 1691; x_wconf 84' lang='lat' dir='ltr'>quia</span> <span class='ocrx_word' id='word_1_31' title='bbox 1270 1607 1368 1669; x_wconf 88' lang='lat' dir='ltr'>multa</span> <span class='ocrx_word' id='word_1_32' title='bbox 1398 1606 1454 1670; x_wconf 87' lang='lat' dir='ltr'>Cn.</span> <span class='ocrx_word' id='word_1_33' title='bbox 1476 1606 1677 1689; x_wconf 84' lang='lat' dir='ltr'>Pompeium,</span> 
     </span>
     <span class='ocr_line' id='line_1_5' title="bbox 347 1698 1680 1784; baseline 0.004 -22"><span class='ocrx_word' id='word_1_34' title='bbox 347 1699 504 1784; x_wconf 87' lang='lat' dir='ltr'>quaedam</span> <span class='ocrx_word' id='word_1_35' title='bbox 526 1701 568 1762; x_wconf 82' lang='lat' dir='ltr'>II.</span> <span class='ocrx_word' id='word_1_36' title='bbox 592 1699 758 1774; x_wconf 90' lang='lat' dir='ltr'>Catonem,</span> <span class='ocrx_word' id='word_1_37' title='bbox 780 1719 845 1762; x_wconf 94' lang='lat' dir='ltr'>non</span> <span class='ocrx_word' id='word_1_38' title='bbox 867 1699 954 1762; x_wconf 88' lang='lat' dir='ltr'>nulla</span> <span class='ocrx_word' id='word_1_39' title='bbox 977 1701 1070 1762; x_wconf 89' lang='lat' dir='ltr'>etiam</span> <span class='ocrx_word' id='word_1_40' title='bbox 1094 1708 1125 1763; x_wconf 91' lang='lat' dir='ltr'>te</span> <span class='ocrx_word' id='word_1_41' title='bbox 1148 1700 1252 1783; x_wconf 89' lang='lat' dir='ltr'>ipsum</span> <span class='ocrx_word' id='word_1_42' title='bbox 1269 1698 1474 1763; x_wconf 69' lang='lat' dir='ltr'>fefellerunt?</span> <span class='ocrx_word' id='word_1_43' title='bbox 1496 1700 1616 1765; x_wconf 87' lang='lat' dir='ltr'>Similis</span> <span class='ocrx_word' id='word_1_44' title='bbox 1632 1711 1680 1767; x_wconf 88' lang='lat' dir='ltr'>est</span> 
     </span>
     <span class='ocr_line' id='line_1_6' title="bbox 323 1792 1679 1877; baseline 0.002 -20"><span class='ocrx_word' id='word_1_45' title='bbox 323 1794 550 1877; x_wconf 83' lang='lat' dir='ltr'>sharuspicum</span> <span class='ocrx_word' id='word_1_46' title='bbox 572 1794 740 1877; x_wconf 79' lang='lat' dir='ltr'>responsio</span> <span class='ocrx_word' id='word_1_47' title='bbox 763 1794 930 1877; x_wconf 88' lang='lat' dir='ltr'>omnisque</span> <span class='ocrx_word' id='word_1_48' title='bbox 952 1792 1121 1876; x_wconf 71' lang='lat' dir='ltr'>opinabilh</span> <span class='ocrx_word' id='word_1_49' title='bbox 1144 1792 1313 1866; x_wconf 82' lang='lat' dir='ltr'>divinatio;</span> <span class='ocrx_word' id='word_1_50' title='bbox 1336 1794 1514 1857; x_wconf 88' lang='lat' dir='ltr'>coniectura</span> <span class='ocrx_word' id='word_1_51' title='bbox 1530 1797 1615 1859; x_wconf 86' lang='lat' dir='ltr'>enim</span> <span class='ocrx_word' id='word_1_52' title='bbox 1631 1798 1679 1860; x_wconf 92' lang='lat' dir='ltr'>ni·</span> 
     </span>
     <span class='ocr_line' id='line_1_7' title="bbox 347 1883 1679 1971; baseline 0.005 -22"><span class='ocrx_word' id='word_1_53' title='bbox 347 1887 437 1960; x_wconf 89' lang='lat' dir='ltr'>titur,</span> <span class='ocrx_word' id='word_1_54' title='bbox 469 1886 552 1950; x_wconf 93' lang='lat' dir='ltr'>ultra</span> <span class='ocrx_word' id='word_1_55' title='bbox 575 1908 671 1971; x_wconf 90' lang='lat' dir='ltr'>quam</span> <span class='ocrx_word' id='word_1_56' title='bbox 694 1885 842 1971; x_wconf 81' lang='lat' dir='ltr'>progredi</span> <span class='ocrx_word' id='word_1_57' title='bbox 865 1906 928 1950; x_wconf 90' lang='lat' dir='ltr'>non</span> <span class='ocrx_word' id='word_1_58' title='bbox 951 1895 1065 1968; x_wconf 81' lang='lat' dir='ltr'>potest</span> <span class='ocrx_word' id='word_1_59' title='bbox 1102 1883 1153 1950; x_wconf 75' lang='lat'>25.</span> <span class='ocrx_word' id='word_1_60' title='bbox 1175 1888 1222 1949; x_wconf 86' lang='lat' dir='ltr'>Ea</span> <span class='ocrx_word' id='word_1_61' title='bbox 1243 1886 1324 1950; x_wconf 81' lang='lat' dir='ltr'>fallit</span> <span class='ocrx_word' id='word_1_62' title='bbox 1344 1887 1479 1951; x_wconf 83' lang='lat' dir='ltr'>fortasse</span> <span class='ocrx_word' id='word_1_63' title='bbox 1500 1907 1565 1952; x_wconf 90' lang='lat' dir='ltr'>non</span> <span class='ocrx_word' id='word_1_64' title='bbox 1588 1910 1679 1955; x_wconf 87' lang='lat' dir='ltr'>num·</span> 
     </span>
    </p>

    <p class='ocr_par' dir='ltr' id='par_1_3' title="bbox 318 1980 1713 2252">
     <span class='ocr_line' id='line_1_8' title="bbox 318 1980 1678 2066; baseline 0.002 -22"><span class='ocrx_word' id='word_1_65' title='bbox 318 2039 320 2044; x_wconf 90' lang='lat'><em>.</em></span> <span class='ocrx_word' id='word_1_66' title='bbox 347 2000 456 2066; x_wconf 86' lang='lat' dir='ltr'>quam,</span> <span class='ocrx_word' id='word_1_67' title='bbox 486 1983 542 2045; x_wconf 90' lang='lat' dir='ltr'>sed</span> <span class='ocrx_word' id='word_1_68' title='bbox 569 1991 675 2045; x_wconf 91' lang='lat' dir='ltr'>tamen</span> <span class='ocrx_word' id='word_1_69' title='bbox 704 1983 744 2045; x_wconf 88' lang='lat' dir='ltr'>ad</span> <span class='ocrx_word' id='word_1_70' title='bbox 774 1982 937 2044; x_wconf 86' lang='lat' dir='ltr'>veritatem</span> <span class='ocrx_word' id='word_1_71' title='bbox 966 1980 1153 2062; x_wconf 88' lang='lat' dir='ltr'>saepissime</span> <span class='ocrx_word' id='word_1_72' title='bbox 1180 1981 1295 2062; x_wconf 87' lang='lat' dir='ltr'>dirigit.</span> <span class='ocrx_word' id='word_1_73' title='bbox 1341 1981 1397 2044; x_wconf 81' lang='lat' dir='ltr'>lls&#39;t</span> <span class='ocrx_word' id='word_1_74' title='bbox 1424 1982 1508 2044; x_wconf 90' lang='lat' dir='ltr'>enirn</span> <span class='ocrx_word' id='word_1_75' title='bbox 1529 1982 1570 2047; x_wconf 89' lang='lat' dir='ltr'>ab</span> <span class='ocrx_word' id='word_1_76' title='bbox 1592 1984 1678 2047; x_wconf 92' lang='lat' dir='ltr'>omni</span> 
     </span>
     <span class='ocr_line' id='line_1_9' title="bbox 346 2073 1713 2159; baseline 0.002 -21"><span class='ocrx_word' id='word_1_77' title='bbox 346 2074 531 2138; x_wconf 75' lang='lat' dir='ltr'>aeternitate</span> <span class='ocrx_word' id='word_1_78' title='bbox 553 2076 704 2159; x_wconf 88' lang='lat' dir='ltr'>repetita,</span> <span class='ocrx_word' id='word_1_79' title='bbox 727 2076 760 2137; x_wconf 96' lang='lat' dir='ltr'>in</span> <span class='ocrx_word' id='word_1_80' title='bbox 782 2095 844 2157; x_wconf 89' lang='lat' dir='ltr'>qua</span> <span class='ocrx_word' id='word_1_81' title='bbox 867 2094 937 2136; x_wconf 91' lang='lat' dir='ltr'>cum</span> <span class='ocrx_word' id='word_1_82' title='bbox 960 2094 1061 2157; x_wconf 88' lang='lat' dir='ltr'>paene</span> <span class='ocrx_word' id='word_1_83' title='bbox 1083 2074 1359 2138; x_wconf 86' lang='lat' dir='ltr'>innumerabiliter</span> <span class='ocrx_word' id='word_1_84' title='bbox 1380 2094 1432 2139; x_wconf 89' lang='lat' dir='ltr'>res</span> <span class='ocrx_word' id='word_1_85' title='bbox 1453 2073 1568 2138; x_wconf 88' lang='lat' dir='ltr'>eodem</span> <span class='ocrx_word' id='word_1_86' title='bbox 1584 2076 1713 2151; x_wconf 69' lang='lat' dir='ltr'>modos</span> 
     </span>
     <span class='ocr_line' id='line_1_10' title="bbox 347 2168 1680 2252; baseline 0 -19"><span class='ocrx_word' id='word_1_87' title='bbox 347 2170 511 2233; x_wconf 83' lang='lat' dir='ltr'>evenirent</span> <span class='ocrx_word' id='word_1_88' title='bbox 531 2172 631 2235; x_wconf 91' lang='lat' dir='ltr'>isdem</span> <span class='ocrx_word' id='word_1_89' title='bbox 654 2171 755 2252; x_wconf 78' lang='lat' dir='ltr'>sigula</span> <span class='ocrx_word' id='word_1_90' title='bbox 777 2169 982 2252; x_wconf 73' lang='lat' dir='ltr'>antegressis,</span> <span class='ocrx_word' id='word_1_91' title='bbox 1002 2187 1059 2230; x_wconf 81' lang='lat' dir='ltr'>ars</span> <span class='ocrx_word' id='word_1_92' title='bbox 1083 2176 1133 2230; x_wconf 92' lang='lat' dir='ltr'>est</span> <span class='ocrx_word' id='word_1_93' title='bbox 1154 2168 1265 2231; x_wconf 78' lang='lat' dir='ltr'>effecta</span> <span class='ocrx_word' id='word_1_94' title='bbox 1287 2168 1397 2231; x_wconf 90' lang='lat' dir='ltr'>eadem</span> <span class='ocrx_word' id='word_1_95' title='bbox 1421 2186 1517 2252; x_wconf 88' lang='lat' dir='ltr'>saepe</span> <span class='ocrx_word' id='word_1_96' title='bbox 1537 2170 1680 2235; x_wconf 75' lang='lat' dir='ltr'>animad</span> 
     </span>
    </p>

    <p class='ocr_par' dir='ltr' id='par_1_4' title="bbox 308 2265 733 2331">
     <span class='ocr_line' id='line_1_11' title="bbox 308 2265 733 2331; baseline -0.009 -1"><span class='ocrx_word' id='word_1_97' title='bbox 308 2283 338 2331; x_wconf 82' lang='lat' dir='ltr'>to</span> <span class='ocrx_word' id='word_1_98' title='bbox 348 2265 500 2330; x_wconf 87' lang='lat' dir='ltr'>vertendo</span> <span class='ocrx_word' id='word_1_99' title='bbox 522 2285 560 2329; x_wconf 88' lang='lat' dir='ltr'>ec</span> <span class='ocrx_word' id='word_1_100' title='bbox 582 2266 733 2329; x_wconf 90' lang='lat' dir='ltr'>notando.</span> 
     </span>
    </p>

    <p class='ocr_par' dir='ltr' id='par_1_5' title="bbox 346 2354 1681 2723">
     <span class='ocr_line' id='line_1_12' title="bbox 431 2354 1680 2442; baseline 0 -20"><span class='ocrx_word' id='word_1_101' title='bbox 431 2360 500 2422; x_wconf 82' lang='lat' dir='ltr'>XV.</span> <span class='ocrx_word' id='word_1_102' title='bbox 522 2359 672 2442; x_wconf 88' lang='lat' dir='ltr'>Auspicia</span> <span class='ocrx_word' id='word_1_103' title='bbox 693 2378 768 2421; x_wconf 84' lang='lat' dir='ltr'>vero</span> <span class='ocrx_word' id='word_1_104' title='bbox 791 2365 895 2421; x_wconf 87' lang='lat' dir='ltr'>vestra</span> <span class='ocrx_word' id='word_1_105' title='bbox 916 2375 1011 2438; x_wconf 88' lang='lat' dir='ltr'>quam</span> <span class='ocrx_word' id='word_1_106' title='bbox 1026 2357 1192 2419; x_wconf 89' lang='lat' dir='ltr'>constanti</span> <span class='ocrx_word' id='word_1_107' title='bbox 1219 2376 1301 2438; x_wconf 86' lang='lat' dir='ltr'>quae</span> <span class='ocrx_word' id='word_1_108' title='bbox 1324 2354 1454 2439; x_wconf 86' lang='lat' dir='ltr'>quidem</span> <span class='ocrx_word' id='word_1_109' title='bbox 1477 2376 1561 2421; x_wconf 88' lang='lat' dir='ltr'>nunc</span> <span class='ocrx_word' id='word_1_110' title='bbox 1582 2378 1601 2421; x_wconf 93' lang='lat' dir='ltr'>a</span> <span class='ocrx_word' id='word_1_111' title='bbox 1621 2360 1680 2423; x_wconf 88' lang='lat' dir='ltr'>lto-</span> 
     </span>
     <span class='ocr_line' id='line_1_13' title="bbox 346 2449 1681 2535; baseline -0.001 -18"><span class='ocrx_word' id='word_1_112' title='bbox 346 2453 447 2517; x_wconf 89' lang='lat' dir='ltr'>manis</span> <span class='ocrx_word' id='word_1_113' title='bbox 469 2456 642 2535; x_wconf 89' lang='lat' dir='ltr'>auguribus</span> <span class='ocrx_word' id='word_1_114' title='bbox 663 2456 850 2535; x_wconf 80' lang='lat' dir='ltr'>Ignorantur</span> <span class='ocrx_word' id='word_1_115' title='bbox 870 2485 911 2499; x_wconf 94' lang='lat'><em>-</em></span> <span class='ocrx_word' id='word_1_116' title='bbox 933 2451 1018 2512; x_wconf 91' lang='lat' dir='ltr'>bona</span> <span class='ocrx_word' id='word_1_117' title='bbox 1040 2449 1100 2513; x_wconf 90' lang='lat' dir='ltr'>hoc</span> <span class='ocrx_word' id='word_1_118' title='bbox 1123 2458 1176 2512; x_wconf 87' lang='lat' dir='ltr'>tua</span> <span class='ocrx_word' id='word_1_119' title='bbox 1198 2449 1289 2511; x_wconf 83' lang='lat' dir='ltr'>venia</span> <span class='ocrx_word' id='word_1_120' title='bbox 1308 2450 1443 2511; x_wconf 74' lang='lat' dir='ltr'>diuerim</span> <span class='ocrx_word' id='word_1_121' title='bbox 1461 2492 1518 2525; x_wconf 80' lang='lat'>-,</span> <span class='ocrx_word' id='word_1_122' title='bbox 1540 2451 1681 2516; x_wconf 76' lang='lat' dir='ltr'>acilici-</span> 
     </span>
     <span class='ocr_line' id='line_1_14' title="bbox 347 2538 1680 2632; baseline 0.002 -22"><span class='ocrx_word' id='word_1_123' title='bbox 347 2548 421 2619; x_wconf 92' lang='lat' dir='ltr'>bus,</span> <span class='ocrx_word' id='word_1_124' title='bbox 446 2547 654 2632; x_wconf 82' lang='lat' dir='ltr'>Pamphyliis,</span> <span class='ocrx_word' id='word_1_125' title='bbox 682 2547 809 2621; x_wconf 88' lang='lat' dir='ltr'>Pisidis,</span> <span class='ocrx_word' id='word_1_126' title='bbox 832 2545 938 2629; x_wconf 86' lang='lat' dir='ltr'>Lyciis</span> <span class='ocrx_word' id='word_1_127' title='bbox 961 2551 1118 2606; x_wconf 91' lang='lat' dir='ltr'>tenentur.</span> <span class='ocrx_word' id='word_1_128' title='bbox 1163 2538 1216 2604; x_wconf 71' lang='lat'>26.</span> <span class='ocrx_word' id='word_1_129' title='bbox 1241 2544 1317 2605; x_wconf 89' lang='lat' dir='ltr'>Nam</span> <span class='ocrx_word' id='word_1_130' title='bbox 1341 2542 1418 2626; x_wconf 89' lang='lat' dir='ltr'>quid</span> <span class='ocrx_word' id='word_1_131' title='bbox 1441 2562 1501 2625; x_wconf 87' lang='lat' dir='ltr'>ego</span> <span class='ocrx_word' id='word_1_132' title='bbox 1523 2544 1680 2630; x_wconf 77' lang='lat' dir='ltr'>hospitem</span> 
     </span>
     <span class='ocr_line' id='line_1_15' title="bbox 346 2637 1680 2723; baseline 0.002 -20"><span class='ocrx_word' id='word_1_133' title='bbox 346 2647 502 2714; x_wconf 91' lang='lat' dir='ltr'>nostrum,</span> <span class='ocrx_word' id='word_1_134' title='bbox 525 2642 734 2705; x_wconf 88' lang='lat' dir='ltr'>clarissimum</span> <span class='ocrx_word' id='word_1_135' title='bbox 757 2651 854 2723; x_wconf 88' lang='lat' dir='ltr'>atque</span> <span class='ocrx_word' id='word_1_136' title='bbox 876 2647 1040 2720; x_wconf 89' lang='lat' dir='ltr'>optumum</span> <span class='ocrx_word' id='word_1_137' title='bbox 1063 2638 1180 2709; x_wconf 85' lang='lat' dir='ltr'>virum,</span> <span class='ocrx_word' id='word_1_138' title='bbox 1209 2637 1392 2698; x_wconf 89' lang='lat' dir='ltr'>Deiotarum</span> <span class='ocrx_word' id='word_1_139' title='bbox 1414 2655 1520 2718; x_wconf 89' lang='lat' dir='ltr'>regem</span> <span class='ocrx_word' id='word_1_140' title='bbox 1543 2660 1680 2706; x_wconf 80' lang='lat' dir='ltr'>coname-</span> 
     </span>
    </p>

    <p class='ocr_par' dir='ltr' id='par_1_6' title="bbox 307 2730 1681 3193">
     <span class='ocr_line' id='line_1_16' title="bbox 307 2730 1680 2818; baseline -0.001 -17"><span class='ocrx_word' id='word_1_141' title='bbox 307 2737 490 2801; x_wconf 82' lang='lat' dir='ltr'>ismoreml</span> <span class='ocrx_word' id='word_1_142' title='bbox 513 2737 569 2818; x_wconf 87' lang='lat' dir='ltr'>qui</span> <span class='ocrx_word' id='word_1_143' title='bbox 590 2734 669 2798; x_wconf 91' lang='lat' dir='ltr'>nihil</span> <span class='ocrx_word' id='word_1_144' title='bbox 693 2753 841 2818; x_wconf 85' lang='lat' dir='ltr'>umquam</span> <span class='ocrx_word' id='word_1_145' title='bbox 864 2732 925 2795; x_wconf 89' lang='lat' dir='ltr'>uisi</span> <span class='ocrx_word' id='word_1_146' title='bbox 941 2733 1105 2812; x_wconf 88' lang='lat' dir='ltr'>auspicato</span> <span class='ocrx_word' id='word_1_147' title='bbox 1121 2730 1212 2812; x_wconf 86' lang='lat' dir='ltr'>gerit.</span> <span class='ocrx_word' id='word_1_148' title='bbox 1249 2730 1312 2805; x_wconf 87' lang='lat' dir='ltr'>Qui</span> <span class='ocrx_word' id='word_1_149' title='bbox 1331 2750 1401 2794; x_wconf 91' lang='lat' dir='ltr'>cum</span> <span class='ocrx_word' id='word_1_150' title='bbox 1418 2750 1458 2793; x_wconf 83' lang='lat' dir='ltr'>ex</span> <span class='ocrx_word' id='word_1_151' title='bbox 1472 2731 1587 2795; x_wconf 88' lang='lat' dir='ltr'>itinere</span> <span class='ocrx_word' id='word_1_152' title='bbox 1600 2753 1680 2817; x_wconf 89' lang='lat' dir='ltr'>quo-</span> 
     </span>
     <span class='ocr_line' id='line_1_17' title="bbox 347 2823 1680 2913; baseline 0.002 -22"><span class='ocrx_word' id='word_1_153' title='bbox 347 2828 419 2891; x_wconf 86' lang='lat' dir='ltr'>dam</span> <span class='ocrx_word' id='word_1_154' title='bbox 442 2830 602 2913; x_wconf 90' lang='lat' dir='ltr'>proposito</span> <span class='ocrx_word' id='word_1_155' title='bbox 617 2837 650 2891; x_wconf 89' lang='lat' dir='ltr'>et</span> <span class='ocrx_word' id='word_1_156' title='bbox 664 2829 834 2891; x_wconf 88' lang='lat' dir='ltr'>constituto</span> <span class='ocrx_word' id='word_1_157' title='bbox 849 2826 1032 2888; x_wconf 87' lang='lat' dir='ltr'>revertisset</span> <span class='ocrx_word' id='word_1_158' title='bbox 1046 2826 1174 2907; x_wconf 86' lang='lat' dir='ltr'>aquiiae</span> <span class='ocrx_word' id='word_1_159' title='bbox 1188 2823 1369 2888; x_wconf 88' lang='lat' dir='ltr'>admonitus</span> <span class='ocrx_word' id='word_1_160' title='bbox 1383 2825 1506 2901; x_wconf 88' lang='lat' dir='ltr'>volatu,</span> <span class='ocrx_word' id='word_1_161' title='bbox 1529 2828 1680 2893; x_wconf 73' lang='lat' dir='ltr'>conclave</span> 
     </span>
     <span class='ocr_line' id='line_1_18' title="bbox 347 2918 1680 3001; baseline 0.003 -16"><span class='ocrx_word' id='word_1_162' title='bbox 347 2922 445 2996; x_wconf 91' lang='lat' dir='ltr'>illud,</span> <span class='ocrx_word' id='word_1_163' title='bbox 477 2923 533 2985; x_wconf 95' lang='lat' dir='ltr'>ubi</span> <span class='ocrx_word' id='word_1_164' title='bbox 563 2932 629 2986; x_wconf 87' lang='lat' dir='ltr'>erat</span> <span class='ocrx_word' id='word_1_165' title='bbox 654 2942 835 2993; x_wconf 87' lang='lat' dir='ltr'>mansurus,</span> <span class='ocrx_word' id='word_1_166' title='bbox 871 2921 898 2982; x_wconf 88' lang='lat' dir='ltr'>ai</span> <span class='ocrx_word' id='word_1_167' title='bbox 929 2919 977 2981; x_wconf 92' lang='lat' dir='ltr'>ire</span> <span class='ocrx_word' id='word_1_168' title='bbox 1005 2918 1212 3001; x_wconf 82' lang='lat' dir='ltr'>perrexisset,</span> <span class='ocrx_word' id='word_1_169' title='bbox 1246 2920 1392 3000; x_wconf 84' lang='lat' dir='ltr'>proxima</span> <span class='ocrx_word' id='word_1_170' title='bbox 1423 2929 1517 2983; x_wconf 88' lang='lat' dir='ltr'>nocte</span> <span class='ocrx_word' id='word_1_171' title='bbox 1549 2924 1680 2989; x_wconf 78' lang='lat' dir='ltr'>oorruit.</span> 
     </span>
     <span class='ocr_line' id='line_1_19' title="bbox 347 3012 1679 3099; baseline 0.005 -22"><span class='ocrx_word' id='word_1_172' title='bbox 347 3012 398 3077; x_wconf 77' lang='lat'>27.</span> <span class='ocrx_word' id='word_1_173' title='bbox 421 3017 546 3099; x_wconf 87' lang='lat' dir='ltr'>ltaque,</span> <span class='ocrx_word' id='word_1_174' title='bbox 567 3025 603 3078; x_wconf 92' lang='lat' dir='ltr'>ut</span> <span class='ocrx_word' id='word_1_175' title='bbox 624 3035 664 3079; x_wconf 84' lang='lat' dir='ltr'>ex</span> <span class='ocrx_word' id='word_1_176' title='bbox 686 3016 757 3097; x_wconf 92' lang='lat' dir='ltr'>ipso</span> <span class='ocrx_word' id='word_1_177' title='bbox 779 3012 959 3084; x_wconf 84' lang='lat' dir='ltr'>audiebam,</span> <span class='ocrx_word' id='word_1_178' title='bbox 983 3030 1137 3094; x_wconf 86' lang='lat' dir='ltr'>persaepe</span> <span class='ocrx_word' id='word_1_179' title='bbox 1159 3013 1287 3075; x_wconf 89' lang='lat' dir='ltr'>revertit</span> <span class='ocrx_word' id='word_1_180' title='bbox 1308 3033 1350 3074; x_wconf 81' lang='lat' dir='ltr'>ex</span> <span class='ocrx_word' id='word_1_181' title='bbox 1371 3013 1501 3090; x_wconf 87' lang='lat' dir='ltr'>itinere,</span> <span class='ocrx_word' id='word_1_182' title='bbox 1523 3037 1595 3080; x_wconf 92' lang='lat' dir='ltr'>cum</span> <span class='ocrx_word' id='word_1_183' title='bbox 1617 3018 1679 3083; x_wconf 90' lang='lat' dir='ltr'>ianr</span> 
     </span>
     <span class='ocr_line' id='line_1_20' title="bbox 346 3105 1681 3193; baseline 0.001 -19"><span class='ocrx_word' id='word_1_184' title='bbox 346 3130 534 3193; x_wconf 87' lang='lat' dir='ltr'>progressus</span> <span class='ocrx_word' id='word_1_185' title='bbox 556 3118 641 3174; x_wconf 87' lang='lat' dir='ltr'>esset</span> <span class='ocrx_word' id='word_1_186' title='bbox 662 3112 830 3173; x_wconf 90' lang='lat' dir='ltr'>multorum</span> <span class='ocrx_word' id='word_1_187' title='bbox 854 3105 976 3167; x_wconf 91' lang='lat' dir='ltr'>dierum</span> <span class='ocrx_word' id='word_1_188' title='bbox 1000 3107 1092 3168; x_wconf 87' lang='lat' dir='ltr'>viam.</span> <span class='ocrx_word' id='word_1_189' title='bbox 1130 3107 1225 3170; x_wconf 84' lang='lat' dir='ltr'>Cuius</span> <span class='ocrx_word' id='word_1_190' title='bbox 1241 3107 1371 3190; x_wconf 87' lang='lat' dir='ltr'>quidem</span> <span class='ocrx_word' id='word_1_191' title='bbox 1390 3109 1451 3171; x_wconf 93' lang='lat' dir='ltr'>hoc</span> <span class='ocrx_word' id='word_1_192' title='bbox 1465 3110 1681 3192; x_wconf 82' lang='lat' dir='ltr'>praeclarissi-</span> 
     </span>
    </p>

    <p class='ocr_par' dir='ltr' id='par_1_7' title="bbox 307 3199 1681 4040">
     <span class='ocr_line' id='line_1_21' title="bbox 308 3199 1680 3290; baseline -0.002 -19"><span class='ocrx_word' id='word_1_193' title='bbox 308 3223 432 3271; x_wconf 81' lang='lat' dir='ltr'>somum</span> <span class='ocrx_word' id='word_1_194' title='bbox 455 3214 519 3279; x_wconf 87' lang='lat' dir='ltr'>est,</span> <span class='ocrx_word' id='word_1_195' title='bbox 542 3203 644 3288; x_wconf 86' lang='lat' dir='ltr'>quod,</span> <span class='ocrx_word' id='word_1_196' title='bbox 667 3212 778 3286; x_wconf 87' lang='lat' dir='ltr'>postea</span> <span class='ocrx_word' id='word_1_197' title='bbox 799 3220 892 3285; x_wconf 88' lang='lat' dir='ltr'>quam</span> <span class='ocrx_word' id='word_1_198' title='bbox 916 3219 934 3262; x_wconf 90' lang='lat' dir='ltr'>a</span> <span class='ocrx_word' id='word_1_199' title='bbox 957 3199 1091 3262; x_wconf 79' lang='lat' dir='ltr'>Caesare</span> <span class='ocrx_word' id='word_1_200' title='bbox 1113 3202 1285 3264; x_wconf 86' lang='lat' dir='ltr'>tetrarchia</span> <span class='ocrx_word' id='word_1_201' title='bbox 1306 3208 1336 3264; x_wconf 93' lang='lat' dir='ltr'>et</span> <span class='ocrx_word' id='word_1_202' title='bbox 1359 3220 1458 3284; x_wconf 89' lang='lat' dir='ltr'>regno</span> <span class='ocrx_word' id='word_1_203' title='bbox 1480 3206 1680 3290; x_wconf 82' lang='lat' dir='ltr'>pecuniaque</span> 
     </span>
     <span class='ocr_line' id='line_1_22' title="bbox 346 3295 1680 3381; baseline -0.001 -16"><span class='ocrx_word' id='word_1_204' title='bbox 346 3301 497 3365; x_wconf 88' lang='lat' dir='ltr'>multatus</span> <span class='ocrx_word' id='word_1_205' title='bbox 519 3308 585 3374; x_wconf 89' lang='lat' dir='ltr'>est,</span> <span class='ocrx_word' id='word_1_206' title='bbox 606 3306 749 3380; x_wconf 85' lang='lat' dir='ltr'>negatae</span> <span class='ocrx_word' id='word_1_207' title='bbox 765 3306 870 3358; x_wconf 90' lang='lat' dir='ltr'>tamen</span> <span class='ocrx_word' id='word_1_208' title='bbox 886 3313 994 3357; x_wconf 86' lang='lat' dir='ltr'>eorum</span> <span class='ocrx_word' id='word_1_209' title='bbox 1009 3295 1241 3376; x_wconf 85' lang='lat' dir='ltr'>auspiciorum,</span> <span class='ocrx_word' id='word_1_210' title='bbox 1265 3315 1347 3380; x_wconf 89' lang='lat' dir='ltr'>quae</span> <span class='ocrx_word' id='word_1_211' title='bbox 1362 3296 1423 3359; x_wconf 91' lang='lat' dir='ltr'>sibi</span> <span class='ocrx_word' id='word_1_212' title='bbox 1438 3296 1478 3358; x_wconf 93' lang='lat' dir='ltr'>ad</span> <span class='ocrx_word' id='word_1_213' title='bbox 1494 3298 1680 3381; x_wconf 89' lang='lat' dir='ltr'>Pompeium</span> 
     </span>
     <span class='ocr_line' id='line_1_23' title="bbox 345 3389 1681 3480; baseline -0.001 -22"><span class='ocrx_word' id='word_1_214' title='bbox 345 3395 560 3480; x_wconf 87' lang='lat' dir='ltr'>proficiscenti</span> <span class='ocrx_word' id='word_1_215' title='bbox 582 3392 722 3457; x_wconf 91' lang='lat' dir='ltr'>secunda</span> <span class='ocrx_word' id='word_1_216' title='bbox 744 3389 923 3461; x_wconf 86' lang='lat' dir='ltr'>evenerint,</span> <span class='ocrx_word' id='word_1_217' title='bbox 945 3390 1129 3471; x_wconf 87' lang='lat' dir='ltr'>paenitere:</span> <span class='ocrx_word' id='word_1_218' title='bbox 1153 3400 1281 3453; x_wconf 87' lang='lat' dir='ltr'>senatus</span> <span class='ocrx_word' id='word_1_219' title='bbox 1304 3389 1388 3453; x_wconf 86' lang='lat' dir='ltr'>enim</span> <span class='ocrx_word' id='word_1_220' title='bbox 1410 3390 1634 3457; x_wconf 85' lang='lat' dir='ltr'>auctoritatem</span> <span class='ocrx_word' id='word_1_221' title='bbox 1649 3401 1681 3459; x_wconf 91' lang='lat' dir='ltr'>st</span> 
     </span>
     <span class='ocr_line' id='line_1_24' title="bbox 345 3483 1681 3573; baseline 0.001 -22"><span class='ocrx_word' id='word_1_222' title='bbox 345 3488 455 3573; x_wconf 92' lang='lat' dir='ltr'>populi</span> <span class='ocrx_word' id='word_1_223' title='bbox 477 3490 609 3550; x_wconf 84' lang='lat' dir='ltr'>liomani</span> <span class='ocrx_word' id='word_1_224' title='bbox 639 3488 816 3549; x_wconf 89' lang='lat' dir='ltr'>libertatem</span> <span class='ocrx_word' id='word_1_225' title='bbox 844 3491 940 3565; x_wconf 88' lang='lat' dir='ltr'>atque</span> <span class='ocrx_word' id='word_1_226' title='bbox 969 3483 1091 3565; x_wconf 89' lang='lat' dir='ltr'>imperii</span> <span class='ocrx_word' id='word_1_227' title='bbox 1115 3483 1301 3566; x_wconf 87' lang='lat' dir='ltr'>dignitatem</span> <span class='ocrx_word' id='word_1_228' title='bbox 1323 3486 1389 3547; x_wconf 88' lang='lat' dir='ltr'>suis</span> <span class='ocrx_word' id='word_1_229' title='bbox 1413 3485 1510 3549; x_wconf 89' lang='lat' dir='ltr'>armis</span> <span class='ocrx_word' id='word_1_230' title='bbox 1532 3508 1605 3552; x_wconf 89' lang='lat' dir='ltr'>esse</span> <span class='ocrx_word' id='word_1_231' title='bbox 1627 3490 1681 3553; x_wconf 91' lang='lat' dir='ltr'>de·</span> 
     </span>
     <span class='ocr_line' id='line_1_25' title="bbox 344 3574 1680 3664; baseline 0.001 -19"><span class='ocrx_word' id='word_1_232' title='bbox 344 3582 482 3655; x_wconf 76' lang='lat' dir='ltr'>sensam,</span> <span class='ocrx_word' id='word_1_233' title='bbox 513 3582 637 3664; x_wconf 87' lang='lat' dir='ltr'>sibique</span> <span class='ocrx_word' id='word_1_234' title='bbox 667 3599 719 3643; x_wconf 85' lang='lat' dir='ltr'>eas</span> <span class='ocrx_word' id='word_1_235' title='bbox 749 3595 838 3649; x_wconf 87' lang='lat' dir='ltr'>ares,</span> <span class='ocrx_word' id='word_1_236' title='bbox 870 3574 984 3658; x_wconf 88' lang='lat' dir='ltr'>quibus</span> <span class='ocrx_word' id='word_1_237' title='bbox 1012 3577 1194 3641; x_wconf 88' lang='lat' dir='ltr'>auctoribus</span> <span class='ocrx_word' id='word_1_238' title='bbox 1217 3576 1357 3641; x_wconf 84' lang='lat' dir='ltr'>officium</span> <span class='ocrx_word' id='word_1_239' title='bbox 1380 3584 1413 3641; x_wconf 90' lang='lat' dir='ltr'>et</span> <span class='ocrx_word' id='word_1_240' title='bbox 1434 3575 1528 3643; x_wconf 88' lang='lat' dir='ltr'>Iidem</span> <span class='ocrx_word' id='word_1_241' title='bbox 1551 3590 1680 3647; x_wconf 87' lang='lat' dir='ltr'>secutus</span> 
     </span>
     <span class='ocr_line' id='line_1_26' title="bbox 307 3669 1679 3756; baseline 0.003 -19"><span class='ocrx_word' id='word_1_242' title='bbox 307 3684 446 3748; x_wconf 86' lang='lat' dir='ltr'>ssesset,</span> <span class='ocrx_word' id='word_1_243' title='bbox 470 3677 551 3738; x_wconf 89' lang='lat' dir='ltr'>bene</span> <span class='ocrx_word' id='word_1_244' title='bbox 573 3673 791 3737; x_wconf 88' lang='lat' dir='ltr'>consuluisse:</span> <span class='ocrx_word' id='word_1_245' title='bbox 814 3669 1027 3751; x_wconf 78' lang='lat' dir='ltr'>antiquiorem</span> <span class='ocrx_word' id='word_1_246' title='bbox 1051 3672 1136 3734; x_wconf 91' lang='lat' dir='ltr'>enim</span> <span class='ocrx_word' id='word_1_247' title='bbox 1152 3672 1213 3736; x_wconf 89' lang='lat' dir='ltr'>sibi</span> <span class='ocrx_word' id='word_1_248' title='bbox 1227 3672 1326 3736; x_wconf 79' lang='lat' dir='ltr'>fuisse</span> <span class='ocrx_word' id='word_1_249' title='bbox 1340 3673 1599 3756; x_wconf 83' lang='lat' dir='ltr'>possessionibus</span> <span class='ocrx_word' id='word_1_250' title='bbox 1615 3674 1679 3742; x_wconf 84' lang='lat' dir='ltr'>suis</span> 
     </span>
     <span class='ocr_line' id='line_1_27' title="bbox 346 3757 1681 3851; baseline 0.003 -21"><span class='ocrx_word' id='word_1_251' title='bbox 346 3770 489 3851; x_wconf 87' lang='lat' dir='ltr'>gloriam.</span> <span class='ocrx_word' id='word_1_252' title='bbox 526 3768 583 3832; x_wconf 92' lang='lat' dir='ltr'>llle</span> <span class='ocrx_word' id='word_1_253' title='bbox 605 3767 682 3830; x_wconf 88' lang='lat' dir='ltr'>mihi</span> <span class='ocrx_word' id='word_1_254' title='bbox 705 3764 831 3828; x_wconf 85' lang='lat' dir='ltr'>videtur</span> <span class='ocrx_word' id='word_1_255' title='bbox 851 3764 948 3845; x_wconf 91' lang='lat' dir='ltr'>igitur</span> <span class='ocrx_word' id='word_1_256' title='bbox 969 3783 1042 3826; x_wconf 88' lang='lat' dir='ltr'>vere</span> <span class='ocrx_word' id='word_1_257' title='bbox 1064 3767 1223 3848; x_wconf 87' lang='lat' dir='ltr'>augurari.</span> <span class='ocrx_word' id='word_1_258' title='bbox 1257 3768 1335 3829; x_wconf 87' lang='lat' dir='ltr'>Nem</span> <span class='ocrx_word' id='word_1_259' title='bbox 1352 3767 1452 3830; x_wconf 89' lang='lat' dir='ltr'>nostri</span> <span class='ocrx_word' id='word_1_260' title='bbox 1468 3757 1600 3850; x_wconf 90' lang='lat' dir='ltr'>quidem</span> <span class='ocrx_word' id='word_1_261' title='bbox 1616 3790 1681 3835; x_wconf 90' lang='lat' dir='ltr'>ma·</span> 
     </span>
     <span class='ocr_line' id='line_1_28' title="bbox 346 3855 1680 3947; baseline 0.001 -20"><span class='ocrx_word' id='word_1_262' title='bbox 346 3865 494 3947; x_wconf 87' lang='lat' dir='ltr'>gistratus</span> <span class='ocrx_word' id='word_1_263' title='bbox 516 3862 667 3945; x_wconf 89' lang='lat' dir='ltr'>auspiciis</span> <span class='ocrx_word' id='word_1_264' title='bbox 689 3867 820 3923; x_wconf 90' lang='lat' dir='ltr'>utuntur</span> <span class='ocrx_word' id='word_1_265' title='bbox 841 3855 976 3930; x_wconf 88' lang='lat' dir='ltr'>coactis;</span> <span class='ocrx_word' id='word_1_266' title='bbox 1003 3877 1135 3922; x_wconf 89' lang='lat' dir='ltr'>necesse</span> <span class='ocrx_word' id='word_1_267' title='bbox 1158 3868 1206 3922; x_wconf 91' lang='lat' dir='ltr'>est</span> <span class='ocrx_word' id='word_1_268' title='bbox 1228 3860 1313 3923; x_wconf 88' lang='lat' dir='ltr'>enim</span> <span class='ocrx_word' id='word_1_269' title='bbox 1336 3859 1399 3921; x_wconf 80' lang='lat' dir='ltr'>oll&#39;a</span> <span class='ocrx_word' id='word_1_270' title='bbox 1421 3859 1544 3925; x_wconf 88' lang='lat' dir='ltr'>obiecta</span> <span class='ocrx_word' id='word_1_271' title='bbox 1566 3865 1680 3929; x_wconf 81' lang='lat' dir='ltr'>cadero</span> 
     </span>
     <span class='ocr_line' id='line_1_29' title="bbox 345 3949 1680 4040; baseline 0.003 -21"><span class='ocrx_word' id='word_1_272' title='bbox 345 3955 481 4019; x_wconf 80' lang='lat' dir='ltr'>frustum</span> <span class='ocrx_word' id='word_1_273' title='bbox 504 3978 545 4020; x_wconf 80' lang='lat' dir='ltr'>ex</span> <span class='ocrx_word' id='word_1_274' title='bbox 567 3956 647 4040; x_wconf 94' lang='lat' dir='ltr'>pulli</span> <span class='ocrx_word' id='word_1_275' title='bbox 669 3976 737 4028; x_wconf 90' lang='lat' dir='ltr'>ore,</span> <span class='ocrx_word' id='word_1_276' title='bbox 767 3973 837 4017; x_wconf 89' lang='lat' dir='ltr'>cum</span> <span class='ocrx_word' id='word_1_277' title='bbox 869 3950 1018 4032; x_wconf 88' lang='lat' dir='ltr'>pascitur.</span> <span class='ocrx_word' id='word_1_278' title='bbox 1063 3949 1115 4014; x_wconf 71' lang='lat'>28.</span> <span class='ocrx_word' id='word_1_279' title='bbox 1138 3953 1231 4027; x_wconf 86' lang='lat' dir='ltr'>Quod</span> <span class='ocrx_word' id='word_1_280' title='bbox 1254 3961 1358 4015; x_wconf 88' lang='lat' dir='ltr'>autem</span> <span class='ocrx_word' id='word_1_281' title='bbox 1381 3954 1532 4038; x_wconf 89' lang='lat' dir='ltr'>scriptum</span> <span class='ocrx_word' id='word_1_282' title='bbox 1556 3957 1680 4023; x_wconf 83' lang='lat' dir='ltr'>bebetis</span> 
     </span>
    </p>

    <p class='ocr_par' dir='ltr' id='par_1_8' title="bbox 306 4045 1680 4136">
     <span class='ocr_line' id='line_1_30' title="bbox 306 4045 1680 4136; baseline 0.001 -22"><span class='ocrx_word' id='word_1_283' title='bbox 306 4060 308 4063; x_wconf 83' lang='lat'>&#39;</span> <span class='ocrx_word' id='word_1_284' title='bbox 346 4052 396 4114; x_wconf 88' lang='lat' dir='ltr'>avi</span> <span class='ocrx_word' id='word_1_285' title='bbox 428 4052 600 4133; x_wconf 90' lang='lat' dir='ltr'>tripudium</span> <span class='ocrx_word' id='word_1_286' title='bbox 631 4047 713 4123; x_wconf 87' lang='lat' dir='ltr'>fieri,</span> <span class='ocrx_word' id='word_1_287' title='bbox 742 4050 769 4111; x_wconf 90' lang='lat' dir='ltr'>si</span> <span class='ocrx_word' id='word_1_288' title='bbox 798 4067 838 4110; x_wconf 80' lang='lat' dir='ltr'>en</span> <span class='ocrx_word' id='word_1_289' title='bbox 869 4064 906 4107; x_wconf 88' lang='lat' dir='ltr'>ea</span> <span class='ocrx_word' id='word_1_290' title='bbox 935 4046 1013 4126; x_wconf 90' lang='lat' dir='ltr'>quid</span> <span class='ocrx_word' id='word_1_291' title='bbox 1042 4048 1075 4109; x_wconf 94' lang='lat' dir='ltr'>in</span> <span class='ocrx_word' id='word_1_292' title='bbox 1099 4045 1234 4109; x_wconf 88' lang='lat' dir='ltr'>solidum</span> <span class='ocrx_word' id='word_1_293' title='bbox 1258 4046 1424 4121; x_wconf 88' lang='lat' dir='ltr'>ceciderit,</span> <span class='ocrx_word' id='word_1_294' title='bbox 1452 4050 1515 4112; x_wconf 93' lang='lat' dir='ltr'>hoc</span> <span class='ocrx_word' id='word_1_295' title='bbox 1538 4071 1680 4136; x_wconf 83' lang='lat' dir='ltr'>quoque,</span> 
     </span>
    </p>

    <p class='ocr_par' dir='ltr' id='par_1_9' title="bbox 308 4138 1680 4414">
     <span class='ocr_line' id='line_1_31' title="bbox 308 4138 1680 4229; baseline 0.002 -23"><span class='ocrx_word' id='word_1_296' title='bbox 308 4146 432 4229; x_wconf 79' lang='lat' dir='ltr'>eoquod</span> <span class='ocrx_word' id='word_1_297' title='bbox 458 4145 525 4207; x_wconf 81' lang='lat' dir='ltr'>dixi</span> <span class='ocrx_word' id='word_1_298' title='bbox 548 4155 708 4218; x_wconf 87' lang='lat' dir='ltr'>coactum,</span> <span class='ocrx_word' id='word_1_299' title='bbox 732 4140 906 4225; x_wconf 91' lang='lat' dir='ltr'>tripudium</span> <span class='ocrx_word' id='word_1_300' title='bbox 929 4138 1119 4203; x_wconf 81' lang='lat' dir='ltr'>solistimum</span> <span class='ocrx_word' id='word_1_301' title='bbox 1141 4141 1255 4204; x_wconf 82' lang='lat' dir='ltr'>dicitis.</span> <span class='ocrx_word' id='word_1_302' title='bbox 1290 4141 1401 4222; x_wconf 88' lang='lat' dir='ltr'>Itaque</span> <span class='ocrx_word' id='word_1_303' title='bbox 1424 4143 1522 4205; x_wconf 90' lang='lat' dir='ltr'>mulla</span> <span class='ocrx_word' id='word_1_304' title='bbox 1538 4147 1680 4227; x_wconf 87' lang='lat' dir='ltr'>auguria,</span> 
     </span>
     <span class='ocr_line' id='line_1_32' title="bbox 348 4232 1680 4321; baseline 0 -20"><span class='ocrx_word' id='word_1_305' title='bbox 348 4242 445 4302; x_wconf 89' lang='lat' dir='ltr'>multa</span> <span class='ocrx_word' id='word_1_306' title='bbox 476 4241 633 4321; x_wconf 90' lang='lat' dir='ltr'>auspicia,</span> <span class='ocrx_word' id='word_1_307' title='bbox 666 4239 751 4321; x_wconf 90' lang='lat' dir='ltr'>quod</span> <span class='ocrx_word' id='word_1_308' title='bbox 784 4237 860 4299; x_wconf 86' lang='lat' dir='ltr'>Cato</span> <span class='ocrx_word' id='word_1_309' title='bbox 890 4232 945 4294; x_wconf 89' lang='lat' dir='ltr'>ille</span> <span class='ocrx_word' id='word_1_310' title='bbox 974 4235 1101 4316; x_wconf 87' lang='lat' dir='ltr'>sapiens</span> <span class='ocrx_word' id='word_1_311' title='bbox 1132 4235 1291 4317; x_wconf 89' lang='lat' dir='ltr'>queritur,</span> <span class='ocrx_word' id='word_1_312' title='bbox 1323 4234 1523 4317; x_wconf 89' lang='lat' dir='ltr'>neglegentia</span> <span class='ocrx_word' id='word_1_313' title='bbox 1553 4238 1680 4320; x_wconf 88' lang='lat' dir='ltr'>collegii</span> 
     </span>
     <span class='ocr_line' id='line_1_33' title="bbox 347 4332 881 4414; baseline -0.013 -19"><span class='ocrx_word' id='word_1_314' title='bbox 347 4334 462 4395; x_wconf 87' lang='lat' dir='ltr'>amissa</span> <span class='ocrx_word' id='word_1_315' title='bbox 484 4334 577 4414; x_wconf 90' lang='lat' dir='ltr'>plane</span> <span class='ocrx_word' id='word_1_316' title='bbox 600 4340 631 4394; x_wconf 93' lang='lat' dir='ltr'>et</span> <span class='ocrx_word' id='word_1_317' title='bbox 653 4332 777 4394; x_wconf 89' lang='lat' dir='ltr'>deserta</span> <span class='ocrx_word' id='word_1_318' title='bbox 800 4340 881 4393; x_wconf 88' lang='lat' dir='ltr'>sunt.</span> 
     </span>
    </p>

    <p class='ocr_par' dir='ltr' id='par_1_10' title="bbox 347 4423 1681 4603">
     <span class='ocr_line' id='line_1_34' title="bbox 433 4423 1681 4510; baseline 0.002 -23"><span class='ocrx_word' id='word_1_319' title='bbox 433 4427 514 4489; x_wconf 86' lang='lat' dir='ltr'>xvt.</span> <span class='ocrx_word' id='word_1_320' title='bbox 538 4426 622 4488; x_wconf 89' lang='lat' dir='ltr'>Nihil</span> <span class='ocrx_word' id='word_1_321' title='bbox 644 4426 711 4489; x_wconf 81' lang='lat' dir='ltr'>lere</span> <span class='ocrx_word' id='word_1_322' title='bbox 734 4427 893 4509; x_wconf 83' lang='lat' dir='ltr'>quondam</span> <span class='ocrx_word' id='word_1_323' title='bbox 917 4423 1045 4486; x_wconf 88' lang='lat' dir='ltr'>maioris</span> <span class='ocrx_word' id='word_1_324' title='bbox 1068 4423 1114 4486; x_wconf 89' lang='lat' dir='ltr'>rei</span> <span class='ocrx_word' id='word_1_325' title='bbox 1137 4423 1198 4486; x_wconf 90' lang='lat' dir='ltr'>nisi</span> <span class='ocrx_word' id='word_1_326' title='bbox 1216 4426 1377 4507; x_wconf 89' lang='lat' dir='ltr'>auspicato</span> <span class='ocrx_word' id='word_1_327' title='bbox 1395 4444 1434 4486; x_wconf 93' lang='lat' dir='ltr'>ne</span> <span class='ocrx_word' id='word_1_328' title='bbox 1449 4424 1595 4506; x_wconf 86' lang='lat' dir='ltr'>privatim</span> <span class='ocrx_word' id='word_1_329' title='bbox 1613 4425 1681 4510; x_wconf 86' lang='lat' dir='ltr'>qui·</span> 
     </span>
     <span class='ocr_line' id='line_1_35' title="bbox 347 4517 1680 4603; baseline -0.002 -19"><span class='ocrx_word' id='word_1_330' title='bbox 347 4523 419 4584; x_wconf 90' lang='lat' dir='ltr'>dem</span> <span class='ocrx_word' id='word_1_331' title='bbox 441 4520 620 4603; x_wconf 87' lang='lat' dir='ltr'>gerebatur,</span> <span class='ocrx_word' id='word_1_332' title='bbox 650 4519 735 4602; x_wconf 90' lang='lat' dir='ltr'>quod</span> <span class='ocrx_word' id='word_1_333' title='bbox 760 4523 854 4582; x_wconf 88' lang='lat' dir='ltr'>etiam</span> <span class='ocrx_word' id='word_1_334' title='bbox 878 4540 962 4581; x_wconf 92' lang='lat' dir='ltr'>nunc</span> <span class='ocrx_word' id='word_1_335' title='bbox 988 4517 1168 4600; x_wconf 87' lang='lat' dir='ltr'>nuptiarum</span> <span class='ocrx_word' id='word_1_336' title='bbox 1191 4519 1338 4601; x_wconf 88' lang='lat' dir='ltr'>auspices</span> <span class='ocrx_word' id='word_1_337' title='bbox 1361 4519 1538 4590; x_wconf 86' lang='lat' dir='ltr'>declarant,</span> <span class='ocrx_word' id='word_1_338' title='bbox 1568 4520 1680 4601; x_wconf 87' lang='lat' dir='ltr'>quire</span> 
     </span>
    </p>
   </div>
   <div class='ocr_carea' id='block_1_3' title="bbox 342 4758 1682 5953">
    <p class='ocr_par' dir='ltr' id='par_1_11' title="bbox 342 4758 1682 5953">
     <span class='ocr_line' id='line_1_36' title="bbox 413 4758 1679 4836; baseline 0.001 -23"><span class='ocrx_word' id='word_1_339' title='bbox 413 4767 435 4816; x_wconf 94' lang='grc'>4.</span> <span class='ocrx_word' id='word_1_340' title='bbox 455 4767 537 4815; x_wconf 86' lang='lat' dir='ltr'>autA</span> <span class='ocrx_word' id='word_1_341' title='bbox 555 4778 624 4815; x_wconf 86' lang='lat' dir='ltr'>corr.</span> <span class='ocrx_word' id='word_1_342' title='bbox 644 4778 675 4814; x_wconf 83' lang='lat' dir='ltr'>er</span> <span class='ocrx_word' id='word_1_343' title='bbox 694 4770 721 4814; x_wconf 85' lang='lat' dir='ltr'>at</span> <span class='ocrx_word' id='word_1_344' title='bbox 739 4790 765 4800; x_wconf 96' lang='lat'><em>-</em></span> <span class='ocrx_word' id='word_1_345' title='bbox 785 4765 962 4836; x_wconf 33' lang='lat' dir='ltr'>impert-ctorem</span> <span class='ocrx_word' id='word_1_346' title='bbox 981 4763 1009 4813; x_wconf 71' lang='grc' dir='ltr'>Ηι</span> <span class='ocrx_word' id='word_1_347' title='bbox 1026 4788 1051 4798; x_wconf 97' lang='grc'><strong>-</strong></span> <span class='ocrx_word' id='word_1_348' title='bbox 1072 4764 1096 4812; x_wconf 72' lang='lat'>2.</span> <span class='ocrx_word' id='word_1_349' title='bbox 1115 4764 1164 4824; x_wconf 75' lang='lat' dir='ltr'>suit</span> <span class='ocrx_word' id='word_1_350' title='bbox 1180 4758 1209 4812; x_wconf 85' lang='lat'>13¹</span> <span class='ocrx_word' id='word_1_351' title='bbox 1229 4788 1255 4799; x_wconf 93' lang='lat'><em>-</em></span> <span class='ocrx_word' id='word_1_352' title='bbox 1276 4762 1299 4812; x_wconf 88' lang='grc'>3.</span> <span class='ocrx_word' id='word_1_353' title='bbox 1318 4764 1459 4826; x_wconf 83' lang='lat' dir='ltr'>generanda</span> <span class='ocrx_word' id='word_1_354' title='bbox 1476 4763 1497 4814; x_wconf 87' lang='lat' dir='ltr'>H</span> <span class='ocrx_word' id='word_1_355' title='bbox 1513 4789 1540 4800; x_wconf 92' lang='lat'>-</span> <span class='ocrx_word' id='word_1_356' title='bbox 1560 4764 1605 4815; x_wconf 78' lang='lat' dir='ltr'>tu.</span> <span class='ocrx_word' id='word_1_357' title='bbox 1619 4778 1679 4830; x_wconf 86' lang='lat' dir='ltr'>sup.</span> 
     </span>
     <span class='ocr_line' id='line_1_37' title="bbox 345 4835 1682 4902; baseline -0.002 -11"><span class='ocrx_word' id='word_1_358' title='bbox 345 4842 390 4893; x_wconf 88' lang='lat' dir='ltr'>lin.</span> <span class='ocrx_word' id='word_1_359' title='bbox 410 4843 428 4890; x_wconf 84' lang='lat' dir='ltr'>lt</span> <span class='ocrx_word' id='word_1_360' title='bbox 450 4867 474 4877; x_wconf 93' lang='lat'><em>-</em></span> <span class='ocrx_word' id='word_1_361' title='bbox 496 4843 520 4890; x_wconf 82' lang='lat'>5.</span> <span class='ocrx_word' id='word_1_362' title='bbox 539 4855 626 4902; x_wconf 75' lang='lat' dir='ltr'>omsp.</span> <span class='ocrx_word' id='word_1_363' title='bbox 646 4841 696 4890; x_wconf 82' lang='grc' dir='ltr'>ΒΗ</span> <span class='ocrx_word' id='word_1_364' title='bbox 717 4868 743 4876; x_wconf 83' lang='grc'>-</span> <span class='ocrx_word' id='word_1_365' title='bbox 769 4840 900 4902; x_wconf 81' lang='lat' dir='ltr'>opinabilis</span> <span class='ocrx_word' id='word_1_366' title='bbox 922 4837 1037 4888; x_wconf 84' lang='lat' dir='ltr'>eiciebat</span> <span class='ocrx_word' id='word_1_367' title='bbox 1054 4835 1192 4896; x_wconf 86' lang='lat' dir='ltr'>Davisius;</span> <span class='ocrx_word' id='word_1_368' title='bbox 1218 4839 1275 4901; x_wconf 88' lang='lat' dir='ltr'>ipse</span> <span class='ocrx_word' id='word_1_369' title='bbox 1292 4838 1332 4887; x_wconf 89' lang='lat' dir='ltr'>sic</span> <span class='ocrx_word' id='word_1_370' title='bbox 1352 4839 1529 4901; x_wconf 86' lang='lat' dir='ltr'>interpretor:</span> <span class='ocrx_word' id='word_1_371' title='bbox 1554 4840 1682 4901; x_wconf 75' lang='lat' dir='ltr'>omotages</span> 
     </span>
     <span class='ocr_line' id='line_1_38' title="bbox 345 4914 1677 4977; baseline -0.002 -12"><span class='ocrx_word' id='word_1_372' title='bbox 345 4916 467 4966; x_wconf 83' lang='lat' dir='ltr'>diuinatio</span> <span class='ocrx_word' id='word_1_373' title='bbox 488 4916 620 4975; x_wconf 85' lang='lat' dir='ltr'>opinabilis</span> <span class='ocrx_word' id='word_1_374' title='bbox 641 4921 682 4964; x_wconf 81' lang='lat' dir='ltr'>est.</span> <span class='ocrx_word' id='word_1_375' title='bbox 703 4941 736 4950; x_wconf 93' lang='lat'>—</span> <span class='ocrx_word' id='word_1_376' title='bbox 759 4916 783 4964; x_wconf 87' lang='grc'>6.</span> <span class='ocrx_word' id='word_1_377' title='bbox 801 4917 907 4977; x_wconf 77' lang='lat' dir='ltr'>fortasse</span> <span class='ocrx_word' id='word_1_378' title='bbox 928 4927 982 4963; x_wconf 87' lang='lat' dir='ltr'>om.</span> <span class='ocrx_word' id='word_1_379' title='bbox 1003 4916 1023 4964; x_wconf 94' lang='grc' dir='ltr'><strong><em>Η</em></strong></span> <span class='ocrx_word' id='word_1_380' title='bbox 1051 4944 1074 4951; x_wconf 94' lang='grc'><strong>-</strong></span> <span class='ocrx_word' id='word_1_381' title='bbox 1100 4919 1124 4966; x_wconf 84' lang='grc'>7.</span> <span class='ocrx_word' id='word_1_382' title='bbox 1144 4930 1161 4964; x_wconf 88' lang='lat' dir='ltr'>a</span> <span class='ocrx_word' id='word_1_383' title='bbox 1180 4915 1288 4963; x_wconf 81' lang='lat' dir='ltr'>ueritate</span> <span class='ocrx_word' id='word_1_384' title='bbox 1304 4914 1448 4975; x_wconf 83' lang='lat' dir='ltr'>saepissime</span> <span class='ocrx_word' id='word_1_385' title='bbox 1464 4915 1585 4977; x_wconf 76' lang='lat' dir='ltr'>dirigitur</span> <span class='ocrx_word' id='word_1_386' title='bbox 1601 4915 1634 4962; x_wconf 84' lang='lat' dir='ltr'>V¹</span> <span class='ocrx_word' id='word_1_387' title='bbox 1651 4939 1677 4951; x_wconf 90' lang='lat'>-·</span> 
     </span>
     <span class='ocr_line' id='line_1_39' title="bbox 345 4986 1678 5055; baseline -0.002 -13"><span class='ocrx_word' id='word_1_388' title='bbox 345 4992 368 5042; x_wconf 89' lang='lat'>8.</span> <span class='ocrx_word' id='word_1_389' title='bbox 388 4993 460 5040; x_wconf 89' lang='lat' dir='ltr'>modo</span> <span class='ocrx_word' id='word_1_390' title='bbox 477 5005 535 5055; x_wconf 92' lang='lat' dir='ltr'>sup.</span> <span class='ocrx_word' id='word_1_391' title='bbox 557 4990 599 5041; x_wconf 90' lang='lat' dir='ltr'>lin.</span> <span class='ocrx_word' id='word_1_392' title='bbox 620 4993 640 5041; x_wconf 94' lang='grc' dir='ltr'><strong><em>Η</em></strong></span> <span class='ocrx_word' id='word_1_393' title='bbox 662 5018 687 5027; x_wconf 90' lang='grc'>-</span> <span class='ocrx_word' id='word_1_394' title='bbox 707 4992 731 5040; x_wconf 91' lang='grc'>9.</span> <span class='ocrx_word' id='word_1_395' title='bbox 751 4991 843 5039; x_wconf 75' lang='lat' dir='ltr'>bledein</span> <span class='ocrx_word' id='word_1_396' title='bbox 860 4986 898 5048; x_wconf 77' lang='lat'>3¹,</span> <span class='ocrx_word' id='word_1_397' title='bbox 917 4991 1004 5038; x_wconf 75' lang='lat' dir='ltr'>iisdem</span> <span class='ocrx_word' id='word_1_398' title='bbox 1022 4992 1041 5039; x_wconf 97' lang='lat'>0</span> <span class='ocrx_word' id='word_1_399' title='bbox 1062 5020 1087 5028; x_wconf 91' lang='lat'>-</span> <span class='ocrx_word' id='word_1_400' title='bbox 1112 4998 1170 5041; x_wconf 83' lang='lat' dir='ltr'>auls</span> <span class='ocrx_word' id='word_1_401' title='bbox 1187 4991 1290 5052; x_wconf 74' lang='lat' dir='ltr'>egressis</span> <span class='ocrx_word' id='word_1_402' title='bbox 1310 4992 1329 5039; x_wconf 99' lang='grc' dir='ltr'><strong><em>Η</em></strong></span> <span class='ocrx_word' id='word_1_403' title='bbox 1350 5013 1375 5025; x_wconf 90' lang='grc'>-</span> <span class='ocrx_word' id='word_1_404' title='bbox 1398 4991 1438 5037; x_wconf 94' lang='grc'>44.</span> <span class='ocrx_word' id='word_1_405' title='bbox 1456 5002 1517 5038; x_wconf 85' lang='lat' dir='ltr'>uero</span> <span class='ocrx_word' id='word_1_406' title='bbox 1535 5003 1589 5040; x_wconf 88' lang='lat' dir='ltr'>om.</span> <span class='ocrx_word' id='word_1_407' title='bbox 1611 4991 1632 5040; x_wconf 88' lang='lat' dir='ltr'>H</span> <span class='ocrx_word' id='word_1_408' title='bbox 1651 5016 1678 5025; x_wconf 90' lang='lat'><em>-</em></span> 
     </span>
     <span class='ocr_line' id='line_1_40' title="bbox 346 5063 1681 5128; baseline -0.001 -13"><span class='ocrx_word' id='word_1_409' title='bbox 346 5065 385 5115; x_wconf 81' lang='grc'>43.</span> <span class='ocrx_word' id='word_1_410' title='bbox 405 5066 476 5113; x_wconf 85' lang='lat' dir='ltr'>luciis</span> <span class='ocrx_word' id='word_1_411' title='bbox 492 5067 528 5123; x_wconf 83' lang='lat' dir='ltr'>A,</span> <span class='ocrx_word' id='word_1_412' title='bbox 552 5067 616 5114; x_wconf 87' lang='lat' dir='ltr'>liciis</span> <span class='ocrx_word' id='word_1_413' title='bbox 633 5063 724 5114; x_wconf 86' lang='lat' dir='ltr'>BllV¹</span> <span class='ocrx_word' id='word_1_414' title='bbox 744 5091 770 5099; x_wconf 71' lang='lat'>=</span> <span class='ocrx_word' id='word_1_415' title='bbox 796 5066 836 5114; x_wconf 83' lang='grc'>45.</span> <span class='ocrx_word' id='word_1_416' title='bbox 855 5066 981 5125; x_wconf 81' lang='lat' dir='ltr'>quondam</span> <span class='ocrx_word' id='word_1_417' title='bbox 1000 5066 1020 5113; x_wconf 91' lang='lat' dir='ltr'>ll</span> <span class='ocrx_word' id='word_1_418' title='bbox 1041 5093 1067 5101; x_wconf 90' lang='lat'><em>-</em></span> <span class='ocrx_word' id='word_1_419' title='bbox 1089 5068 1128 5117; x_wconf 86' lang='grc'>49,</span> <span class='ocrx_word' id='word_1_420' title='bbox 1150 5066 1243 5127; x_wconf 81' lang='lat' dir='ltr'>Quoius</span> <span class='ocrx_word' id='word_1_421' title='bbox 1260 5065 1279 5113; x_wconf 87' lang='lat' dir='ltr'>B</span> <span class='ocrx_word' id='word_1_422' title='bbox 1301 5092 1326 5101; x_wconf 92' lang='lat'><em>-</em></span> <span class='ocrx_word' id='word_1_423' title='bbox 1350 5065 1391 5113; x_wconf 76' lang='lat'>20.</span> <span class='ocrx_word' id='word_1_424' title='bbox 1410 5064 1549 5113; x_wconf 83' lang='lat' dir='ltr'>tetrarchia</span> <span class='ocrx_word' id='word_1_425' title='bbox 1564 5068 1588 5113; x_wconf 83' lang='lat' dir='ltr'>st</span> <span class='ocrx_word' id='word_1_426' title='bbox 1603 5077 1681 5128; x_wconf 79' lang='lat' dir='ltr'>regno</span> 
     </span>
     <span class='ocr_line' id='line_1_41' title="bbox 345 5138 1678 5203; baseline 0 -13"><span class='ocrx_word' id='word_1_427' title='bbox 345 5141 465 5190; x_wconf 86' lang='lat' dir='ltr'>Davisius</span> <span class='ocrx_word' id='word_1_428' title='bbox 483 5139 549 5195; x_wconf 82' lang='lat' dir='ltr'>lcoll.</span> <span class='ocrx_word' id='word_1_429' title='bbox 565 5143 585 5189; x_wconf 97' lang='lat' dir='ltr'>ll</span> <span class='ocrx_word' id='word_1_430' title='bbox 605 5141 620 5203; x_wconf 84' lang='lat'>5</span> <span class='ocrx_word' id='word_1_431' title='bbox 638 5141 669 5188; x_wconf 80' lang='lat'>79</span> <span class='ocrx_word' id='word_1_432' title='bbox 687 5143 714 5188; x_wconf 86' lang='lat' dir='ltr'>ot</span> <span class='ocrx_word' id='word_1_433' title='bbox 730 5152 769 5187; x_wconf 88' lang='lat' dir='ltr'>or.</span> <span class='ocrx_word' id='word_1_434' title='bbox 790 5138 852 5187; x_wconf 85' lang='lat' dir='ltr'>Phil.</span> <span class='ocrx_word' id='word_1_435' title='bbox 868 5140 888 5186; x_wconf 94' lang='lat' dir='ltr'>ll</span> <span class='ocrx_word' id='word_1_436' title='bbox 908 5138 922 5201; x_wconf 98' lang='lat'>5</span> <span class='ocrx_word' id='word_1_437' title='bbox 941 5138 998 5198; x_wconf 73' lang='lat' dir='ltr'>bit:</span> <span class='ocrx_word' id='word_1_438' title='bbox 1017 5142 1169 5190; x_wconf 83' lang='lat' dir='ltr'>tetrarchiae</span> <span class='ocrx_word' id='word_1_439' title='bbox 1185 5153 1262 5203; x_wconf 80' lang='lat' dir='ltr'>reguo</span> <span class='ocrx_word' id='word_1_440' title='bbox 1280 5140 1314 5196; x_wconf 83' lang='lat' dir='ltr'>C,</span> <span class='ocrx_word' id='word_1_441' title='bbox 1333 5139 1483 5200; x_wconf 77' lang='lat' dir='ltr'>tetrarchia,</span> <span class='ocrx_word' id='word_1_442' title='bbox 1501 5152 1580 5202; x_wconf 77' lang='lat' dir='ltr'>reguo</span> <span class='ocrx_word' id='word_1_443' title='bbox 1596 5140 1678 5190; x_wconf 79' lang='lat' dir='ltr'>illota.</span> 
     </span>
     <span class='ocr_line' id='line_1_42' title="bbox 346 5214 1678 5278; baseline 0 -13"><span class='ocrx_word' id='word_1_444' title='bbox 346 5244 373 5253; x_wconf 94' lang='lat'>-</span> <span class='ocrx_word' id='word_1_445' title='bbox 392 5219 432 5266; x_wconf 71' lang='grc'>44.</span> <span class='ocrx_word' id='word_1_446' title='bbox 452 5230 537 5266; x_wconf 87' lang='lat' dir='ltr'>sorum</span> <span class='ocrx_word' id='word_1_447' title='bbox 558 5228 612 5264; x_wconf 85' lang='lat' dir='ltr'>orn.</span> <span class='ocrx_word' id='word_1_448' title='bbox 633 5216 652 5264; x_wconf 88' lang='lat' dir='ltr'>H</span> <span class='ocrx_word' id='word_1_449' title='bbox 678 5241 704 5250; x_wconf 96' lang='lat'>-</span> <span class='ocrx_word' id='word_1_450' title='bbox 728 5215 768 5262; x_wconf 74' lang='lat' dir='ltr'>bi.</span> <span class='ocrx_word' id='word_1_451' title='bbox 788 5214 891 5261; x_wconf 81' lang='lat' dir='ltr'>secunde</span> <span class='ocrx_word' id='word_1_452' title='bbox 913 5217 1027 5262; x_wconf 78' lang='lat' dir='ltr'>uenerias</span> <span class='ocrx_word' id='word_1_453' title='bbox 1050 5216 1109 5264; x_wconf 85' lang='lat' dir='ltr'>BV¹</span> <span class='ocrx_word' id='word_1_454' title='bbox 1135 5243 1161 5252; x_wconf 87' lang='lat'><em>-</em></span> <span class='ocrx_word' id='word_1_455' title='bbox 1183 5215 1345 5278; x_wconf 73' lang='lat' dir='ltr'>poenituro</span> <span class='ocrx_word' id='word_1_456' title='bbox 1372 5242 1398 5251; x_wconf 95' lang='lat'><em>-</em></span> <span class='ocrx_word' id='word_1_457' title='bbox 1427 5215 1466 5265; x_wconf 80' lang='lat' dir='ltr'>it.</span> <span class='ocrx_word' id='word_1_458' title='bbox 1485 5215 1593 5278; x_wconf 68' lang='lat' dir='ltr'>offitium</span> <span class='ocrx_word' id='word_1_459' title='bbox 1609 5218 1631 5265; x_wconf 98' lang='lat' dir='ltr'>A</span> <span class='ocrx_word' id='word_1_460' title='bbox 1650 5240 1678 5253; x_wconf 86' lang='lat'>-</span> 
     </span>
     <span class='ocr_line' id='line_1_43' title="bbox 343 5286 1681 5353; baseline 0 -13"><span class='ocrx_word' id='word_1_461' title='bbox 343 5294 383 5342; x_wconf 75' lang='lat'>25.</span> <span class='ocrx_word' id='word_1_462' title='bbox 402 5292 542 5341; x_wconf 86' lang='lat' dir='ltr'>coluissall</span> <span class='ocrx_word' id='word_1_463' title='bbox 565 5316 590 5325; x_wconf 91' lang='lat'>—</span> <span class='ocrx_word' id='word_1_464' title='bbox 617 5289 657 5336; x_wconf 73' lang='lat'>26.</span> <span class='ocrx_word' id='word_1_465' title='bbox 676 5286 744 5349; x_wconf 82' lang='lat' dir='ltr'>mihi]</span> <span class='ocrx_word' id='word_1_466' title='bbox 763 5287 839 5334; x_wconf 80' lang='lat' dir='ltr'>nichil</span> <span class='ocrx_word' id='word_1_467' title='bbox 856 5289 876 5336; x_wconf 93' lang='lat' dir='ltr'>ll</span> <span class='ocrx_word' id='word_1_468' title='bbox 898 5315 923 5321; x_wconf 91' lang='lat'>-</span> <span class='ocrx_word' id='word_1_469' title='bbox 948 5290 1083 5350; x_wconf 74' lang='lat' dir='ltr'>augurIari</span> <span class='ocrx_word' id='word_1_470' title='bbox 1101 5291 1122 5339; x_wconf 92' lang='grc' dir='ltr'><strong><em>Η</em></strong></span> <span class='ocrx_word' id='word_1_471' title='bbox 1142 5316 1167 5326; x_wconf 96' lang='grc'>-</span> <span class='ocrx_word' id='word_1_472' title='bbox 1193 5291 1233 5338; x_wconf 75' lang='lat'>28.</span> <span class='ocrx_word' id='word_1_473' title='bbox 1253 5290 1371 5338; x_wconf 80' lang='lat' dir='ltr'>scribtum</span> <span class='ocrx_word' id='word_1_474' title='bbox 1388 5291 1456 5346; x_wconf 82' lang='lat' dir='ltr'>A,-</span> <span class='ocrx_word' id='word_1_475' title='bbox 1475 5291 1516 5340; x_wconf 72' lang='lat'>29.</span> <span class='ocrx_word' id='word_1_476' title='bbox 1536 5292 1581 5340; x_wconf 83' lang='lat' dir='ltr'>ussi</span> <span class='ocrx_word' id='word_1_477' title='bbox 1597 5292 1681 5353; x_wconf 75' lang='lat' dir='ltr'>tripu·</span> 
     </span>
     <span class='ocr_line' id='line_1_44' title="bbox 342 5362 1680 5427; baseline 0.001 -13"><span class='ocrx_word' id='word_1_478' title='bbox 342 5367 412 5414; x_wconf 86' lang='lat' dir='ltr'>dium</span> <span class='ocrx_word' id='word_1_479' title='bbox 428 5364 568 5414; x_wconf 87' lang='lat' dir='ltr'>Turnebus</span> <span class='ocrx_word' id='word_1_480' title='bbox 587 5363 706 5425; x_wconf 77' lang='lat' dir='ltr'>(Adicis.</span> <span class='ocrx_word' id='word_1_481' title='bbox 726 5362 756 5421; x_wconf 84' lang='lat' dir='ltr'>V,</span> <span class='ocrx_word' id='word_1_482' title='bbox 775 5362 820 5411; x_wconf 74' lang='lat'>20:</span> <span class='ocrx_word' id='word_1_483' title='bbox 840 5363 873 5411; x_wconf 38' lang='lat' dir='ltr'>cl&gt;</span> <span class='ocrx_word' id='word_1_484' title='bbox 894 5363 958 5413; x_wconf 84' lang='lat' dir='ltr'>inira</span> <span class='ocrx_word' id='word_1_485' title='bbox 978 5367 998 5414; x_wconf 92' lang='lat' dir='ltr'>ll</span> <span class='ocrx_word' id='word_1_486' title='bbox 1016 5365 1030 5427; x_wconf 91' lang='lat'>5</span> <span class='ocrx_word' id='word_1_487' title='bbox 1048 5366 1106 5426; x_wconf 70' lang='lat'>731:</span> <span class='ocrx_word' id='word_1_488' title='bbox 1126 5369 1171 5414; x_wconf 88' lang='lat' dir='ltr'>aut</span> <span class='ocrx_word' id='word_1_489' title='bbox 1189 5365 1252 5425; x_wconf 82' lang='lat' dir='ltr'>(binc</span> <span class='ocrx_word' id='word_1_490' title='bbox 1270 5363 1308 5425; x_wconf 74' lang='lat' dir='ltr'>V²i</span> <span class='ocrx_word' id='word_1_491' title='bbox 1326 5365 1464 5425; x_wconf 86' lang='lat' dir='ltr'>tripudium</span> <span class='ocrx_word' id='word_1_492' title='bbox 1482 5366 1519 5424; x_wconf 89' lang='lat' dir='ltr'>C,</span> <span class='ocrx_word' id='word_1_493' title='bbox 1539 5371 1585 5415; x_wconf 86' lang='lat' dir='ltr'>aut</span> <span class='ocrx_word' id='word_1_494' title='bbox 1602 5366 1680 5415; x_wconf 85' lang='lat' dir='ltr'>eiecit</span> 
     </span>
     <span class='ocr_line' id='line_1_45' title="bbox 343 5436 1677 5506; baseline -0.001 -15"><span class='ocrx_word' id='word_1_495' title='bbox 343 5441 443 5491; x_wconf 89' lang='lat' dir='ltr'>Ocum</span> <span class='ocrx_word' id='word_1_496' title='bbox 462 5440 596 5494; x_wconf 83' lang='lat' dir='ltr'>Ernestio;</span> <span class='ocrx_word' id='word_1_497' title='bbox 620 5437 678 5488; x_wconf 84' lang='lat' dir='ltr'>tort.</span> <span class='ocrx_word' id='word_1_498' title='bbox 698 5436 845 5485; x_wconf 84' lang='lat' dir='ltr'>solistimum</span> <span class='ocrx_word' id='word_1_499' title='bbox 867 5441 910 5486; x_wconf 85' lang='lat' dir='ltr'>aui</span> <span class='ocrx_word' id='word_1_500' title='bbox 933 5440 1005 5499; x_wconf 82' lang='lat' dir='ltr'>rrip.;</span> <span class='ocrx_word' id='word_1_501' title='bbox 1029 5439 1119 5491; x_wconf 87' lang='lat' dir='ltr'>verbis</span> <span class='ocrx_word' id='word_1_502' title='bbox 1144 5441 1215 5490; x_wconf 89' lang='lat' dir='ltr'>enirn</span> <span class='ocrx_word' id='word_1_503' title='bbox 1239 5439 1415 5501; x_wconf 87' lang='lat' dir='ltr'>sequentibus</span> <span class='ocrx_word' id='word_1_504' title='bbox 1438 5440 1531 5490; x_wconf 88' lang='lat' dir='ltr'>Cicero</span> <span class='ocrx_word' id='word_1_505' title='bbox 1555 5439 1677 5506; x_wconf 80' lang='lat' dir='ltr'>explicat,</span> 
     </span>
     <span class='ocr_line' id='line_1_46' title="bbox 343 5511 1680 5579; baseline 0.002 -16"><span class='ocrx_word' id='word_1_506' title='bbox 343 5528 391 5564; x_wconf 87' lang='lat' dir='ltr'>cur</span> <span class='ocrx_word' id='word_1_507' title='bbox 409 5515 460 5563; x_wconf 90' lang='lat' dir='ltr'>hoc</span> <span class='ocrx_word' id='word_1_508' title='bbox 477 5514 616 5575; x_wconf 87' lang='lat' dir='ltr'>augurium</span> <span class='ocrx_word' id='word_1_509' title='bbox 634 5511 792 5561; x_wconf 82' lang='lat' dir='ltr'>solistimum</span> <span class='ocrx_word' id='word_1_510' title='bbox 811 5517 991 5575; x_wconf 89' lang='lat' dir='ltr'>nuncupatum</span> <span class='ocrx_word' id='word_1_511' title='bbox 1010 5517 1057 5572; x_wconf 85' lang='lat' dir='ltr'>sit,</span> <span class='ocrx_word' id='word_1_512' title='bbox 1076 5529 1138 5565; x_wconf 89' lang='lat' dir='ltr'>curn</span> <span class='ocrx_word' id='word_1_513' title='bbox 1153 5515 1266 5565; x_wconf 85' lang='lat' dir='ltr'>alterum</span> <span class='ocrx_word' id='word_1_514' title='bbox 1284 5515 1363 5564; x_wconf 88' lang='lat' dir='ltr'>luerit</span> <span class='ocrx_word' id='word_1_515' title='bbox 1379 5528 1463 5577; x_wconf 84' lang='lat' dir='ltr'>genus</span> <span class='ocrx_word' id='word_1_516' title='bbox 1481 5515 1588 5579; x_wconf 88' lang='lat' dir='ltr'>tripudii</span> <span class='ocrx_word' id='word_1_517' title='bbox 1606 5518 1680 5567; x_wconf 89' lang='lat' dir='ltr'>soni·</span> 
     </span>
     <span class='ocr_line' id='line_1_47' title="bbox 343 5587 1679 5652; baseline 0.001 -15"><span class='ocrx_word' id='word_1_518' title='bbox 343 5592 430 5642; x_wconf 79' lang='lat' dir='ltr'>vium:</span> <span class='ocrx_word' id='word_1_519' title='bbox 450 5602 474 5637; x_wconf 85' lang='lat' dir='ltr'>v.</span> <span class='ocrx_word' id='word_1_520' title='bbox 489 5590 594 5638; x_wconf 86' lang='lat' dir='ltr'>Festum</span> <span class='ocrx_word' id='word_1_521' title='bbox 613 5602 634 5637; x_wconf 90' lang='lat' dir='ltr'>s.</span> <span class='ocrx_word' id='word_1_522' title='bbox 650 5601 673 5635; x_wconf 87' lang='lat' dir='ltr'>v.</span> <span class='ocrx_word' id='word_1_523' title='bbox 691 5613 716 5620; x_wconf 99' lang='lat'><em>-</em></span> <span class='ocrx_word' id='word_1_524' title='bbox 737 5587 843 5635; x_wconf 86' lang='lat' dir='ltr'>sotidum</span> <span class='ocrx_word' id='word_1_525' title='bbox 861 5589 959 5636; x_wconf 85' lang='lat' dir='ltr'>Allv:</span> <span class='ocrx_word' id='word_1_526' title='bbox 981 5590 1061 5639; x_wconf 86' lang='lat' dir='ltr'>sotum</span> <span class='ocrx_word' id='word_1_527' title='bbox 1078 5591 1150 5651; x_wconf 79' lang='lat' dir='ltr'>1³(th</span> <span class='ocrx_word' id='word_1_528' title='bbox 1172 5617 1196 5625; x_wconf 93' lang='lat'><em>-</em></span> <span class='ocrx_word' id='word_1_529' title='bbox 1218 5589 1257 5639; x_wconf 81' lang='grc'>30.</span> <span class='ocrx_word' id='word_1_530' title='bbox 1277 5603 1326 5652; x_wconf 84' lang='lat' dir='ltr'>quo</span> <span class='ocrx_word' id='word_1_531' title='bbox 1343 5591 1464 5639; x_wconf 85' lang='lat' dir='ltr'>aclumA</span> <span class='ocrx_word' id='word_1_532' title='bbox 1485 5614 1510 5626; x_wconf 93' lang='lat'><em>-</em></span> <span class='ocrx_word' id='word_1_533' title='bbox 1530 5591 1679 5639; x_wconf 72' lang='lat' dir='ltr'>solistim</span> 
     </span>
     <span class='ocr_line' id='line_1_48' title="bbox 343 5660 1676 5728; baseline 0 -13"><span class='ocrx_word' id='word_1_534' title='bbox 343 5664 404 5716; x_wconf 71' lang='grc' dir='ltr'>ΑΨ</span> <span class='ocrx_word' id='word_1_535' title='bbox 423 5663 466 5726; x_wconf 85' lang='lat' dir='ltr'>(cl.</span> <span class='ocrx_word' id='word_1_536' title='bbox 487 5665 506 5713; x_wconf 90' lang='lat' dir='ltr'>tl</span> <span class='ocrx_word' id='word_1_537' title='bbox 525 5664 539 5726; x_wconf 87' lang='lat'>5</span> <span class='ocrx_word' id='word_1_538' title='bbox 557 5664 588 5712; x_wconf 74' lang='lat'>2⁰</span> <span class='ocrx_word' id='word_1_539' title='bbox 607 5666 634 5712; x_wconf 88' lang='lat' dir='ltr'>et</span> <span class='ocrx_word' id='word_1_540' title='bbox 649 5663 708 5722; x_wconf 74' lang='lat' dir='ltr'>7²l²</span> <span class='ocrx_word' id='word_1_541' title='bbox 727 5663 883 5711; x_wconf 78' lang='lat' dir='ltr'>cottistimum</span> <span class='ocrx_word' id='word_1_542' title='bbox 902 5660 1022 5714; x_wconf 84' lang='lat' dir='ltr'>BilV²0</span> <span class='ocrx_word' id='word_1_543' title='bbox 1043 5692 1068 5699; x_wconf 99' lang='lat'>-</span> <span class='ocrx_word' id='word_1_544' title='bbox 1093 5664 1133 5713; x_wconf 76' lang='lat'>³2.</span> <span class='ocrx_word' id='word_1_545' title='bbox 1153 5665 1245 5714; x_wconf 85' lang='lat' dir='ltr'>omissa</span> <span class='ocrx_word' id='word_1_546' title='bbox 1263 5666 1358 5715; x_wconf 83' lang='lat' dir='ltr'>Moser.</span> <span class='ocrx_word' id='word_1_547' title='bbox 1380 5693 1406 5701; x_wconf 96' lang='lat'>—</span> <span class='ocrx_word' id='word_1_548' title='bbox 1426 5670 1449 5714; x_wconf 88' lang='lat' dir='ltr'>st</span> <span class='ocrx_word' id='word_1_549' title='bbox 1465 5677 1525 5728; x_wconf 85' lang='lat' dir='ltr'>sup.</span> <span class='ocrx_word' id='word_1_550' title='bbox 1544 5662 1589 5715; x_wconf 89' lang='lat' dir='ltr'>lin.</span> <span class='ocrx_word' id='word_1_551' title='bbox 1608 5668 1628 5715; x_wconf 91' lang='lat' dir='ltr'>A</span> <span class='ocrx_word' id='word_1_552' title='bbox 1648 5690 1676 5701; x_wconf 90' lang='lat'><em>-</em></span> 
     </span>
     <span class='ocr_line' id='line_1_49' title="bbox 343 5738 1676 5800; baseline 0.001 -11"><span class='ocrx_word' id='word_1_553' title='bbox 343 5740 383 5789; x_wconf 85' lang='grc'>33.</span> <span class='ocrx_word' id='word_1_554' title='bbox 402 5742 512 5788; x_wconf 84' lang='lat' dir='ltr'>maiores</span> <span class='ocrx_word' id='word_1_555' title='bbox 529 5740 591 5787; x_wconf 83' lang='grc' dir='ltr'>Η-</span> <span class='ocrx_word' id='word_1_556' title='bbox 610 5739 740 5799; x_wconf 84' lang='lat' dir='ltr'>priuatum</span> <span class='ocrx_word' id='word_1_557' title='bbox 759 5738 779 5787; x_wconf 93' lang='grc' dir='ltr'><strong><em>Η</em></strong></span> <span class='ocrx_word' id='word_1_558' title='bbox 797 5765 820 5773; x_wconf 90' lang='grc'>-</span> <span class='ocrx_word' id='word_1_559' title='bbox 841 5739 880 5788; x_wconf 80' lang='grc'>34.</span> <span class='ocrx_word' id='word_1_560' title='bbox 893 5752 960 5787; x_wconf 80' lang='lat' dir='ltr'>uuus</span> <span class='ocrx_word' id='word_1_561' title='bbox 971 5752 1024 5789; x_wconf 88' lang='lat' dir='ltr'>om.</span> <span class='ocrx_word' id='word_1_562' title='bbox 1040 5741 1060 5790; x_wconf 89' lang='lat' dir='ltr'>H</span> <span class='ocrx_word' id='word_1_563' title='bbox 1076 5767 1102 5779; x_wconf 92' lang='lat'>-</span> <span class='ocrx_word' id='word_1_564' title='bbox 1117 5741 1227 5800; x_wconf 85' lang='lat' dir='ltr'>auspicis</span> <span class='ocrx_word' id='word_1_565' title='bbox 1239 5744 1258 5789; x_wconf 92' lang='lat' dir='ltr'>A</span> <span class='ocrx_word' id='word_1_566' title='bbox 1270 5740 1308 5799; x_wconf 73' lang='lat' dir='ltr'>Vt,</span> <span class='ocrx_word' id='word_1_567' title='bbox 1327 5740 1446 5799; x_wconf 83' lang='lat' dir='ltr'>auspiciis</span> <span class='ocrx_word' id='word_1_568' title='bbox 1463 5739 1572 5796; x_wconf 83' lang='lat' dir='ltr'>BilV¹;</span> <span class='ocrx_word' id='word_1_569' title='bbox 1592 5740 1676 5790; x_wconf 87' lang='lat' dir='ltr'>lorma</span> 
     </span>
     <span class='ocr_line' id='line_1_50' title="bbox 343 5812 1674 5877; baseline -0.002 -12"><span class='ocrx_word' id='word_1_570' title='bbox 343 5816 452 5877; x_wconf 84' lang='lat' dir='ltr'>auspicis</span> <span class='ocrx_word' id='word_1_571' title='bbox 468 5827 547 5864; x_wconf 88' lang='lat' dir='ltr'>casus</span> <span class='ocrx_word' id='word_1_572' title='bbox 564 5814 718 5863; x_wconf 88' lang='lat' dir='ltr'>nominativi</span> <span class='ocrx_word' id='word_1_573' title='bbox 736 5813 766 5861; x_wconf 91' lang='lat' dir='ltr'>iis</span> <span class='ocrx_word' id='word_1_574' title='bbox 784 5812 907 5863; x_wconf 89' lang='lat' dir='ltr'>addenda</span> <span class='ocrx_word' id='word_1_575' title='bbox 920 5816 974 5872; x_wconf 87' lang='lat' dir='ltr'>est,</span> <span class='ocrx_word' id='word_1_576' title='bbox 993 5828 1059 5877; x_wconf 86' lang='lat' dir='ltr'>quas</span> <span class='ocrx_word' id='word_1_577' title='bbox 1073 5816 1258 5865; x_wconf 82' lang='lat' dir='ltr'>Lachmannus</span> <span class='ocrx_word' id='word_1_578' title='bbox 1275 5813 1310 5863; x_wconf 88' lang='lat' dir='ltr'>ad</span> <span class='ocrx_word' id='word_1_579' title='bbox 1323 5815 1426 5863; x_wconf 84' lang='lat' dir='ltr'>Lucret.</span> <span class='ocrx_word' id='word_1_580' title='bbox 1440 5827 1466 5877; x_wconf 92' lang='lat' dir='ltr'>p.</span> <span class='ocrx_word' id='word_1_581' title='bbox 1480 5814 1512 5863; x_wconf 81' lang='lat' dir='ltr'>so</span> <span class='ocrx_word' id='word_1_582' title='bbox 1524 5815 1674 5873; x_wconf 85' lang='lat' dir='ltr'>recensult;</span> 
     </span>
     <span class='ocr_line' id='line_1_51' title="bbox 344 5886 1673 5953; baseline 0.001 -13"><span class='ocrx_word' id='word_1_583' title='bbox 344 5889 458 5940; x_wconf 88' lang='lat' dir='ltr'>eaodem</span> <span class='ocrx_word' id='word_1_584' title='bbox 476 5887 554 5938; x_wconf 90' lang='lat' dir='ltr'>codd.</span> <span class='ocrx_word' id='word_1_585' title='bbox 575 5891 656 5939; x_wconf 89' lang='lat' dir='ltr'>nostri</span> <span class='ocrx_word' id='word_1_586' title='bbox 675 5902 727 5938; x_wconf 93' lang='lat' dir='ltr'>non</span> <span class='ocrx_word' id='word_1_587' title='bbox 745 5900 839 5938; x_wconf 90' lang='lat' dir='ltr'>omnes</span> <span class='ocrx_word' id='word_1_588' title='bbox 857 5886 988 5952; x_wconf 89' lang='lat' dir='ltr'>praebent</span> <span class='ocrx_word' id='word_1_589' title='bbox 1005 5890 1014 5938; x_wconf 98' lang='lat' dir='ltr'>l</span> <span class='ocrx_word' id='word_1_590' title='bbox 1032 5889 1047 5952; x_wconf 83' lang='lat'>5</span> <span class='ocrx_word' id='word_1_591' title='bbox 1065 5891 1097 5941; x_wconf 87' lang='grc'>48</span> <span class='ocrx_word' id='word_1_592' title='bbox 1113 5889 1243 5950; x_wconf 81' lang='lat' dir='ltr'>terribilis,</span> <span class='ocrx_word' id='word_1_593' title='bbox 1262 5889 1316 5952; x_wconf 81' lang='lat' dir='ltr'>58l</span> <span class='ocrx_word' id='word_1_594' title='bbox 1336 5889 1455 5952; x_wconf 58' lang='lat' dir='ltr'>stirme,</span> <span class='ocrx_word' id='word_1_595' title='bbox 1475 5888 1673 5953; x_wconf 60' lang='lat' dir='ltr'>§lutulenda</span> 
     </span>
    </p>
   </div>
   <div class='ocr_carea' id='block_1_4' title="bbox 344 5962 1005 6029">
    <p class='ocr_par' dir='ltr' id='par_1_12' title="bbox 344 5962 1005 6029">
     <span class='ocr_line' id='line_1_52' title="bbox 344 5962 1005 6029; baseline -0.002 -15"><span class='ocrx_word' id='word_1_596' title='bbox 344 5967 365 6015; x_wconf 94' lang='lat' dir='ltr'>ll</span> <span class='ocrx_word' id='word_1_597' title='bbox 383 5965 398 6029; x_wconf 87' lang='lat'>5</span> <span class='ocrx_word' id='word_1_598' title='bbox 415 5965 447 6015; x_wconf 78' lang='lat'>20</span> <span class='ocrx_word' id='word_1_599' title='bbox 464 5965 564 6026; x_wconf 74' lang='lat' dir='ltr'>cusa,</span> <span class='ocrx_word' id='word_1_600' title='bbox 583 5963 598 6028; x_wconf 69' lang='grc' dir='ltr'><strong>ἓ</strong></span> <span class='ocrx_word' id='word_1_601' title='bbox 615 5963 647 6015; x_wconf 77' lang='lat' dir='ltr'>al</span> <span class='ocrx_word' id='word_1_602' title='bbox 663 5964 814 6027; x_wconf 60' lang='lat' dir='ltr'>tammus,</span> <span class='ocrx_word' id='word_1_603' title='bbox 834 5962 849 6027; x_wconf 75' lang='lat'>5</span> <span class='ocrx_word' id='word_1_604' title='bbox 866 5966 898 6015; x_wconf 77' lang='lat' dir='ltr'>bs</span> <span class='ocrx_word' id='word_1_605' title='bbox 915 5965 1005 6013; x_wconf 78' lang='lat' dir='ltr'>omnis.</span> 
     </span>
    </p>
   </div>
   <div class='ocr_carea' id='block_1_5' title="bbox 0 0 2176 7459">
    <p class='ocr_par' dir='ltr' id='par_1_13' title="bbox 0 0 2176 7459">
     <span class='ocr_line' id='line_1_53' title="bbox 0 0 2176 7459; baseline 0 1"><span class='ocrx_word' id='word_1_606' title='bbox 0 0 2176 7459; x_wconf 95' lang='lat' dir='ltr'> </span> 
     </span>
    </p>
   </div>
  </div>
 </body>
</html>
