<?xml version="1.0" encoding="UTF-8"?>
<!DOCTYPE html PUBLIC "-//W3C//DTD XHTML 1.0 Transitional//EN"
    "http://www.w3.org/TR/xhtml1/DTD/xhtml1-transitional.dtd">
<html xmlns="http://www.w3.org/1999/xhtml" xml:lang="en" lang="en">
 <head>
  <title>
</title>
<meta http-equiv="Content-Type" content="text/html;charset=utf-8" />
  <meta name='ocr-system' content='tesseract 3.04.00' />
  <meta name='ocr-capabilities' content='ocr_page ocr_carea ocr_par ocr_line ocrx_word'/>
</head>
<body>
  <div class='ocr_page' id='page_1' title='image "./operaquaesupers00halmgoog/operaquaesupers00halmgoog_0068.png"; bbox 0 0 4342 7459; ppageno 0'>
   <div class='ocr_carea' id='block_1_1' title="bbox 456 1246 1380 1317">
    <p class='ocr_par' dir='ltr' id='par_1_1' title="bbox 456 1246 1380 1317">
     <span class='ocr_line' id='line_1_1' title="bbox 456 1246 1380 1317; baseline 0.002 -2"><span class='ocrx_word' id='word_1_1' title='bbox 456 1246 498 1315; x_wconf 76' lang='lat'><strong>52</strong></span> <span class='ocrx_word' id='word_1_2' title='bbox 854 1246 1177 1315; x_wconf 81' lang='lat' dir='ltr'><strong>ACADEMICORUM</strong></span> <span class='ocrx_word' id='word_1_3' title='bbox 1197 1250 1380 1317; x_wconf 82' lang='lat' dir='ltr'><strong>Plilollllld</strong></span> 
     </span>
    </p>
   </div>
   <div class='ocr_carea' id='block_1_2' title="bbox 401 1418 1780 4607">
    <p class='ocr_par' dir='ltr' id='par_1_2' title="bbox 454 1418 1779 1788">
     <span class='ocr_line' id='line_1_2' title="bbox 458 1418 1777 1509; baseline 0 -22"><span class='ocrx_word' id='word_1_4' title='bbox 458 1443 552 1509; x_wconf 89' lang='lat' dir='ltr'><strong>qnam</strong></span> <span class='ocrx_word' id='word_1_5' title='bbox 580 1420 722 1484; x_wconf 79' lang='lat' dir='ltr'><strong>dicerent</strong></span> <span class='ocrx_word' id='word_1_6' title='bbox 752 1418 912 1501; x_wconf 91' lang='lat' dir='ltr'><strong>sapientes</strong></span> <span class='ocrx_word' id='word_1_7' title='bbox 944 1418 1030 1483; x_wconf 90' lang='lat' dir='ltr'><strong>solos</strong></span> <span class='ocrx_word' id='word_1_8' title='bbox 1061 1439 1166 1501; x_wconf 91' lang='lat' dir='ltr'><strong>reges,</strong></span> <span class='ocrx_word' id='word_1_9' title='bbox 1199 1420 1285 1485; x_wconf 90' lang='lat' dir='ltr'><strong>solos</strong></span> <span class='ocrx_word' id='word_1_10' title='bbox 1316 1421 1444 1496; x_wconf 90' lang='lat' dir='ltr'><strong>divites,</strong></span> <span class='ocrx_word' id='word_1_11' title='bbox 1476 1422 1563 1486; x_wconf 89' lang='lat' dir='ltr'><strong>solos</strong></span> <span class='ocrx_word' id='word_1_12' title='bbox 1595 1422 1777 1489; x_wconf 83' lang='lat' dir='ltr'><strong>iormosost</strong></span> 
     </span>
     <span class='ocr_line' id='line_1_3' title="bbox 456 1514 1779 1602; baseline 0.001 -20"><span class='ocrx_word' id='word_1_13' title='bbox 456 1518 575 1590; x_wconf 91' lang='lat' dir='ltr'><strong>omnia,</strong></span> <span class='ocrx_word' id='word_1_14' title='bbox 606 1534 688 1597; x_wconf 92' lang='lat' dir='ltr'><strong>qnae</strong></span> <span class='ocrx_word' id='word_1_15' title='bbox 709 1514 828 1597; x_wconf 90' lang='lat' dir='ltr'><strong>ubique</strong></span> <span class='ocrx_word' id='word_1_16' title='bbox 851 1522 971 1589; x_wconf 79' lang='lat' dir='ltr'>essent,</span> <span class='ocrx_word' id='word_1_17' title='bbox 1000 1515 1152 1597; x_wconf 89' lang='lat' dir='ltr'><strong>sapientis</strong></span> <span class='ocrx_word' id='word_1_18' title='bbox 1175 1520 1266 1579; x_wconf 81' lang='lat' dir='ltr'><strong>esset</strong></span> <span class='ocrx_word' id='word_1_19' title='bbox 1296 1516 1454 1579; x_wconf 90' lang='lat' dir='ltr'><strong>neminem</strong></span> <span class='ocrx_word' id='word_1_20' title='bbox 1477 1517 1657 1593; x_wconf 90' lang='lat' dir='ltr'><strong>consulem,</strong></span> <span class='ocrx_word' id='word_1_21' title='bbox 1687 1539 1779 1602; x_wconf 88' lang='lat' dir='ltr'><strong>prae·</strong></span> 
     </span>
     <span class='ocr_line' id='line_1_4' title="bbox 455 1608 1778 1694; baseline 0.001 -20"><span class='ocrx_word' id='word_1_22' title='bbox 455 1619 569 1685; x_wconf 91' lang='lat' dir='ltr'><strong>torem,</strong></span> <span class='ocrx_word' id='word_1_23' title='bbox 591 1609 826 1692; x_wconf 75' lang='lat' dir='ltr'><strong>imperatorem,</strong></span> <span class='ocrx_word' id='word_1_24' title='bbox 849 1608 955 1671; x_wconf 91' lang='lat' dir='ltr'><strong>nescio</strong></span> <span class='ocrx_word' id='word_1_25' title='bbox 977 1628 1017 1671; x_wconf 90' lang='lat' dir='ltr'><strong>an</strong></span> <span class='ocrx_word' id='word_1_26' title='bbox 1039 1627 1078 1669; x_wconf 90' lang='lat' dir='ltr'><strong>ne</strong></span> <span class='ocrx_word' id='word_1_27' title='bbox 1101 1610 1345 1692; x_wconf 84' lang='lat' dir='ltr'><strong>quinquevirum</strong></span> <span class='ocrx_word' id='word_1_28' title='bbox 1363 1608 1492 1692; x_wconf 89' lang='lat' dir='ltr'><strong>quidem</strong></span> <span class='ocrx_word' id='word_1_29' title='bbox 1507 1631 1700 1694; x_wconf 90' lang='lat' dir='ltr'><strong>quemquam</strong></span> <span class='ocrx_word' id='word_1_30' title='bbox 1715 1612 1778 1676; x_wconf 94' lang='lat' dir='ltr'><strong>nisi</strong></span> 
     </span>
     <span class='ocr_line' id='line_1_5' title="bbox 454 1701 1776 1788; baseline 0.004 -21"><span class='ocrx_word' id='word_1_31' title='bbox 454 1704 649 1788; x_wconf 72' lang='lat' dir='ltr'><strong>sapientem?</strong></span> <span class='ocrx_word' id='word_1_32' title='bbox 676 1709 833 1786; x_wconf 91' lang='lat' dir='ltr'><strong>postremo</strong></span> <span class='ocrx_word' id='word_1_33' title='bbox 862 1701 963 1766; x_wconf 84' lang='lat' dir='ltr'><strong>solum</strong></span> <span class='ocrx_word' id='word_1_34' title='bbox 992 1702 1108 1776; x_wconf 89' lang='lat' dir='ltr'><strong>civem,</strong></span> <span class='ocrx_word' id='word_1_35' title='bbox 1139 1702 1241 1765; x_wconf 89' lang='lat' dir='ltr'><strong>solum</strong></span> <span class='ocrx_word' id='word_1_36' title='bbox 1271 1704 1427 1766; x_wconf 85' lang='lat' dir='ltr'><strong>liberuml</strong></span> <span class='ocrx_word' id='word_1_37' title='bbox 1456 1704 1643 1787; x_wconf 82' lang='lat' dir='ltr'><strong>insipientes</strong></span> <span class='ocrx_word' id='word_1_38' title='bbox 1666 1726 1776 1772; x_wconf 87' lang='lat' dir='ltr'><strong>omnes</strong></span> 
     </span>
    </p>

    <p class='ocr_par' dir='ltr' id='par_1_3' title="bbox 429 1796 1777 2255">
     <span class='ocr_line' id='line_1_6' title="bbox 429 1796 1777 1883; baseline 0.003 -23"><span class='ocrx_word' id='word_1_39' title='bbox 429 1798 650 1883; x_wconf 58' lang='lat' dir='ltr'><strong>,peregrinon</strong></span> <span class='ocrx_word' id='word_1_40' title='bbox 673 1796 813 1870; x_wconf 84' lang='lat' dir='ltr'><strong>exsules,</strong></span> <span class='ocrx_word' id='word_1_41' title='bbox 836 1815 958 1870; x_wconf 84' lang='lat' dir='ltr'><strong>servos,</strong></span> <span class='ocrx_word' id='word_1_42' title='bbox 979 1796 1140 1860; x_wconf 72' lang='lat' dir='ltr'><strong>furiosos?</strong></span> <span class='ocrx_word' id='word_1_43' title='bbox 1163 1796 1301 1881; x_wconf 90' lang='lat' dir='ltr'><strong>deniqne</strong></span> <span class='ocrx_word' id='word_1_44' title='bbox 1325 1798 1440 1880; x_wconf 89' lang='lat' dir='ltr'><strong>scripta</strong></span> <span class='ocrx_word' id='word_1_45' title='bbox 1462 1799 1614 1883; x_wconf 77' lang='lat' dir='ltr'><strong>Lycurgi,</strong></span> <span class='ocrx_word' id='word_1_46' title='bbox 1638 1801 1777 1875; x_wconf 89' lang='lat' dir='ltr'><strong>Solonis,</strong></span> 
     </span>
     <span class='ocr_line' id='line_1_7' title="bbox 453 1890 1776 1975; baseline 0.002 -20"><span class='ocrx_word' id='word_1_47' title='bbox 453 1891 619 1957; x_wconf 82' lang='lat' dir='ltr'><strong>duodecim</strong></span> <span class='ocrx_word' id='word_1_48' title='bbox 642 1890 764 1953; x_wconf 84' lang='lat' dir='ltr'><strong>tabulas</strong></span> <span class='ocrx_word' id='word_1_49' title='bbox 786 1896 911 1953; x_wconf 91' lang='lat' dir='ltr'><strong>nostras</strong></span> <span class='ocrx_word' id='word_1_50' title='bbox 934 1909 997 1952; x_wconf 93' lang='lat' dir='ltr'><strong>non</strong></span> <span class='ocrx_word' id='word_1_51' title='bbox 1019 1910 1090 1953; x_wconf 90' lang='lat' dir='ltr'><strong>esse</strong></span> <span class='ocrx_word' id='word_1_52' title='bbox 1113 1890 1222 1973; x_wconf 73' lang='lat' dir='ltr'><strong>leges?</strong></span> <span class='ocrx_word' id='word_1_53' title='bbox 1244 1911 1284 1954; x_wconf 91' lang='lat' dir='ltr'><strong>ne</strong></span> <span class='ocrx_word' id='word_1_54' title='bbox 1306 1892 1392 1955; x_wconf 90' lang='lat' dir='ltr'><strong>urbis</strong></span> <span class='ocrx_word' id='word_1_55' title='bbox 1413 1891 1541 1975; x_wconf 91' lang='lat' dir='ltr'><strong>quidem</strong></span> <span class='ocrx_word' id='word_1_56' title='bbox 1559 1901 1614 1957; x_wconf 92' lang='lat' dir='ltr'><strong>aut</strong></span> <span class='ocrx_word' id='word_1_57' title='bbox 1628 1894 1776 1969; x_wconf 84' lang='lat' dir='ltr'><strong>civitatis,</strong></span> 
     </span>
     <span class='ocr_line' id='line_1_8' title="bbox 451 1980 1775 2071; baseline 0.001 -20"><span class='ocrx_word' id='word_1_58' title='bbox 451 1988 512 2051; x_wconf 91' lang='lat' dir='ltr'><strong>nisi</strong></span> <span class='ocrx_word' id='word_1_59' title='bbox 538 2006 621 2071; x_wconf 91' lang='lat' dir='ltr'><strong>quae</strong></span> <span class='ocrx_word' id='word_1_60' title='bbox 643 1994 748 2049; x_wconf 90' lang='lat' dir='ltr'><strong>essent</strong></span> <span class='ocrx_word' id='word_1_61' title='bbox 775 1985 989 2068; x_wconf 73' lang='lat' dir='ltr'><strong>sapientium?</strong></span> <span class='ocrx_word' id='word_1_62' title='bbox 1033 1980 1104 2045; x_wconf 86' lang='grc'><strong>437.</strong></span> <span class='ocrx_word' id='word_1_63' title='bbox 1126 1985 1213 2048; x_wconf 88' lang='lat' dir='ltr'><strong>Haec</strong></span> <span class='ocrx_word' id='word_1_64' title='bbox 1235 1985 1307 2061; x_wconf 84' lang='lat' dir='ltr'><strong>tibi,</strong></span> <span class='ocrx_word' id='word_1_65' title='bbox 1335 1985 1486 2060; x_wconf 86' lang='lat' dir='ltr'><strong>Luculle,</strong></span> <span class='ocrx_word' id='word_1_66' title='bbox 1515 1987 1542 2050; x_wconf 94' lang='lat' dir='ltr'><strong>si</strong></span> <span class='ocrx_word' id='word_1_67' title='bbox 1565 2008 1599 2051; x_wconf 93' lang='lat' dir='ltr'><strong>es</strong></span> <span class='ocrx_word' id='word_1_68' title='bbox 1621 1987 1775 2052; x_wconf 75' lang='lat' dir='ltr'><strong>adsensus</strong></span> 
     </span>
     <span class='ocr_line' id='line_1_9' title="bbox 451 2078 1773 2164; baseline -0.001 -18"><span class='ocrx_word' id='word_1_69' title='bbox 451 2081 620 2154; x_wconf 75' lang='lat' dir='ltr'><strong>Antiocho,</strong></span> <span class='ocrx_word' id='word_1_70' title='bbox 641 2078 788 2143; x_wconf 79' lang='lat' dir='ltr'><strong>familiari</strong></span> <span class='ocrx_word' id='word_1_71' title='bbox 810 2086 880 2153; x_wconf 84' lang='lat' dir='ltr'><strong>tuo,</strong></span> <span class='ocrx_word' id='word_1_72' title='bbox 902 2086 965 2141; x_wconf 92' lang='lat' dir='ltr'><strong>tam</strong></span> <span class='ocrx_word' id='word_1_73' title='bbox 988 2086 1062 2140; x_wconf 90' lang='lat' dir='ltr'><strong>sunt</strong></span> <span class='ocrx_word' id='word_1_74' title='bbox 1083 2078 1282 2144; x_wconf 83' lang='lat' dir='ltr'><strong>defendenda</strong></span> <span class='ocrx_word' id='word_1_75' title='bbox 1297 2100 1393 2164; x_wconf 87' lang='lat' dir='ltr'><strong>qnam</strong></span> <span class='ocrx_word' id='word_1_76' title='bbox 1407 2083 1550 2144; x_wconf 88' lang='lat' dir='ltr'><strong>moenia:</strong></span> <span class='ocrx_word' id='word_1_77' title='bbox 1574 2080 1652 2144; x_wconf 90' lang='lat' dir='ltr'><strong>mihi</strong></span> <span class='ocrx_word' id='word_1_78' title='bbox 1666 2088 1773 2145; x_wconf 90' lang='lat' dir='ltr'><strong>autem</strong></span> 
     </span>
     <span class='ocr_line' id='line_1_10' title="bbox 450 2170 1179 2255; baseline -0.005 -16"><span class='ocrx_word' id='word_1_79' title='bbox 450 2177 535 2241; x_wconf 93' lang='lat' dir='ltr'><strong>bono</strong></span> <span class='ocrx_word' id='word_1_80' title='bbox 560 2175 669 2249; x_wconf 85' lang='lat' dir='ltr'><strong>modo,</strong></span> <span class='ocrx_word' id='word_1_81' title='bbox 691 2181 811 2237; x_wconf 91' lang='lat' dir='ltr'><strong>tantum</strong></span> <span class='ocrx_word' id='word_1_82' title='bbox 834 2180 987 2255; x_wconf 92' lang='lat' dir='ltr'><strong>quantum</strong></span> <span class='ocrx_word' id='word_1_83' title='bbox 1009 2170 1179 2235; x_wconf 89' lang='lat' dir='ltr'><strong>videbitur.</strong></span> 
     </span>
    </p>

    <p class='ocr_par' dir='ltr' id='par_1_4' title="bbox 413 2265 1773 2728">
     <span class='ocr_line' id='line_1_11' title="bbox 413 2265 1773 2353; baseline 0.001 -22"><span class='ocrx_word' id='word_1_84' title='bbox 413 2301 460 2348; x_wconf 64' lang='grc' dir='ltr'><strong>ω.</strong></span> <span class='ocrx_word' id='word_1_85' title='bbox 534 2270 629 2332; x_wconf 84' lang='lat' dir='ltr'><strong>XLV.</strong></span> <span class='ocrx_word' id='word_1_86' title='bbox 651 2268 726 2350; x_wconf 90' lang='lat' dir='ltr'><strong>Legi</strong></span> <span class='ocrx_word' id='word_1_87' title='bbox 749 2266 833 2349; x_wconf 86' lang='lat' dir='ltr'><strong>apud</strong></span> <span class='ocrx_word' id='word_1_88' title='bbox 856 2265 1100 2338; x_wconf 90' lang='lat' dir='ltr'><strong>Clitomachum,</strong></span> <span class='ocrx_word' id='word_1_89' title='bbox 1123 2288 1193 2330; x_wconf 89' lang='lat' dir='ltr'><strong>cum</strong></span> <span class='ocrx_word' id='word_1_90' title='bbox 1217 2268 1395 2332; x_wconf 90' lang='lat' dir='ltr'><strong>Carneades</strong></span> <span class='ocrx_word' id='word_1_91' title='bbox 1417 2277 1449 2333; x_wconf 88' lang='lat' dir='ltr'><strong>et</strong></span> <span class='ocrx_word' id='word_1_92' title='bbox 1470 2271 1595 2333; x_wconf 84' lang='lat' dir='ltr'><strong>Stoicus</strong></span> <span class='ocrx_word' id='word_1_93' title='bbox 1616 2270 1773 2353; x_wconf 75' lang='lat' dir='ltr'><strong>Diogenes</strong></span> 
     </span>
     <span class='ocr_line' id='line_1_12' title="bbox 449 2360 1773 2447; baseline 0 -19"><span class='ocrx_word' id='word_1_94' title='bbox 449 2366 489 2428; x_wconf 87' lang='lat' dir='ltr'><strong>ad</strong></span> <span class='ocrx_word' id='word_1_95' title='bbox 511 2371 654 2428; x_wconf 90' lang='lat' dir='ltr'><strong>senatum</strong></span> <span class='ocrx_word' id='word_1_96' title='bbox 677 2363 712 2425; x_wconf 93' lang='lat' dir='ltr'><strong>in</strong></span> <span class='ocrx_word' id='word_1_97' title='bbox 735 2360 888 2442; x_wconf 91' lang='lat' dir='ltr'><strong>Capitolio</strong></span> <span class='ocrx_word' id='word_1_98' title='bbox 910 2367 1041 2434; x_wconf 88' lang='lat' dir='ltr'><strong>starent,</strong></span> <span class='ocrx_word' id='word_1_99' title='bbox 1070 2360 1186 2425; x_wconf 91' lang='lat' dir='ltr'><strong>Aulum</strong></span> <span class='ocrx_word' id='word_1_100' title='bbox 1207 2363 1372 2438; x_wconf 90' lang='lat' dir='ltr'><strong>Albinum,</strong></span> <span class='ocrx_word' id='word_1_101' title='bbox 1401 2364 1456 2447; x_wconf 92' lang='lat' dir='ltr'><strong>qui</strong></span> <span class='ocrx_word' id='word_1_102' title='bbox 1479 2372 1545 2427; x_wconf 90' lang='lat' dir='ltr'><strong>tum</strong></span> <span class='ocrx_word' id='word_1_103' title='bbox 1566 2365 1600 2427; x_wconf 86' lang='lat' dir='ltr'><strong>P.</strong></span> <span class='ocrx_word' id='word_1_104' title='bbox 1624 2364 1773 2447; x_wconf 83' lang='lat' dir='ltr'><strong>Scipione</strong></span> 
     </span>
     <span class='ocr_line' id='line_1_13' title="bbox 450 2455 1772 2541; baseline -0.002 -19"><span class='ocrx_word' id='word_1_105' title='bbox 450 2467 482 2522; x_wconf 92' lang='lat' dir='ltr'><strong>et</strong></span> <span class='ocrx_word' id='word_1_106' title='bbox 503 2461 545 2522; x_wconf 88' lang='lat' dir='ltr'><strong>M.</strong></span> <span class='ocrx_word' id='word_1_107' title='bbox 560 2457 709 2522; x_wconf 89' lang='lat' dir='ltr'><strong>hlarcello</strong></span> <span class='ocrx_word' id='word_1_108' title='bbox 732 2455 917 2519; x_wconf 91' lang='lat' dir='ltr'><strong>consulibus</strong></span> <span class='ocrx_word' id='word_1_109' title='bbox 938 2461 1066 2539; x_wconf 76' lang='lat' dir='ltr'><strong>praetor</strong></span> <span class='ocrx_word' id='word_1_110' title='bbox 1079 2463 1180 2530; x_wconf 84' lang='lat' dir='ltr'><strong>esset,</strong></span> <span class='ocrx_word' id='word_1_111' title='bbox 1203 2474 1289 2531; x_wconf 92' lang='lat' dir='ltr'><strong>enm,</strong></span> <span class='ocrx_word' id='word_1_112' title='bbox 1312 2458 1366 2541; x_wconf 91' lang='lat' dir='ltr'><strong>qui</strong></span> <span class='ocrx_word' id='word_1_113' title='bbox 1382 2478 1453 2522; x_wconf 91' lang='lat' dir='ltr'><strong>cum</strong></span> <span class='ocrx_word' id='word_1_114' title='bbox 1469 2477 1527 2521; x_wconf 86' lang='lat' dir='ltr'><strong>avo</strong></span> <span class='ocrx_word' id='word_1_115' title='bbox 1543 2465 1608 2533; x_wconf 92' lang='lat' dir='ltr'><strong>tuo,</strong></span> <span class='ocrx_word' id='word_1_116' title='bbox 1629 2458 1772 2533; x_wconf 91' lang='lat' dir='ltr'><strong>annlle,</strong></span> 
     </span>
     <span class='ocr_line' id='line_1_14' title="bbox 449 2548 1772 2636; baseline 0 -21"><span class='ocrx_word' id='word_1_117' title='bbox 449 2553 559 2617; x_wconf 91' lang='lat' dir='ltr'><strong>consul</strong></span> <span class='ocrx_word' id='word_1_118' title='bbox 587 2552 661 2626; x_wconf 83' lang='lat' dir='ltr'><strong>luit,</strong></span> <span class='ocrx_word' id='word_1_119' title='bbox 696 2552 822 2613; x_wconf 91' lang='lat' dir='ltr'><strong>doctum</strong></span> <span class='ocrx_word' id='word_1_120' title='bbox 851 2569 926 2611; x_wconf 88' lang='lat' dir='ltr'><strong>sane</strong></span> <span class='ocrx_word' id='word_1_121' title='bbox 957 2548 1131 2624; x_wconf 90' lang='lat' dir='ltr'><strong>hominem,</strong></span> <span class='ocrx_word' id='word_1_122' title='bbox 1163 2558 1199 2612; x_wconf 93' lang='lat' dir='ltr'><strong>ut</strong></span> <span class='ocrx_word' id='word_1_123' title='bbox 1227 2552 1345 2614; x_wconf 91' lang='lat' dir='ltr'><strong>indicat</strong></span> <span class='ocrx_word' id='word_1_124' title='bbox 1374 2552 1471 2636; x_wconf 90' lang='lat' dir='ltr'><strong>ipsius</strong></span> <span class='ocrx_word' id='word_1_125' title='bbox 1497 2551 1627 2614; x_wconf 86' lang='lat' dir='ltr'><strong>historia</strong></span> <span class='ocrx_word' id='word_1_126' title='bbox 1656 2551 1772 2634; x_wconf 88' lang='lat' dir='ltr'><strong>scripta</strong></span> 
     </span>
     <span class='ocr_line' id='line_1_15' title="bbox 448 2643 1771 2728; baseline -0.002 -19"><span class='ocrx_word' id='word_1_127' title='bbox 448 2647 583 2722; x_wconf 85' lang='lat' dir='ltr'><strong>Graece,</strong></span> <span class='ocrx_word' id='word_1_128' title='bbox 612 2647 769 2709; x_wconf 90' lang='lat' dir='ltr'><strong>iocantem</strong></span> <span class='ocrx_word' id='word_1_129' title='bbox 792 2643 911 2706; x_wconf 85' lang='lat' dir='ltr'><strong>dixisse</strong></span> <span class='ocrx_word' id='word_1_130' title='bbox 935 2643 1106 2706; x_wconf 84' lang='lat' dir='ltr'><strong>Carneadi:</strong></span> <span class='ocrx_word' id='word_1_131' title='bbox 1138 2645 1221 2726; x_wconf 79' lang='lat' dir='ltr'><strong>nEgo</strong></span> <span class='ocrx_word' id='word_1_132' title='bbox 1244 2645 1316 2719; x_wconf 89' lang='lat' dir='ltr'><strong>tibi,</strong></span> <span class='ocrx_word' id='word_1_133' title='bbox 1347 2644 1525 2719; x_wconf 87' lang='lat' dir='ltr'><strong>Carneade,</strong></span> <span class='ocrx_word' id='word_1_134' title='bbox 1554 2651 1679 2728; x_wconf 90' lang='lat' dir='ltr'><strong>praetor</strong></span> <span class='ocrx_word' id='word_1_135' title='bbox 1700 2664 1771 2708; x_wconf 89' lang='lat' dir='ltr'><strong>esse</strong></span> 
     </span>
    </p>

    <p class='ocr_par' dir='ltr' id='par_1_5' title="bbox 410 2737 1771 3199">
     <span class='ocr_line' id='line_1_16' title="bbox 410 2737 1769 2823; baseline -0.003 -20"><span class='ocrx_word' id='word_1_136' title='bbox 410 2770 437 2817; x_wconf 71' lang='lat'><strong>45</strong></span> <span class='ocrx_word' id='word_1_137' title='bbox 448 2760 513 2804; x_wconf 93' lang='lat' dir='ltr'><strong>non</strong></span> <span class='ocrx_word' id='word_1_138' title='bbox 540 2739 663 2815; x_wconf 87' lang='lat' dir='ltr'><strong>videor,</strong></span> <span class='ocrx_word' id='word_1_139' title='bbox 694 2739 768 2823; x_wconf 92' lang='lat' dir='ltr'><strong>qnia</strong></span> <span class='ocrx_word' id='word_1_140' title='bbox 796 2738 921 2821; x_wconf 89' lang='lat' dir='ltr'><strong>sapiens</strong></span> <span class='ocrx_word' id='word_1_141' title='bbox 950 2757 1012 2801; x_wconf 92' lang='lat' dir='ltr'><strong>non</strong></span> <span class='ocrx_word' id='word_1_142' title='bbox 1040 2757 1128 2813; x_wconf 83' lang='lat' dir='ltr'><strong>sum3</strong></span> <span class='ocrx_word' id='word_1_143' title='bbox 1155 2756 1214 2800; x_wconf 88' lang='lat' dir='ltr'><strong>nec</strong></span> <span class='ocrx_word' id='word_1_144' title='bbox 1236 2737 1411 2802; x_wconf 91' lang='lat' dir='ltr'><strong>haecurbs</strong></span> <span class='ocrx_word' id='word_1_145' title='bbox 1433 2739 1547 2803; x_wconf 91' lang='lat' dir='ltr'><strong>necin</strong></span> <span class='ocrx_word' id='word_1_146' title='bbox 1569 2738 1769 2802; x_wconf 76' lang='lat' dir='ltr'><strong>eacivitas.s</strong></span> 
     </span>
     <span class='ocr_line' id='line_1_17' title="bbox 446 2831 1770 2915; baseline -0.002 -16"><span class='ocrx_word' id='word_1_147' title='bbox 446 2837 526 2899; x_wconf 86' lang='lat' dir='ltr'><strong>Tum</strong></span> <span class='ocrx_word' id='word_1_148' title='bbox 548 2834 619 2898; x_wconf 93' lang='lat' dir='ltr'><strong>ille:</strong></span> <span class='ocrx_word' id='word_1_149' title='bbox 648 2833 752 2896; x_wconf 86' lang='lat' dir='ltr'><strong>uHuic</strong></span> <span class='ocrx_word' id='word_1_150' title='bbox 774 2832 879 2894; x_wconf 89' lang='lat' dir='ltr'><strong>Stoico</strong></span> <span class='ocrx_word' id='word_1_151' title='bbox 901 2850 964 2894; x_wconf 95' lang='lat' dir='ltr'><strong>non</strong></span> <span class='ocrx_word' id='word_1_152' title='bbox 987 2831 1131 2896; x_wconf 76' lang='lat' dir='ltr'><strong>rideris.»</strong></span> <span class='ocrx_word' id='word_1_153' title='bbox 1170 2832 1355 2896; x_wconf 91' lang='lat' dir='ltr'><strong>Aristoteles</strong></span> <span class='ocrx_word' id='word_1_154' title='bbox 1377 2842 1432 2897; x_wconf 92' lang='lat' dir='ltr'><strong>aut</strong></span> <span class='ocrx_word' id='word_1_155' title='bbox 1454 2834 1664 2908; x_wconf 84' lang='lat' dir='ltr'><strong>Xenocrates,</strong></span> <span class='ocrx_word' id='word_1_156' title='bbox 1687 2851 1770 2915; x_wconf 87' lang='lat' dir='ltr'><strong>quos</strong></span> 
     </span>
     <span class='ocr_line' id='line_1_18' title="bbox 444 2924 1771 3010; baseline -0.002 -18"><span class='ocrx_word' id='word_1_157' title='bbox 444 2928 619 2994; x_wconf 77' lang='lat' dir='ltr'><strong>Antiochus</strong></span> <span class='ocrx_word' id='word_1_158' title='bbox 647 2925 739 3010; x_wconf 88' lang='lat' dir='ltr'><strong>sequi</strong></span> <span class='ocrx_word' id='word_1_159' title='bbox 766 2924 909 2998; x_wconf 88' lang='lat' dir='ltr'><strong>volebat,</strong></span> <span class='ocrx_word' id='word_1_160' title='bbox 939 2944 1002 2987; x_wconf 95' lang='lat' dir='ltr'><strong>non</strong></span> <span class='ocrx_word' id='word_1_161' title='bbox 1024 2924 1232 2988; x_wconf 86' lang='lat' dir='ltr'><strong>dubitavisset</strong></span> <span class='ocrx_word' id='word_1_162' title='bbox 1253 2926 1331 3010; x_wconf 91' lang='lat' dir='ltr'><strong>quin</strong></span> <span class='ocrx_word' id='word_1_163' title='bbox 1353 2935 1385 2989; x_wconf 92' lang='lat' dir='ltr'><strong>et</strong></span> <span class='ocrx_word' id='word_1_164' title='bbox 1409 2933 1537 3008; x_wconf 91' lang='lat' dir='ltr'><strong>praetor</strong></span> <span class='ocrx_word' id='word_1_165' title='bbox 1557 2926 1611 2989; x_wconf 91' lang='lat' dir='ltr'><strong>ille</strong></span> <span class='ocrx_word' id='word_1_166' title='bbox 1632 2934 1718 2990; x_wconf 89' lang='lat' dir='ltr'><strong>esset</strong></span> <span class='ocrx_word' id='word_1_167' title='bbox 1738 2933 1771 2991; x_wconf 93' lang='lat' dir='ltr'><strong>et</strong></span> 
     </span>
     <span class='ocr_line' id='line_1_19' title="bbox 444 3017 1769 3104; baseline -0.002 -17"><span class='ocrx_word' id='word_1_168' title='bbox 444 3024 543 3087; x_wconf 83' lang='lat' dir='ltr'><strong>Roma</strong></span> <span class='ocrx_word' id='word_1_169' title='bbox 563 3022 639 3086; x_wconf 91' lang='lat' dir='ltr'><strong>urbs</strong></span> <span class='ocrx_word' id='word_1_170' title='bbox 660 3028 693 3084; x_wconf 91' lang='lat' dir='ltr'><strong>et</strong></span> <span class='ocrx_word' id='word_1_171' title='bbox 714 3040 782 3084; x_wconf 92' lang='lat' dir='ltr'><strong>eam</strong></span> <span class='ocrx_word' id='word_1_172' title='bbox 799 3019 909 3082; x_wconf 89' lang='lat' dir='ltr'><strong>civitas</strong></span> <span class='ocrx_word' id='word_1_173' title='bbox 925 3017 1088 3081; x_wconf 90' lang='lat' dir='ltr'><strong>incoleret.</strong></span> <span class='ocrx_word' id='word_1_174' title='bbox 1125 3018 1188 3082; x_wconf 87' lang='lat' dir='ltr'><strong>Sed</strong></span> <span class='ocrx_word' id='word_1_175' title='bbox 1211 3019 1265 3082; x_wconf 93' lang='lat' dir='ltr'><strong>ille</strong></span> <span class='ocrx_word' id='word_1_176' title='bbox 1288 3028 1395 3084; x_wconf 89' lang='lat' dir='ltr'><strong>noster</strong></span> <span class='ocrx_word' id='word_1_177' title='bbox 1417 3028 1465 3084; x_wconf 92' lang='lat' dir='ltr'><strong>est</strong></span> <span class='ocrx_word' id='word_1_178' title='bbox 1486 3020 1594 3103; x_wconf 90' lang='lat' dir='ltr'><strong>plane,</strong></span> <span class='ocrx_word' id='word_1_179' title='bbox 1615 3027 1769 3104; x_wconf 88' lang='lat' dir='ltr'><strong>utsupra</strong></span> 
     </span>
     <span class='ocr_line' id='line_1_20' title="bbox 445 3108 1768 3199; baseline -0.002 -19"><span class='ocrx_word' id='word_1_180' title='bbox 445 3118 530 3193; x_wconf 86' lang='lat' dir='ltr'><strong>dixi,</strong></span> <span class='ocrx_word' id='word_1_181' title='bbox 560 3115 685 3180; x_wconf 89' lang='lat' dir='ltr'><strong>Stoicus</strong></span> <span class='ocrx_word' id='word_1_182' title='bbox 712 3132 870 3199; x_wconf 90' lang='lat' dir='ltr'><strong>perpauca</strong></span> <span class='ocrx_word' id='word_1_183' title='bbox 898 3112 1087 3176; x_wconf 86' lang='lat' dir='ltr'><strong>balbutiens.</strong></span> <span class='ocrx_word' id='word_1_184' title='bbox 1131 3108 1203 3176; x_wconf 86' lang='grc'><strong>438.</strong></span> <span class='ocrx_word' id='word_1_185' title='bbox 1230 3115 1295 3177; x_wconf 92' lang='lat' dir='ltr'><strong>Vos</strong></span> <span class='ocrx_word' id='word_1_186' title='bbox 1322 3122 1425 3178; x_wconf 89' lang='lat' dir='ltr'><strong>antem</strong></span> <span class='ocrx_word' id='word_1_187' title='bbox 1456 3114 1532 3176; x_wconf 93' lang='lat' dir='ltr'><strong>mihi</strong></span> <span class='ocrx_word' id='word_1_188' title='bbox 1554 3116 1694 3189; x_wconf 89' lang='lat' dir='ltr'><strong>verenti,</strong></span> <span class='ocrx_word' id='word_1_189' title='bbox 1727 3134 1768 3178; x_wconf 94' lang='lat' dir='ltr'><strong>ne</strong></span> 
     </span>
    </p>

    <p class='ocr_par' dir='ltr' id='par_1_6' title="bbox 407 3207 1780 3672">
     <span class='ocr_line' id='line_1_21' title="bbox 407 3207 1767 3294; baseline -0.002 -18"><span class='ocrx_word' id='word_1_190' title='bbox 407 3213 531 3289; x_wconf 62' lang='lat' dir='ltr'><strong>„leber</strong></span> <span class='ocrx_word' id='word_1_191' title='bbox 557 3210 597 3275; x_wconf 92' lang='lat' dir='ltr'><strong>ad</strong></span> <span class='ocrx_word' id='word_1_192' title='bbox 624 3211 855 3294; x_wconf 91' lang='lat' dir='ltr'><strong>opinationem,</strong></span> <span class='ocrx_word' id='word_1_193' title='bbox 882 3214 914 3269; x_wconf 93' lang='lat' dir='ltr'><strong>et</strong></span> <span class='ocrx_word' id='word_1_194' title='bbox 939 3207 1059 3290; x_wconf 89' lang='lat' dir='ltr'><strong>aliquid</strong></span> <span class='ocrx_word' id='word_1_195' title='bbox 1089 3207 1262 3271; x_wconf 88' lang='lat' dir='ltr'><strong>adsciscam</strong></span> <span class='ocrx_word' id='word_1_196' title='bbox 1292 3216 1324 3272; x_wconf 93' lang='lat' dir='ltr'><strong>et</strong></span> <span class='ocrx_word' id='word_1_197' title='bbox 1349 3209 1540 3293; x_wconf 88' lang='lat' dir='ltr'><strong>conprobem</strong></span> <span class='ocrx_word' id='word_1_198' title='bbox 1562 3209 1767 3292; x_wconf 90' lang='lat' dir='ltr'><strong>incognitum,</strong></span> 
     </span>
     <span class='ocr_line' id='line_1_22' title="bbox 444 3301 1766 3391; baseline -0.002 -21"><span class='ocrx_word' id='word_1_199' title='bbox 444 3307 530 3391; x_wconf 91' lang='lat' dir='ltr'><strong>quod</strong></span> <span class='ocrx_word' id='word_1_200' title='bbox 553 3305 682 3369; x_wconf 90' lang='lat' dir='ltr'><strong>minime</strong></span> <span class='ocrx_word' id='word_1_201' title='bbox 703 3304 814 3378; x_wconf 84' lang='lat' dir='ltr'><strong>vultis,</strong></span> <span class='ocrx_word' id='word_1_202' title='bbox 837 3302 914 3385; x_wconf 92' lang='lat' dir='ltr'><strong>quid</strong></span> <span class='ocrx_word' id='word_1_203' title='bbox 937 3301 1058 3364; x_wconf 90' lang='lat' dir='ltr'><strong>consilii</strong></span> <span class='ocrx_word' id='word_1_204' title='bbox 1081 3301 1186 3365; x_wconf 86' lang='lat' dir='ltr'><strong>datist</strong></span> <span class='ocrx_word' id='word_1_205' title='bbox 1220 3304 1366 3366; x_wconf 87' lang='lat' dir='ltr'><strong>Testatur</strong></span> <span class='ocrx_word' id='word_1_206' title='bbox 1380 3322 1475 3385; x_wconf 91' lang='lat' dir='ltr'><strong>saepe</strong></span> <span class='ocrx_word' id='word_1_207' title='bbox 1491 3302 1686 3387; x_wconf 82' lang='lat' dir='ltr'><strong>Chrysippus</strong></span> <span class='ocrx_word' id='word_1_208' title='bbox 1701 3312 1766 3368; x_wconf 91' lang='lat' dir='ltr'><strong>tres</strong></span> 
     </span>
     <span class='ocr_line' id='line_1_23' title="bbox 442 3393 1766 3478; baseline -0.003 -14"><span class='ocrx_word' id='word_1_209' title='bbox 442 3401 526 3465; x_wconf 87' lang='lat' dir='ltr'><strong>solas</strong></span> <span class='ocrx_word' id='word_1_210' title='bbox 549 3420 619 3463; x_wconf 85' lang='lat' dir='ltr'><strong>esre</strong></span> <span class='ocrx_word' id='word_1_211' title='bbox 641 3398 829 3470; x_wconf 87' lang='lat' dir='ltr'><strong>sententias,</strong></span> <span class='ocrx_word' id='word_1_212' title='bbox 851 3414 932 3478; x_wconf 88' lang='lat' dir='ltr'><strong>qnae</strong></span> <span class='ocrx_word' id='word_1_213' title='bbox 948 3393 1075 3456; x_wconf 83' lang='lat' dir='ltr'><strong>defendi</strong></span> <span class='ocrx_word' id='word_1_214' title='bbox 1090 3396 1226 3477; x_wconf 89' lang='lat' dir='ltr'><strong>possint,</strong></span> <span class='ocrx_word' id='word_1_215' title='bbox 1249 3397 1289 3458; x_wconf 94' lang='lat' dir='ltr'><strong>de</strong></span> <span class='ocrx_word' id='word_1_216' title='bbox 1304 3396 1420 3458; x_wconf 87' lang='lat' dir='ltr'><strong>linibus</strong></span> <span class='ocrx_word' id='word_1_217' title='bbox 1437 3395 1609 3472; x_wconf 73' lang='lat' dir='ltr'><strong>bonorum:</strong></span> <span class='ocrx_word' id='word_1_218' title='bbox 1632 3396 1766 3460; x_wconf 88' lang='lat' dir='ltr'><strong>circnm-</strong></span> 
     </span>
     <span class='ocr_line' id='line_1_24' title="bbox 442 3486 1767 3574; baseline -0.002 -17"><span class='ocrx_word' id='word_1_219' title='bbox 442 3493 522 3557; x_wconf 90' lang='lat' dir='ltr'><strong>cidit</strong></span> <span class='ocrx_word' id='word_1_220' title='bbox 552 3501 584 3556; x_wconf 93' lang='lat' dir='ltr'><strong>et</strong></span> <span class='ocrx_word' id='word_1_221' title='bbox 615 3497 758 3574; x_wconf 86' lang='lat' dir='ltr'><strong>amputat</strong></span> <span class='ocrx_word' id='word_1_222' title='bbox 788 3486 1036 3551; x_wconf 88' lang='lat' dir='ltr'><strong>multitudinem:</strong></span> <span class='ocrx_word' id='word_1_223' title='bbox 1070 3497 1124 3551; x_wconf 90' lang='lat' dir='ltr'><strong>aut</strong></span> <span class='ocrx_word' id='word_1_224' title='bbox 1157 3490 1240 3553; x_wconf 90' lang='lat' dir='ltr'><strong>enim</strong></span> <span class='ocrx_word' id='word_1_225' title='bbox 1269 3490 1468 3554; x_wconf 86' lang='lat' dir='ltr'><strong>honestatem</strong></span> <span class='ocrx_word' id='word_1_226' title='bbox 1497 3511 1567 3554; x_wconf 87' lang='lat' dir='ltr'><strong>esse</strong></span> <span class='ocrx_word' id='word_1_227' title='bbox 1593 3491 1690 3555; x_wconf 88' lang='lat' dir='ltr'><strong>finem</strong></span> <span class='ocrx_word' id='word_1_228' title='bbox 1712 3498 1767 3555; x_wconf 92' lang='lat' dir='ltr'><strong>ant</strong></span> 
     </span>
     <span class='ocr_line' id='line_1_25' title="bbox 441 3582 1780 3672; baseline -0.002 -21"><span class='ocrx_word' id='word_1_229' title='bbox 441 3588 633 3672; x_wconf 89' lang='lat' dir='ltr'><strong>voluptatem</strong></span> <span class='ocrx_word' id='word_1_230' title='bbox 656 3593 710 3648; x_wconf 93' lang='lat' dir='ltr'><strong>aut</strong></span> <span class='ocrx_word' id='word_1_231' title='bbox 730 3591 916 3664; x_wconf 77' lang='lat' dir='ltr'><strong>utrumque:</strong></span> <span class='ocrx_word' id='word_1_232' title='bbox 946 3600 1018 3644; x_wconf 90' lang='lat' dir='ltr'><strong>nam</strong></span> <span class='ocrx_word' id='word_1_233' title='bbox 1043 3582 1098 3664; x_wconf 91' lang='lat' dir='ltr'><strong>qni</strong></span> <span class='ocrx_word' id='word_1_234' title='bbox 1121 3602 1277 3646; x_wconf 90' lang='lat' dir='ltr'><strong>summum</strong></span> <span class='ocrx_word' id='word_1_235' title='bbox 1299 3584 1417 3647; x_wconf 89' lang='lat' dir='ltr'><strong>bonum</strong></span> <span class='ocrx_word' id='word_1_236' title='bbox 1440 3583 1546 3648; x_wconf 89' lang='lat' dir='ltr'><strong>dicant</strong></span> <span class='ocrx_word' id='word_1_237' title='bbox 1567 3585 1601 3648; x_wconf 94' lang='lat' dir='ltr'><strong>id</strong></span> <span class='ocrx_word' id='word_1_238' title='bbox 1624 3606 1710 3662; x_wconf 90' lang='lat' dir='ltr'><strong>esse,</strong></span> <span class='ocrx_word' id='word_1_239' title='bbox 1738 3586 1780 3649; x_wconf 86' lang='lat' dir='ltr'><strong>si·</strong></span> 
     </span>
    </p>

    <p class='ocr_par' dir='ltr' id='par_1_7' title="bbox 402 3675 1764 4139">
     <span class='ocr_line' id='line_1_26' title="bbox 402 3675 1764 3761; baseline -0.001 -18"><span class='ocrx_word' id='word_1_240' title='bbox 402 3700 588 3759; x_wconf 65' lang='lat' dir='ltr'><strong>„vacemus</strong></span> <span class='ocrx_word' id='word_1_241' title='bbox 616 3678 702 3742; x_wconf 92' lang='lat' dir='ltr'><strong>omni</strong></span> <span class='ocrx_word' id='word_1_242' title='bbox 731 3676 891 3750; x_wconf 88' lang='lat' dir='ltr'><strong>molestia,</strong></span> <span class='ocrx_word' id='word_1_243' title='bbox 925 3695 980 3738; x_wconf 88' lang='lat' dir='ltr'><strong>eos</strong></span> <span class='ocrx_word' id='word_1_244' title='bbox 1002 3675 1190 3739; x_wconf 86' lang='lat' dir='ltr'><strong>invidiosum</strong></span> <span class='ocrx_word' id='word_1_245' title='bbox 1218 3697 1334 3740; x_wconf 90' lang='lat' dir='ltr'><strong>nomen</strong></span> <span class='ocrx_word' id='word_1_246' title='bbox 1357 3679 1526 3761; x_wconf 88' lang='lat' dir='ltr'><strong>voluptatis</strong></span> <span class='ocrx_word' id='word_1_247' title='bbox 1548 3678 1675 3761; x_wconf 85' lang='lat' dir='ltr'><strong>lugere,</strong></span> <span class='ocrx_word' id='word_1_248' title='bbox 1705 3678 1764 3742; x_wconf 92' lang='lat' dir='ltr'><strong>sed</strong></span> 
     </span>
     <span class='ocr_line' id='line_1_27' title="bbox 440 3768 1764 3854; baseline -0.002 -17"><span class='ocrx_word' id='word_1_249' title='bbox 440 3775 474 3837; x_wconf 95' lang='lat' dir='ltr'><strong>in</strong></span> <span class='ocrx_word' id='word_1_250' title='bbox 494 3774 654 3839; x_wconf 82' lang='lat' dir='ltr'><strong>vicinitate</strong></span> <span class='ocrx_word' id='word_1_251' title='bbox 677 3771 816 3835; x_wconf 88' lang='lat' dir='ltr'><strong>versari:</strong></span> <span class='ocrx_word' id='word_1_252' title='bbox 844 3768 929 3852; x_wconf 94' lang='lat' dir='ltr'><strong>quod</strong></span> <span class='ocrx_word' id='word_1_253' title='bbox 950 3769 1053 3831; x_wconf 84' lang='lat' dir='ltr'><strong>facere</strong></span> <span class='ocrx_word' id='word_1_254' title='bbox 1076 3790 1131 3833; x_wconf 91' lang='lat' dir='ltr'><strong>eos</strong></span> <span class='ocrx_word' id='word_1_255' title='bbox 1154 3772 1263 3846; x_wconf 84' lang='lat' dir='ltr'><strong>etiam,</strong></span> <span class='ocrx_word' id='word_1_256' title='bbox 1286 3772 1339 3854; x_wconf 88' lang='lat' dir='ltr'><strong>qui</strong></span> <span class='ocrx_word' id='word_1_257' title='bbox 1363 3772 1440 3834; x_wconf 92' lang='lat' dir='ltr'><strong>illud</strong></span> <span class='ocrx_word' id='word_1_258' title='bbox 1463 3772 1547 3835; x_wconf 88' lang='lat' dir='ltr'><strong>idem</strong></span> <span class='ocrx_word' id='word_1_259' title='bbox 1570 3792 1640 3836; x_wconf 91' lang='lat' dir='ltr'><strong>cnm</strong></span> <span class='ocrx_word' id='word_1_260' title='bbox 1662 3773 1764 3835; x_wconf 92' lang='lat' dir='ltr'><strong>hone·</strong></span> 
     </span>
     <span class='ocr_line' id='line_1_28' title="bbox 439 3863 1763 3950; baseline -0.002 -17"><span class='ocrx_word' id='word_1_261' title='bbox 439 3874 520 3933; x_wconf 91' lang='lat' dir='ltr'><strong>state</strong></span> <span class='ocrx_word' id='word_1_262' title='bbox 541 3866 783 3949; x_wconf 89' lang='lat' dir='ltr'><strong>coniungerent,</strong></span> <span class='ocrx_word' id='word_1_263' title='bbox 813 3882 871 3926; x_wconf 91' lang='lat' dir='ltr'><strong>nec</strong></span> <span class='ocrx_word' id='word_1_264' title='bbox 893 3863 992 3926; x_wconf 92' lang='lat' dir='ltr'><strong>multo</strong></span> <span class='ocrx_word' id='word_1_265' title='bbox 1014 3882 1105 3926; x_wconf 90' lang='lat' dir='ltr'><strong>secus</strong></span> <span class='ocrx_word' id='word_1_266' title='bbox 1126 3884 1195 3940; x_wconf 90' lang='lat' dir='ltr'><strong>eos,</strong></span> <span class='ocrx_word' id='word_1_267' title='bbox 1224 3868 1279 3950; x_wconf 92' lang='lat' dir='ltr'><strong>qui</strong></span> <span class='ocrx_word' id='word_1_268' title='bbox 1301 3866 1341 3927; x_wconf 88' lang='lat' dir='ltr'><strong>ad</strong></span> <span class='ocrx_word' id='word_1_269' title='bbox 1362 3867 1561 3930; x_wconf 88' lang='lat' dir='ltr'><strong>honestatem</strong></span> <span class='ocrx_word' id='word_1_270' title='bbox 1583 3868 1684 3950; x_wconf 89' lang='lat' dir='ltr'><strong>prima</strong></span> <span class='ocrx_word' id='word_1_271' title='bbox 1707 3886 1763 3930; x_wconf 88' lang='lat' dir='ltr'><strong>na·</strong></span> 
     </span>
     <span class='ocr_line' id='line_1_29' title="bbox 438 3957 1763 4044; baseline -0.003 -16"><span class='ocrx_word' id='word_1_272' title='bbox 438 3971 527 4028; x_wconf 90' lang='lat' dir='ltr'><strong>turae</strong></span> <span class='ocrx_word' id='word_1_273' title='bbox 549 3960 712 4026; x_wconf 89' lang='lat' dir='ltr'><strong>commoda</strong></span> <span class='ocrx_word' id='word_1_274' title='bbox 728 3957 952 4039; x_wconf 89' lang='lat' dir='ltr'><strong>adiungerent:</strong></span> <span class='ocrx_word' id='word_1_275' title='bbox 974 3958 1019 4020; x_wconf 88' lang='lat' dir='ltr'><strong>ita</strong></span> <span class='ocrx_word' id='word_1_276' title='bbox 1033 3959 1089 4021; x_wconf 90' lang='lat' dir='ltr'><strong>tris</strong></span> <span class='ocrx_word' id='word_1_277' title='bbox 1104 3959 1255 4041; x_wconf 90' lang='lat' dir='ltr'><strong>relinquit</strong></span> <span class='ocrx_word' id='word_1_278' title='bbox 1268 3960 1452 4034; x_wconf 89' lang='lat' dir='ltr'><strong>sententias,</strong></span> <span class='ocrx_word' id='word_1_279' title='bbox 1475 3980 1553 4043; x_wconf 92' lang='lat' dir='ltr'><strong>quas</strong></span> <span class='ocrx_word' id='word_1_280' title='bbox 1575 3968 1667 4043; x_wconf 90' lang='lat' dir='ltr'><strong>putat</strong></span> <span class='ocrx_word' id='word_1_281' title='bbox 1688 3980 1763 4044; x_wconf 93' lang='lat' dir='ltr'><strong>pro·</strong></span> 
     </span>
     <span class='ocr_line' id='line_1_30' title="bbox 438 4045 1762 4139; baseline -0.002 -19"><span class='ocrx_word' id='word_1_282' title='bbox 438 4056 585 4121; x_wconf 89' lang='lat' dir='ltr'><strong>habiliter</strong></span> <span class='ocrx_word' id='word_1_283' title='bbox 612 4073 707 4139; x_wconf 90' lang='lat' dir='ltr'><strong>posse</strong></span> <span class='ocrx_word' id='word_1_284' title='bbox 737 4050 873 4115; x_wconf 82' lang='lat' dir='ltr'><strong>delendi.</strong></span> <span class='ocrx_word' id='word_1_285' title='bbox 917 4045 989 4112; x_wconf 87' lang='lat' dir='ltr'><strong>l39.</strong></span> <span class='ocrx_word' id='word_1_286' title='bbox 1017 4052 1063 4114; x_wconf 87' lang='lat' dir='ltr'><strong>Sit</strong></span> <span class='ocrx_word' id='word_1_287' title='bbox 1088 4072 1164 4114; x_wconf 91' lang='lat' dir='ltr'><strong>sane</strong></span> <span class='ocrx_word' id='word_1_288' title='bbox 1192 4054 1236 4115; x_wconf 90' lang='lat' dir='ltr'><strong>ita</strong></span> <span class='ocrx_word' id='word_1_289' title='bbox 1264 4085 1306 4101; x_wconf 92' lang='lat'>-</span> <span class='ocrx_word' id='word_1_290' title='bbox 1328 4072 1518 4137; x_wconf 89' lang='lat' dir='ltr'><strong>quamquam</strong></span> <span class='ocrx_word' id='word_1_291' title='bbox 1540 4075 1560 4118; x_wconf 93' lang='lat' dir='ltr'><strong>a</strong></span> <span class='ocrx_word' id='word_1_292' title='bbox 1581 4055 1762 4120; x_wconf 86' lang='lat' dir='ltr'><strong>Polemonis</strong></span> 
     </span>
    </p>

    <p class='ocr_par' dir='ltr' id='par_1_8' title="bbox 401 4141 1762 4607">
     <span class='ocr_line' id='line_1_31' title="bbox 401 4141 1762 4235; baseline -0.003 -20"><span class='ocrx_word' id='word_1_293' title='bbox 401 4158 472 4231; x_wconf 58' lang='lat' dir='ltr'><strong>goat</strong></span> <span class='ocrx_word' id='word_1_294' title='bbox 492 4149 766 4235; x_wconf 86' lang='lat' dir='ltr'><strong>Peripateticorum</strong></span> <span class='ocrx_word' id='word_1_295' title='bbox 789 4152 821 4209; x_wconf 93' lang='lat' dir='ltr'><strong>et</strong></span> <span class='ocrx_word' id='word_1_296' title='bbox 842 4144 987 4207; x_wconf 78' lang='lat' dir='ltr'><strong>Antiochi</strong></span> <span class='ocrx_word' id='word_1_297' title='bbox 1008 4141 1125 4208; x_wconf 88' lang='lat' dir='ltr'><strong>finibus</strong></span> <span class='ocrx_word' id='word_1_298' title='bbox 1147 4166 1210 4209; x_wconf 92' lang='lat' dir='ltr'><strong>non</strong></span> <span class='ocrx_word' id='word_1_299' title='bbox 1233 4147 1323 4210; x_wconf 83' lang='lat' dir='ltr'><strong>facile</strong></span> <span class='ocrx_word' id='word_1_300' title='bbox 1343 4147 1490 4223; x_wconf 90' lang='lat' dir='ltr'><strong>divellor,</strong></span> <span class='ocrx_word' id='word_1_301' title='bbox 1511 4149 1762 4232; x_wconf 90' lang='lat' dir='ltr'><strong>necquicquam</strong></span> 
     </span>
     <span class='ocr_line' id='line_1_32' title="bbox 438 4239 1762 4324; baseline -0.002 -15"><span class='ocrx_word' id='word_1_302' title='bbox 438 4244 541 4309; x_wconf 91' lang='lat' dir='ltr'><strong>habeo</strong></span> <span class='ocrx_word' id='word_1_303' title='bbox 563 4242 666 4307; x_wconf 90' lang='lat' dir='ltr'><strong>adhuc</strong></span> <span class='ocrx_word' id='word_1_304' title='bbox 686 4239 882 4324; x_wconf 83' lang='lat' dir='ltr'><strong>probabilius</strong></span> <span class='ocrx_word' id='word_1_305' title='bbox 896 4270 954 4312; x_wconf 85' lang='lat'><strong>-‚</strong></span> <span class='ocrx_word' id='word_1_306' title='bbox 977 4258 1084 4301; x_wconf 87' lang='lat' dir='ltr'><strong>rerum</strong></span> <span class='ocrx_word' id='word_1_307' title='bbox 1108 4247 1212 4303; x_wconf 91' lang='lat' dir='ltr'><strong>tamen</strong></span> <span class='ocrx_word' id='word_1_308' title='bbox 1228 4240 1332 4315; x_wconf 85' lang='lat' dir='ltr'><strong>rideo,</strong></span> <span class='ocrx_word' id='word_1_309' title='bbox 1354 4261 1448 4324; x_wconf 91' lang='lat' dir='ltr'><strong>quam</strong></span> <span class='ocrx_word' id='word_1_310' title='bbox 1464 4243 1602 4304; x_wconf 85' lang='lat' dir='ltr'><strong>suaviter</strong></span> <span class='ocrx_word' id='word_1_311' title='bbox 1615 4242 1762 4324; x_wconf 86' lang='lat' dir='ltr'><strong>voluptas</strong></span> 
     </span>
     <span class='ocr_line' id='line_1_33' title="bbox 438 4331 1760 4419; baseline -0.002 -17"><span class='ocrx_word' id='word_1_312' title='bbox 438 4338 584 4402; x_wconf 88' lang='lat' dir='ltr'><strong>sensibus</strong></span> <span class='ocrx_word' id='word_1_313' title='bbox 598 4336 716 4399; x_wconf 88' lang='lat' dir='ltr'><strong>nostris</strong></span> <span class='ocrx_word' id='word_1_314' title='bbox 730 4332 915 4396; x_wconf 89' lang='lat' dir='ltr'><strong>blandiatur.</strong></span> <span class='ocrx_word' id='word_1_315' title='bbox 949 4331 1054 4395; x_wconf 90' lang='lat' dir='ltr'><strong>Labor</strong></span> <span class='ocrx_word' id='word_1_316' title='bbox 1068 4353 1122 4408; x_wconf 91' lang='lat' dir='ltr'><strong>eo,</strong></span> <span class='ocrx_word' id='word_1_317' title='bbox 1144 4342 1180 4398; x_wconf 91' lang='lat' dir='ltr'><strong>ut</strong></span> <span class='ocrx_word' id='word_1_318' title='bbox 1194 4334 1353 4398; x_wconf 89' lang='lat' dir='ltr'><strong>adsentiar</strong></span> <span class='ocrx_word' id='word_1_319' title='bbox 1367 4336 1503 4416; x_wconf 87' lang='lat' dir='ltr'><strong>Epicuro</strong></span> <span class='ocrx_word' id='word_1_320' title='bbox 1519 4343 1573 4398; x_wconf 91' lang='lat' dir='ltr'><strong>aut</strong></span> <span class='ocrx_word' id='word_1_321' title='bbox 1585 4336 1760 4419; x_wconf 86' lang='lat' dir='ltr'><strong>Aristippo:</strong></span> 
     </span>
     <span class='ocr_line' id='line_1_34' title="bbox 437 4425 1762 4511; baseline -0.002 -15"><span class='ocrx_word' id='word_1_322' title='bbox 437 4438 564 4496; x_wconf 91' lang='lat' dir='ltr'><strong>revocat</strong></span> <span class='ocrx_word' id='word_1_323' title='bbox 584 4430 684 4493; x_wconf 90' lang='lat' dir='ltr'><strong>virtus</strong></span> <span class='ocrx_word' id='word_1_324' title='bbox 706 4426 756 4490; x_wconf 88' lang='lat' dir='ltr'><strong>rel</strong></span> <span class='ocrx_word' id='word_1_325' title='bbox 778 4426 882 4509; x_wconf 90' lang='lat' dir='ltr'><strong>potius</strong></span> <span class='ocrx_word' id='word_1_326' title='bbox 904 4425 1068 4508; x_wconf 87' lang='lat' dir='ltr'><strong>reprendit</strong></span> <span class='ocrx_word' id='word_1_327' title='bbox 1089 4446 1200 4490; x_wconf 91' lang='lat' dir='ltr'><strong>manu:</strong></span> <span class='ocrx_word' id='word_1_328' title='bbox 1223 4428 1379 4511; x_wconf 89' lang='lat' dir='ltr'><strong>pecudum</strong></span> <span class='ocrx_word' id='word_1_329' title='bbox 1401 4429 1474 4491; x_wconf 93' lang='lat' dir='ltr'><strong>illos</strong></span> <span class='ocrx_word' id='word_1_330' title='bbox 1497 4437 1600 4492; x_wconf 90' lang='lat' dir='ltr'><strong>motus</strong></span> <span class='ocrx_word' id='word_1_331' title='bbox 1622 4448 1693 4493; x_wconf 89' lang='lat' dir='ltr'><strong>esse</strong></span> <span class='ocrx_word' id='word_1_332' title='bbox 1713 4429 1762 4494; x_wconf 92' lang='lat' dir='ltr'><strong>di·</strong></span> 
     </span>
     <span class='ocr_line' id='line_1_35' title="bbox 438 4520 1761 4607; baseline -0.003 -17"><span class='ocrx_word' id='word_1_333' title='bbox 438 4528 496 4602; x_wconf 89' lang='lat' dir='ltr'><strong>cit,</strong></span> <span class='ocrx_word' id='word_1_334' title='bbox 519 4526 678 4589; x_wconf 92' lang='lat' dir='ltr'><strong>hominem</strong></span> <span class='ocrx_word' id='word_1_335' title='bbox 699 4522 801 4604; x_wconf 89' lang='lat' dir='ltr'><strong>iungit</strong></span> <span class='ocrx_word' id='word_1_336' title='bbox 821 4520 891 4583; x_wconf 90' lang='lat' dir='ltr'><strong>deo.</strong></span> <span class='ocrx_word' id='word_1_337' title='bbox 926 4522 1058 4583; x_wconf 90' lang='lat' dir='ltr'><strong>Possum</strong></span> <span class='ocrx_word' id='word_1_338' title='bbox 1080 4542 1151 4584; x_wconf 90' lang='lat' dir='ltr'><strong>esse</strong></span> <span class='ocrx_word' id='word_1_339' title='bbox 1172 4522 1312 4596; x_wconf 91' lang='lat' dir='ltr'><strong>medius,</strong></span> <span class='ocrx_word' id='word_1_340' title='bbox 1334 4528 1382 4596; x_wconf 93' lang='lat' dir='ltr'><strong>nt,</strong></span> <span class='ocrx_word' id='word_1_341' title='bbox 1405 4523 1555 4605; x_wconf 90' lang='lat' dir='ltr'><strong>quoniam</strong></span> <span class='ocrx_word' id='word_1_342' title='bbox 1570 4524 1761 4607; x_wconf 89' lang='lat' dir='ltr'><strong>Aristippus,</strong></span> 
     </span>
    </p>
   </div>
   <div class='ocr_carea' id='block_1_3' title="bbox 399 4614 1761 4798">
    <p class='ocr_par' dir='ltr' id='par_1_9' title="bbox 399 4614 1761 4798">
     <span class='ocr_line' id='line_1_36' title="bbox 399 4614 1761 4706; baseline -0.004 -20"><span class='ocrx_word' id='word_1_343' title='bbox 399 4622 528 4706; x_wconf 61' lang='lat' dir='ltr'><strong>,qqnasi</strong></span> <span class='ocrx_word' id='word_1_344' title='bbox 550 4620 690 4683; x_wconf 90' lang='lat' dir='ltr'><strong>animum</strong></span> <span class='ocrx_word' id='word_1_345' title='bbox 710 4616 832 4679; x_wconf 90' lang='lat' dir='ltr'><strong>nullum</strong></span> <span class='ocrx_word' id='word_1_346' title='bbox 855 4614 1041 4689; x_wconf 89' lang='lat' dir='ltr'><strong>habeamus,</strong></span> <span class='ocrx_word' id='word_1_347' title='bbox 1063 4634 1178 4697; x_wconf 90' lang='lat' dir='ltr'><strong>corpus</strong></span> <span class='ocrx_word' id='word_1_348' title='bbox 1200 4616 1300 4678; x_wconf 88' lang='lat' dir='ltr'><strong>solum</strong></span> <span class='ocrx_word' id='word_1_349' title='bbox 1318 4623 1439 4691; x_wconf 91' lang='lat' dir='ltr'><strong>tuetur,</strong></span> <span class='ocrx_word' id='word_1_350' title='bbox 1461 4619 1561 4692; x_wconf 90' lang='lat' dir='ltr'><strong>Zeno,</strong></span> <span class='ocrx_word' id='word_1_351' title='bbox 1585 4618 1676 4701; x_wconf 89' lang='lat' dir='ltr'><strong>quasi</strong></span> <span class='ocrx_word' id='word_1_352' title='bbox 1691 4638 1761 4681; x_wconf 91' lang='lat' dir='ltr'><strong>cor·</strong></span> 
     </span>
     <span class='ocr_line' id='line_1_37' title="bbox 437 4708 1760 4798; baseline -0.002 -20"><span class='ocrx_word' id='word_1_353' title='bbox 437 4714 642 4798; x_wconf 86' lang='lat' dir='ltr'><strong>purissimus</strong></span> <span class='ocrx_word' id='word_1_354' title='bbox 665 4718 828 4793; x_wconf 82' lang='lat' dir='ltr'><strong>expertes,</strong></span> <span class='ocrx_word' id='word_1_355' title='bbox 856 4710 997 4772; x_wconf 89' lang='lat' dir='ltr'><strong>animum</strong></span> <span class='ocrx_word' id='word_1_356' title='bbox 1019 4708 1122 4771; x_wconf 91' lang='lat' dir='ltr'><strong>solum</strong></span> <span class='ocrx_word' id='word_1_357' title='bbox 1146 4709 1369 4792; x_wconf 86' lang='lat' dir='ltr'><strong>conplectitur,</strong></span> <span class='ocrx_word' id='word_1_358' title='bbox 1398 4716 1433 4772; x_wconf 90' lang='lat' dir='ltr'><strong>ut</strong></span> <span class='ocrx_word' id='word_1_359' title='bbox 1455 4710 1687 4793; x_wconf 91' lang='lat' dir='ltr'><strong>Calliphontem</strong></span> <span class='ocrx_word' id='word_1_360' title='bbox 1709 4732 1760 4776; x_wconf 89' lang='lat' dir='ltr'><strong>se·</strong></span> 
     </span>
    </p>
   </div>
   <div class='ocr_carea' id='block_1_4' title="bbox 403 4977 1758 6027">
    <p class='ocr_par' dir='ltr' id='par_1_10' title="bbox 431 4977 1758 5353">
     <span class='ocr_line' id='line_1_38' title="bbox 501 4977 1758 5047; baseline 0 -14"><span class='ocrx_word' id='word_1_361' title='bbox 501 4987 526 5037; x_wconf 82' lang='grc'><strong>8.</strong></span> <span class='ocrx_word' id='word_1_362' title='bbox 544 4984 640 5037; x_wconf 64' lang='lat' dir='ltr'><strong>aruis:</strong></span> <span class='ocrx_word' id='word_1_363' title='bbox 655 4980 700 5033; x_wconf 87' lang='lat' dir='ltr'><strong>A¹:</strong></span> <span class='ocrx_word' id='word_1_364' title='bbox 719 4979 803 5031; x_wconf 78' lang='grc'><strong>44444444</strong></span> <span class='ocrx_word' id='word_1_365' title='bbox 818 4977 935 5030; x_wconf 84' lang='lat' dir='ltr'><strong>A²BEG</strong></span> <span class='ocrx_word' id='word_1_366' title='bbox 950 5005 975 5016; x_wconf 99' lang='lat'>-</span> <span class='ocrx_word' id='word_1_367' title='bbox 994 4978 1101 5041; x_wconf 75' lang='lat' dir='ltr'><strong>frrriows</strong></span> <span class='ocrx_word' id='word_1_368' title='bbox 1117 4979 1239 5040; x_wconf 83' lang='lat' dir='ltr'><strong>denique?</strong></span> <span class='ocrx_word' id='word_1_369' title='bbox 1256 4981 1351 5031; x_wconf 85' lang='lat' dir='ltr'><strong>Davies</strong></span> <span class='ocrx_word' id='word_1_370' title='bbox 1365 5007 1391 5016; x_wconf 93' lang='lat'><em>—</em></span> <span class='ocrx_word' id='word_1_371' title='bbox 1410 4981 1520 5045; x_wconf 75' lang='lat' dir='ltr'><strong>insurgis</strong></span> <span class='ocrx_word' id='word_1_372' title='bbox 1536 4979 1566 5032; x_wconf 72' lang='grc' dir='ltr'><strong>[4ι</strong></span> <span class='ocrx_word' id='word_1_373' title='bbox 1580 5010 1607 5022; x_wconf 93' lang='grc'><strong>-</strong></span> <span class='ocrx_word' id='word_1_374' title='bbox 1620 4983 1645 5035; x_wconf 89' lang='grc'><strong>6.</strong></span> <span class='ocrx_word' id='word_1_375' title='bbox 1659 4985 1758 5047; x_wconf 57' lang='lat' dir='ltr'><strong>wiern</strong></span> 
     </span>
     <span class='ocr_line' id='line_1_39' title="bbox 431 5053 1755 5124; baseline -0.004 -10"><span class='ocrx_word' id='word_1_376' title='bbox 431 5061 579 5114; x_wconf 58' lang='lat' dir='ltr'><strong>*Manutinm</strong></span> <span class='ocrx_word' id='word_1_377' title='bbox 603 5058 706 5119; x_wconf 84' lang='lat' dir='ltr'><strong>deniqne</strong></span> <span class='ocrx_word' id='word_1_378' title='bbox 723 5054 802 5106; x_wconf 90' lang='lat' dir='ltr'><strong>codd.</strong></span> <span class='ocrx_word' id='word_1_379' title='bbox 821 5056 848 5103; x_wconf 88' lang='lat' dir='ltr'><strong>et</strong></span> <span class='ocrx_word' id='word_1_380' title='bbox 865 5054 899 5112; x_wconf 80' lang='lat'><strong>03</strong></span> <span class='ocrx_word' id='word_1_381' title='bbox 923 5053 1022 5115; x_wconf 82' lang='lat' dir='ltr'><strong>quidem</strong></span> <span class='ocrx_word' id='word_1_382' title='bbox 1038 5056 1142 5118; x_wconf 83' lang='lat' dir='ltr'><strong>deniqne</strong></span> <span class='ocrx_word' id='word_1_383' title='bbox 1158 5054 1243 5118; x_wconf 76' lang='grc'><strong>4444444,</strong></span> <span class='ocrx_word' id='word_1_384' title='bbox 1269 5057 1375 5108; x_wconf 79' lang='lat' dir='ltr'><strong>Marulli</strong></span> <span class='ocrx_word' id='word_1_385' title='bbox 1398 5060 1460 5107; x_wconf 90' lang='lat' dir='ltr'><strong>nota</strong></span> <span class='ocrx_word' id='word_1_386' title='bbox 1477 5055 1571 5108; x_wconf 88' lang='lat' dir='ltr'><strong>leviter</strong></span> <span class='ocrx_word' id='word_1_387' title='bbox 1587 5057 1708 5124; x_wconf 86' lang='lat' dir='ltr'><strong>inspecta</strong></span> <span class='ocrx_word' id='word_1_388' title='bbox 1727 5088 1755 5099; x_wconf 93' lang='lat'>-</span> 
     </span>
     <span class='ocr_line' id='line_1_40' title="bbox 434 5127 1758 5198; baseline -0.002 -11"><span class='ocrx_word' id='word_1_389' title='bbox 434 5139 459 5190; x_wconf 88' lang='lat' dir='ltr'><strong>s.</strong></span> <span class='ocrx_word' id='word_1_390' title='bbox 476 5138 561 5188; x_wconf 81' lang='lat' dir='ltr'><strong>monio</strong></span> <span class='ocrx_word' id='word_1_391' title='bbox 576 5138 597 5185; x_wconf 87' lang='lat' dir='ltr'><strong>A</strong></span> <span class='ocrx_word' id='word_1_392' title='bbox 615 5160 644 5171; x_wconf 94' lang='lat'>-</span> <span class='ocrx_word' id='word_1_393' title='bbox 662 5130 687 5180; x_wconf 84' lang='grc'><strong>9.</strong></span> <span class='ocrx_word' id='word_1_394' title='bbox 705 5128 833 5179; x_wconf 79' lang='grc'><strong>44444444</strong></span> <span class='ocrx_word' id='word_1_395' title='bbox 853 5154 880 5163; x_wconf 91' lang='grc'>-</span> <span class='ocrx_word' id='word_1_396' title='bbox 905 5127 945 5177; x_wconf 80' lang='lat' dir='ltr'><strong>ii.</strong></span> <span class='ocrx_word' id='word_1_397' title='bbox 963 5132 1061 5190; x_wconf 82' lang='lat' dir='ltr'><strong>npnlA</strong></span> <span class='ocrx_word' id='word_1_398' title='bbox 1082 5156 1109 5166; x_wconf 96' lang='lat'><em>-</em></span> <span class='ocrx_word' id='word_1_399' title='bbox 1135 5131 1175 5179; x_wconf 94' lang='grc'><strong>44.</strong></span> <span class='ocrx_word' id='word_1_400' title='bbox 1193 5132 1311 5194; x_wconf 87' lang='lat' dir='ltr'><strong>cnpitnlio</strong></span> <span class='ocrx_word' id='word_1_401' title='bbox 1329 5135 1399 5182; x_wconf 87' lang='lat' dir='ltr'><strong>A-</strong></span> <span class='ocrx_word' id='word_1_402' title='bbox 1421 5133 1570 5195; x_wconf 83' lang='lat' dir='ltr'><strong>olpinnrnB</strong></span> <span class='ocrx_word' id='word_1_403' title='bbox 1591 5160 1619 5172; x_wconf 94' lang='lat'><em>-</em></span> <span class='ocrx_word' id='word_1_404' title='bbox 1640 5134 1758 5198; x_wconf 81' lang='lat' dir='ltr'><strong>quicum</strong></span> 
     </span>
     <span class='ocr_line' id='line_1_41' title="bbox 433 5201 1755 5270; baseline -0.004 -5"><span class='ocrx_word' id='word_1_405' title='bbox 433 5218 456 5265; x_wconf 83' lang='lat' dir='ltr'><strong>A</strong></span> <span class='ocrx_word' id='word_1_406' title='bbox 473 5238 500 5249; x_wconf 96' lang='lat'>-</span> <span class='ocrx_word' id='word_1_407' title='bbox 521 5210 561 5262; x_wconf 89' lang='grc'><strong>44.</strong></span> <span class='ocrx_word' id='word_1_408' title='bbox 578 5205 764 5258; x_wconf 73' lang='lat' dir='ltr'><strong>leonenses</strong></span> <span class='ocrx_word' id='word_1_409' title='bbox 783 5230 810 5239; x_wconf 97' lang='lat'>-</span> <span class='ocrx_word' id='word_1_410' title='bbox 830 5202 870 5252; x_wconf 89' lang='grc'><strong>46.</strong></span> <span class='ocrx_word' id='word_1_411' title='bbox 888 5201 949 5252; x_wconf 91' lang='lat' dir='ltr'><strong>vide</strong></span> <span class='ocrx_word' id='word_1_412' title='bbox 967 5217 1000 5253; x_wconf 92' lang='lat' dir='ltr'><strong>ne</strong></span> <span class='ocrx_word' id='word_1_413' title='bbox 1017 5203 1100 5253; x_wconf 82' lang='lat' dir='ltr'><strong>Stoico</strong></span> <span class='ocrx_word' id='word_1_414' title='bbox 1117 5204 1151 5253; x_wconf 91' lang='lat' dir='ltr'><strong>sil</strong></span> <span class='ocrx_word' id='word_1_415' title='bbox 1166 5202 1296 5267; x_wconf 79' lang='lat' dir='ltr'><strong>glossema</strong></span> <span class='ocrx_word' id='word_1_416' title='bbox 1309 5233 1338 5244; x_wconf 94' lang='lat'>-</span> <span class='ocrx_word' id='word_1_417' title='bbox 1358 5207 1397 5256; x_wconf 94' lang='grc'><strong>48.</strong></span> <span class='ocrx_word' id='word_1_418' title='bbox 1416 5207 1456 5257; x_wconf 83' lang='lat' dir='ltr'><strong>ille</strong></span> <span class='ocrx_word' id='word_1_419' title='bbox 1471 5212 1550 5258; x_wconf 78' lang='grc'><strong>444444</strong></span> <span class='ocrx_word' id='word_1_420' title='bbox 1560 5209 1671 5270; x_wconf 75' lang='lat' dir='ltr'><strong>nevies:</strong></span> <span class='ocrx_word' id='word_1_421' title='bbox 1690 5210 1718 5259; x_wconf 86' lang='grc'><strong>44</strong></span> <span class='ocrx_word' id='word_1_422' title='bbox 1729 5222 1755 5261; x_wconf 84' lang='grc'><strong>4.</strong></span> 
     </span>
     <span class='ocr_line' id='line_1_42' title="bbox 433 5278 1755 5353; baseline -0.002 -16"><span class='ocrx_word' id='word_1_423' title='bbox 433 5288 448 5353; x_wconf 66' lang='lat' dir='ltr'><strong>g</strong></span> <span class='ocrx_word' id='word_1_424' title='bbox 467 5285 514 5337; x_wconf 95' lang='grc'><strong>443</strong></span> <span class='ocrx_word' id='word_1_425' title='bbox 531 5286 567 5334; x_wconf 92' lang='lat' dir='ltr'><strong>ln.</strong></span> <span class='ocrx_word' id='word_1_426' title='bbox 588 5308 614 5319; x_wconf 91' lang='lat'>-</span> <span class='ocrx_word' id='word_1_427' title='bbox 630 5280 719 5344; x_wconf 83' lang='lat' dir='ltr'><strong>plone,</strong></span> <span class='ocrx_word' id='word_1_428' title='bbox 737 5284 765 5328; x_wconf 90' lang='grc'><strong>444</strong></span> <span class='ocrx_word' id='word_1_429' title='bbox 780 5291 858 5340; x_wconf 81' lang='lat' dir='ltr'><strong>supro</strong></span> <span class='ocrx_word' id='word_1_430' title='bbox 869 5278 948 5327; x_wconf 78' lang='grc'><strong>44444444</strong></span> <span class='ocrx_word' id='word_1_431' title='bbox 958 5278 1029 5341; x_wconf 83' lang='lat' dir='ltr'><strong>(sic),</strong></span> <span class='ocrx_word' id='word_1_432' title='bbox 1047 5279 1145 5328; x_wconf 79' lang='lat' dir='ltr'><strong>Stoicus</strong></span> <span class='ocrx_word' id='word_1_433' title='bbox 1157 5293 1287 5342; x_wconf 77' lang='lat' dir='ltr'><strong>perpauco</strong></span> <span class='ocrx_word' id='word_1_434' title='bbox 1304 5281 1450 5332; x_wconf 83' lang='lat' dir='ltr'><strong>balbuttiens</strong></span> <span class='ocrx_word' id='word_1_435' title='bbox 1465 5282 1547 5333; x_wconf 89' lang='lat' dir='ltr'><strong>habet</strong></span> <span class='ocrx_word' id='word_1_436' title='bbox 1558 5283 1657 5334; x_wconf 85' lang='lat' dir='ltr'><strong>Nonius</strong></span> <span class='ocrx_word' id='word_1_437' title='bbox 1673 5296 1700 5347; x_wconf 92' lang='lat' dir='ltr'><strong>p.</strong></span> <span class='ocrx_word' id='word_1_438' title='bbox 1713 5283 1755 5335; x_wconf 84' lang='lat'><strong>80.</strong></span> 
     </span>
    </p>

    <p class='ocr_par' dir='ltr' id='par_1_11' title="bbox 403 5351 1757 6027">
     <span class='ocr_line' id='line_1_43' title="bbox 403 5351 1757 5418; baseline -0.002 -7"><span class='ocrx_word' id='word_1_439' title='bbox 403 5373 413 5390; x_wconf 72' lang='lat'><strong><em>‘</em></strong></span> <span class='ocrx_word' id='word_1_440' title='bbox 434 5390 462 5400; x_wconf 91' lang='lat'>—</span> <span class='ocrx_word' id='word_1_441' title='bbox 482 5362 522 5411; x_wconf 82' lang='grc'><strong>49.</strong></span> <span class='ocrx_word' id='word_1_442' title='bbox 540 5355 719 5408; x_wconf 77' lang='lat' dir='ltr'><strong>bolbuuinssli</strong></span> <span class='ocrx_word' id='word_1_443' title='bbox 739 5379 766 5388; x_wconf 96' lang='lat'>-</span> <span class='ocrx_word' id='word_1_444' title='bbox 783 5353 877 5403; x_wconf 86' lang='lat' dir='ltr'><strong>verenti</strong></span> <span class='ocrx_word' id='word_1_445' title='bbox 893 5366 924 5402; x_wconf 84' lang='lat' dir='ltr'><strong>ne</strong></span> <span class='ocrx_word' id='word_1_446' title='bbox 935 5352 1035 5403; x_wconf 84' lang='lat' dir='ltr'><strong>Christ:</strong></span> <span class='ocrx_word' id='word_1_447' title='bbox 1053 5366 1113 5403; x_wconf 84' lang='lat' dir='ltr'><strong>nere</strong></span> <span class='ocrx_word' id='word_1_448' title='bbox 1128 5355 1194 5404; x_wconf 85' lang='lat' dir='ltr'><strong>mine</strong></span> <span class='ocrx_word' id='word_1_449' title='bbox 1210 5351 1250 5416; x_wconf 81' lang='lat'><strong>13¹,</strong></span> <span class='ocrx_word' id='word_1_450' title='bbox 1268 5356 1389 5407; x_wconf 78' lang='lat' dir='ltr'><strong>ueremini</strong></span> <span class='ocrx_word' id='word_1_451' title='bbox 1404 5369 1435 5406; x_wconf 86' lang='lat' dir='ltr'><strong>ne</strong></span> <span class='ocrx_word' id='word_1_452' title='bbox 1451 5357 1512 5407; x_wconf 87' lang='lat' dir='ltr'><strong>AB²</strong></span> <span class='ocrx_word' id='word_1_453' title='bbox 1523 5358 1616 5418; x_wconf 85' lang='lat' dir='ltr'><strong>EGO,</strong></span> <span class='ocrx_word' id='word_1_454' title='bbox 1633 5356 1757 5409; x_wconf 86' lang='lat' dir='ltr'><strong>sedmini</strong></span> 
     </span>
     <span class='ocr_line' id='line_1_44' title="bbox 431 5426 1751 5497; baseline -0.005 -8"><span class='ocrx_word' id='word_1_455' title='bbox 431 5440 453 5489; x_wconf 91' lang='lat' dir='ltr'><strong>A</strong></span> <span class='ocrx_word' id='word_1_456' title='bbox 470 5435 553 5487; x_wconf 88' lang='lat' dir='ltr'><strong>habet</strong></span> <span class='ocrx_word' id='word_1_457' title='bbox 568 5433 594 5482; x_wconf 90' lang='lat' dir='ltr'><strong>in</strong></span> <span class='ocrx_word' id='word_1_458' title='bbox 611 5444 677 5487; x_wconf 72' lang='lat' dir='ltr'><strong>ras:</strong></span> <span class='ocrx_word' id='word_1_459' title='bbox 701 5430 744 5491; x_wconf 83' lang='lat' dir='ltr'><strong>qui</strong></span> <span class='ocrx_word' id='word_1_460' title='bbox 762 5429 881 5478; x_wconf 84' lang='lat' dir='ltr'><strong>oerernini</strong></span> <span class='ocrx_word' id='word_1_461' title='bbox 900 5442 931 5478; x_wconf 89' lang='lat' dir='ltr'><strong>ne</strong></span> <span class='ocrx_word' id='word_1_462' title='bbox 947 5426 1070 5491; x_wconf 82' lang='lat' dir='ltr'><strong>Bentley,</strong></span> <span class='ocrx_word' id='word_1_463' title='bbox 1093 5430 1174 5479; x_wconf 79' lang='lat' dir='ltr'><strong>vereri</strong></span> <span class='ocrx_word' id='word_1_464' title='bbox 1188 5429 1305 5480; x_wconf 77' lang='lat' dir='ltr'><strong>vidnnini</strong></span> <span class='ocrx_word' id='word_1_465' title='bbox 1320 5444 1351 5481; x_wconf 88' lang='lat' dir='ltr'><strong>ne</strong></span> <span class='ocrx_word' id='word_1_466' title='bbox 1367 5430 1476 5490; x_wconf 86' lang='lat' dir='ltr'><strong>Lamb.;</strong></span> <span class='ocrx_word' id='word_1_467' title='bbox 1503 5430 1535 5481; x_wconf 88' lang='lat' dir='ltr'><strong>cl.</strong></span> <span class='ocrx_word' id='word_1_468' title='bbox 1555 5446 1581 5497; x_wconf 89' lang='lat' dir='ltr'><strong>p.</strong></span> <span class='ocrx_word' id='word_1_469' title='bbox 1599 5430 1641 5492; x_wconf 92' lang='grc'><strong>48,</strong></span> <span class='ocrx_word' id='word_1_470' title='bbox 1660 5431 1701 5483; x_wconf 79' lang='lat' dir='ltr'><strong>ts.</strong></span> <span class='ocrx_word' id='word_1_471' title='bbox 1723 5460 1751 5471; x_wconf 90' lang='lat'>-</span> 
     </span>
     <span class='ocr_line' id='line_1_45' title="bbox 430 5501 1751 5573; baseline -0.002 -15"><span class='ocrx_word' id='word_1_472' title='bbox 430 5511 472 5563; x_wconf 78' lang='lat'><strong>20.</strong></span> <span class='ocrx_word' id='word_1_473' title='bbox 490 5509 658 5573; x_wconf 77' lang='lat' dir='ltr'><strong>opinmienem</strong></span> <span class='ocrx_word' id='word_1_474' title='bbox 673 5501 797 5566; x_wconf 82' lang='lat' dir='ltr'><strong>Bentley:</strong></span> <span class='ocrx_word' id='word_1_475' title='bbox 821 5502 960 5564; x_wconf 76' lang='lat' dir='ltr'><strong>opinionem</strong></span> <span class='ocrx_word' id='word_1_476' title='bbox 976 5502 1054 5553; x_wconf 89' lang='lat' dir='ltr'><strong>codd.</strong></span> <span class='ocrx_word' id='word_1_477' title='bbox 1073 5506 1100 5554; x_wconf 92' lang='lat' dir='ltr'><strong>et</strong></span> <span class='ocrx_word' id='word_1_478' title='bbox 1117 5506 1137 5554; x_wconf 94' lang='lat'>0</span> <span class='ocrx_word' id='word_1_479' title='bbox 1156 5530 1182 5540; x_wconf 96' lang='lat'><em>-</em></span> <span class='ocrx_word' id='word_1_480' title='bbox 1207 5506 1247 5554; x_wconf 81' lang='lat' dir='ltr'><strong>2t.</strong></span> <span class='ocrx_word' id='word_1_481' title='bbox 1266 5508 1311 5555; x_wconf 83' lang='lat' dir='ltr'><strong>tn&#39;s</strong></span> <span class='ocrx_word' id='word_1_482' title='bbox 1328 5508 1361 5555; x_wconf 89' lang='lat' dir='ltr'><strong>G:</strong></span> <span class='ocrx_word' id='word_1_483' title='bbox 1386 5507 1417 5556; x_wconf 81' lang='lat' dir='ltr'><strong>tis</strong></span> <span class='ocrx_word' id='word_1_484' title='bbox 1433 5508 1467 5567; x_wconf 83' lang='grc' dir='ltr'><strong>Β,</strong></span> <span class='ocrx_word' id='word_1_485' title='bbox 1490 5512 1517 5568; x_wconf 70' lang='lat' dir='ltr'><strong>tn</strong></span> <span class='ocrx_word' id='word_1_486' title='bbox 1533 5508 1570 5567; x_wconf 79' lang='lat' dir='ltr'><strong>A,</strong></span> <span class='ocrx_word' id='word_1_487' title='bbox 1588 5510 1638 5556; x_wconf 80' lang='lat' dir='ltr'><strong>tres</strong></span> <span class='ocrx_word' id='word_1_488' title='bbox 1654 5505 1703 5556; x_wconf 88' lang='lat' dir='ltr'><strong>EO</strong></span> <span class='ocrx_word' id='word_1_489' title='bbox 1723 5532 1751 5545; x_wconf 95' lang='lat'>—</span> 
     </span>
     <span class='ocr_line' id='line_1_46' title="bbox 430 5578 1751 5650; baseline 0 -17"><span class='ocrx_word' id='word_1_490' title='bbox 430 5583 669 5650; x_wconf 58' lang='grc'><strong>2444444416-</strong></span> <span class='ocrx_word' id='word_1_491' title='bbox 688 5580 718 5629; x_wconf 89' lang='lat' dir='ltr'><strong>de</strong></span> <span class='ocrx_word' id='word_1_492' title='bbox 731 5578 821 5642; x_wconf 69' lang='grc'><strong>4444444</strong></span> <span class='ocrx_word' id='word_1_493' title='bbox 836 5591 863 5627; x_wconf 90' lang='lat' dir='ltr'><strong>r:</strong></span> <span class='ocrx_word' id='word_1_494' title='bbox 881 5579 1021 5642; x_wconf 67' lang='grc'><strong>4444444448,</strong></span> <span class='ocrx_word' id='word_1_495' title='bbox 1040 5580 1260 5643; x_wconf 65' lang='lat' dir='ltr'><strong>definitirAlin</strong></span> <span class='ocrx_word' id='word_1_496' title='bbox 1273 5605 1300 5617; x_wconf 96' lang='lat'><em>-</em></span> <span class='ocrx_word' id='word_1_497' title='bbox 1320 5581 1360 5631; x_wconf 75' lang='grc'><strong>43.</strong></span> <span class='ocrx_word' id='word_1_498' title='bbox 1379 5583 1509 5632; x_wconf 83' lang='lat' dir='ltr'><strong>enimom.</strong></span> <span class='ocrx_word' id='word_1_499' title='bbox 1522 5579 1591 5632; x_wconf 73' lang='lat'><strong>3¹-</strong></span> <span class='ocrx_word' id='word_1_500' title='bbox 1610 5580 1751 5633; x_wconf 66' lang='grc'><strong>4444444444</strong></span> 
     </span>
     <span class='ocr_line' id='line_1_47' title="bbox 430 5654 1754 5721; baseline -0.005 -9"><span class='ocrx_word' id='word_1_501' title='bbox 430 5662 450 5712; x_wconf 87' lang='grc' dir='ltr'><strong>Β</strong></span> <span class='ocrx_word' id='word_1_502' title='bbox 465 5687 492 5697; x_wconf 89' lang='grc'>-</span> <span class='ocrx_word' id='word_1_503' title='bbox 510 5661 551 5710; x_wconf 74' lang='grc'><strong>48.</strong></span> <span class='ocrx_word' id='word_1_504' title='bbox 569 5656 699 5708; x_wconf 83' lang='lat' dir='ltr'><strong>commodo</strong></span> <span class='ocrx_word' id='word_1_505' title='bbox 714 5656 733 5704; x_wconf 89' lang='lat' dir='ltr'><strong>A</strong></span> <span class='ocrx_word' id='word_1_506' title='bbox 747 5666 815 5703; x_wconf 85' lang='lat' dir='ltr'><strong>corr.</strong></span> <span class='ocrx_word' id='word_1_507' title='bbox 829 5667 861 5704; x_wconf 83' lang='lat' dir='ltr'><strong>ex</strong></span> <span class='ocrx_word' id='word_1_508' title='bbox 878 5654 998 5716; x_wconf 72' lang='grc'><strong>4444444444</strong></span> <span class='ocrx_word' id='word_1_509' title='bbox 1011 5680 1037 5690; x_wconf 90' lang='grc'>-</span> <span class='ocrx_word' id='word_1_510' title='bbox 1056 5655 1173 5717; x_wconf 79' lang='lat' dir='ltr'><strong>relinquit</strong></span> <span class='ocrx_word' id='word_1_511' title='bbox 1189 5657 1297 5706; x_wconf 82' lang='lat' dir='ltr'><strong>ABEG</strong></span> <span class='ocrx_word' id='word_1_512' title='bbox 1313 5655 1368 5719; x_wconf 89' lang='lat' dir='ltr'><strong>(sed</strong></span> <span class='ocrx_word' id='word_1_513' title='bbox 1386 5654 1484 5707; x_wconf 85' lang='lat' dir='ltr'><strong>A¹B¹G</strong></span> <span class='ocrx_word' id='word_1_514' title='bbox 1501 5657 1635 5720; x_wconf 79' lang='lat' dir='ltr'><strong>relinquid)</strong></span> <span class='ocrx_word' id='word_1_515' title='bbox 1651 5657 1754 5721; x_wconf 68' lang='lat' dir='ltr'><strong>reliquit</strong></span> 
     </span>
     <span class='ocr_line' id='line_1_48' title="bbox 430 5726 1753 5797; baseline 0.001 -12"><span class='ocrx_word' id='word_1_516' title='bbox 430 5748 484 5794; x_wconf 80' lang='lat' dir='ltr'><strong>cv:</strong></span> <span class='ocrx_word' id='word_1_517' title='bbox 500 5734 609 5797; x_wconf 77' lang='lat' dir='ltr'><strong>relinqui</strong></span> <span class='ocrx_word' id='word_1_518' title='bbox 625 5734 645 5782; x_wconf 94' lang='lat'>0</span> <span class='ocrx_word' id='word_1_519' title='bbox 663 5742 724 5781; x_wconf 89' lang='lat' dir='ltr'><strong>cum</strong></span> <span class='ocrx_word' id='word_1_520' title='bbox 742 5730 886 5779; x_wconf 88' lang='lat' dir='ltr'><strong>Goerenzio</strong></span> <span class='ocrx_word' id='word_1_521' title='bbox 906 5756 932 5766; x_wconf 97' lang='lat'>-</span> <span class='ocrx_word' id='word_1_522' title='bbox 949 5734 1023 5791; x_wconf 85' lang='lat' dir='ltr'><strong>putot</strong></span> <span class='ocrx_word' id='word_1_523' title='bbox 1039 5726 1081 5779; x_wconf 79' lang='lat'><strong>13¹:</strong></span> <span class='ocrx_word' id='word_1_524' title='bbox 1098 5735 1168 5791; x_wconf 81' lang='lat' dir='ltr'><strong>pelei</strong></span> <span class='ocrx_word' id='word_1_525' title='bbox 1185 5727 1331 5782; x_wconf 83' lang='lat' dir='ltr'><strong>AB²EGO</strong></span> <span class='ocrx_word' id='word_1_526' title='bbox 1349 5733 1386 5794; x_wconf 90' lang='lat' dir='ltr'><strong>(ln</strong></span> <span class='ocrx_word' id='word_1_527' title='bbox 1403 5733 1422 5782; x_wconf 88' lang='lat' dir='ltr'>B</span> <span class='ocrx_word' id='word_1_528' title='bbox 1437 5737 1507 5795; x_wconf 86' lang='lat' dir='ltr'><strong>pulei</strong></span> <span class='ocrx_word' id='word_1_529' title='bbox 1524 5732 1583 5783; x_wconf 90' lang='lat' dir='ltr'><strong>ead.</strong></span> <span class='ocrx_word' id='word_1_530' title='bbox 1603 5746 1639 5783; x_wconf 90' lang='lat' dir='ltr'><strong>m.</strong></span> <span class='ocrx_word' id='word_1_531' title='bbox 1658 5746 1753 5786; x_wconf 87' lang='lat' dir='ltr'><strong>corre-</strong></span> 
     </span>
     <span class='ocr_line' id='line_1_49' title="bbox 430 5804 1749 5871; baseline -0.001 -10"><span class='ocrx_word' id='word_1_532' title='bbox 430 5813 503 5861; x_wconf 88' lang='lat' dir='ltr'><strong>ctum</strong></span> <span class='ocrx_word' id='word_1_533' title='bbox 519 5810 568 5871; x_wconf 81' lang='lat' dir='ltr'><strong>est)</strong></span> <span class='ocrx_word' id='word_1_534' title='bbox 587 5831 616 5844; x_wconf 93' lang='lat'><em>-</em></span> <span class='ocrx_word' id='word_1_535' title='bbox 639 5806 681 5858; x_wconf 88' lang='grc'><strong>30,</strong></span> <span class='ocrx_word' id='word_1_536' title='bbox 699 5805 843 5855; x_wconf 80' lang='lat' dir='ltr'><strong>Clitomachi</strong></span> <span class='ocrx_word' id='word_1_537' title='bbox 859 5805 1026 5855; x_wconf 89' lang='lat' dir='ltr'><strong>llermsnnus</strong></span> <span class='ocrx_word' id='word_1_538' title='bbox 1043 5818 1068 5868; x_wconf 91' lang='lat' dir='ltr'><strong>p.</strong></span> <span class='ocrx_word' id='word_1_539' title='bbox 1088 5804 1144 5856; x_wconf 76' lang='lat' dir='ltr'><strong>iro.</strong></span> <span class='ocrx_word' id='word_1_540' title='bbox 1166 5831 1193 5842; x_wconf 95' lang='lat'><em>-</em></span> <span class='ocrx_word' id='word_1_541' title='bbox 1214 5820 1293 5869; x_wconf 84' lang='lat' dir='ltr'><strong>neque</strong></span> <span class='ocrx_word' id='word_1_542' title='bbox 1314 5809 1364 5858; x_wconf 90' lang='lat' dir='ltr'><strong>GO</strong></span> <span class='ocrx_word' id='word_1_543' title='bbox 1384 5833 1412 5845; x_wconf 94' lang='lat'><em>-</em></span> <span class='ocrx_word' id='word_1_544' title='bbox 1436 5808 1477 5858; x_wconf 75' lang='grc'><strong>34.</strong></span> <span class='ocrx_word' id='word_1_545' title='bbox 1495 5807 1657 5859; x_wconf 71' lang='grc'><strong>4444444444</strong></span> <span class='ocrx_word' id='word_1_546' title='bbox 1673 5806 1704 5860; x_wconf 86' lang='lat' dir='ltr'><strong>B¹</strong></span> <span class='ocrx_word' id='word_1_547' title='bbox 1722 5835 1749 5846; x_wconf 95' lang='lat'><em>-</em></span> 
     </span>
     <span class='ocr_line' id='line_1_50' title="bbox 428 5872 1748 5946; baseline -0.001 -10"><span class='ocrx_word' id='word_1_548' title='bbox 428 5885 501 5935; x_wconf 77' lang='lat' dir='ltr'><strong>ictor</strong></span> <span class='ocrx_word' id='word_1_549' title='bbox 521 5898 549 5935; x_wconf 88' lang='lat' dir='ltr'><strong>eo</strong></span> <span class='ocrx_word' id='word_1_550' title='bbox 565 5886 692 5934; x_wconf 88' lang='lat' dir='ltr'><strong>Gruterus</strong></span> <span class='ocrx_word' id='word_1_551' title='bbox 713 5883 740 5931; x_wconf 91' lang='lat' dir='ltr'><strong>et</strong></span> <span class='ocrx_word' id='word_1_552' title='bbox 761 5882 883 5931; x_wconf 87' lang='lat' dir='ltr'><strong>Guietus:</strong></span> <span class='ocrx_word' id='word_1_553' title='bbox 905 5880 992 5931; x_wconf 79' lang='lat' dir='ltr'><strong>laboro</strong></span> <span class='ocrx_word' id='word_1_554' title='bbox 1014 5872 1116 5941; x_wconf 80' lang='lat' dir='ltr'><strong>AB²E,</strong></span> <span class='ocrx_word' id='word_1_555' title='bbox 1140 5880 1224 5931; x_wconf 78' lang='grc'><strong>4444444</strong></span> <span class='ocrx_word' id='word_1_556' title='bbox 1240 5879 1298 5932; x_wconf 81' lang='lat' dir='ltr'><strong>B¹G</strong></span> <span class='ocrx_word' id='word_1_557' title='bbox 1317 5909 1344 5918; x_wconf 92' lang='lat'>-</span> <span class='ocrx_word' id='word_1_558' title='bbox 1363 5884 1496 5946; x_wconf 74' lang='lat' dir='ltr'><strong>Aristippo.</strong></span> <span class='ocrx_word' id='word_1_559' title='bbox 1515 5884 1622 5935; x_wconf 80' lang='lat' dir='ltr'><strong>Aeoocct</strong></span> <span class='ocrx_word' id='word_1_560' title='bbox 1638 5882 1701 5938; x_wconf 86' lang='lat' dir='ltr'><strong>edd.</strong></span> <span class='ocrx_word' id='word_1_561' title='bbox 1721 5910 1748 5922; x_wconf 94' lang='lat'>-</span> 
     </span>
     <span class='ocr_line' id='line_1_51' title="bbox 430 5954 1616 6027; baseline -0.003 -13"><span class='ocrx_word' id='word_1_562' title='bbox 430 5960 470 6013; x_wconf 89' lang='grc'><strong>34.</strong></span> <span class='ocrx_word' id='word_1_563' title='bbox 487 5961 559 6027; x_wconf 75' lang='lat' dir='ltr'><strong>lengi</strong></span> <span class='ocrx_word' id='word_1_564' title='bbox 574 5960 669 6013; x_wconf 77' lang='lat' dir='ltr'><strong>naues</strong></span> <span class='ocrx_word' id='word_1_565' title='bbox 685 5959 742 6011; x_wconf 84' lang='lat' dir='ltr'><strong>sine</strong></span> <span class='ocrx_word' id='word_1_566' title='bbox 760 5970 839 6009; x_wconf 87' lang='lat' dir='ltr'><strong>causa</strong></span> <span class='ocrx_word' id='word_1_567' title='bbox 858 5983 885 5993; x_wconf 90' lang='lat'>-</span> <span class='ocrx_word' id='word_1_568' title='bbox 904 5957 944 6008; x_wconf 81' lang='grc'><strong>34.</strong></span> <span class='ocrx_word' id='word_1_569' title='bbox 962 5956 1078 6008; x_wconf 80' lang='lat' dir='ltr'><strong>nolemus</strong></span> <span class='ocrx_word' id='word_1_570' title='bbox 1094 5954 1126 6007; x_wconf 72' lang='grc' dir='ltr'><strong>Αι</strong></span> <span class='ocrx_word' id='word_1_571' title='bbox 1143 5982 1169 5992; x_wconf 97' lang='grc'>-</span> <span class='ocrx_word' id='word_1_572' title='bbox 1189 5956 1230 6007; x_wconf 83' lang='grc'><strong>36.</strong></span> <span class='ocrx_word' id='word_1_573' title='bbox 1247 5963 1276 6008; x_wconf 83' lang='lat' dir='ltr'><strong>nt</strong></span> <span class='ocrx_word' id='word_1_574' title='bbox 1292 5961 1353 6008; x_wconf 89' lang='lat' dir='ltr'><strong>ante</strong></span> <span class='ocrx_word' id='word_1_575' title='bbox 1370 5958 1434 6009; x_wconf 82' lang='lat' dir='ltr'><strong>Call.</strong></span> <span class='ocrx_word' id='word_1_576' title='bbox 1452 5957 1505 6011; x_wconf 87' lang='lat' dir='ltr'><strong>del.</strong></span> <span class='ocrx_word' id='word_1_577' title='bbox 1523 5958 1616 6012; x_wconf 77' lang='lat' dir='ltr'><strong>bamb.</strong></span> 
     </span>
    </p>
   </div>
   <div class='ocr_carea' id='block_1_5' title="bbox 0 0 2176 7459">
    <p class='ocr_par' dir='ltr' id='par_1_12' title="bbox 0 0 2176 7459">
     <span class='ocr_line' id='line_1_52' title="bbox 0 0 2176 7459; baseline 0 11"><span class='ocrx_word' id='word_1_578' title='bbox 0 0 2176 7459; x_wconf 95' lang='lat' dir='ltr'><strong> </strong></span> 
     </span>
    </p>
   </div>
  </div>
 </body>
</html>
