4342 7459
704 1259 772 1327 ns.
785 1259 841 1323 m.
869 1257 944 1324 cn.
957 1257 1188 1323 xvi-nvn.
1218 1254 1264 1342 ss
1280 1254 1428 1323 oa-oe.
1669 1257 1731 1327 rao

408 1420 506 1495 liam,
534 1439 606 1483 cum
635 1441 677 1484 ex
705 1417 873 1482 duodecim
901 1418 1016 1482 tabulis
1044 1419 1121 1482 satis
1151 1425 1237 1482 esset
1264 1437 1302 1482 aa
1323 1420 1495 1503 praestari,
1523 1439 1605 1504 quae
1627 1428 1735 1486 essent

408 1513 514 1595 lingua
537 1521 730 1598 nuncupata,
752 1532 834 1596 quae
856 1512 912 1596 qui
934 1510 1084 1577 infitiatus
1107 1519 1192 1576 essct
1214 1511 1304 1595 dupli
1318 1530 1456 1595 poenam
1470 1514 1606 1593 suhiret,
1621 1535 1640 1578 a
1654 1516 1732 1579 iuris

407 1610 563 1672 consultis
591 1610 687 1672 etiam
714 1606 897 1670 reticentiae
925 1626 1029 1690 poena
1058 1612 1108 1669 eat
1134 1608 1314 1670 constituta.
1358 1605 1520 1691 Quicquid
1541 1608 1626 1672 enim
1648 1616 1733 1672 esset

407 1704 441 1767 in
463 1702 595 1786 praedio
617 1702 695 1776 vitii,
717 1701 750 1763 id
773 1707 959 1772 statuerunt.
983 1701 1011 1763 si
1032 1701 1177 1764 venditor
1199 1701 1303 1774 sciret,
1325 1700 1386 1763 nisi
1409 1702 1594 1764 nominatim
1613 1701 1732 1766 dictum

407 1802 501 1871 esset,
524 1795 676 1879 praestari
697 1803 856 1878 oportere.
899 1791 950 1855 66.
973 1795 1021 1869 Ut,
1043 1814 1112 1858 cum
1134 1795 1169 1858 iu
1191 1813 1263 1858 arce
1284 1796 1451 1877 augurium
1473 1813 1609 1878 augures
1631 1795 1756 1861 acturis

407 1896 514 1954 essent
542 1890 773 1972 iussissentque
804 1888 853 1950 Ti.
878 1886 1043 1952 Claudium
1073 1888 1313 1961 Centumalum,
1345 1887 1401 1971 qui
1431 1887 1527 1952 aedes
1559 1886 1593 1951 in
1626 1887 1733 1954 Caelio

407 1992 514 2048 monte
535 1981 682 2056 habehat,
705 1980 850 2044 demoliri
872 2000 920 2053 ea,
942 2001 1078 2064 quorum
1101 1981 1234 2046 altitudo
1249 1978 1393 2045 officeret
1406 1982 1566 2065 auspiciis,
1582 1980 1733 2047 Claudius

406 2078 592 2163 proscripsit
619 2076 774 2148 insulam,
805 2074 883 2137 emit
909 2074 942 2135 P.
966 2073 1154 2157 Calpurnius
1180 2075 1345 2138 Lanarius.
1394 2074 1539 2159 lluiceh
1560 2076 1734 2159 angoribus

406 2172 487 2238 illud
516 2171 601 2235 idem
631 2169 851 2234 denuntiatum
880 2174 938 2229 eat
989 2168 1104 2250 ltaque
1134 2166 1323 2248 Calpurnius
1352 2186 1423 2230 oum
1452 2167 1620 2233 demolitus
1649 2175 1735 2233 esset

393 2271 640 2349 cognossetque
661 2260 826 2325 Claudium
848 2259 945 2324 aedes
966 2268 1077 2341 postea
1098 2260 1332 2345 proscripsisse,
1354 2279 1449 2345 quam
1470 2269 1556 2325 esset
1576 2265 1617 2326 ah
1634 2280 1771 2347 anguto

406 2359 495 2423 rihus
518 2357 663 2420 demoliri
684 2357 799 2428 iussus,
821 2354 970 2417 arhitrnnr
993 2353 1084 2417 illum
1107 2355 1229 2438 adegit,
1251 2373 1404 2429 omnomn
1425 2375 1486 2419 aras
1506 2375 1590 2420 naas
1611 2377 1733 2423 sacras

407 2470 594 2516 oronrrnsr
614 2469 659 2513 sx
679 2468 753 2512 rme
776 2465 868 2510 sorr.
911 2449 953 2511 hl.
977 2445 1054 2510 Cato
1078 2448 1267 2511 seutentiam
1289 2448 1379 2522 dixit,
1400 2448 1496 2512 huius
1519 2452 1619 2515 nostri
1642 2452 1734 2519 Cato-

406 2547 457 2610 nis
479 2552 579 2628 pater.
624 2543 664 2606 llt
686 2543 770 2607 enim
793 2542 891 2606 ceteri
913 2560 954 2605 ex
976 2538 1134 2625 patribus,
1156 2543 1202 2606 sic
1223 2542 1291 2618 hio,
1314 2542 1368 2625 qui
1390 2541 1469 2606 illud
1494 2542 1599 2608 lumen
1620 2565 1734 2630 proge-

407 2640 493 2713 nuit,
515 2659 558 2702 ex
579 2634 644 2702 filio
667 2645 716 2701 est
736 2635 960 2700 nominandus.
1004 2636 1035 2698 ls
1056 2637 1151 2718 igitur
1171 2637 1269 2701 iudex
1290 2636 1335 2699 ita
1354 2636 1583 2732 pronuntiarit,
1604 2659 1677 2705 oum
1698 2641 1733 2704 in

407 2729 577 2797 vendundo
599 2752 664 2795 rem
689 2750 758 2794 eam
780 2731 893 2793 scisset
914 2737 946 2793 et
967 2749 1032 2792 non
1053 2730 1300 2814 pronuntiasset,
1323 2730 1459 2813 emptori
1480 2729 1629 2797 damnum
1643 2754 1735 2817 prse-
1744 2749 1773 2797 44

408 2826 484 2891 stari
505 2831 661 2908 oportere.
712 2821 762 2885 67.
791 2825 875 2906 Ergo
897 2822 937 2886 ad
960 2820 1054 2887 iidem
1075 2824 1193 2888 honam
1215 2825 1323 2887 statuit
1343 2825 1504 2905 pertinere
1531 2833 1642 2889 notum
1664 2829 1750 2893 essa'

409 2920 545 3003 emptori
575 2918 703 2991 sitium,
732 2915 820 3001 quod
850 2924 959 2980 nosset
986 2917 1143 2980 venditor.
1187 2915 1282 2992 Quod
1311 2916 1339 2978 si
1361 2923 1448 2980 recte
1468 2917 1638 2996 iudicarit,
1668 2939 1735 2985 non

408 3023 495 3079 recte
523 3011 748 3076 frumentarius
775 3009 848 3084 illc,
875 3029 940 3073 non
968 3018 1054 3073 recte
1075 3010 1202 3074 aedium
1225 3009 1441 3093 pestilentium
1464 3010 1608 3077 venditor
1628 3016 1735 3079 mouit.

410 3109 473 3172 Sed
494 3108 590 3172 huius
613 3104 699 3169 modi
719 3103 905 3167 reticentiae
926 3104 997 3166 iure
1020 3104 1106 3166 civili
1129 3122 1239 3167 omnes
1261 3102 1475 3187 conprehendi
1497 3124 1564 3170 non
1585 3115 1735 3190 possunt:

409 3220 492 3287 qnae
520 3208 627 3264 antem
656 3204 789 3282 possunt
817 3194 986 3280 diligenter
1006 3204 1165 3260 tenentur.
1208 3199 1249 3261 ld.
1272 3197 1391 3261 Marius
1414 3197 1633 3276 Gratidianus,
1662 3217 1773 3286 pro-at

409 3296 546 3379 pinquus
567 3300 693 3366 noster,
724 3291 758 3355 C.
775 3291 884 3374 Sergio
905 3290 1021 3354 Oratae
1041 3288 1227 3355 vendiderat
1246 3291 1343 3354 aedes
1365 3310 1437 3367 eas,
1459 3311 1540 3375 quas
1560 3292 1601 3359 ah
1622 3296 1737 3361 eodem

408 3389 478 3471 ipsa
508 3386 616 3470 paucis
646 3394 719 3449 ante
746 3386 838 3448 annis
868 3393 998 3448 emerat.
1038 3386 1105 3448 Eae
1127 3385 1322 3460 serviebant,
1349 3381 1406 3448 sed
1434 3385 1555 3449 hocin
1577 3390 1737 3473 mancipio

409 3483 528 3547 Marius
554 3501 619 3546 non
648 3481 789 3543 dixerat:
822 3479 960 3544 adducta
991 3497 1043 3542 res
1075 3479 1111 3541 in
1143 3477 1295 3542 indicium
1324 3486 1382 3543 est.
1437 3478 1567 3546 Oratam
1596 3483 1737 3560 Crassus,

410 3576 630 3641 Gratidianum
659 3570 850 3639 defendebat
872 3574 1039 3637 Antonios.
1089 3574 1143 3637 lus
1173 3573 1305 3637 Crassus
1330 3574 1501 3656 urguebat,
1533 3576 1645 3660 equod
1667 3578 1738 3642 vitii

410 3670 558 3734 venditor
582 3690 646 3732 non
676 3669 808 3732 dixisset
830 3669 951 3743 sciens,
981 3666 1013 3730 id
1036 3676 1184 3751 oportere
1206 3667 1393 3752 praestatio
1425 3668 1618 3752 aequitatem
1638 3672 1775 3737 Anteae

411 3763 500 3837 nina,
531 3763 709 3845 «quoniam
732 3760 765 3826 id
786 3762 898 3826 vitium
920 3762 1065 3845 ignotum
1089 3764 1200 3846 Sergio
1222 3782 1288 3826 non
1309 3762 1440 3837 luisset,
1469 3765 1526 3849 qui
1547 3764 1620 3828 illas
1639 3764 1738 3829 aedes

411 3857 624 3931 vendidisset,
655 3856 735 3920 nihil
762 3856 861 3920 tuisse
890 3877 1023 3922 necesse
1046 3857 1109 3921 dici
1131 3878 1190 3922 nec
1212 3878 1284 3922 enm
1307 3876 1378 3922 esse
1401 3856 1585 3942 deceptum,
1615 3858 1738 3943 quiid,

411 3950 497 4035 quod
520 3958 646 4024 emerat,
669 3971 734 4035 qno
748 3950 817 4013 iure
833 3957 918 4013 esset
932 3958 1084 4015 teneret.»
1128 3948 1181 4014 68.
1204 3952 1350 4027 Quorsus
1363 3951 1464 4016 haeol
1497 3952 1537 4015 llt
1549 3951 1631 4016 illud
1645 3953 1739 4018 intel·

412 4044 509 4128 legas,
531 4062 597 4107 non
619 4042 775 4126 placuisse
798 4042 969 4108 maiorihus
990 4046 1108 4109 uostris
1130 4051 1262 4108 astutos.

497 4138 595 4201 xvll.
629 4137 691 4200 Sed
720 4138 814 4201 aliter
841 4138 944 4220 leges,
977 4138 1069 4202 aliter
1096 4138 1280 4221 philosophi
1307 4138 1424 4204 tollunt
1452 4140 1604 4204 astutias:
1640 4140 1777 4225 lepreso

414 4240 570 4316 quatenus
593 4240 818 4295 manutenere
841 4239 990 4315 possunt,
1013 4230 1213 4315 philosophi,
1236 4240 1392 4317 quatenus
1414 4234 1537 4298 ratione
1559 4240 1592 4297 et
1613 4233 1739 4298 intelle·

414 4326 530 4409 qentia.
573 4326 666 4389 Ratio
689 4345 764 4409 ergo
793 4324 852 4390 hoo
873 4325 1029 4408 postulat,
1058 4326 1198 4409 nequid
1221 4325 1392 4403 insidiosa,
1421 4346 1462 4391 ne
1484 4328 1562 4412 quid
1583 4327 1739 4404 simulate,

479 4616 504 4665 4.
522 4627 583 4665 4444
599 4629 656 4667 casa
671 4630 705 4667 44
721 4617 801 4667 duodo
816 4617 906 4680 ttnpoo
921 4621 1069 4678 4444444444
1085 4616 1184 4667 Nonius
1201 4628 1227 4681 p.
1238 4615 1296 4678 374,
1315 4627 1369 4681 quo
1385 4617 1494 4667 auctore
1511 4615 1603 4667 totalis
1618 4614 1671 4668 del.
1684 4616 1704 4668 1.
1712 4616 1741 4670 4.

414 4691 576 4753 lleusluger;
594 4690 643 4742 sed
660 4691 731 4756 apud
749 4692 861 4742 Nonium
880 4691 1021 4742 manifesto
1038 4689 1114 4756 plura
1132 4691 1297 4743 exciderunt.
1318 4716 1346 4728 -
1365 4690 1475 4756 [4444444]
1493 4702 1508 4742 4
1524 4718 1558 4730 -
1581 4692 1606 4742 2.
1626 4693 1669 4756 pot
1686 4706 1742 4746 om.

415 4767 880 4829 e-poroomozpoenotsflao;
899 4779 984 4829 om.p
1004 4768 1114 4817 -turis
1130 4767 1324 4833 mmoton:
1346 4766 1553 4818 44444444444444
1577 4789 1605 4803 -·
1630 4767 1745 4819 &etiem

415 4839 500 4890 omo
520 4864 547 4876 -
565 4842 700 4891 4444444444
715 4846 784 4907 srtp
812 4867 840 4879 -
867 4846 928 4892 44444
943 4842 971 4890 ts
986 4843 1092 4903 praedio
1109 4855 1138 4907 p:
1157 4844 1184 4892 44
1198 4842 1285 4905 praeto
1302 4847 1362 4893 44444
1378 4854 1409 4901 44
1427 4846 1463 4893 ert
1477 4843 1505 4892 44
1519 4844 1624 4906 4444444
1639 4844 1743 4896 Biton

417 4938 445 4951 -
463 4913 488 4963 o.
509 4914 543 4963 li.
564 4914 624 4966 Car.
638 4917 767 4979 Longius:
786 4917 859 4967 4444444
876 4916 1013 4979 lillshp,
1035 4922 1063 4967 .t.
1082 4930 1098 4968 c
1123 4942 1149 4955 -
1173 4918 1284 4968 44444444
1300 4930 1317 4981 p
1341 4942 1369 4955 -
1396 4922 1495 4969 ceum
1509 4919 1606 4970 44444444
1622 4920 1695 4971 llah
1714 4946 1742 4958 -

415 4991 477 5051 4444
492 4989 564 5039 mdes
581 5002 598 5054 p
617 5017 644 5027 -
663 4992 1149 5055 ’4.44444444444--4444444444444444
1167 4990 1251 5056 prta
1269 4991 1371 5043 etate.
1390 5018 1417 5029 -
1436 5005 1481 5043 444
1496 5007 1514 5059 p
1530 5021 1564 5032 -
1580 4994 1745 5057 qaoottttado

416 5077 431 5115 o
449 5090 483 5101 -
498 5064 593 5115 44444444
609 5077 634 5126 4,
652 5067 750 5117 4444444
766 5082 785 5132 p
803 5093 830 5103 -
849 5068 874 5118 8.
889 5069 1039 5130 proscripsit
1054 5067 1164 5117 44444444
1181 5066 1267 5119 Cobet
1283 5068 1422 5129 (tenemus.
1435 5068 1459 5119 11
1470 5081 1495 5134 p.
1507 5068 1580 5132 litt:
1596 5072 1745 5134 prompsit

414 5139 532 5201 44444444,
550 5141 661 5191 44444444
677 5142 817 5203 ΒΗ444;
840 5144 990 5206 proscripsit
1005 5142 1116 5193 44444444
1131 5147 1156 5192 44
1170 5143 1281 5193 4444444444
1306 5154 1357 5206 op.
1392 5142 1458 5194 Vide
1481 5141 1558 5209 adp.
1577 5144 1635 5204 lit,
1654 5144 1696 5195 tt.
1715 5169 1743 5180 -

416 5214 440 5265 9.
459 5214 524 5264 idern
541 5228 626 5281 om.p
646 5241 673 5251 -
693 5218 735 5268 40.
752 5218 1008 5282 copsosoetctodtreu
1025 5230 1042 5282 p
1061 5243 1089 5254 -
1108 5217 1215 5268 4444444444
1233 5229 1248 5269 4
1267 5242 1294 5253 -
1313 5217 1432 5283 ledemp
1451 5243 1479 5256 -·
1498 5218 1668 5282 4444444444
1685 5231 1744 5270 4-

385 5292 456 5358 44.
476 5290 638 5356 4444444444
658 5314 685 5329 -
706 5290 1005 5355 44444444444444444
1026 5304 1114 5356 cp·
1134 5292 1483 5359 44444444444444444-
1506 5293 1745 5353 44444444444444

415 5378 472 5416 eoos
487 5379 541 5415 reos
557 5379 574 5430 p
591 5393 624 5404 -
640 5372 775 5429 ereptorem
791 5369 929 5418 4444444444
945 5369 1037 5418 domm
1053 5368 1182 5430 4444444444
1197 5374 1311 5431 oportere
1327 5370 1427 5421 Nonius
1445 5368 1538 5435 phil.
1559 5394 1587 5407 -
1610 5370 1747 5432 doospm

416 5453 434 5504 p
453 5465 480 5476 -
500 5441 541 5490 48.
559 5442 658 5492 44444444
675 5455 692 5506 p
709 5469 742 5480 -
768 5443 808 5493 ta.
827 5456 911 5494 omres
927 5456 981 5493 om.
996 5445 1015 5494 C
1026 5457 1059 5509 p;
1078 5442 1191 5495 tortasse
1208 5444 1306 5494 excidit
1322 5447 1384 5509 post
1398 5458 1458 5495 444.
1478 5471 1505 5482 -
1529 5445 1571 5495 ao.
1589 5445 1748 5496 4444444444

416 5517 522 5568 34444
550 5543 577 5553 -
604 5518 646 5566 tt.
666 5516 703 5581 0.]
721 5517 789 5568 Cli
817 5543 845 5554 -
872 5530 916 5568 444
931 5518 1035 5583 444444
1065 5544 1093 5556 -
1118 5518 1160 5569 ii.
1177 5519 1221 5570 444
1237 5530 1278 5582 op
1306 5545 1334 5556 -
1360 5519 1748 5583 marmoreamque

418 5590 485 5652 (coll.
505 5592 559 5642 Cio.
579 5590 613 5641 da
631 5594 697 5642 orat.
716 5593 726 5640 l
744 5592 829 5655 4478.
848 5590 1084 5658 delegassent
1103 5593 1172 5659 l⁹l²
1198 5596 1280 5659 sorpto
1296 5596 1437 5646 4444444444
1458 5596 1576 5653 44444444
1603 5596 1685 5660 sorpto
1702 5596 1748 5647 4444

417 5667 559 5717 4444444444
576 5681 591 5718 4
611 5692 638 5702 -
657 5666 698 5716 23.
718 5673 753 5717 eat
768 5669 795 5717 44
812 5669 932 5719 4444444444
949 5681 990 5733 op
1010 5696 1037 5707 -
1056 5668 1097 5719 tt.
1115 5670 1289 5733 protldtarsssr
1305 5683 1375 5722 corr.
1388 5671 1415 5720 ln
1431 5670 1601 5720 4464444444
1617 5682 1647 5729 ⁸3
1665 5670 1748 5720 eroti-

419 5744 574 5800 4444444444
592 5743 793 5807 4444444444
820 5769 848 5781 -
875 5745 1329 5809 444444444444444444444444-
1354 5744 1558 5811 4444οὸ444444
1577 5745 1700 5811 44444444
1714 5746 1746 5808 144
1822 5804 1825 5809 ,

419 5816 607 5882 4444444444
627 5843 653 5853 -
673 5818 882 5880 emortum
910 5844 938 5855 -
963 5820 1269 5884 4444444444144444
1295 5847 1323 5860 -
1349 5822 1680 5886 tamtummo-
1704 5821 1746 5874 28.

420 5893 774 5945 mmo-mom]
802 5920 830 5933 -
858 5895 900 5947 34.
918 5894 1204 5962 protractumque)
1224 5901 1499 5963 -eotesssmceop
1527 5921 1554 5936 -
1581 5894 1749 5962 araeque

420 5970 482 6019 ante
500 5968 614 6021 44444444
631 5981 686 6023 om.
698 5983 727 6037 p.
