4342 7459
734 1271 803 1337 na.
825 1272 849 1337 1.
880 1271 1178 1341 marn-xm.
1205 1272 1251 1361 §l
1273 1273 1420 1343 ae-rr.
1645 1273 1649 1288 ·
1699 1265 1750 1341 aa·

412 1440 492 1506 rimi
521 1437 638 1505 cedere
663 1447 816 1526 possunt,
845 1444 935 1508 nulla
962 1464 1018 1529 epe
1039 1446 1204 1529 proposita
1225 1445 1293 1511 fore
1314 1446 1416 1512 levius
1437 1448 1626 1532 aliquando,
1655 1449 1744 1514 nulle

411 1543 580 1621 praeterea
604 1555 710 1621 nerpre
738 1537 899 1619 praesenti
926 1557 986 1601 nee
1013 1547 1198 1621 exspectata
1229 1541 1404 1625 voluptate,
1432 1543 1509 1626 quid
1531 1563 1569 1606 eo
1598 1544 1744 1607 miserius

412 1629 476 1694 dici
505 1637 563 1695 aut
581 1629 660 1714 flnqi
682 1633 814 1713 potenti
855 1630 949 1705 Quod
978 1631 1006 1694 si
1028 1632 1093 1696 vita
1115 1631 1277 1697 doloribus
1299 1634 1415 1699 referta
1436 1636 1573 1701 maxime
1593 1636 1745 1720 fugienda

411 1732 476 1802 eet,
498 1744 658 1790 summum
678 1724 820 1809 profecto
842 1725 959 1787 malum
981 1733 1030 1788 est
1043 1727 1148 1790 vivere
1170 1747 1241 1790 cum
1261 1727 1388 1804 dolore;
1411 1729 1462 1792 cui
1477 1729 1653 1793 sententiae
1667 1749 1745 1792 con·

411 1826 600 1884 nntanennr
621 1825 685 1893 eet,
706 1818 855 1882 ultimum
877 1838 947 1881 esee
969 1820 1127 1883 bonorum
1150 1840 1222 1884 cnm
1243 1821 1405 1904 voluptate
1419 1822 1535 1886 vivere.
1573 1824 1638 1885 Nec
1659 1822 1769 1884 enims

410 1914 510 1979 hm«
529 1920 640 1980 noem
660 1932 751 1977 mens
770 1914 956 1996 quicquam,
977 1914 1031 1977 ubi
1047 1916 1200 1978 consistat
1215 1922 1376 1998 tamquam
1391 1916 1425 1979 in
1440 1923 1599 1990 extremo,
1620 1934 1747 1979 omnes·

411 2027 477 2092 qne
499 2015 533 2073 et
552 2015 658 2072 metus
679 2014 713 2071 et
733 2007 946 2090 aegritudines
977 2007 1017 2069 ad
1040 2005 1182 2072 dolorem
1203 2006 1401 2084 referuntur,
1430 2029 1491 2072 nec
1512 2015 1675 2091 praeterea
1696 2014 1747 2072 eet

410 2121 464 2166 ree
484 2101 564 2177 ulla,
586 2120 670 2185 qnae
691 2119 748 2164 ena
769 2108 881 2163 natura
901 2108 957 2163 eut
977 2100 1149 2162 sollicitare
1168 2100 1268 2183 possit
1281 2108 1337 2163 aut
1350 2119 1477 2183 engere.
1513 2096 1565 2166 la.
1579 2102 1745 2167 Praeterea

411 2202 445 2258 et
473 2195 645 2279 appetendi
674 2203 707 2258 et
727 2194 904 2276 refugiendi
925 2201 958 2258 ct
980 2193 1111 2255 omnino
1133 2213 1239 2257 rerum
1261 2193 1470 2275 gerendarum
1491 2195 1584 2262 initia
1605 2196 1747 2278 proficis·

412 2295 530 2351 centur
549 2294 606 2352 aut
626 2307 646 2352 a
666 2289 829 2372 voluptate
850 2296 907 2351 ant
928 2308 947 2351 a
969 2288 1100 2351 dolore:
1123 2286 1210 2371 quod
1232 2306 1305 2349 cum
1326 2287 1371 2351 ita
1392 2288 1451 2363 eit,
1473 2289 1674 2373 perspicuum
1697 2297 1784 2354 estio

412 2381 516 2444 omnis
543 2390 646 2447 rectae
672 2403 724 2446 ree
751 2390 847 2465 atque
869 2380 1037 2445 laudabilis
1060 2399 1099 2443 eo
1120 2379 1249 2455 referri,
1274 2390 1310 2445 ut
1332 2401 1402 2445 cum
1424 2382 1587 2467 voluptate
1609 2384 1745 2448 vivatur.

413 2472 574 2548 Quom
595 2484 701 2541 autem
725 2476 756 2539 id
780 2483 829 2539 est
853 2476 903 2537 vel
925 2495 1082 2538 summum
1105 2476 1154 2537 rel
1170 2476 1316 2541 ultimum
1332 2476 1382 2539 vel
1398 2484 1573 2541 extremum
1587 2477 1744 2540 bonorum

412 2597 454 2613 -
476 2568 565 2650 qnod
587 2568 699 2634 Graeci
721 2572 815 2645 τέλος
836 2569 1003 2634 nominant
1022 2600 1082 2643 -,
1110 2571 1197 2651 quod
1221 2572 1327 2653 ipsum
1348 2571 1468 2633 nullam
1489 2572 1529 2635 ed
1552 2570 1646 2635 aliam
1667 2590 1746 2645 rem,

412 2659 506 2723 adid
528 2669 636 2727 eutem
657 2683 711 2727 ree
731 2663 912 2726 referuntur
933 2682 1060 2737 omnes,
1088 2661 1251 2727 fatendum
1279 2672 1328 2728 est
1357 2684 1513 2729 summum
1535 2664 1745 2729 essebonum

412 2752 550 2817 ieennde
572 2756 691 2821 rivere.
1754 2768 1783 2816 to

496 2847 583 2912 xm.
604 2850 641 2913 ld
665 2852 721 2934 qui
742 2850 777 2912 in
798 2871 863 2915 una
884 2852 999 2914 virtute
1021 2858 1146 2933 ponunt
1166 2857 1200 2913 et
1213 2850 1384 2935 splendore
1397 2852 1536 2919 nominis
1551 2852 1644 2935 capti,
1667 2850 1745 2935 qnid

412 2949 524 3006 namra
550 2943 703 3026 postulet,
734 2964 800 3008 non
829 2946 1035 3027 intellegunt,
1064 2964 1171 3007 errore
1200 2946 1353 3020 maximo,
1382 2946 1409 3009 ei
1436 2947 1606 3029 Epicurum
1633 2944 1746 3008 audire

410 3035 589 3111 rolnoeint,
610 3036 840 3102 liberabuntur.
881 3041 964 3102 lslae
987 3038 1071 3100 enim
1095 3045 1218 3100 vestrae
1233 3040 1368 3103 eximiae
1383 3039 1599 3123 pulchraeque
1613 3040 1745 3103 virtutes

412 3129 471 3192 nisi
492 3129 688 3213 voluptatem
711 3131 888 3206 efficerent,
919 3133 991 3215 quis
1021 3152 1075 3195 eas
1102 3140 1157 3194 aut
1184 3132 1350 3196 laudabilis
1371 3141 1426 3196 aut
1448 3133 1641 3215 expetendas
1663 3131 1746 3194 erbi-

411 3225 571 3287 tnretnrl
614 3225 655 3287 llt
683 3226 768 3288 enim
798 3226 994 3289 medicorum
1024 3225 1189 3288 scientiam
1219 3245 1284 3287 non
1311 3226 1414 3307 ipsius
1436 3228 1533 3300 artie„
1563 3224 1620 3289 sed
1641 3225 1783 3312 bonaeeo

412 3315 603 3381 raletndinie
634 3337 727 3381 causa
756 3320 943 3401 probamus,
977 3326 1009 3381 et
1030 3319 1249 3401 gubernatoris
1271 3338 1339 3393 ars,
1373 3318 1450 3402 quia
1469 3318 1552 3381 bene
1574 3317 1746 3400 navigandi

411 3413 568 3477 rationem
587 3411 698 3486 babet,
718 3413 873 3488 utilitate,
896 3434 962 3475 non
983 3422 1050 3477 arte
1073 3413 1235 3488 laudatur,
1259 3413 1305 3476 eie
1327 3414 1494 3495 sapientia,
1520 3431 1604 3496 qnae
1625 3432 1678 3476 ars
1698 3412 1745 3477 ri·

411 3505 505 3568 rendi
527 3506 669 3588 putanda
690 3514 756 3581 est,
784 3527 851 3570 non
882 3515 1101 3590 expeteretur,
1132 3507 1160 3569 si
1182 3505 1262 3570 nibil
1284 3506 1440 3583 efficeret;
1471 3526 1557 3570 nunc
1578 3507 1744 3590 expetitur,

411 3596 498 3680 qnod
532 3606 583 3661 est
614 3607 773 3683 tamquam
807 3599 922 3664 artifex
959 3600 1197 3683 conquirendae
1231 3608 1265 3664 et
1297 3600 1530 3684 comparandae
1560 3601 1743 3685 voluptatis.

412 3686 460 3754 la.
483 3690 591 3767 Quam
619 3701 724 3756 autem
752 3713 813 3776 eqo
836 3692 939 3757 dicam
960 3695 1172 3776 voluptatem,
1205 3696 1267 3758 iam
1289 3696 1421 3769 videtis,
1450 3715 1491 3757 ne
1513 3694 1633 3757 invidia
1653 3682 1790 3758 verbim

410 3784 621 3849 labefactetur
649 3788 750 3850 oratio
779 3806 860 3850 mea.
903 3789 982 3850 Nam
1004 3808 1076 3850 cum
1099 3788 1301 3870 ignoratione
1322 3807 1427 3851 rerum
1450 3789 1604 3851 bonarum
1626 3795 1659 3850 et
1678 3806 1745 3849 ma·

409 3878 511 3943 lerum
538 3878 677 3943 maxime
704 3880 869 3944 bominum
892 3881 957 3944 rita
979 3890 1128 3956 vexetur,
1160 3882 1202 3944 ob
1225 3901 1363 3965 eumque
1386 3902 1523 3945 errorem
1546 3888 1579 3944 ct
1598 3880 1745 3963 volupta-

410 3973 493 4036 tibus
515 3972 664 4036 maximis
685 3993 781 4056 saepe
803 3975 968 4057 priventur
988 3981 1020 4037 et
1042 3976 1220 4040 durissimis
1235 3975 1331 4039 animi
1346 3974 1512 4038 doloribus
1527 3982 1743 4057 torqueantur,

409 4066 567 4149 sapientie
587 4074 637 4130 est
656 4067 854 4142 adhibenda,
878 4088 959 4151 quae
982 4076 1014 4131 et
1034 4070 1206 4133 terroribus
1229 4069 1520 4153 cupiditatibusque
1542 4068 1689 4131 detractis
1712 4073 1744 4129 et

409 4161 552 4224 omniurn
584 4160 733 4224 falsarum
764 4163 951 4244 opinionum
982 4165 1158 4227 temeritate
1190 4165 1321 4246 derepta
1350 4163 1557 4227 certissimam
1586 4182 1621 4225 se
1650 4161 1780 4223 nobisao

410 4254 522 4318 dacem
550 4254 699 4337 praebeat
726 4257 765 4318 ad
795 4255 1000 4338 voluptatem.
1037 4256 1201 4339 Sapientia
1222 4259 1306 4319 enirn
1330 4263 1379 4319 est
1401 4275 1480 4330 una,
1510 4275 1593 4338 quae
1617 4255 1744 4317 maesti·

409 4349 484 4411 liam
508 4346 606 4429 pellat
627 4369 669 4410 ex
690 4351 821 4423 animis,
845 4370 928 4432 quae
950 4370 1009 4413 nos
1033 4350 1258 4413 exhorrescere
1273 4357 1358 4413 metu
1375 4371 1439 4413 non
1458 4350 1555 4425 sinat;
1577 4369 1640 4432 qua
1653 4369 1743 4432 prae-

410 4442 548 4524 ceptrice
570 4442 605 4504 in
627 4444 860 4527 tranquillitate
877 4446 940 4506 vivi
957 4452 1063 4527 potest
1076 4444 1217 4507 omnium
1233 4444 1440 4527 cupiditatum
1455 4443 1567 4505 ardore
1581 4443 1742 4505 restincto.

411 4534 608 4618 cupiditates
631 4537 713 4598 enirn
735 4547 809 4599 sunt
828 4538 1039 4611 insatiabiles,
1063 4557 1145 4619 quae
1160 4559 1224 4600 non
1238 4537 1334 4600 modo
1349 4537 1491 4618 singulos
1505 4536 1663 4610 homines,
1686 4535 1742 4598 sed

409 4629 576 4691 universas
597 4627 732 4694 familias
755 4641 916 4705 evertunt,
939 4640 1037 4695 totam
1056 4632 1149 4694 etiam
1171 4630 1363 4693 labefactant
1380 4649 1476 4712 saepe
1490 4649 1557 4692 rem
1573 4629 1780 4712 publicamas

410 4718 461 4783 ll.
483 4724 535 4785 Ex
556 4723 782 4806 cupiditatibus
806 4726 894 4801 odia,
917 4726 1067 4799 discidia,
1090 4725 1283 4799 discordiae,
1306 4724 1490 4798 seditiones,
1511 4723 1594 4786 bella
1609 4744 1744 4786 nascun-

408 4825 478 4889 tur,
508 4835 569 4877 nec
594 4837 651 4881 eae
681 4840 715 4882 se
737 4820 815 4883 foris
838 4821 941 4882 solum
963 4822 1093 4892 iactant,
1122 4838 1181 4882 nec
1202 4827 1324 4882 tantum
1346 4819 1380 4880 in
1402 4818 1483 4881 alios
1505 4838 1598 4880 caeco
1623 4821 1743 4900 impetu

409 4910 591 4985 incurrunt,
619 4912 676 4975 sed
704 4914 789 4976 intus
819 4915 912 4976 etiarn
941 4914 974 4975 in
1004 4915 1118 4976 animia
1147 4913 1289 4976 inclusae
1312 4913 1396 4975 inter
1416 4932 1452 4973 se
1473 4911 1628 4974 dissident
1648 4919 1743 4993 atque

409 5002 610 5079 discordant,
633 5027 674 5069 ex
697 5027 761 5091 quo
784 5009 880 5070 vitam
904 5009 1130 5071 amarissimam
1153 5027 1284 5070 necesse
1307 5015 1356 5069 est
1377 5005 1475 5079 effici,
1496 5013 1533 5068 ut
1550 5005 1676 5089 sapiens
1692 5025 1743 5066 so·

409 5098 473 5161 lum
504 5107 663 5182 amputata
692 5102 938 5185 circumcisaque
965 5102 1118 5164 inanitate
1148 5102 1234 5165 omni
1266 5109 1298 5163 et
1326 5120 1447 5176 errore,
1474 5105 1605 5163 naturae
1627 5095 1780 5162 finibnslc

467 5373 491 5421 l.
510 5370 642 5433 alquanto
658 5372 778 5421 ABE-
794 5373 819 5421 ἲ.
838 5385 883 5421 acc
899 5374 990 5423 ABE:
1007 5386 1086 5435 aeque
1098 5374 1151 5423 ΜΟ
1167 5401 1193 5410 -
1213 5373 1236 5422 3.
1252 5374 1316 5435 (laid
1332 5373 1353 5421 si
1370 5374 1389 5422 ll
1404 5398 1430 5409 -
1451 5372 1475 5421 8.
1489 5377 1534 5423 cut
1550 5371 1743 5435 anpercVicto·

408 5448 475 5496 rins:
496 5451 543 5496 aut
558 5453 663 5509 mopere
678 5448 773 5496 ab-
789 5449 830 5497 ⁴0.
850 5453 896 5497 caet
913 5449 1027 5497 doloch
1043 5475 1069 5484 -
1091 5450 1129 5499 ti.
1143 5449 1182 5498 vel
1200 5450 1314 5497 allianum
1329 5449 1368 5498 vel
1384 5452 1523 5497 extrarium
1540 5447 1660 5497 bonerum
1677 5448 1740 5497 AB:

408 5522 533 5571 bonam
547 5521 587 5570 ccl
603 5522 716 5570 wmacn
732 5523 770 5571 oct
786 5528 925 5572 eatrcaaum
941 5526 961 5573 0
975 5525 1104 5584 (bonorum
1115 5537 1168 5573 orn.
1183 5525 1212 5583 [Μ
1228 5551 1254 5560 -
1275 5524 1314 5572 13.
1334 5525 1454 5573 tatosllll
1472 5550 1500 5559 -
1521 5522 1561 5572 ll.
1579 5523 1694 5584 [ematur
1705 5524 1740 5578 Α;

406 5598 522 5657 [mur
533 5597 578 5645 llll
592 5620 619 5631 -
633 5599 689 5658 csse]
701 5604 735 5646 cst
748 5600 766 5647 B
780 5625 806 5633 -
828 5599 867 5647 ⁴8.
881 5599 1013 5648 uoluerunt
1026 5601 1044 5648 Ε
1058 5625 1084 5635 -
1101 5600 1140 5648 49.
1153 5599 1293 5659 uoluptates
1305 5600 1349 5648 BE
1362 5601 1389 5647 et
1400 5600 1424 5648 Μ
1439 5600 1464 5648 in
1476 5597 1558 5661 prael.
1572 5609 1598 5660 p.
1612 5597 1697 5646 llblll.
1713 5622 1739 5630 —

407 5671 549 5718 crbdrctra·
558 5674 589 5719 At
604 5695 631 5706 -
648 5672 689 5720 ΜΞ.
707 5686 772 5734 quac
788 5679 822 5721 ert
839 5687 883 5720 arr
898 5688 922 5722 v.
935 5688 959 5733 p.
973 5679 1007 5722 eal
1025 5674 1043 5721 ll
1058 5700 1085 5710 -
1105 5674 1145 5723 25.
1164 5688 1209 5735 epo
1226 5676 1290 5723 All:
1310 5687 1364 5723 orn.
1384 5675 1443 5723 0-
1464 5674 1504 5722 28.
1520 5671 1659 5721 durirmmis
1676 5670 1737 5720 cod.

408 5744 564 5793 leidensis:
586 5745 724 5803 perierante
744 5749 807 5804 Ala
830 5749 1021 5809 praemonstro
1041 5772 1068 5783 -
1093 5749 1134 5797 ib.
1154 5754 1187 5797 erl
1210 5749 1348 5797 adhibendo
1365 5751 1399 5798 b:
1425 5748 1564 5797 adhibendo
1586 5751 1620 5795 ast
1638 5747 1691 5796 ΒΜ
1712 5774 1739 5783 -

406 5824 431 5868 ct
447 5817 581 5867 moneas
596 5817 640 5866 BE
653 5843 680 5855 -
699 5821 739 5871 3⁴.
756 5826 822 5873 caim
839 5830 873 5872 ert
886 5828 918 5873 A:
938 5830 972 5872 est
991 5826 1052 5885 (orn.
1065 5825 1138 5883 matare)
1157 5825 1191 5878 133
1209 5829 1243 5872 est
1260 5825 1324 5872 caim
1342 5824 1393 5873 ΜΟ
1408 5849 1435 5859 --
1454 5821 1495 5872 al.
1514 5820 1669 5871 insectebttes
1684 5827 1741 5870 suat

406 5892 480 5940 B-
499 5887 542 5938 35.
560 5890 642 5952 σιὸακ]
659 5900 682 5943 ct
697 5897 743 5947 BE
758 5926 785 5935 -
805 5900 845 5948 36.
864 5899 968 5947 discidio
986 5899 1049 5948 AB:
1068 5900 1170 5949 dissidio
1188 5902 1208 5948 0
1227 5925 1253 5935 -
1273 5899 1314 5949 37.
1333 5912 1377 5950 ece
1392 5911 1417 5949 rc
1434 5900 1468 5949 A:
1486 5909 1529 5947 cas
1545 5897 1616 5954 sell;
1634 5898 1742 5947 baasam

406 5966 428 6013 0
449 5988 477 5998 -
498 5961 542 6011 ³9·
562 5975 654 6016 noceam
669 5982 720 6021 om.
739 5973 787 6023 BE
806 5999 833 6008 -
853 5971 895 6039 cst]
913 5985 963 6023 carc
980 5973 1008 6023 E.
