4342 7459
442 1209 505 1277 itt
731 1210 964 1277 nunninus
986 1208 1183 1275 BONORUM
1204 1206 1257 1273 ET
1278 1206 1480 1273 tritonum

442 1384 546 1467 giores
574 1401 692 1448 snmus.
736 1382 889 1445 Neutrum
915 1400 1005 1455 vero,
1035 1378 1141 1462 inquit
1166 1377 1238 1450 iliez
1266 1395 1339 1440 nem
1368 1383 1401 1439 et
1428 1396 1448 1439 a
1472 1382 1503 1438 te
1531 1371 1641 1458 perfici
1672 1376 1765 1441 istam

442 1477 685 1560 disputationem
711 1474 802 1548 voto,
831 1494 891 1536 nec
920 1482 974 1537 tua
1002 1473 1079 1537 mihi
1109 1473 1210 1535 oratio
1231 1470 1328 1551 longa
1349 1470 1450 1537 videri
1472 1477 1587 1553 potest.
1629 1468 1766 1553 Optime,
1843 1557 1846 1561 A

441 1569 592 1652 inquam:
615 1569 689 1652 quid
713 1568 796 1632 enim
820 1567 896 1630 mihi
918 1572 1113 1649 potestesse
1135 1564 1274 1646 optatius
1296 1582 1389 1646 wem
1406 1583 1476 1627 cum
1493 1562 1611 1628 Catone
1626 1565 1767 1630 omnium

441 1662 592 1725 uirtutum
622 1669 752 1726 auctore
779 1662 821 1723 de
842 1660 1011 1723 virtutibus
1038 1659 1221 1741 disputaret
1265 1653 1315 1719 45.
1338 1656 1401 1719 Sed
1425 1658 1561 1739 primum
1583 1658 1663 1723 iliud
1685 1657 1766 1735 vide,

417 1754 659 1837 sprevissimam
686 1755 774 1819 iilam
795 1761 932 1819 vestrum
958 1752 1163 1825 sententiam,
1191 1769 1273 1834 quae
1295 1748 1445 1814 familiam
1467 1751 1568 1828 ducit,
1595 1753 1766 1817 honestum

441 1846 529 1931 quod
551 1847 608 1923 sit,
630 1848 664 1913 id
686 1868 757 1913 esse
779 1847 1019 1912 solumbonum
1041 1846 1239 1928 honesteque
1253 1843 1360 1907 rivere
1377 1844 1535 1908 bonorum
1549 1843 1659 1924 finem,
1681 1864 1767 1907 com·

441 1959 570 2004 munem
598 1940 666 2006 fore
691 1941 782 2005 vobis
810 1960 882 2004 cum
910 1940 1070 2014 omnibus,
1102 1939 1211 2023 quiin
1232 1957 1296 2001 una
1317 1939 1433 2002 virtute
1455 1940 1650 2004 constituunt
1669 1933 1766 2001 finem

440 2034 615 2112 bonorum,
641 2034 793 2119 qnodque
820 2032 938 2107 dicitis,
967 2033 1131 2097 informari
1159 2052 1223 2095 non
1244 2052 1336 2117 posse
1357 2033 1518 2108 virtutem,
1546 2034 1572 2097 si
1595 2032 1766 2118 quicquam

441 2126 504 2192 nisi
531 2128 618 2211 quod
642 2128 813 2210 honestum
840 2127 881 2190 sit
905 2134 1101 2202 numeretur,
1132 2128 1215 2191 idem
1245 2125 1369 2189 dicetur
1397 2125 1436 2189 ab
1465 2126 1545 2202 iilis,
1568 2146 1650 2210 quos
1671 2121 1766 2189 modo

404 2220 613 2287 runomnavi.
648 2220 726 2285 Mihi
747 2227 854 2285 autem
875 2221 1008 2303 aequius
1030 2220 1195 2284 ridebatur
1214 2222 1372 2283 Zenonem
1394 2239 1464 2284 cum
1479 2219 1649 2286 Polemone
1665 2217 1767 2282 disce-

441 2321 597 2397 ptentem,
618 2333 638 2377 a
659 2333 722 2397 quo
745 2332 827 2397 quae
848 2321 956 2376 essent
975 2312 1132 2397 principia
1154 2321 1284 2377 naturae
1306 2320 1485 2395 acceperat,
1507 2332 1526 2377 s
1545 2312 1766 2379 communibus

442 2405 540 2471 initiis
562 2407 815 2490 progredientem
837 2406 959 2479 videre,
989 2407 1042 2470 nbi
1076 2407 1212 2490 primum
1233 2407 1396 2471 insisteret
1415 2414 1449 2470 et
1469 2408 1554 2471 unde
1576 2426 1669 2471 censa
1689 2426 1767 2471 con·

442 2501 615 2567 troversise
637 2508 832 2574 nasceretur,
853 2519 919 2563 non
941 2507 1075 2563 stantem
1099 2520 1170 2563 cum
1193 2499 1246 2574 iis,
1269 2499 1323 2584 qui
1346 2518 1386 2562 ne
1407 2499 1550 2566 dicerent
1564 2501 1695 2585 quidem
1709 2520 1766 2565 sus

442 2612 564 2658 summa
590 2595 674 2659 hona
702 2615 772 2659 esse
794 2615 813 2656 a
834 2602 945 2657 natura
971 2591 1127 2675 proiecta,
1152 2591 1198 2657 uti
1220 2592 1321 2656 isdem
1342 2595 1549 2676 argumentis,
1576 2594 1693 2678 quibus
1719 2593 1766 2660 illi

406 2692 620 2764 ttnterentur,
644 2688 809 2771 isdemque
832 2687 1008 2750 sententiis.

526 2779 625 2846 xvii.
647 2778 698 2844 id.
720 2782 849 2845 Minime
872 2801 946 2844 vero
968 2780 1045 2844 iilud
1069 2781 1183 2864 probo,
1211 2780 1312 2864 quod,
1338 2801 1408 2844 cum
1431 2782 1597 2857 docuistis,
1620 2789 1654 2847 ut
1675 2783 1765 2847 vobis

442 2869 609 2950 videmini,
636 2875 740 2941 solum
768 2876 887 2938 bonum
917 2894 986 2937 esse
1014 2874 1101 2957 quod
1129 2874 1296 2938 honestum
1325 2876 1382 2951 sit,
1412 2882 1477 2938 tum
1508 2897 1632 2942 rursum
1660 2877 1764 2943 dicitis

441 2963 531 3028 initia
561 2970 695 3052 proponi
725 2989 855 3032 necesse
885 2990 954 3031 csse
984 2977 1056 3051 apta
1078 2976 1110 3031 et
1131 2969 1364 3031 accommodata
1385 2977 1533 3044 naturae,
1564 2990 1699 3054 quorum
1724 2991 1766 3034 ex

442 3058 615 3126 reiectione
637 3066 735 3127 virtus
757 3064 858 3147 possit
880 3063 1044 3126 exsistere.
1079 3064 1150 3124 Non
1166 3063 1250 3125 enim
1269 3063 1301 3124 in
1317 3062 1489 3126 selectione
1504 3064 1602 3128 virtus
1617 3069 1765 3149 ponenda

404 3162 523 3229 verat,
545 3163 582 3219 ut
602 3155 634 3220 id
655 3157 776 3241 ipsum,
798 3158 967 3240 quoderat
985 3157 1142 3219 bonorum
1158 3157 1319 3229 ultimum,
1341 3156 1427 3218 eliud
1441 3157 1562 3239 aliquid
1577 3160 1764 3240 acquireret.

441 3246 520 3314 Num
549 3250 672 3325 omnia,
702 3273 784 3336 quae
806 3251 958 3315 sumenda
980 3270 1125 3334 quaeque
1152 3250 1286 3332 legenda
1308 3258 1362 3313 aut
1384 3252 1630 3332 optanda-sunt,
1659 3252 1764 3319 inesse

441 3340 558 3409 debent
578 3345 611 3406 in
634 3366 755 3410 summa
777 3347 949 3418 bonorum,
971 3351 1007 3407 ut
1027 3345 1070 3417 is,
1094 3345 1147 3427 qui
1170 3364 1238 3405 eam
1261 3345 1394 3427 adeptus
1416 3344 1474 3418 sit,
1500 3345 1580 3408 nihil
1601 3356 1764 3430 practerea

441 3436 609 3503 desideret.
645 3441 781 3504 Videsne
804 3448 857 3514 ut,
879 3439 993 3522 quibus
1017 3457 1139 3501 summa
1160 3445 1208 3499 est
1229 3437 1262 3500 in
1285 3437 1461 3520 voluptate,
1489 3440 1692 3522 perspicuum
1713 3444 1764 3518 sit,

440 3530 520 3614 quid
548 3532 588 3597 iis
617 3533 794 3598 faciendum
827 3534 868 3595 sit
895 3540 951 3597 aut
978 3553 1042 3596 non
1071 3530 1271 3593 faciendum?
1298 3538 1334 3594 ut
1363 3552 1455 3594 nemo
1483 3532 1625 3608 dubitet,
1654 3556 1764 3601 eorum

401 3627 547 3693 momnis
567 3624 673 3691 officia
695 3648 759 3711 qno
789 3637 945 3711 spectare,
975 3625 1052 3709 quid
1074 3626 1183 3708 sequi,
1213 3625 1289 3706 quid
1312 3625 1421 3706 fugere
1444 3625 1604 3690 debeant‘i
1635 3629 1764 3695 sithoc

439 3720 584 3785 ultimum
613 3722 788 3795 bonorum,
821 3722 908 3804 quod
930 3742 1015 3785 nunc
1037 3741 1055 3784 a
1077 3740 1127 3782 me
1149 3718 1344 3783 detenditur:
1375 3727 1508 3803 apparet
1528 3722 1651 3797 statim,
1681 3744 1763 3808 quac

440 3813 504 3882 sint
525 3815 645 3891 officis,
666 3836 749 3899 quae
771 3816 921 3879 actiones.
961 3815 1059 3879 Vobis
1081 3822 1201 3886 autem,
1223 3814 1340 3897 quibus
1362 3814 1444 3877 nihil
1467 3821 1514 3877 est
1536 3815 1624 3877 aliud
1645 3837 1764 3901 propo-

439 3908 535 3974 situm
560 3911 620 3975 nisi
641 3917 760 3974 rectum
781 3918 877 3990 atque
898 3908 1081 3981 honestum,
1104 3906 1190 3970 unde
1211 3906 1322 3981 officii,
1345 3909 1429 3970 unde
1444 3908 1557 3989 agendi
1573 3910 1763 3995 principium

439 4012 601 4080 nascatur,
627 4024 690 4068 non
720 4002 894 4088 reperietis.
937 3999 988 4064 ii.
1012 4002 1079 4063 Hoc
1102 4002 1197 4083 igitur
1219 4010 1407 4085 quaerentes
1430 4022 1556 4075 omnes,
1585 4003 1678 4077 etii,
1707 4006 1761 4087 qui

401 4099 663 4182 &quodcumque
691 4097 725 4160 in
756 4105 893 4158 mentem
920 4096 1025 4170 ueniat
1052 4104 1107 4157 aut
1134 4097 1357 4179 quodcumque
1380 4105 1524 4159 occurrat
1544 4116 1579 4160 se
1601 4099 1692 4180 sequi
1715 4099 1761 4161 di-

439 4198 525 4261 cent,
558 4197 589 4253 et
619 4211 675 4256 vos
707 4190 746 4254 ad
777 4199 919 4253 naturam
943 4190 1158 4252 revertemini:
1194 4191 1307 4271 quibus
1330 4199 1441 4252 natura
1464 4190 1533 4252 iure
1562 4192 1762 4273 responderit

438 4304 503 4352 non
525 4306 596 4349 csse
618 4306 726 4349 verum
748 4285 877 4347 aliunde
900 4281 992 4346 iinem
1015 4285 1106 4347 beate
1129 4286 1269 4360 vivendi,
1299 4306 1317 4349 a
1348 4307 1382 4349 se
1405 4286 1559 4369 principia
1581 4285 1627 4349 rei
1651 4305 1761 4366 geren·

437 4378 497 4441 dae
519 4380 602 4461 peti:
625 4397 695 4441 esse
717 4379 800 4440 enim
824 4398 917 4440 unam
940 4378 1110 4453 rationem,
1134 4400 1196 4461 qua
1219 4389 1249 4442 et
1270 4381 1426 4463 principia
1446 4402 1551 4444 rerum
1567 4379 1761 4461 agendarum

437 4481 469 4536 et
489 4472 600 4536 ultima
621 4473 775 4537 bonorum
800 4473 1054 4547 continerentur,
1076 4483 1172 4555 atque
1194 4482 1228 4535 nt
1250 4474 1406 4537 Aristonis
1429 4484 1514 4538 esset
1535 4474 1667 4555 explosa
1689 4494 1762 4538 sen·

399 4567 548 4640 attentis,
582 4566 717 4630 dicentis
744 4565 822 4628 nihii
850 4565 976 4629 differre
998 4566 1083 4628 aliud
1106 4568 1145 4629 ab
1174 4568 1236 4629 aiio
1266 4588 1325 4629 nec
1355 4588 1424 4630 esse
1454 4588 1504 4630 res
1531 4566 1612 4630 ultas
1638 4578 1762 4649 praeter

435 4662 569 4724 virtutes
592 4670 623 4723 et
646 4661 736 4732 vitia,
758 4660 840 4722 inter
862 4679 940 4742 quas
963 4661 1128 4742 quicquam
1151 4661 1281 4724 omnino
1305 4662 1488 4735 interesset,
1511 4662 1556 4724 sic
1578 4680 1683 4724 errare
1704 4664 1760 4725 Ze·

435 4774 567 4828 nonem,
594 4755 650 4837 qui
672 4754 759 4817 nuila
781 4756 812 4817 in
839 4753 956 4817 renisi
979 4755 1011 4816 in
1035 4756 1148 4818 virtute
1173 4753 1238 4838 [aut
1260 4749 1349 4837 vitio]
1372 4755 1616 4837 propensionem
1638 4774 1680 4816 ne
1702 4758 1761 4819 mi·

434 4848 511 4911 nimi
542 4850 670 4931 quidem
699 4849 849 4911 momenti
880 4848 918 4909 ad
947 4868 1102 4910 summum
1132 4850 1251 4912 bonum
1281 4849 1519 4932 adipiscendum
1549 4866 1618 4910 esse
1642 4848 1761 4913 diceret

436 4949 483 5015 et,
514 4961 585 5002 cum
611 4942 650 5003 ad
679 4941 801 5004 beatam
830 4942 927 5004 vitam
955 4942 1077 5004 nulium
1106 4952 1295 5006 momentum
1320 4952 1423 5006 cetera
1444 4944 1614 5017 haberent,
1643 4942 1684 5005 ad
1706 4964 1760 5027 ep·

499 5143 523 5194 8.
540 5144 602 5192 miti
623 5157 661 5193 or.
680 5143 756 5206 lorsqu
775 5144 836 5192 miti
852 5144 903 5193 uid.
922 5145 941 5194 B
962 5172 984 5181 -
1013 5146 1036 5195 6.
1056 5146 1116 5207 quid
1131 5147 1162 5195 eit
1179 5146 1227 5195 BE
1247 5172 1273 5182 -
1299 5146 1388 5196 mcum
1405 5146 1484 5196 sotum
1500 5147 1548 5197 BE
1568 5173 1595 5183 -
1614 5146 1640 5196 s.
1657 5147 1759 5208 consor-

432 5218 500 5268 meet
516 5218 538 5268 D
557 5244 585 5255 -
604 5219 738 5279 quicquum
756 5218 848 5268 codd:
867 5220 995 5282 quidpiam
1011 5220 1031 5269 0
1046 5246 1070 5258 -
1093 5220 1117 5269 9.
1135 5221 1208 5270 modo
1225 5234 1285 5283 quoe
1301 5223 1320 5271 B
1339 5248 1365 5258 -
1385 5222 1425 5272 ti.
1444 5222 1583 5286 acceperet]
1601 5223 1758 5273 accederetB

434 5292 515 5345 -tt
535 5306 623 5343 som.
642 5294 711 5344 Β-
726 5300 754 5344 ut
769 5295 861 5345 hisdem
879 5296 896 5345 Β
911 5323 937 5333 -
957 5297 997 5344 te.
1015 5295 1130 5356 idemque
1146 5296 1180 5354 Β;
1199 5296 1331 5358 iisdemque
1348 5296 1368 5345 0
1383 5321 1408 5332 -
1430 5297 1469 5346 ⁴7.
1488 5296 1578 5345 bonum
1595 5296 1673 5346 ectum
1690 5298 1709 5347 Β
1728 5322 1755 5334 -

432 5369 464 5419 eit
479 5380 532 5418 non
550 5380 603 5417 om.
623 5368 642 5418 E
663 5394 686 5407 -
709 5369 748 5419 48.
767 5369 824 5433 erse]
842 5377 876 5419 eet
892 5370 912 5419 E
931 5396 958 5407 -
977 5370 1046 5434 αρια]
1065 5375 1124 5418 ecto
1140 5371 1188 5420 ΒΒ
1209 5396 1235 5407 -
1254 5384 1287 5419 ea
1303 5371 1428 5421 retectione
1446 5370 1525 5421 Aldus
1544 5384 1641 5436 nepos:
1660 5385 1693 5421 em
1708 5371 1759 5421 ete-

432 5443 512 5493 eeoee
529 5442 606 5493 coru.
628 5471 654 5480 -
673 5444 714 5492 eo.
733 5444 804 5492 uiue
819 5445 921 5507 aliquod
937 5432 986 5494 ni
1007 5472 1033 5481 -
1052 5444 1093 5494 ss.
1113 5447 1178 5506 quoa
1193 5446 1238 5506 uus
1254 5445 1343 5495 nr-
1365 5447 1405 5495 eo.
1425 5460 1471 5508 que
1487 5452 1597 5509 meare
1613 5447 1633 5496 n
1648 5472 1674 5481 -
1693 5446 1760 5508 quoe

430 5516 517 5580 tuqere
534 5518 582 5567 ΒΒ
602 5543 628 5553 -
653 5518 764 5567 &decet
782 5519 856 5568 sito
875 5545 902 5555 -
926 5520 966 5568 29.
984 5521 1116 5581 reperieris
1134 5523 1195 5581 (non
1211 5521 1324 5582 reperies)
1341 5521 1390 5570 BE
1416 5548 1442 5557 -
1465 5522 1508 5572 tec
1524 5522 1544 5572 Β
1563 5548 1590 5559 -·
1615 5526 1759 5583 quaerentes

432 5593 605 5643 Goerenzius:
625 5598 752 5653 quaeretes
769 5592 829 5644 cod.
848 5595 994 5658 spirensis;
1020 5596 1122 5655 queritis
1138 5596 1171 5651 Βς
1195 5608 1297 5657 quaeres
1314 5594 1355 5644 aiii
1376 5624 1402 5633 -
1425 5602 1447 5646 et
1462 5598 1494 5658 iq
1511 5597 1577 5658 quod
1593 5598 1758 5659 quidcumque

432 5666 465 5725 Β;
482 5672 506 5716 et
521 5668 553 5728 eq
570 5668 635 5730 quod
652 5669 830 5731 quicreequeii
844 5695 871 5705 -
890 5669 930 5719 3⁴.
948 5672 1106 5719 moriemini
1123 5670 1203 5720 codd.
1215 5668 1304 5719 multi:
1324 5673 1476 5721 revertimini
1492 5673 1579 5722 ΒΟ-
1599 5672 1638 5721 32.
1656 5674 1758 5735 qerendi

431 5741 451 5790 Β
465 5765 493 5777 -
513 5742 553 5792 33.
570 5745 636 5805 peti:
654 5744 711 5808 eree]
727 5746 828 5806 peciisse
844 5744 903 5794 Β-
922 5744 962 5794 36.
977 5746 1094 5807 quicquid
1111 5746 1171 5795 Β-
1190 5745 1230 5795 37.
1249 5751 1294 5794 out
1308 5748 1368 5795 citio
1387 5747 1487 5810 primus
1499 5745 1608 5798 seclusit
1618 5748 1752 5802 novicium

431 5815 581 5940 qtoqqmuncis
599 5819 623 5867 nt
640 5846 667 5857 -
686 5819 727 5871 39.
745 5824 828 5871 cetere
842 5819 959 5870 tutoni
976 5820 1111 5870 Bremius:
1133 5833 1164 5870 ea
1181 5832 1222 5869 rer
1237 5818 1337 5869 moeret
1354 5820 1431 5871 codd.
1451 5824 1478 5871 et
1493 5822 1514 5871 0
1531 5822 1636 5883 (ceterae
1651 5834 1691 5872 ree
1706 5822 1755 5872 iiu-

529 5891 666 5955 Davisius).
