4342 7459
436 1249 499 1317 loo
857 1248 1078 1314 emooxs
1101 1248 1346 1316 simeonitis.

437 1435 472 1479 se
493 1412 613 1477 iudicet
634 1409 774 1483 divitem,
795 1428 859 1472 non
880 1408 1043 1473 hominum
1064 1429 1180 1482 sermo,
1201 1429 1307 1493 neque
1321 1412 1544 1493 possessiones
1558 1420 1649 1477 tnae.
1681 1414 1776 1480 llibil

438 1507 501 1573 sibi
523 1506 635 1569 deesse
653 1511 759 1586 putat,
779 1502 861 1566 nihil
883 1513 972 1567 curat
992 1503 1148 1586 anplius,
1178 1508 1311 1566 satiatus
1331 1513 1456 1568 estant
1476 1513 1651 1572 contentus
1672 1509 1777 1573 stiam

437 1601 589 1685 pecunia:
621 1595 780 1670 concedo,
809 1595 898 1659 dives
920 1604 978 1659 est
1022 1597 1077 1659 Sin
1104 1604 1210 1659 autem
1239 1606 1371 1680 propter
1398 1598 1581 1663 aviditatem
1609 1601 1776 1684 pecunias

435 1692 560 1756 nullum
589 1698 754 1774 quaestum
782 1698 905 1773 turpem
936 1698 1046 1773 putas,
1072 1709 1144 1752 cum
1173 1690 1226 1758 isti
1255 1689 1359 1753 ordini
1387 1712 1428 1755 ne
1457 1692 1612 1758 bonestus
1635 1693 1776 1779 quiden

414 1786 540 1871 ipossit
559 1803 630 1848 esse
649 1783 755 1858 nllus;
778 1782 806 1846 si
828 1782 945 1845 cotidie
966 1782 1111 1857 fraudas,
1133 1782 1272 1866 decipis,
1294 1784 1418 1867 poscis,
1439 1786 1776 1868 pacisceris,·sufers.

438 1880 551 1963 eripis,
578 1879 606 1941 si
632 1876 738 1941 socios
764 1876 897 1958 spolias,
928 1877 1085 1940 serarium
1108 1876 1246 1960 expilas.
1274 1876 1303 1938 si
1323 1884 1513 1942 testamenta
1534 1879 1717 1947 amicornm
1738 1899 1778 1944 sss

438 1980 604 2056 exspectas
624 1967 752 2053 quidem
773 1978 871 2053 atque
893 1972 962 2054 ipse
984 1970 1149 2052 supponis,
1172 1971 1249 2032 haec
1271 1978 1377 2032 uuum
1400 1970 1592 2035 abundantis
1614 1992 1657 2036 an
1672 1993 1777 2058 egen·

437 2067 479 2130 tis
499 2066 592 2148 signs
612 2064 708 2127 suntt
750 2058 803 2124 tl.
831 2064 964 2126 Animus
992 2062 1134 2125 bominis
1162 2061 1271 2134 dives,
1297 2083 1363 2126 non
1389 2082 1463 2127 arca
1488 2065 1647 2149 appellari
1675 2065 1775 2132 solet.

438 2157 592 2235 Quamvis
619 2156 675 2219 illa
702 2155 746 2219 sit
773 2157 885 2239 plens,
914 2155 990 2218 dum
1018 2164 1050 2218 te
1076 2156 1204 2219 inanem
1232 2154 1366 2230 ridebo,
1395 2158 1526 2222 divitem
1548 2179 1615 2222 non
1639 2161 1774 2244 putabo.

400 2252 627 2315 equanimes
649 2269 699 2322 eo,
720 2258 874 2333 quantum
897 2250 1014 2332 cuique
1035 2250 1114 2311 satis
1136 2259 1195 2322 est,
1217 2250 1392 2313 metiuntur
1412 2251 1557 2316 bomines
1580 2252 1772 2318 divitiarum

437 2345 577 2410 modum
619 2343 732 2406 Filiam
761 2344 833 2426 quis
860 2342 972 2417 babet,
1000 2342 1136 2425 pecunia
1161 2350 1210 2406 est
1230 2363 1329 2424 opus:
1361 2342 1456 2418 duas,
1486 2345 1624 2408 maiore:
1655 2346 1773 2430 pluris,

436 2438 556 2504 maiore
577 2436 683 2500 etiam.
725 2436 775 2510 Si,
796 2445 833 2499 nt
852 2437 942 2498 aiunt
961 2437 1122 2507 Danaum,
1145 2435 1377 2519 quinquaginta
1397 2438 1462 2501 sint
1482 2438 1583 2513 lilino,
1603 2447 1656 2503 tot
1675 2439 1773 2504 dotss

437 2550 583 2613 magnam
611 2538 771 2613 quaerunt
799 2529 977 2613 pecuniam.
1028 2528 1190 2603 Quantum
1219 2530 1304 2592 enim
1332 2531 1448 2615 cuique
1470 2553 1552 2615 opus
1572 2539 1641 2606 est,
1669 2533 1773 2598 adid

436 2621 709 2697 accommodatur,
739 2631 776 2686 ut
802 2632 876 2686 ante
906 2622 991 2697 dixi,
1021 2621 1201 2685 divitiarum
1224 2622 1349 2686 modus.
1393 2623 1456 2699 Qui
1479 2626 1577 2710 igitur
1595 2644 1665 2690 non
1687 2624 1773 2694 litias

400 2716 562 2801 ssplures,
584 2716 641 2779 sed
662 2715 909 2780 innumerabiles
931 2715 1121 2800 cupiditates
1142 2714 1254 2791 babet,
1284 2736 1368 2800 quae
1389 2718 1477 2783 brevi
1499 2728 1646 2804 tempore
1667 2726 1774 2789 naxi-

439 2831 507 2876 ιω
535 2812 641 2893 copias
668 2810 839 2873 exbanrir'e
869 2809 1009 2891 possint,
1039 2809 1125 2872 bunc
1146 2817 1210 2893 quo
1232 2809 1327 2874 modo
1350 2830 1410 2894 ego
1432 2813 1601 2896 appellabo
1625 2815 1772 2892 divitem,

437 2908 609 2989 cumipse
637 2923 731 2986 egere
761 2924 797 2967 se
826 2904 967 2967 sentiatt
1008 2900 1061 2965 ts.
1096 2904 1187 2966 llulti
1216 2924 1258 2966 ex
1286 2913 1319 2967 te
1344 2904 1515 2969 audierunt
1539 2927 1612 2971 oum
1635 2910 1773 2986 dicero,

436 3002 597 3065 neminem
625 3018 696 3062 esse
725 2997 872 3070 divitem,
901 2997 963 3060 nisi
990 2998 1047 3080 qui
1075 2998 1251 3061 exercitum
1273 2999 1359 3061 alere
1382 3009 1492 3081 posset
1512 3001 1578 3065 suis
1598 3002 1772 3079 fructibus,

438 3095 527 3178 quod
548 3090 689 3177 populus
702 3092 864 3155 Romanus
886 3090 985 3153 tantis
1006 3091 1214 3174 vestigalibus
1234 3093 1297 3155 ism
1319 3093 1441 3174 pridem
1464 3093 1520 3157 rix
1540 3103 1657 3179 potest.
1685 3098 1772 3182 Ergo

399 3187 500 3253 otoo
521 3186 685 3271 proposito
707 3204 880 3268 numquam
902 3185 963 3246 eris
984 3184 1073 3246 dives
1095 3192 1187 3257 ante,
1212 3205 1308 3268 qnam
1331 3186 1386 3249 tibi
1408 3204 1449 3248 ex
1470 3187 1532 3252 tuis
1554 3191 1772 3272 possessioni-

436 3281 498 3345 bus
525 3288 647 3344 tantum
678 3275 853 3352 reficietur,
883 3286 918 3341 ut
945 3297 985 3341 eo
1012 3279 1094 3340 tueri
1122 3298 1180 3340 sex
1208 3277 1351 3361 legiones
1372 3288 1406 3343 et
1426 3300 1540 3363 magna
1560 3283 1713 3365 equiturn
1733 3306 1771 3350 ac

436 3373 581 3458 peditum
608 3372 728 3435 auxilia
756 3373 869 3455 possis.
922 3373 988 3433 lam
1017 3369 1127 3434 fateris
1154 3372 1250 3453 igitur
1276 3392 1341 3435 non
1368 3393 1440 3436 esse
1469 3381 1501 3436 tc
1527 3374 1684 3452 diuitem,
1717 3380 1769 3442 cni

436 3476 559 3531 tantum
581 3466 681 3540 desit,
708 3473 744 3528 ut
765 3465 895 3549 expleas
922 3464 953 3527 id
980 3463 1067 3547 quod
1098 3474 1242 3546 exoptas.
1285 3466 1397 3547 ltaque
1424 3466 1517 3529 istam
1544 3477 1770 3553 paupertatem

436 3560 488 3624 sal
518 3559 621 3641 potius
648 3565 819 3640 egestatem
847 3577 885 3620 ac
912 3555 1148 3619 mendicitatem
1178 3567 1265 3621 tuam
1293 3579 1465 3642 numquam
1493 3560 1632 3625 obscure
1653 3565 1770 3630 tulisti.

398 3654 476 3715 fill.
498 3649 551 3714 ld.
571 3654 650 3714 Nam
672 3660 708 3714 ut
729 3653 777 3725 iis,
799 3652 855 3735 qui
877 3651 1009 3713 honeste
1030 3671 1097 3713 rem
1121 3660 1277 3733 quaerunt
1299 3656 1481 3716 mercaturis
1501 3653 1675 3732 semendis,
1692 3679 1771 3743 ope·

436 3747 481 3809 ris
502 3743 632 3817 dandis,
654 3744 789 3829 publicis
812 3743 992 3816 sumendis,
1015 3743 1226 3825 intellegimus
1248 3766 1328 3828 opus
1350 3766 1420 3808 csse
1442 3747 1606 3829 quaesito,
1629 3751 1689 3828 sic,
1713 3754 1771 3837 qni

436 3839 524 3903 ridet
552 3837 637 3901 domi
664 3847 736 3901 tuae
762 3839 880 3922 pariter
900 3845 1117 3899 accusatorum
1139 3846 1236 3920 atque
1258 3838 1396 3902 indicum
1419 3841 1620 3904 consociatos
1642 3863 1771 3929 greges,

437 3936 493 4019 qui
523 3939 674 3996 nocentes
704 3940 737 3995 et
763 3932 952 4015 pecuniosos
982 3949 1054 3992 reos
1083 3930 1197 3993 eodem
1226 3940 1257 3994 te
1283 3941 1390 3995 actore
1419 3933 1635 4015 corruptelam
1656 3937 1772 4004 iudicii

436 4027 624 4099 molientes,
654 4025 710 4108 qui
738 4034 808 4088 tuas
840 4024 1020 4088 mercedum
1050 4025 1215 4107 pactiones
1244 4026 1276 4088 in
1306 4027 1506 4109 patrociniis,
1539 4027 1563 4106 †
1590 4030 1772 4097 intercidas

399 4120 640 4205 sopecuniarum
663 4120 696 4180 in
719 4119 909 4181 coitionibus
931 4116 1186 4190 candidatorum,
1215 4118 1415 4183 dimissiones
1437 4120 1625 4186 libertorum
1649 4125 1691 4188 ad
1716 4128 1772 4191 de·

434 4211 642 4278 faenerandas
664 4211 924 4295 diripiendasque
947 4211 1143 4293 provincias:
1173 4215 1229 4294 qui
1259 4213 1466 4295 expulsiones
1487 4214 1682 4292 vicinorum,
1715 4222 1773 4303 qni

435 4307 601 4371 latrocinia
622 4308 655 4368 in
677 4308 776 4389 agris,
806 4308 862 4389 qui
886 4327 957 4368 cum
980 4308 1095 4377 servis,
1123 4326 1195 4368 cum
1218 4307 1353 4378 libertis,
1376 4328 1448 4370 cum
1470 4307 1642 4375 clientibus
1664 4315 1773 4377 socie-

433 4410 530 4475 tates,
553 4400 608 4483 qui
629 4402 850 4482 possessiones
873 4420 1002 4473 vacuas,
1032 4399 1088 4483 qni
1112 4400 1361 4480 proscriptiones
1384 4401 1594 4483 locupletum,
1621 4403 1680 4487 qui
1705 4406 1772 4470 cla·

434 4494 491 4558 des
513 4494 773 4576 municipiorum,
800 4494 855 4577 qui
882 4494 967 4556 illam
991 4493 1113 4555 Sullani
1143 4493 1293 4574 temporis
1321 4513 1455 4557 messem
1478 4494 1684 4574 recordetur,
1716 4501 1771 4584 qui

500 4753 524 4800 i.
543 4763 569 4799 ss
585 4751 619 4800 C:
637 4751 697 4801 ts0
721 4773 756 4788 -
778 4761 891 4798 ssmoss
907 4761 972 4809 ques
988 4747 1059 4796 ΑΨ
1087 4773 1113 4783 -
1142 4748 1166 4797 ἱ.
1183 4754 1257 4810 patet
1274 4746 1386 4797 a2st2:
1403 4745 1591 4808 pamntA¹V¹‚
1609 4755 1685 4811 pum
1701 4753 1725 4803 0
1744 4778 1771 4789 ..

432 4825 895 4877 messano-sociatus
924 4849 950 4859 -
976 4821 1188 4874 3.sstC:ss0
1215 4851 1243 4861 -
1271 4821 1771 4886 squamatim-trassam-

433 4902 458 4952 6.
476 4915 508 4951 ss
523 4908 654 4963 cospectu
669 4901 768 4963 pistas
784 4900 894 4962 scripsi:
913 4904 1030 4959 aspectos
1047 4899 1146 4959 quidem
1163 4901 1197 4956 C,
1216 4900 1264 4949 sed
1282 4903 1303 4948 Α
1321 4903 1383 4963 post
1398 4903 1516 4959 aspectos
1532 4899 1559 4946 in
1577 4911 1668 4964 marg.
1688 4914 1728 4952 m.
1742 4902 1771 4952 i:

432 4983 478 5025 cet
492 4989 525 5025 ss
540 4983 657 5038 exprim:
676 4980 804 5037 aspectu
819 4978 865 5022 out
881 4987 912 5021 ss
928 4978 1057 5033 exspectas
1074 4974 1174 5033 quidem
1191 4974 1330 5023 editiones.
1350 4976 1466 5037 Apparet
1484 4974 1552 5022 inter
1569 4986 1595 5020 ιιι
1614 4976 1644 5023 et
1660 4987 1676 5024 s
1692 4973 1772 5026 lsoils

431 5064 463 5100 ss
486 5050 647 5100 intercidere
673 5050 804 5113 potuisse;
832 5048 904 5110 quod
929 5046 971 5096 alii
997 5046 1188 5110 suppleverunt
1214 5062 1265 5098 nec
1289 5051 1314 5097 in
1339 5046 1392 5096 ullo
1413 5046 1506 5096 codice
1528 5051 1640 5098 exstare
1663 5051 1773 5102 sidetsr

432 5130 577 5185 camactos
593 5129 685 5173 estas
701 5128 830 5184 exspectas
846 5123 959 5182 quidem·
979 5136 1052 5172 mera
1070 5124 1237 5187 interpolatio
1255 5130 1303 5174 est.
1330 5150 1356 5158 -
1383 5126 1421 5171 tt.
1441 5124 1615 5183 pecuniosus
1638 5150 1667 5160 -
1682 5128 1774 5188 μη

431 5200 452 5249 0
472 5226 499 5235 -
519 5200 558 5247 ti.
577 5200 648 5248 sic:
674 5199 705 5246 Et
722 5200 743 5245 si
760 5199 794 5247 0:
817 5199 847 5246 At
864 5199 885 5246 si
901 5201 942 5245 ιν·
961 5197 1071 5260 Bentley
1096 5226 1123 5235 -
1151 5201 1270 5248 Daunum
1287 5199 1307 5247 C
1327 5196 1391 5256 ,scil
1411 5196 1561 5256 babuisse}:
1587 5198 1687 5249 Denso
1705 5203 1727 5251 0
1744 5206 1772 5252 st

431 5274 510 5325 codd.
530 5274 585 5323 dett
614 5276 701 5337 pauci,
720 5274 805 5322 Dssoi
822 5270 874 5320 alii.
895 5299 921 5308 -
938 5274 993 5335 litio
1012 5275 1042 5320 V*
1061 5301 1087 5311 -
1109 5274 1148 5323 tt.
1168 5273 1382 5323 cccoosodoissrlt
1403 5297 1429 5309 -
1459 5273 1499 5320 t6.
1516 5273 1582 5322 isne
1599 5275 1709 5335 mdo
1725 5290 1772 5341 eps

430 5348 738 5397 c-ss.msesai'-
766 5348 935 5409 ⁴9.p.r.t.
956 5342 1141 5410 ,ῆι-,ΗΓΒ
1166 5374 1193 5383 -
1217 5349 1768 5413 ro.proposisosscorr.erprcposisus.

429 5425 459 5471 ut
475 5423 580 5472 videtur
597 5447 623 5457 -
644 5424 685 5471 it.
703 5423 833 5484 relidunt
850 5415 909 5471 ΨΟ
929 5447 954 5457 -
975 5423 1110 5485 lepiooibm
1126 5427 1148 5472 Α
1167 5448 1194 5458 -
1213 5424 1254 5472 23.
1273 5424 1378 5472 exobtns
1394 5421 1425 5470 Ψ
1445 5450 1470 5460 -
1490 5423 1531 5471 Ξῖ.
1543 5425 1771 5489 pomsrlpoetn

429 5499 450 5547 C
481 5525 508 5534 -
538 5498 649 5545 indicassis
666 5496 736 5547 All:
766 5498 875 5545 iudicum
898 5494 986 5547 isv‘o
1011 5525 1044 5534 -
1075 5498 1116 5546 ¹28.
1135 5504 1219 5546 actore
1237 5499 1272 5547 C:
1301 5500 1442 5547 cactorsO
1466 5525 1499 5534 -
1525 5499 1567 5548 29.
1586 5500 1769 5551 interme

429 5576 567 5634 corrupte:
592 5573 723 5622 intercisos
740 5573 772 5617 ι’
789 5586 824 5621 ιιι.
844 5586 910 5624 rec.
929 5575 1115 5622 intercessisses
1130 5574 1150 5621 0
1168 5586 1229 5621 curn
1249 5575 1345 5635 leogio
1371 5599 1397 5609 -
1422 5573 1670 5624 admittentibus
1686 5575 1767 5625 codd.

429 5647 528 5709 aliquot
545 5647 622 5702 dett..
641 5648 711 5697 band
729 5650 786 5696 scio
803 5661 835 5697 an
854 5654 926 5698 recte
955 5676 980 5686 -
1010 5650 1191 5710 desesercadns
1207 5650 1239 5697 C:
1269 5649 1421 5706 lucrandos
1437 5649 1471 5696 0:
1491 5645 1589 5710 legitur
1605 5649 1771 5702 insolenu'ns

428 5724 541 5771 verbum
565 5725 645 5771 etiam
668 5727 693 5772 in
716 5721 804 5772 schol.
822 5723 886 5772 Bob.
911 5725 966 5773 Cic.
985 5725 1108 5787 pambo
1125 5728 1150 5772 et
1168 5724 1216 5772 332
1233 5723 1276 5771 ed.
1295 5721 1373 5771 Orell.
1401 5747 1430 5758 -
1462 5723 1502 5771 34.
1519 5724 1672 5784 prmus
1694 5729 1716 5776 Α
1740 5748 1767 5761 -

426 5798 569 5846 moruus
591 5802 611 5846 Α
636 5799 899 5847 consutiones
924 5825 956 5834 -
981 5797 1231 5847 sscsmoosrs'sc
1261 5825 1286 5832 -
1314 5796 1575 5857 Rimul:
1604 5799 1771 5863 locupieti-

427 5872 517 5921 aso.
545 5872 583 5921 Cl.
603 5873 697 5935 pisi.
710 5874 751 5923 31.
773 5898 799 5907 -
819 5874 901 5921 eludes
918 5873 1102 5924 ltuhubsnius:
1125 5874 1213 5922 coedes
1229 5872 1286 5932 VO,
1305 5875 1374 5923 cedas
1391 5873 1451 5931 AB,
1469 5870 1518 5922 scd
1535 5873 1594 5923 odas
1611 5879 1636 5925 Α
1653 5877 1684 5927 in
1699 5888 1769 5934 τις

427 5945 469 5996 alii
486 5949 661 5997 coniecerunt
678 5947 765 5997 cesdcs
780 5949 944 6009 muisspsss.
