4342 7459
438 1228 501 1293 268
763 1232 1084 1298 TUSCULANARUM
1106 1234 1434 1299 ulsrurarlortuu

439 1394 538 1457 altera
566 1413 689 1477 expers.
735 1393 811 1456 Cum
839 1392 934 1475 igitur
960 1393 1168 1477 praecipitur,
1197 1403 1233 1457 ut
1258 1394 1415 1457 nobismet
1444 1394 1522 1477 ipsis
1554 1394 1757 1477 imperemus,

437 1489 499 1553 hoe
520 1487 724 1571 praecipitur,
752 1494 787 1549 ut
815 1488 895 1549 ratio
925 1494 1068 1551 coerceat
1094 1488 1310 1552 temeritatem.
1345 1488 1402 1551 Est
1427 1490 1460 1551 in
1482 1488 1595 1551 animis
1616 1489 1757 1552 omnium

437 1581 504 1646 fere
519 1589 631 1645 natura
645 1580 740 1644 molle
756 1580 924 1661 quiddam,
946 1581 1133 1656 demissum,
1156 1579 1291 1653 humile,
1313 1590 1495 1645 enervatum
1512 1581 1648 1665 quodam
1662 1582 1758 1645 modo

439 1684 471 1740 et
493 1675 686 1757 languidum.
722 1674 756 1736 Si
784 1673 865 1737 nihil
888 1683 971 1738 esset
992 1675 1093 1749 aliud,
1124 1675 1203 1738 nihil
1225 1682 1309 1739 esset
1329 1675 1457 1737 homine
1480 1674 1671 1752 deformium
1701 1675 1759 1739 sed

414 1776 563 1854 apraesto
585 1775 634 1831 est
655 1766 782 1830 domina
803 1768 943 1831 omnium
966 1776 997 1832 et
1017 1769 1128 1851 regina
1150 1770 1244 1843 ratio,
1267 1789 1348 1851 quae
1370 1770 1484 1833 conixa
1503 1789 1560 1852 per
1580 1789 1615 1834 se
1637 1777 1672 1832 et
1687 1789 1760 1852 pro-

438 1883 545 1947 gressa
568 1862 692 1943 longius
713 1860 749 1924 lit
769 1860 908 1943 perfecta
928 1862 1038 1925 virtus.
1074 1865 1160 1927 Haeo
1182 1871 1217 1925 ut
1237 1863 1370 1946 imperet
1384 1861 1428 1926 illi
1446 1863 1527 1945 parti
1541 1863 1653 1937 animi,
1676 1882 1759 1947 quae

439 1957 589 2022 oboedire
610 1955 718 2028 debet,
739 1954 772 2017 id
796 1955 965 2018 videndum
987 1963 1036 2018 est
1057 1956 1135 2018 viro.
1170 1953 1220 2017 48.
1238 1956 1383 2032 Quonam
1404 1956 1521 2019 modo?
1541 1956 1677 2039 inquies.
1702 1956 1759 2020 Vel

438 2059 473 2115 ut
494 2052 642 2114 dominus
664 2068 755 2112 servo
778 2049 829 2112 vel
851 2059 887 2113 nt
907 2049 1077 2134 imperator
1098 2050 1186 2114 militi
1208 2051 1259 2114 vel
1279 2046 1315 2113 ut
1342 2071 1456 2136 parens
1477 2050 1553 2113 filio.
1591 2051 1623 2113 Si
1644 2050 1760 2135 turpis-

438 2144 517 2206 sime
547 2163 581 2207 se
608 2143 664 2205 illa
687 2162 759 2225 pars
781 2143 878 2206 animi
899 2150 1002 2225 geret,
1032 2163 1127 2226 quam
1150 2144 1215 2207 dixi
1238 2164 1309 2208 esse
1331 2146 1473 2220 mollem,
1502 2145 1529 2207 si
1557 2144 1760 2207 aelementis

400 2235 629 2300 romuliebriter
651 2237 853 2320 lacrimisque
876 2234 985 2310 dedet,
1007 2236 1163 2300 vinciatur
1184 2245 1216 2301 et
1237 2240 1468 2321 constringatur
1490 2238 1662 2302 amicorum
1686 2257 1760 2320 pro·

436 2329 691 2413 pinquorumque
714 2328 884 2411 custodiis;
907 2349 1001 2412 saepe
1021 2329 1106 2392 enim
1121 2331 1264 2395 videmus
1286 2332 1401 2397 fractos
1415 2331 1545 2415 pudore,
1568 2330 1624 2414 qui
1637 2331 1760 2395 ratione

439 2422 524 2485 nulla
547 2423 756 2487 vincerentur.
784 2424 869 2506 Ergo
889 2422 949 2486 bos
972 2424 1101 2507 quidem
1122 2432 1157 2486 ut
1177 2424 1311 2489 fmulos
1334 2426 1445 2489 vinclis
1465 2445 1565 2509 prope
1586 2431 1684 2507 atque
1705 2444 1761 2488 cu·

438 2515 557 2590 stedia,
581 2518 637 2600 qui
658 2524 764 2581 autem
786 2524 878 2581 erunt
899 2514 1052 2580 firmiores
1074 2538 1133 2580 nec
1156 2526 1260 2581 tamen
1281 2519 1500 2592 robustissimi,
1523 2522 1580 2581 hos
1596 2517 1760 2582 admonitu

438 2610 597 2692 oportebit
625 2617 661 2674 ut
692 2611 792 2674 bonos
822 2610 939 2674 milites
967 2620 1132 2675 revocatos
1160 2611 1345 2694 dignitatem
1375 2613 1465 2676 tueri.
1508 2613 1577 2675 Non
1609 2611 1704 2675 nimis
1725 2612 1760 2674 in

402 2719 430 2765 m
438 2703 556 2786 Niptris
577 2704 631 2767 ille
649 2704 901 2787 sapientissimus
916 2704 1066 2768 Graeciae
1088 2705 1213 2768 saucius
1232 2704 1420 2768 lamentatur
1434 2705 1483 2770 vel
1498 2705 1621 2768 modice
1636 2705 1760 2787 potius:

563 2798 863 2882 Pedetmptim,
884 2798 1006 2881 inquit,
1028 2805 1066 2860 et
1087 2797 1226 2862 sedato
1247 2800 1348 2874 nisu,

563 2893 618 2955 Ne
639 2911 828 2955 succussu
849 2892 1025 2974 arripiat
1044 2893 1168 2955 maior

564 2986 687 3050 Dolor
707 3029 841 3048 .....

438 3077 489 3144 49.
511 3081 664 3143 Pacuvius
691 3078 753 3141 boe
775 3078 888 3143 melius
910 3098 1004 3162 quam
1028 3077 1199 3161 Sophocles
1221 3116 1261 3127 -
1283 3080 1367 3163 apud
1389 3080 1479 3144 illum
1500 3081 1584 3145 enim
1606 3101 1760 3165 perquam

400 3173 587 3238 uaebiiiter
608 3174 716 3237 Ulixes
738 3173 925 3238 lamentatur
946 3173 978 3235 in
1000 3171 1129 3235 volnere
1144 3195 1202 3235 -ε
1225 3182 1329 3237 tamen
1343 3174 1418 3238 buio
1437 3175 1549 3238 leviter
1562 3174 1699 3258 gementi
1714 3173 1759 3237 illi

437 3269 514 3353 ipsi,
547 3267 602 3351 qui
631 3267 736 3331 serunt
762 3269 918 3341 saucium,
950 3286 1105 3350 personae
1135 3267 1316 3350 gravitatem
1344 3269 1502 3333 intuentes
1530 3290 1595 3334 non
1616 3269 1761 3334 dubitant

438 3362 558 3426 dicere:

564 3459 617 3520 Tu
639 3475 816 3539 quoque,
839 3454 993 3527 Ulixes,
1016 3464 1252 3536 quamquam
1275 3457 1457 3538 graviter

565 3550 767 3613 Cernimus
789 3552 921 3621 ictum,
943 3547 1061 3610 nimis
1084 3565 1208 3628 paene
1230 3549 1359 3613 animo
1381 3569 1422 3614 es

401 3658 430 3705 ao
564 3642 695 3718 Molli,
719 3644 788 3726 qui
811 3650 1031 3705 consuetus
1053 3641 1093 3701 iu
1117 3640 1236 3702 armis

564 3738 708 3799 Aevom
731 3756 852 3819 agore
875 3781 883 3797 .
907 3781 915 3797 .
938 3779 978 3797 ..

439 3830 596 3912 Intellegit
617 3838 711 3912 potita
733 3831 872 3913 prudens
894 3828 1017 3892 ferendi
1034 3828 1153 3891 doloris
1169 3829 1429 3893 consuetudinem
1452 3851 1521 3894 esse
1544 3851 1607 3893 non
1622 3837 1761 3893 contem·

439 3923 574 3986 nendam
596 3924 786 4006 magistram.
822 3921 873 3985 50.
894 3927 998 4007 Atque
1022 3922 1075 3984 ille
1099 3942 1162 3985 non
1183 3922 1380 3986 inmoderate
1402 3944 1515 4007 magno
1537 3923 1718 3987 indolere:

565 4018 759 4091 detineto,
780 4025 935 4091 tenete,
957 4015 1145 4099 opprimit
1167 4016 1287 4089 ulcus,

401 4126 430 4173 ac
564 4111 721 4185 Nudate,
743 4112 818 4174 heu
841 4112 1018 4174 miserum
1042 4132 1116 4173 me:
1139 4112 1361 4173 excrucior.

439 4205 553 4288 lncipit
573 4206 655 4279 labi3
679 4204 793 4268 deinde
815 4203 889 4268 ilico
912 4204 1048 4267 desinit:

564 4299 740 4382 Operite,
762 4299 968 4363 abscedite
990 4300 1065 4361 iam
1088 4298 1173 4370 iam,

564 4394 738 4468 Mittite;
761 4414 843 4457 nam
865 4400 1076 4456 attrectatu
1098 4399 1134 4453 et
1157 4410 1302 4473 quassu

567 4489 729 4550 Saevum
751 4486 1012 4569 amplificatis
1034 4485 1227 4547 dolorem.

401 4581 577 4644 asVidesne
599 4591 634 4646 ut
655 4581 845 4644 obmutuerit
866 4601 932 4644 non
954 4580 1080 4642 sedatus
1103 4578 1259 4661 corporis,
1282 4578 1337 4640 sed
1353 4578 1522 4659 castigatus
1537 4579 1632 4640 animi
1649 4578 1761 4642 dolori

440 4676 550 4759 ltaque
572 4676 605 4738 in
627 4675 776 4737 extremis
799 4674 913 4757 Niptris
935 4674 1014 4737 alios
1036 4692 1165 4757 quoque
1188 4670 1334 4753 obiurgat
1354 4671 1451 4754 idque
1475 4672 1627 4735 moriens:

505 5028 529 5081 4.
548 5029 703 5092 leuparidum.
722 5027 750 5077 st
765 5027 827 5076 nihil
843 5032 902 5077 esset
913 5027 1058 5078 blanutiue:
1077 5027 1224 5091 leopoldum
1237 5027 1320 5076 smik.
1338 5027 1379 5076 red
1395 5027 1414 5076 C
1429 5052 1456 5062 -
1475 5028 1499 5077 5.
1512 5038 1610 5076 coccea
1627 5027 1684 5087 4444,
1703 5041 1764 5077 cort·

439 5118 507 5155 aare
524 5107 544 5154 G
564 5130 590 5139 -
610 5105 634 5153 8.
652 5103 727 5153 uelud
743 5104 909 5164 imperatorii
924 5127 950 5137 -
971 5102 994 5151 9.
1014 5103 1035 5150 ιι·
1051 5114 1076 5151 se
1093 5103 1206 5151 lamentis
1221 5101 1371 5151 muliebriter
1387 5101 1546 5162 lacrimisque
1556 5102 1682 5151 dedmoru
1693 5102 1765 5153 Cha-

440 5181 518 5230 risius
530 5192 555 5242 p.
566 5178 623 5238 206,
635 5178 674 5226 47.
689 5204 714 5215 -
729 5181 769 5227 44.
779 5178 935 5227 uideromC:
949 5177 1056 5226 uidimus
1068 5175 1150 5225 alii-
1167 5178 1205 5225 44.
1219 5182 1295 5237 atque
1307 5174 1436 5226 Halmius:
1457 5177 1522 5224 odeo
1533 5175 1576 5229 G¹:
1590 5177 1655 5226 acad
1667 5172 1763 5235 G²lti3;

440 5269 471 5304 ac
487 5256 516 5304 0.
535 5255 562 5304 ln
580 5253 725 5316 archetypo
742 5254 811 5302 sicut
827 5266 853 5315 p.
866 5253 923 5313 469,
939 5250 970 5300 34
988 5252 1084 5301 excidit
1102 5266 1124 5313 q.
1139 5254 1225 5315 antqc
1239 5252 1304 5312 (adr.
1317 5274 1348 5297 =
1359 5251 1448 5310 adque,
1467 5250 1500 5300 cl.
1514 5263 1539 5298 v.
1553 5249 1593 5301 28.
1608 5263 1634 5314 p.
1648 5250 1705 5309 tlt,
1720 5252 1762 5311 4);

441 5332 497 5379 tum
514 5342 529 5377 a
548 5332 698 5378 correctore
715 5327 749 5376 ad
766 5327 925 5377 sententiam
941 5330 1023 5386 recte,
1042 5326 1091 5375 sed
1103 5328 1198 5389 spretis
1211 5326 1357 5388 euphoniae
1370 5323 1482 5386 legibus,
1500 5325 1710 5388 superscriptum
1723 5328 1764 5375 est

440 5419 480 5464 ac,
499 5403 570 5453 unde
583 5401 616 5453 ab
628 5401 684 5452 aliis
696 5405 756 5451 ente
769 5402 812 5462 ud,
831 5399 864 5450 ab
883 5400 938 5449 aliis
956 5404 1015 5464 post
1026 5403 1060 5451 ad
1076 5402 1203 5450 insertum
1216 5406 1265 5449 est.
1281 5426 1306 5435 -
1323 5401 1460 5449 custodiam
1477 5400 1524 5450 lib
1539 5425 1564 5434 -
1585 5397 1623 5448 44.
1637 5405 1765 5449 reuocatos

440 5481 475 5529 ad
496 5479 641 5542 dipuitotem
661 5477 731 5526 Retro
753 5474 769 5525 Ι.
789 5475 805 5526 Ι.
823 5490 849 5541 p.
868 5476 908 5526 85.
930 5501 956 5511 -
981 5478 1020 5525 ta.
1039 5477 1190 5525 lamentator
1211 5476 1230 5524 C
1258 5501 1280 5511 -
1309 5476 1348 5524 46.
1363 5476 1535 5536 pedetemptim
1556 5486 1588 5522 ac
1605 5474 1691 5522 sedato
1706 5474 1765 5523 uim

442 5554 576 5605 Charisius
593 5565 618 5616 p.
632 5550 691 5610 att,
705 5552 744 5601 40.
766 5577 790 5588 -
810 5552 980 5613 pedetenpum
997 5548 1054 5601 44444
1072 5555 1100 5601 et
1117 5551 1263 5601 Charisius:
1286 5550 1432 5611 pediteutsm
1449 5553 1487 5609 G¹,
1503 5549 1646 5611 peditoutim
1663 5549 1702 5605 0¹,
1718 5560 1764 5609 pe-

441 5628 560 5677 ditemtim
577 5625 621 5686 444,
638 5628 784 5677 Prdeuutim
801 5627 821 5676 0
841 5652 866 5661 -
886 5627 973 5685 inquid
990 5626 1020 5675 G¹
1039 5654 1065 5662 -
1085 5626 1116 5689 et]
1134 5628 1166 5675 ite
1182 5631 1205 5674 et
1222 5626 1241 5674 C
1261 5650 1287 5659 -
1306 5626 1354 5673 m'ri
1371 5623 1406 5673 Gr
1421 5651 1445 5660 -
1464 5626 1506 5674 to.
1524 5623 1612 5672 imiter
1628 5621 1697 5671 Bake
1715 5620 1731 5671 Ι.
1744 5620 1761 5671 l.

443 5716 468 5765 p.
489 5704 529 5752 85.
551 5730 578 5739 -
597 5704 637 5752 44,
657 5701 700 5763 qui
715 5701 817 5763 suerunt
834 5701 882 5750 644
902 5726 928 5734 -
948 5700 1094 5750 dubitauerit
1112 5702 1140 5751 C.
1160 5700 1224 5748 Vide
1241 5698 1274 5747 ad
1293 5700 1301 5748 l
1321 5699 1336 5762 5
1354 5699 1393 5748 35.
1417 5725 1440 5736 -
1462 5698 1502 5748 at.
1521 5700 1572 5747 ictu
1589 5696 1638 5746 644
1657 5720 1684 5732 -·
1702 5709 1762 5758 poe-

442 5790 490 5825 nae
507 5779 526 5825 G
546 5804 572 5814 -
597 5778 638 5826 25.
656 5776 794 5826 masuetus
811 5772 930 5824 Wolfius.
952 5802 977 5811 -
1002 5777 1043 5825 tl.
1061 5776 1170 5838 ferendi
1193 5775 1242 5823 GR
1266 5799 1292 5808 -
1319 5773 1359 5823 28.
1378 5775 1458 5836 adque
1475 5772 1504 5822 G¹
1525 5800 1550 5810 -
1572 5772 1612 5821 49.
1631 5772 1763 5822 retinetene

443 5864 511 5900 corr.
530 5855 555 5901 in
573 5856 674 5902 retinete
689 5856 766 5901 terrete
783 5851 803 5898 G
822 5875 848 5885 —
868 5850 986 5911 opprimit
996 5850 1117 5901 Vossius:
1137 5850 1298 5912 opprimitrC
1313 5875 1338 5885 -
1353 5849 1393 5899 33.
1406 5853 1531 5899 atrectatu
1542 5844 1600 5898 6444
1613 5873 1639 5883 -
1653 5846 1695 5897 34.
1708 5860 1762 5897 ora-

441 5929 560 5978 mutuerit
575 5928 604 5978 44.
