4342 7459
438 1229 500 1298 ⁴72
726 1235 780 1299 llll
800 1236 957 1300 ammos
978 1234 1177 1301 notionum
1196 1237 1248 1300 ET
1270 1235 1469 1302 nantolium

438 1403 598 1467 curatione
620 1402 761 1467 adhibita
783 1404 927 1468 levantur
948 1404 981 1468 in
1003 1403 1090 1476 dies:
1112 1404 1196 1467 valet
1217 1402 1295 1467 aller
1316 1403 1387 1487 plus
1406 1404 1536 1490 cotidie,
1559 1405 1639 1469 alter
1660 1405 1756 1470 videt.

437 1496 494 1559 llis
524 1496 644 1560 similes
672 1506 745 1561 sunt
766 1518 890 1572 omnes,
919 1499 974 1580 qui
1002 1498 1111 1561 virtuti
1138 1498 1280 1562 student:
1314 1498 1459 1561 levantur
1483 1499 1585 1573 vitiis,
1614 1499 1759 1562 levantur

438 1590 614 1654 erroribus:
642 1590 704 1653 nisi
731 1590 811 1655 forte
839 1612 949 1655 censes
971 1593 1019 1656 Ti.
1041 1591 1216 1655 Gracchum
1239 1597 1358 1675 patrem
1386 1611 1444 1653 non
1466 1591 1640 1655 beatiorem
1660 1591 1759 1656 fuisse

439 1701 534 1766 quam
554 1682 670 1760 filium,
692 1705 764 1749 cum
785 1685 865 1749 alter
885 1685 1025 1749 stabilire
1047 1706 1114 1749 rem
1136 1685 1293 1768 publicam
1317 1684 1485 1759 studuerit,
1507 1685 1586 1749 alter
1607 1694 1760 1749 evertere.

413 1778 503 1866 §Nec
531 1786 637 1842 tamen
666 1778 721 1843 ille
748 1788 816 1844 erat
836 1780 962 1863 sapiens
984 1812 1025 1827 -
1047 1780 1118 1862 quis
1141 1781 1224 1843 enim
1246 1780 1307 1842 hoc
1328 1788 1383 1842 aut
1404 1778 1532 1862 quando
1555 1787 1608 1844 aut
1629 1780 1683 1844 uhi
1706 1788 1761 1844 aut

438 1871 546 1934 undet
568 1904 624 1948 -,
648 1872 705 1936 sed
728 1874 800 1956 quia
823 1873 969 1936 studebat
989 1872 1078 1935 laudi
1101 1882 1133 1937 et
1154 1873 1317 1955 dignitati,
1339 1874 1470 1936 multum
1493 1874 1526 1935 in
1549 1873 1665 1937 virtute
1686 1894 1760 1956 pro·

438 1974 586 2028 cesserat.
628 1962 679 2030 66.
702 1966 867 2030 (16646666
898 1987 992 2030 avum
1021 1974 1109 2031 tuum
1131 1969 1268 2030 Drusum
1290 1988 1361 2031 cum
1385 1966 1417 2030 C.
1441 1966 1582 2030 Graccho
1604 1969 1673 2031 eius
1694 1967 1760 2030 iere

437 2058 574 2141 aequali.
611 2060 700 2135 Quae
721 2061 773 2124 hic
795 2060 841 2123 rei
863 2060 1008 2143 publicae
1030 2061 1161 2124 vulnera
1182 2061 1380 2144 imponebat,
1395 2059 1520 2123 -eadem
1544 2059 1598 2122 ille
1620 2059 1759 2124 sanabat

438 2152 471 2213 Si
502 2151 579 2215 nihil
608 2153 764 2238 estquod
792 2161 855 2219 tam
885 2156 1018 2218 miseros
1043 2154 1138 2217 iaciat
1160 2175 1253 2237 quam
1276 2155 1419 2236 impietas
1442 2161 1472 2215 et
1493 2152 1615 2226 scelus,
1642 2154 1760 2217 utiam

400 2254 428 2301 44
437 2265 547 2309 omnes
568 2246 756 2330 insipientes
778 2249 843 2311 sint
864 2248 987 2322 miseri,
1010 2247 1096 2332 qnod
1117 2246 1259 2331 proiecto
1281 2254 1372 2319 sunt,
1395 2265 1458 2309 uon
1478 2252 1643 2308 esttamen
1659 2265 1761 2328 aeque

437 2340 533 2401 miser
565 2340 621 2422 qui
650 2342 769 2424 patriae
798 2342 934 2404 consulit
964 2350 996 2405 et
1024 2341 1066 2415 is,
1094 2343 1147 2426 qui
1176 2341 1263 2404 illam
1286 2340 1470 2403 exstinctam
1494 2339 1590 2421 cupit.
1632 2339 1760 2403 Levatio
1832 2383 1836 2390 -

437 2431 532 2514 igitur
561 2433 708 2496 vitiorum
743 2454 855 2517 magna
887 2431 922 2497 fit
955 2434 1012 2509 iis,
1048 2436 1104 2518 qui
1136 2434 1252 2498 habent
1285 2433 1324 2496 ad
1354 2433 1499 2495 virtutem
1530 2432 1760 2515 progressionis

437 2525 642 2608 aliquantum.
685 2524 736 2589 67.
758 2529 861 2592 Vestri
893 2536 996 2592 autem
1029 2528 1283 2611 progressionem
1316 2528 1356 2590 ad
1385 2527 1532 2590 virtutem
1561 2525 1632 2589 fieri
1662 2526 1760 2601 aiunt,

437 2616 626 2682 levationem
649 2619 796 2684 vitiorum
817 2620 887 2684 fieri
911 2630 1035 2704 negant.
1075 2624 1131 2695 At,
1161 2641 1224 2704 quo
1247 2629 1375 2684 utantur
1395 2619 1541 2683 homines
1563 2621 1645 2683 acuti
1667 2639 1761 2702 argu·

402 2718 545 2775 cemento
566 2711 605 2774 ad
627 2713 839 2796 probandum,
863 2734 978 2798 operae
1000 2716 1137 2797 pretium
1157 2722 1205 2777 cst
1219 2715 1431 2777 considerare.
1467 2713 1623 2788 Quarum,
1646 2714 1761 2797 inquit,

438 2807 551 2869 artium
575 2826 715 2870 summae
737 2827 878 2870 crescere
900 2816 1048 2891 possunt,
1071 2828 1178 2871 carum
1202 2808 1297 2871 etiam
1312 2807 1539 2870 contrariorum
1561 2827 1683 2870 summa
1705 2828 1762 2889 po·

439 2901 513 2963 terit
533 2901 659 2983 augeri:
691 2900 732 2964 ad
754 2901 880 2965 virtutis
901 2909 1005 2964 autem
1028 2922 1180 2965 summam
1203 2901 1353 2963 accedere
1376 2899 1454 2963 nihil
1477 2907 1597 2982 potest:
1625 2902 1762 2964 neritia

440 2992 567 3075 quidem
598 2995 695 3077 igitur
725 3014 867 3058 crescere
889 3004 1054 3079 poterunt,
1084 3016 1165 3079 quae
1188 3002 1261 3058 sunt
1282 2996 1429 3058 virtutum
1453 2994 1618 3058 contraria.
1654 2995 1762 3058 Utrum

438 3084 536 3168 igitur
556 3088 683 3150 tandem
705 3089 921 3171 perspicuisne
944 3089 1040 3153 dubia
1062 3091 1248 3173 aperiuntur
1269 3108 1308 3150 an
1329 3088 1434 3150 dubiis
1457 3089 1624 3170 perspicua
1647 3088 1763 3152 tollun-

401 3181 512 3241 aoturi
535 3181 630 3263 atqui
649 3180 709 3244 hoc
724 3183 925 3265 perspicuum
942 3189 1003 3257 est,
1026 3184 1103 3246 vitia
1118 3182 1180 3245 alia
1195 3183 1264 3244 aliis
1280 3201 1351 3244 esse
1365 3182 1503 3244 maiora:
1525 3181 1605 3243 illud
1621 3182 1761 3258 dubium,

439 3272 477 3335 ed
507 3273 553 3345 id,
583 3273 668 3356 quod
697 3295 853 3339 summum
879 3276 996 3339 bonum
1026 3275 1149 3348 dicitis,
1179 3295 1369 3358 ecquaenam
1400 3270 1466 3337 fieri
1489 3276 1589 3357 possit
1609 3278 1762 3340 accessio.

439 3366 503 3428 Vos
531 3374 636 3430 autem
665 3387 736 3430 cum
768 3369 944 3451 perspicuis
974 3370 1069 3433 dubia
1092 3369 1232 3431 debeatis
1260 3369 1435 3442 illustrare,
1464 3367 1568 3430 dubiis
1598 3371 1762 3454 perspicua

440 3460 597 3522 conamini
619 3461 742 3525 tollere.
785 3460 836 3524 68.
860 3465 971 3546 ltaque
993 3483 1103 3525 rursus
1119 3462 1228 3525 eadem
1252 3463 1388 3535 ratione,
1410 3481 1472 3544 qua
1494 3482 1563 3525 sum
1578 3462 1673 3544 paulo
1689 3471 1763 3525 ante

439 3572 527 3626 usus,
547 3553 727 3618 haerebitis.
756 3556 789 3618 Si
813 3557 897 3620 enim
916 3563 1082 3640 propterea
1097 3556 1171 3618 vitia
1192 3556 1254 3618 alia
1275 3555 1345 3618 aliis
1361 3554 1480 3618 maiora
1494 3575 1558 3617 non
1574 3562 1664 3629 sunt,
1687 3554 1762 3637 quia

401 3656 480 3709 atne
503 3646 659 3711 adfinem
682 3650 809 3731 quidem
832 3650 986 3714 bonorum
1009 3669 1097 3724 eum,
1123 3669 1218 3733 quem
1239 3668 1296 3711 vos
1318 3647 1435 3722 facitis,
1463 3649 1631 3732 quicquam
1658 3656 1763 3733 potest
1832 3699 1833 3702 ,

440 3740 608 3816 accedere,
636 3743 787 3824 quoniam
817 3743 1016 3826 perspicuum
1045 3751 1093 3806 cst
1115 3744 1191 3805 vitia
1213 3749 1279 3804 non
1307 3761 1376 3803 esse
1399 3742 1538 3803 omnium
1561 3741 1662 3823 paria,
1691 3738 1763 3804 linis

439 3833 595 3897 honorum
625 3836 715 3899 vohis
745 3837 912 3900 mutandus
939 3844 997 3898 est.
1038 3837 1213 3899 Teneamus
1235 3837 1318 3897 enim
1342 3834 1420 3897 illud
1443 3854 1574 3897 necesse
1596 3844 1659 3909 est,
1691 3855 1763 3898 cnm

441 3946 641 4010 consequens
661 3928 793 4012 aliquod
807 3929 919 3992 falsum
936 3931 993 4006 sit,
1017 3929 1111 4003 illud,
1134 3928 1225 3992 cuius
1248 3928 1280 3990 id
1296 3948 1495 4012 consequens
1510 3929 1567 4002 sit,
1589 3948 1651 3991 non
1668 3948 1763 4010 posse

441 4041 511 4085 esse
534 4042 652 4085 verum.

402 4125 432 4175 tt
524 4116 624 4179 XXV.
653 4115 743 4190 Quae
765 4123 814 4179 est
842 4117 938 4199 igitur
958 4136 1052 4180 causa
1073 4116 1202 4180 istarum
1224 4114 1461 4196 angustiarum?
1492 4114 1635 4177 Gloriosa
1657 4123 1763 4178 osten·

441 4211 519 4272 tatio
541 4210 573 4273 in
597 4210 819 4273 constituendo
843 4230 965 4273 summo
989 4211 1083 4275 hono.
1130 4209 1207 4272 Cum
1231 4210 1331 4281 enim,
1355 4207 1441 4291 quod
1463 4207 1629 4271 honestum
1653 4208 1709 4283 sit,
1731 4209 1762 4272 id

441 4303 543 4366 solum
572 4304 689 4366 honum
718 4323 787 4365 esse
810 4300 1027 4377 confirmatur,
1057 4304 1179 4366 tollitur
1201 4322 1275 4365 cura
1296 4300 1501 4371 valetudinis,
1533 4300 1694 4383 diligentia
1717 4303 1762 4364 rei

440 4396 619 4471 familiaris,
634 4397 864 4460 administratio
881 4398 925 4459 rei
942 4398 1103 4479 publicae,
1120 4395 1199 4459 ordo
1215 4393 1423 4477 gerendorum
1439 4396 1644 4476 negotiorum,
1660 4392 1765 4458 officia

440 4493 543 4565 vitae;
573 4492 676 4576 ipsum
704 4492 842 4576 denique
870 4492 946 4554 illud
975 4492 1159 4563 honestum,
1189 4488 1223 4550 in
1251 4508 1315 4571 quo
1344 4507 1408 4549 uno
1433 4488 1528 4551 vultis
1556 4508 1625 4551 esse
1648 4490 1764 4563 omnia,

403 4585 651 4649 aedescrendum
674 4593 736 4648 est:
760 4604 842 4668 quae
864 4584 1103 4667 diligentissime
1128 4591 1238 4645 contra
1255 4582 1435 4644 Aristonem
1458 4580 1605 4643 dicuntur
1625 4600 1643 4644 a
1666 4581 1765 4666 Chry·

506 4866 531 4916 8.
552 4866 586 4915 Ti.
605 4865 696 4916 omli
720 4891 748 4902 -
769 4878 889 4929 procem
909 4864 973 4922 BE,
996 4865 1058 4913 item
1082 4876 1107 4911 v.
1127 4862 1150 4909 7.
1173 4888 1199 4897 -
1222 4874 1271 4910 non
1293 4872 1346 4907 om.
1366 4857 1443 4908 codd.
1470 4886 1496 4895 -
1521 4858 1546 4909 4.
1564 4862 1677 4910 stadierit
1699 4863 1717 4912 B
1738 4889 1764 4899 ·-

441 4943 467 4992 5.
485 4944 606 4992 Fortasse
624 4941 667 5002 qui
683 4940 747 4989 enim
764 4941 780 4989 i.
801 4953 822 4990 6.
845 4952 916 5002 equa
935 4940 1035 4988 ratione
1053 4938 1159 5000 sapiens
1177 4936 1233 4985 steri
1255 4935 1339 4998 potuit
1356 4934 1491 4983 Gracchus
1512 4936 1623 4996 poterin
1647 4938 1713 4986 Nam
1732 4938 1765 4987 66

442 5015 498 5066 aliis
519 5016 562 5066 hic
584 5029 636 5065 non
654 5016 798 5078 quaeritur.
819 5040 845 5050 -
872 5015 896 5064 t.
915 5014 1041 5075 conseram
1059 5013 1092 5060 o:
1118 5011 1250 5067 Censorem
1267 5014 1350 5058 autem
1367 5009 1401 5059 0:
1425 5009 1556 5070 Conferant
1575 5010 1676 5075 [autem]
1694 5014 1717 5061 bt
1738 5040 1764 5049 -

441 5096 520 5152 46664,
538 5092 574 5140 bl.
588 5092 697 5139 Dinaem
709 5090 877 5139 Goerenzius.
895 5115 919 5123 -
940 5088 1000 5153 eins]
1018 5094 1052 5136 est
1069 5089 1108 5135 ins
1124 5087 1172 5135 BE
1188 5113 1213 5121 -
1234 5086 1258 5135 9.
1270 5090 1298 5133 nt
1315 5083 1375 5148 mm]
1392 5084 1489 5133 minam
1507 5085 1566 5131 8-
1587 5086 1626 5133 44.
1645 5085 1674 5149 is]
1691 5086 1766 5146 nonu

443 5190 471 5201 -
492 5167 531 5213 tn.
550 5165 588 5228 iis]
605 5165 631 5212 tn
647 5165 679 5214 iis
695 5164 759 5228 (bys)
777 5165 796 5214 Ε
814 5163 903 5226 (solus)
921 5165 945 5214 hl
966 5191 992 5200 -
1012 5162 1052 5212 44.
1071 5164 1102 5212 At
1120 5160 1175 5224 quo]
1194 5162 1228 5209 od
1245 5160 1310 5223 quod
1326 5160 1360 5210 B:
1385 5159 1418 5207 od
1435 5160 1500 5218 qood
1517 5173 1566 5223 quo
1583 5162 1603 5208 G
1617 5171 1651 5195 -·
1662 5166 1768 5210 edantur

442 5239 599 5290 Lambinus:
626 5245 731 5288 utuntur
753 5241 816 5293 tsG;
842 5244 860 5303 †
877 5245 982 5288 mentor
1003 5239 1041 5291 M;
1069 5237 1219 5286 nitantoro
1244 5260 1270 5269 -
1299 5235 1338 5284 lb.
1357 5234 1482 5282 considere
1499 5235 1532 5284 B:
1556 5237 1677 5298 confidere
1694 5237 1713 5285 Ε
1737 5263 1764 5272 -

442 5316 482 5364 46.
494 5328 593 5364 masma
604 5327 725 5364 xreseere
739 5320 841 5376 possunt
853 5315 886 5370 B;
904 5326 1001 5362 summo
1012 5326 1121 5362 cresum
1135 5310 1284 5374 persentit:
1304 5322 1402 5357 summo
1418 5322 1526 5358 crescere
1540 5316 1617 5371 potest
1631 5311 1651 5360 0
1666 5337 1691 5347 -
1705 5325 1767 5360 con-

441 5393 581 5441 trariorum
593 5390 748 5441 Lambinus:
767 5390 956 5440 contrariorum
968 5389 1046 5439 codd.
1062 5415 1089 5424 -
1105 5388 1144 5437 ti.
1162 5386 1248 5449 potest]
1263 5386 1437 5446 666666414-
1457 5385 1496 5435 48.
1516 5385 1622 5450 powers]
1634 5388 1722 5448 qoidB
1738 5414 1764 5422 -

441 5468 481 5516 20.
496 5468 550 5515 alio
560 5467 617 5515 aliis
627 5466 731 5528 Madvig
748 5466 781 5526 (iu
795 5464 984 5522 adnotationel:
1004 5463 1061 5512 aliis
1076 5462 1131 5511 elio
1147 5465 1166 5511 G
1176 5477 1182 5520 ;
1201 5461 1255 5510 ulio
1271 5459 1298 5508 in
1309 5460 1366 5508 otiis
1378 5460 1426 5508 Bit
1434 5460 1462 5508 0.
1483 5459 1520 5509 Ci.
1534 5472 1560 5508 v.
1574 5460 1614 5509 il.
1633 5487 1655 5496 -
1670 5461 1712 5509 at.
1725 5474 1767 5509 er·

442 5542 574 5604 66664664]
594 5542 637 5591 bec
657 5553 703 5603 que
719 5541 772 5589 iem
789 5541 807 5590 B
827 5565 853 5575 -
873 5539 914 5589 23.
932 5538 1026 5599 linque]
1044 5543 1120 5599 atque
1137 5538 1154 5585 u
1176 5563 1201 5572 -
1224 5546 1313 5582 nesus
1330 5534 1349 5581 G
1368 5535 1395 5581 et
1412 5536 1501 5593 (rmus)
1521 5533 1706 5583 Lachmnnuus
1724 5533 1766 5595 tad

444 5617 547 5666 Lucret.
565 5630 592 5680 p.
612 5614 681 5676 illl:
699 5627 758 5663 osus
773 5613 808 5671 B;
827 5625 880 5661 om.
900 5612 962 5662 u0.
989 5609 1181 5662 invocabulnm
1198 5608 1278 5674 (esau)
1296 5621 1386 5658 errore
1408 5607 1506 5658 librarii
1530 5622 1544 5657 e
1565 5610 1682 5672 proxima
1700 5609 1766 5658 sede

443 5691 468 5739 in
486 5690 557 5740 hunc
573 5690 660 5740 locum
679 5687 834 5739 translatum
852 5699 912 5737 esse
930 5686 1033 5736 viderat
1048 5688 1094 5749 qui
1111 5686 1153 5736 ed.
1173 5699 1198 5734 a.
1212 5684 1274 5735 44841
1292 5685 1408 5743 curavit,
1427 5688 1481 5734 tum
1500 5685 1643 5741 Manutius.
1663 5683 1718 5743 alii,
1737 5687 1767 5733 64

442 5763 548 5815 lusurus
564 5766 599 5815 sit
614 5765 659 5828 qui
677 5764 796 5814 effecerit
811 5775 900 5811 rursus
916 5763 1002 5811 eodem
1013 5765 1082 5812 cet·
1095 5764 1252 5821 4416466.)-
1271 5761 1312 5811 26.
1326 5761 1398 5827 64446]
1415 5762 1484 5810 intro
1501 5761 1549 5809 ΒΕ
1563 5784 1589 5794 -
1606 5761 1691 5807 onrnio
1702 5773 1731 5821 p.
1745 5761 1764 5808 G

447 5862 473 5875 -
487 5838 528 5888 28.
541 5840 612 5888 cuins
628 5840 802 5900 inconsequens
818 5837 863 5887 ΒΕ
875 5862 904 5873 -
922 5835 963 5886 30.
975 5836 1090 5902 utam]
1107 5837 1210 5886 dunin
1223 5836 1267 5886 BE
1281 5862 1309 5875 -
1328 5837 1370 5889 ³5.
1387 5849 1452 5900 guae
1468 5836 1650 5899 diligentissime
1660 5859 1696 5871 ··
1708 5834 1766 5884 illue

443 5913 668 5976 46446644664664466
684 5914 784 5965 1466466
801 5909 940 5963 ilarcelius
957 5925 983 5977 p.
1002 5910 1060 5961 443.
