<?xml version="1.0" encoding="UTF-8"?>
<!DOCTYPE html PUBLIC "-//W3C//DTD XHTML 1.0 Transitional//EN"
    "http://www.w3.org/TR/xhtml1/DTD/xhtml1-transitional.dtd">
<html xmlns="http://www.w3.org/1999/xhtml" xml:lang="en" lang="en">
 <head>
  <title>
</title>
<meta http-equiv="Content-Type" content="text/html;charset=utf-8" />
  <meta name='ocr-system' content='tesseract 3.04.00' />
  <meta name='ocr-capabilities' content='ocr_page ocr_carea ocr_par ocr_line ocrx_word'/>
</head>
<body>
  <div class='ocr_page' id='page_1' title='image "./operaquaesupers00halmgoog/operaquaesupers00halmgoog_0999.png"; bbox 0 0 4342 7459; ppageno 0'>
   <div class='ocr_carea' id='block_1_1' title="bbox 937 1226 1730 1292">
    <p class='ocr_par' dir='ltr' id='par_1_1' title="bbox 937 1226 1730 1292">
     <span class='ocr_line' id='line_1_1' title="bbox 937 1226 1730 1292; baseline 0 0"><span class='ocrx_word' id='word_1_1' title='bbox 937 1226 1195 1292; x_wconf 74' lang='lat' dir='ltr'><strong>FRAGMENTA.</strong></span> <span class='ocrx_word' id='word_1_2' title='bbox 1667 1226 1730 1292; x_wconf 83' lang='grc'><strong>083</strong></span> 
     </span>
    </p>
   </div>
   <div class='ocr_carea' id='block_1_2' title="bbox 407 1379 1730 1554">
    <p class='ocr_par' dir='ltr' id='par_1_2' title="bbox 407 1379 1730 1554">
     <span class='ocr_line' id='line_1_2' title="bbox 481 1379 1730 1554; baseline -0.001 -107"><span class='ocrx_word' id='word_1_3' title='bbox 481 1386 532 1539; x_wconf 67' lang='grc' dir='ltr'><strong>32ἰ</strong></span> <span class='ocrx_word' id='word_1_4' title='bbox 555 1385 587 1447; x_wconf 85' lang='lat' dir='ltr'><strong>si</strong></span> <span class='ocrx_word' id='word_1_5' title='bbox 607 1383 786 1554; x_wconf 58' lang='lat' dir='ltr'><strong>denspnus</strong></span> <span class='ocrx_word' id='word_1_6' title='bbox 805 1391 868 1461; x_wconf 91' lang='lat' dir='ltr'><strong>est,</strong></span> <span class='ocrx_word' id='word_1_7' title='bbox 888 1400 970 1463; x_wconf 82' lang='lat' dir='ltr'><strong>quae</strong></span> <span class='ocrx_word' id='word_1_8' title='bbox 987 1399 1059 1444; x_wconf 89' lang='lat' dir='ltr'><strong>esse</strong></span> <span class='ocrx_word' id='word_1_9' title='bbox 1078 1380 1171 1444; x_wconf 83' lang='lat' dir='ltr'><strong>beata</strong></span> <span class='ocrx_word' id='word_1_10' title='bbox 1190 1379 1323 1445; x_wconf 90' lang='lat' dir='ltr'><strong>solitudo</strong></span> <span class='ocrx_word' id='word_1_11' title='bbox 1343 1382 1461 1461; x_wconf 81' lang='grc'><strong>333311</strong></span> <span class='ocrx_word' id='word_1_12' title='bbox 1480 1383 1730 1462; x_wconf 79' lang='lat' dir='ltr'><strong>(Lactantius</strong></span> 
     </span>
     <span class='ocr_line' id='line_1_3' title="bbox 407 1480 687 1543; baseline -0.004 -3"><span class='ocrx_word' id='word_1_13' title='bbox 407 1480 687 1543; x_wconf 61' lang='lat' dir='ltr'><strong>mm.Lc2</strong></span> 
     </span>
    </p>
   </div>
   <div class='ocr_carea' id='block_1_3' title="bbox 325 1570 1731 1750">
    <p class='ocr_par' dir='ltr' id='par_1_3' title="bbox 325 1570 1731 1750">
     <span class='ocr_line' id='line_1_4' title="bbox 325 1570 1731 1654; baseline 0.001 -21"><span class='ocrx_word' id='word_1_14' title='bbox 325 1644 329 1651; x_wconf 28' lang='grc' dir='ltr'>Ι</span> <span class='ocrx_word' id='word_1_15' title='bbox 481 1574 529 1633; x_wconf 90' lang='grc'><strong>33.</strong></span> <span class='ocrx_word' id='word_1_16' title='bbox 557 1572 751 1654; x_wconf 79' lang='lat' dir='ltr'><strong>Praecipiunt</strong></span> <span class='ocrx_word' id='word_1_17' title='bbox 782 1571 859 1634; x_wconf 89' lang='lat' dir='ltr'><strong>haec</strong></span> <span class='ocrx_word' id='word_1_18' title='bbox 890 1573 911 1648; x_wconf 87' lang='lat'>†</span> <span class='ocrx_word' id='word_1_19' title='bbox 940 1570 1024 1647; x_wconf 90' lang='lat' dir='ltr'><strong>istis;</strong></span> <span class='ocrx_word' id='word_1_20' title='bbox 1059 1570 1131 1631; x_wconf 92' lang='lat' dir='ltr'><strong>lacit</strong></span> <span class='ocrx_word' id='word_1_21' title='bbox 1157 1587 1261 1631; x_wconf 91' lang='lat' dir='ltr'><strong>nemo.</strong></span> <span class='ocrx_word' id='word_1_22' title='bbox 1302 1570 1463 1646; x_wconf 88' lang='lat' dir='ltr'><strong>(Nonius</strong></span> <span class='ocrx_word' id='word_1_23' title='bbox 1491 1589 1522 1630; x_wconf 87' lang='lat' dir='ltr'><strong>v.</strong></span> <span class='ocrx_word' id='word_1_24' title='bbox 1547 1572 1731 1652; x_wconf 76' lang='lat' dir='ltr'><strong>Praecipere</strong></span> 
     </span>
     <span class='ocr_line' id='line_1_5' title="bbox 406 1667 545 1750; baseline -0.043 0"><span class='ocrx_word' id='word_1_25' title='bbox 406 1667 545 1750; x_wconf 63' lang='grc'><strong>3311)</strong></span> 
     </span>
    </p>
   </div>
   <div class='ocr_carea' id='block_1_4' title="bbox 405 1760 1778 5593">
    <p class='ocr_par' dir='ltr' id='par_1_4' title="bbox 405 1760 1768 2498">
     <span class='ocr_line' id='line_1_6' title="bbox 482 1760 1768 1832; baseline -0.002 -9"><span class='ocrx_word' id='word_1_26' title='bbox 482 1764 528 1823; x_wconf 86' lang='grc'><strong>34.</strong></span> <span class='ocrx_word' id='word_1_27' title='bbox 555 1763 633 1820; x_wconf 80' lang='lat' dir='ltr'><strong>ilecto</strong></span> <span class='ocrx_word' id='word_1_28' title='bbox 662 1764 766 1819; x_wconf 82' lang='lat' dir='ltr'><strong>Tullius</strong></span> <span class='ocrx_word' id='word_1_29' title='bbox 789 1762 881 1819; x_wconf 81' lang='grc'><strong>3131133</strong></span> <span class='ocrx_word' id='word_1_30' title='bbox 902 1763 995 1825; x_wconf 79' lang='lat' dir='ltr'><strong>viros,</strong></span> <span class='ocrx_word' id='word_1_31' title='bbox 1027 1762 1076 1832; x_wconf 81' lang='lat' dir='ltr'><strong>qui</strong></span> <span class='ocrx_word' id='word_1_32' title='bbox 1092 1777 1151 1817; x_wconf 79' lang='lat' dir='ltr'><strong>rom</strong></span> <span class='ocrx_word' id='word_1_33' title='bbox 1168 1760 1310 1831; x_wconf 77' lang='grc'><strong>3311113333</strong></span> <span class='ocrx_word' id='word_1_34' title='bbox 1332 1760 1492 1831; x_wconf 73' lang='lat' dir='ltr'><strong>pulmoni,</strong></span> <span class='ocrx_word' id='word_1_35' title='bbox 1514 1762 1563 1832; x_wconf 75' lang='grc'><strong>331</strong></span> <span class='ocrx_word' id='word_1_36' title='bbox 1583 1762 1663 1817; x_wconf 74' lang='lat' dir='ltr'><strong>eries</strong></span> <span class='ocrx_word' id='word_1_37' title='bbox 1682 1770 1732 1820; x_wconf 79' lang='grc'><strong>331</strong></span> <span class='ocrx_word' id='word_1_38' title='bbox 1752 1775 1768 1821; x_wconf 81' lang='lat' dir='ltr'><strong>t</strong></span> 
     </span>
     <span class='ocr_line' id='line_1_7' title="bbox 406 1856 1731 1928; baseline -0.003 -13"><span class='ocrx_word' id='word_1_39' title='bbox 406 1876 493 1916; x_wconf 80' lang='lat' dir='ltr'><strong>nooao</strong></span> <span class='ocrx_word' id='word_1_40' title='bbox 514 1861 681 1915; x_wconf 72' lang='lat' dir='ltr'><strong>constituant</strong></span> <span class='ocrx_word' id='word_1_41' title='bbox 706 1865 755 1912; x_wconf 73' lang='lat' dir='ltr'><strong>out</strong></span> <span class='ocrx_word' id='word_1_42' title='bbox 779 1858 938 1913; x_wconf 78' lang='lat' dir='ltr'><strong>constitutos</strong></span> <span class='ocrx_word' id='word_1_43' title='bbox 965 1858 1102 1925; x_wconf 73' lang='lat' dir='ltr'><strong>aequitate</strong></span> <span class='ocrx_word' id='word_1_44' title='bbox 1128 1862 1271 1920; x_wconf 75' lang='grc'><strong>13333133,</strong></span> <span class='ocrx_word' id='word_1_45' title='bbox 1307 1856 1357 1926; x_wconf 76' lang='lat' dir='ltr'><strong>qai</strong></span> <span class='ocrx_word' id='word_1_46' title='bbox 1382 1856 1499 1911; x_wconf 72' lang='grc'><strong>33131331</strong></span> <span class='ocrx_word' id='word_1_47' title='bbox 1527 1856 1731 1928; x_wconf 67' lang='lat' dir='ltr'><strong>libertatemque</strong></span> 
     </span>
     <span class='ocr_line' id='line_1_8' title="bbox 407 1950 1729 2022; baseline -0.002 -13"><span class='ocrx_word' id='word_1_48' title='bbox 407 1955 508 2009; x_wconf 77' lang='lat' dir='ltr'><strong>cloiam</strong></span> <span class='ocrx_word' id='word_1_49' title='bbox 528 1953 571 2008; x_wconf 84' lang='lat' dir='ltr'><strong>ool</strong></span> <span class='ocrx_word' id='word_1_50' title='bbox 593 1952 670 2008; x_wconf 82' lang='lat' dir='ltr'><strong>honlo</strong></span> <span class='ocrx_word' id='word_1_51' title='bbox 689 1951 792 2022; x_wconf 78' lang='grc'><strong>1331133</strong></span> <span class='ocrx_word' id='word_1_52' title='bbox 815 1950 857 2005; x_wconf 86' lang='grc'><strong>331</strong></span> <span class='ocrx_word' id='word_1_53' title='bbox 880 1950 1038 2005; x_wconf 70' lang='lat' dir='ltr'><strong>adeldridae</strong></span> <span class='ocrx_word' id='word_1_54' title='bbox 1063 1950 1186 2007; x_wconf 77' lang='lat' dir='ltr'><strong>comillio</strong></span> <span class='ocrx_word' id='word_1_55' title='bbox 1211 1950 1254 2005; x_wconf 84' lang='grc'><strong>331</strong></span> <span class='ocrx_word' id='word_1_56' title='bbox 1277 1950 1389 2005; x_wconf 77' lang='lat' dir='ltr'><strong>iudiciis</strong></span> <span class='ocrx_word' id='word_1_57' title='bbox 1409 1951 1540 2021; x_wconf 71' lang='grc'><strong>33331133</strong></span> <span class='ocrx_word' id='word_1_58' title='bbox 1563 1958 1729 2016; x_wconf 70' lang='lat' dir='ltr'><strong>mmmm,</strong></span> 
     </span>
     <span class='ocr_line' id='line_1_9' title="bbox 405 2039 1729 2120; baseline 0 -17"><span class='ocrx_word' id='word_1_59' title='bbox 405 2047 595 2119; x_wconf 65' lang='lat' dir='ltr'><strong>philosophiae</strong></span> <span class='ocrx_word' id='word_1_60' title='bbox 616 2045 921 2115; x_wconf 68' lang='grc'><strong>333331133333331.</strong></span> <span class='ocrx_word' id='word_1_61' title='bbox 962 2039 1117 2116; x_wconf 77' lang='lat' dir='ltr'><strong>Proiecto,</strong></span> <span class='ocrx_word' id='word_1_62' title='bbox 1139 2045 1242 2115; x_wconf 76' lang='lat' dir='ltr'><strong>iuquit,</strong></span> <span class='ocrx_word' id='word_1_63' title='bbox 1268 2040 1368 2100; x_wconf 92' lang='lat' dir='ltr'><strong>omnis</strong></span> <span class='ocrx_word' id='word_1_64' title='bbox 1399 2040 1529 2101; x_wconf 92' lang='lat' dir='ltr'><strong>istorum</strong></span> <span class='ocrx_word' id='word_1_65' title='bbox 1550 2039 1729 2120; x_wconf 90' lang='lat' dir='ltr'><strong>disputatio,</strong></span> 
     </span>
     <span class='ocr_line' id='line_1_10' title="bbox 407 2133 1731 2217; baseline -0.002 -18"><span class='ocrx_word' id='word_1_66' title='bbox 407 2155 594 2217; x_wconf 88' lang='lat' dir='ltr'><strong>quamquam</strong></span> <span class='ocrx_word' id='word_1_67' title='bbox 617 2136 791 2197; x_wconf 85' lang='lat' dir='ltr'><strong>uberrimos</strong></span> <span class='ocrx_word' id='word_1_68' title='bbox 811 2135 912 2196; x_wconf 88' lang='lat' dir='ltr'><strong>iontes</strong></span> <span class='ocrx_word' id='word_1_69' title='bbox 932 2133 1052 2195; x_wconf 88' lang='lat' dir='ltr'><strong>virtutis</strong></span> <span class='ocrx_word' id='word_1_70' title='bbox 1076 2142 1108 2194; x_wconf 90' lang='lat' dir='ltr'><strong>et</strong></span> <span class='ocrx_word' id='word_1_71' title='bbox 1132 2133 1281 2195; x_wconf 81' lang='lat' dir='ltr'><strong>scientiae</strong></span> <span class='ocrx_word' id='word_1_72' title='bbox 1306 2134 1476 2204; x_wconf 84' lang='lat' dir='ltr'><strong>contineat,</strong></span> <span class='ocrx_word' id='word_1_73' title='bbox 1496 2142 1601 2195; x_wconf 89' lang='lat' dir='ltr'><strong>tamen</strong></span> <span class='ocrx_word' id='word_1_74' title='bbox 1619 2133 1731 2197; x_wconf 87' lang='lat' dir='ltr'><strong>collata</strong></span> 
     </span>
     <span class='ocr_line' id='line_1_11' title="bbox 407 2224 1768 2309; baseline -0.001 -16"><span class='ocrx_word' id='word_1_75' title='bbox 407 2250 477 2293; x_wconf 92' lang='lat' dir='ltr'><strong>cum</strong></span> <span class='ocrx_word' id='word_1_76' title='bbox 498 2230 605 2292; x_wconf 93' lang='lat' dir='ltr'><strong>horum</strong></span> <span class='ocrx_word' id='word_1_77' title='bbox 624 2230 701 2292; x_wconf 90' lang='lat' dir='ltr'><strong>actis</strong></span> <span class='ocrx_word' id='word_1_78' title='bbox 721 2229 929 2309; x_wconf 78' lang='lat' dir='ltr'><strong>perfectisque</strong></span> <span class='ocrx_word' id='word_1_79' title='bbox 948 2228 1044 2289; x_wconf 90' lang='lat' dir='ltr'><strong>rebus</strong></span> <span class='ocrx_word' id='word_1_80' title='bbox 1063 2244 1175 2288; x_wconf 91' lang='lat' dir='ltr'><strong>vereor</strong></span> <span class='ocrx_word' id='word_1_81' title='bbox 1196 2245 1236 2289; x_wconf 91' lang='lat' dir='ltr'><strong>ne</strong></span> <span class='ocrx_word' id='word_1_82' title='bbox 1262 2245 1324 2288; x_wconf 94' lang='lat' dir='ltr'><strong>non</strong></span> <span class='ocrx_word' id='word_1_83' title='bbox 1344 2236 1463 2289; x_wconf 90' lang='lat' dir='ltr'><strong>tantum</strong></span> <span class='ocrx_word' id='word_1_84' title='bbox 1483 2224 1627 2290; x_wconf 87' lang='lat' dir='ltr'><strong>videatur</strong></span> <span class='ocrx_word' id='word_1_85' title='bbox 1648 2236 1731 2291; x_wconf 90' lang='grc'><strong>3113-</strong></span> <span class='ocrx_word' id='word_1_86' title='bbox 1739 2244 1768 2292; x_wconf 86' lang='lat' dir='ltr'><strong>to</strong></span> 
     </span>
     <span class='ocr_line' id='line_1_12' title="bbox 406 2321 1730 2404; baseline -0.002 -18"><span class='ocrx_word' id='word_1_87' title='bbox 406 2324 481 2387; x_wconf 88' lang='lat' dir='ltr'><strong>iisse</strong></span> <span class='ocrx_word' id='word_1_88' title='bbox 509 2325 639 2404; x_wconf 90' lang='lat' dir='ltr'><strong>negotiis</strong></span> <span class='ocrx_word' id='word_1_89' title='bbox 671 2324 828 2385; x_wconf 87' lang='lat' dir='ltr'><strong>hominnm</strong></span> <span class='ocrx_word' id='word_1_90' title='bbox 857 2322 1010 2400; x_wconf 82' lang='grc'><strong>3111113113,</strong></span> <span class='ocrx_word' id='word_1_91' title='bbox 1044 2330 1195 2403; x_wconf 90' lang='lat' dir='ltr'><strong>quantum</strong></span> <span class='ocrx_word' id='word_1_92' title='bbox 1228 2321 1466 2384; x_wconf 86' lang='lat' dir='ltr'><strong>oblectationem</strong></span> <span class='ocrx_word' id='word_1_93' title='bbox 1487 2322 1644 2403; x_wconf 86' lang='lat' dir='ltr'><strong>quandam</strong></span> <span class='ocrx_word' id='word_1_94' title='bbox 1666 2324 1730 2385; x_wconf 88' lang='lat' dir='ltr'><strong>otii.</strong></span> 
     </span>
     <span class='ocr_line' id='line_1_13' title="bbox 407 2416 1246 2498; baseline -0.002 -19"><span class='ocrx_word' id='word_1_95' title='bbox 407 2420 652 2498; x_wconf 82' lang='lat' dir='ltr'><strong>(Lactantius</strong></span> <span class='ocrx_word' id='word_1_96' title='bbox 669 2419 780 2480; x_wconf 90' lang='lat' dir='ltr'><strong>Institt.</strong></span> <span class='ocrx_word' id='word_1_97' title='bbox 801 2420 835 2479; x_wconf 87' lang='lat' dir='ltr'><strong>L.</strong></span> <span class='ocrx_word' id='word_1_98' title='bbox 857 2421 910 2479; x_wconf 92' lang='grc'><strong>111.</strong></span> <span class='ocrx_word' id='word_1_99' title='bbox 932 2438 959 2478; x_wconf 90' lang='lat' dir='ltr'><strong>c.</strong></span> <span class='ocrx_word' id='word_1_100' title='bbox 981 2419 1026 2478; x_wconf 87' lang='grc'><strong>16.</strong></span> <span class='ocrx_word' id='word_1_101' title='bbox 1049 2418 1078 2497; x_wconf 64' lang='lat' dir='ltr'><strong>g.</strong></span> <span class='ocrx_word' id='word_1_102' title='bbox 1103 2416 1131 2479; x_wconf 93' lang='grc'><strong>2.</strong></span> <span class='ocrx_word' id='word_1_103' title='bbox 1153 2417 1246 2495; x_wconf 88' lang='grc'><strong>315.)</strong></span> 
     </span>
    </p>

    <p class='ocr_par' dir='ltr' id='par_1_5' title="bbox 411 2508 1770 2778">
     <span class='ocr_line' id='line_1_14' title="bbox 484 2508 1732 2593; baseline 0 -20"><span class='ocrx_word' id='word_1_104' title='bbox 484 2515 531 2577; x_wconf 78' lang='grc'><strong>35.</strong></span> <span class='ocrx_word' id='word_1_105' title='bbox 555 2516 642 2587; x_wconf 85' lang='lat' dir='ltr'><strong>Quae</strong></span> <span class='ocrx_word' id='word_1_106' title='bbox 660 2522 710 2574; x_wconf 90' lang='lat' dir='ltr'><strong>est</strong></span> <span class='ocrx_word' id='word_1_107' title='bbox 728 2513 822 2591; x_wconf 88' lang='lat' dir='ltr'><strong>igitur</strong></span> <span class='ocrx_word' id='word_1_108' title='bbox 841 2511 1051 2593; x_wconf 83' lang='lat' dir='ltr'><strong>philosophia,</strong></span> <span class='ocrx_word' id='word_1_109' title='bbox 1073 2510 1224 2573; x_wconf 77' lang='lat' dir='ltr'><strong>Socrate?</strong></span> <span class='ocrx_word' id='word_1_110' title='bbox 1243 2527 1303 2572; x_wconf 88' lang='lat' dir='ltr'><strong>nac</strong></span> <span class='ocrx_word' id='word_1_111' title='bbox 1323 2508 1430 2571; x_wconf 91' lang='lat' dir='ltr'><strong>dubito</strong></span> <span class='ocrx_word' id='word_1_112' title='bbox 1444 2511 1538 2590; x_wconf 91' lang='lat' dir='ltr'><strong>quin,</strong></span> <span class='ocrx_word' id='word_1_113' title='bbox 1559 2528 1732 2591; x_wconf 90' lang='lat' dir='ltr'><strong>quaecum-</strong></span> 
     </span>
     <span class='ocr_line' id='line_1_15' title="bbox 411 2603 1734 2686; baseline -0.001 -18"><span class='ocrx_word' id='word_1_114' title='bbox 411 2624 474 2686; x_wconf 89' lang='lat' dir='ltr'><strong>que</strong></span> <span class='ocrx_word' id='word_1_115' title='bbox 493 2608 550 2683; x_wconf 88' lang='lat' dir='ltr'><strong>sit,</strong></span> <span class='ocrx_word' id='word_1_116' title='bbox 570 2607 687 2669; x_wconf 90' lang='lat' dir='ltr'><strong>lautum</strong></span> <span class='ocrx_word' id='word_1_117' title='bbox 707 2608 822 2667; x_wconf 89' lang='lat' dir='ltr'><strong>victum</strong></span> <span class='ocrx_word' id='word_1_118' title='bbox 842 2615 874 2666; x_wconf 88' lang='lat' dir='ltr'><strong>et</strong></span> <span class='ocrx_word' id='word_1_119' title='bbox 893 2605 1065 2684; x_wconf 80' lang='lat' dir='ltr'><strong>elegantem</strong></span> <span class='ocrx_word' id='word_1_120' title='bbox 1084 2604 1248 2683; x_wconf 85' lang='lat' dir='ltr'><strong>magnifice</strong></span> <span class='ocrx_word' id='word_1_121' title='bbox 1266 2619 1370 2682; x_wconf 91' lang='lat' dir='ltr'><strong>neque</strong></span> <span class='ocrx_word' id='word_1_122' title='bbox 1383 2603 1485 2666; x_wconf 87' lang='lat' dir='ltr'><strong>minus</strong></span> <span class='ocrx_word' id='word_1_123' title='bbox 1499 2621 1592 2685; x_wconf 88' lang='lat' dir='ltr'><strong>quam</strong></span> <span class='ocrx_word' id='word_1_124' title='bbox 1605 2605 1734 2667; x_wconf 87' lang='lat' dir='ltr'><strong>deceret</strong></span> 
     </span>
     <span class='ocr_line' id='line_1_16' title="bbox 413 2698 1770 2778; baseline 0 -16"><span class='ocrx_word' id='word_1_125' title='bbox 413 2700 515 2763; x_wconf 91' lang='lat' dir='ltr'><strong>coiere</strong></span> <span class='ocrx_word' id='word_1_126' title='bbox 535 2701 729 2762; x_wconf 89' lang='grc'><strong>133111313331.</strong></span> <span class='ocrx_word' id='word_1_127' title='bbox 771 2700 925 2777; x_wconf 85' lang='grc' dir='ltr'><strong>(Ν33133</strong></span> <span class='ocrx_word' id='word_1_128' title='bbox 944 2718 973 2759; x_wconf 90' lang='lat' dir='ltr'><strong>v.</strong></span> <span class='ocrx_word' id='word_1_129' title='bbox 995 2700 1124 2761; x_wconf 90' lang='lat' dir='ltr'><strong>Lautum</strong></span> <span class='ocrx_word' id='word_1_130' title='bbox 1150 2716 1181 2778; x_wconf 93' lang='lat' dir='ltr'><strong>p.</strong></span> <span class='ocrx_word' id='word_1_131' title='bbox 1202 2698 1281 2772; x_wconf 86' lang='grc'><strong>337.)</strong></span> <span class='ocrx_word' id='word_1_132' title='bbox 1740 2714 1770 2762; x_wconf 80' lang='lat' dir='ltr'><strong>tt</strong></span> 
     </span>
    </p>

    <p class='ocr_par' dir='ltr' id='par_1_6' title="bbox 408 2790 1733 3062">
     <span class='ocr_line' id='line_1_17' title="bbox 485 2790 1733 2875; baseline -0.001 -20"><span class='ocrx_word' id='word_1_133' title='bbox 485 2796 533 2860; x_wconf 87' lang='grc'><strong>36.</strong></span> <span class='ocrx_word' id='word_1_134' title='bbox 561 2792 629 2855; x_wconf 88' lang='lat' dir='ltr'><strong>Vidi</strong></span> <span class='ocrx_word' id='word_1_135' title='bbox 648 2794 680 2856; x_wconf 94' lang='lat' dir='ltr'><strong>in</strong></span> <span class='ocrx_word' id='word_1_136' title='bbox 700 2792 806 2855; x_wconf 91' lang='lat' dir='ltr'><strong>doloro</strong></span> <span class='ocrx_word' id='word_1_137' title='bbox 826 2792 983 2875; x_wconf 79' lang='lat' dir='ltr'><strong>podagrae</strong></span> <span class='ocrx_word' id='word_1_138' title='bbox 1002 2792 1096 2853; x_wconf 90' lang='lat' dir='ltr'><strong>nihilo</strong></span> <span class='ocrx_word' id='word_1_139' title='bbox 1114 2793 1216 2872; x_wconf 87' lang='lat' dir='ltr'><strong>ipsum</strong></span> <span class='ocrx_word' id='word_1_140' title='bbox 1237 2790 1288 2853; x_wconf 89' lang='lat' dir='ltr'><strong>vel</strong></span> <span class='ocrx_word' id='word_1_141' title='bbox 1307 2792 1443 2853; x_wconf 91' lang='lat' dir='ltr'><strong>omnium</strong></span> <span class='ocrx_word' id='word_1_142' title='bbox 1461 2794 1627 2856; x_wconf 87' lang='lat' dir='ltr'><strong>maximum</strong></span> <span class='ocrx_word' id='word_1_143' title='bbox 1647 2793 1733 2856; x_wconf 82' lang='grc'><strong>8131-</strong></span> 
     </span>
     <span class='ocr_line' id='line_1_18' title="bbox 408 2884 1733 2967; baseline -0.004 -14"><span class='ocrx_word' id='word_1_144' title='bbox 408 2908 535 2966; x_wconf 85' lang='lat' dir='ltr'><strong>corum,</strong></span> <span class='ocrx_word' id='word_1_145' title='bbox 558 2887 770 2961; x_wconf 90' lang='lat' dir='ltr'><strong>Posidonium,</strong></span> <span class='ocrx_word' id='word_1_146' title='bbox 797 2905 892 2967; x_wconf 86' lang='lat' dir='ltr'><strong>quam</strong></span> <span class='ocrx_word' id='word_1_147' title='bbox 912 2886 1130 2948; x_wconf 89' lang='lat' dir='ltr'><strong>Nicomachum</strong></span> <span class='ocrx_word' id='word_1_148' title='bbox 1149 2884 1290 2966; x_wconf 82' lang='lat' dir='ltr'><strong>Tyrium,</strong></span> <span class='ocrx_word' id='word_1_149' title='bbox 1309 2885 1464 2966; x_wconf 88' lang='lat' dir='ltr'><strong>hospitem</strong></span> <span class='ocrx_word' id='word_1_150' title='bbox 1483 2904 1602 2964; x_wconf 90' lang='lat' dir='ltr'><strong>meum,</strong></span> <span class='ocrx_word' id='word_1_151' title='bbox 1626 2887 1733 2949; x_wconf 89' lang='grc'><strong>133113-</strong></span> 
     </span>
     <span class='ocr_line' id='line_1_19' title="bbox 409 2980 932 3062; baseline -0.013 -17"><span class='ocrx_word' id='word_1_152' title='bbox 409 3002 486 3045; x_wconf 89' lang='lat' dir='ltr'><strong>rem.</strong></span> <span class='ocrx_word' id='word_1_153' title='bbox 528 2980 691 3061; x_wconf 80' lang='lat' dir='ltr'><strong>[ldemv.</strong></span> <span class='ocrx_word' id='word_1_154' title='bbox 713 2980 768 3042; x_wconf 92' lang='lat' dir='ltr'><strong>Vel</strong></span> <span class='ocrx_word' id='word_1_155' title='bbox 787 2999 818 3062; x_wconf 90' lang='lat' dir='ltr'><strong>p.</strong></span> <span class='ocrx_word' id='word_1_156' title='bbox 848 2983 932 3055; x_wconf 77' lang='grc'><strong>327.)</strong></span> 
     </span>
    </p>

    <p class='ocr_par' dir='ltr' id='par_1_7' title="bbox 408 3070 1771 3251">
     <span class='ocr_line' id='line_1_20' title="bbox 485 3070 1735 3162; baseline -0.003 -23"><span class='ocrx_word' id='word_1_157' title='bbox 485 3078 533 3140; x_wconf 86' lang='grc'><strong>37.</strong></span> <span class='ocrx_word' id='word_1_158' title='bbox 558 3074 823 3156; x_wconf 87' lang='lat' dir='ltr'><strong>-eloquentiam</strong></span> <span class='ocrx_word' id='word_1_159' title='bbox 843 3075 938 3151; x_wconf 90' lang='lat' dir='ltr'><strong>tueri,</strong></span> <span class='ocrx_word' id='word_1_160' title='bbox 968 3092 1062 3154; x_wconf 90' lang='lat' dir='ltr'><strong>quam</strong></span> <span class='ocrx_word' id='word_1_161' title='bbox 1085 3080 1119 3134; x_wconf 93' lang='lat' dir='ltr'><strong>tu</strong></span> <span class='ocrx_word' id='word_1_162' title='bbox 1146 3072 1178 3162; x_wconf 83' lang='grc'><strong>13</strong></span> <span class='ocrx_word' id='word_1_163' title='bbox 1197 3070 1336 3150; x_wconf 89' lang='lat' dir='ltr'><strong>caelum,</strong></span> <span class='ocrx_word' id='word_1_164' title='bbox 1366 3074 1526 3148; x_wconf 84' lang='lat' dir='ltr'><strong>Hortensi,</strong></span> <span class='ocrx_word' id='word_1_165' title='bbox 1556 3072 1669 3152; x_wconf 88' lang='lat' dir='ltr'><strong>credo,</strong></span> <span class='ocrx_word' id='word_1_166' title='bbox 1700 3082 1735 3135; x_wconf 91' lang='lat' dir='ltr'><strong>ut</strong></span> 
     </span>
     <span class='ocr_line' id='line_1_21' title="bbox 408 3165 1771 3251; baseline 0 -20"><span class='ocrx_word' id='word_1_167' title='bbox 408 3172 477 3251; x_wconf 91' lang='grc'><strong>1333</strong></span> <span class='ocrx_word' id='word_1_168' title='bbox 519 3188 591 3233; x_wconf 91' lang='lat' dir='ltr'><strong>cum</strong></span> <span class='ocrx_word' id='word_1_169' title='bbox 631 3188 670 3231; x_wconf 89' lang='lat' dir='ltr'><strong>ea</strong></span> <span class='ocrx_word' id='word_1_170' title='bbox 710 3167 800 3231; x_wconf 87' lang='lat' dir='ltr'><strong>simul</strong></span> <span class='ocrx_word' id='word_1_171' title='bbox 835 3165 1063 3240; x_wconf 89' lang='lat' dir='ltr'><strong>adscenderes,</strong></span> <span class='ocrx_word' id='word_1_172' title='bbox 1103 3165 1297 3229; x_wconf 89' lang='lat' dir='ltr'><strong>sustulisses.</strong></span> <span class='ocrx_word' id='word_1_173' title='bbox 1348 3166 1465 3245; x_wconf 79' lang='lat' dir='ltr'><strong>(Idem</strong></span> <span class='ocrx_word' id='word_1_174' title='bbox 1500 3186 1530 3230; x_wconf 83' lang='grc'><strong>3.</strong></span> <span class='ocrx_word' id='word_1_175' title='bbox 1571 3167 1771 3231; x_wconf 79' lang='lat' dir='ltr'><strong>Sublatumsc</strong></span> 
     </span>
    </p>

    <p class='ocr_par' dir='ltr' id='par_1_8' title="bbox 410 3352 1735 3528">
     <span class='ocr_line' id='line_1_22' title="bbox 486 3352 1735 3433; baseline -0.003 -12"><span class='ocrx_word' id='word_1_176' title='bbox 486 3360 533 3421; x_wconf 87' lang='grc'><strong>38.</strong></span> <span class='ocrx_word' id='word_1_177' title='bbox 563 3359 609 3420; x_wconf 91' lang='grc' dir='ltr'><strong>Τ3</strong></span> <span class='ocrx_word' id='word_1_178' title='bbox 628 3374 678 3417; x_wconf 90' lang='lat' dir='ltr'><strong>me</strong></span> <span class='ocrx_word' id='word_1_179' title='bbox 699 3364 732 3417; x_wconf 91' lang='grc'><strong>31</strong></span> <span class='ocrx_word' id='word_1_180' title='bbox 749 3354 826 3417; x_wconf 87' lang='grc'><strong>31133</strong></span> <span class='ocrx_word' id='word_1_181' title='bbox 845 3372 908 3415; x_wconf 96' lang='grc'><strong>333</strong></span> <span class='ocrx_word' id='word_1_182' title='bbox 926 3371 1096 3433; x_wconf 90' lang='lat' dir='ltr'><strong>numquam</strong></span> <span class='ocrx_word' id='word_1_183' title='bbox 1110 3360 1141 3414; x_wconf 90' lang='lat' dir='ltr'><strong>et</strong></span> <span class='ocrx_word' id='word_1_184' title='bbox 1159 3352 1251 3432; x_wconf 91' lang='lat' dir='ltr'><strong>paulo</strong></span> <span class='ocrx_word' id='word_1_185' title='bbox 1265 3361 1336 3414; x_wconf 91' lang='lat' dir='ltr'><strong>ante</strong></span> <span class='ocrx_word' id='word_1_186' title='bbox 1349 3353 1530 3417; x_wconf 85' lang='lat' dir='ltr'><strong>adhortatus</strong></span> <span class='ocrx_word' id='word_1_187' title='bbox 1543 3372 1596 3432; x_wconf 95' lang='grc'><strong>33,</strong></span> <span class='ocrx_word' id='word_1_188' title='bbox 1616 3354 1735 3418; x_wconf 80' lang='grc'><strong>313113-</strong></span> 
     </span>
     <span class='ocr_line' id='line_1_23' title="bbox 410 3447 1527 3528; baseline -0.004 -13"><span class='ocrx_word' id='word_1_189' title='bbox 410 3471 479 3515; x_wconf 93' lang='lat' dir='ltr'><strong>rum</strong></span> <span class='ocrx_word' id='word_1_190' title='bbox 498 3453 578 3515; x_wconf 88' lang='lat' dir='ltr'><strong>lacta</strong></span> <span class='ocrx_word' id='word_1_191' title='bbox 598 3458 630 3513; x_wconf 90' lang='grc'><strong>31</strong></span> <span class='ocrx_word' id='word_1_192' title='bbox 648 3458 760 3512; x_wconf 86' lang='lat' dir='ltr'><strong>eventa</strong></span> <span class='ocrx_word' id='word_1_193' title='bbox 780 3449 1009 3528; x_wconf 84' lang='lat' dir='ltr'><strong>conquirerem.</strong></span> <span class='ocrx_word' id='word_1_194' title='bbox 1049 3447 1169 3525; x_wconf 86' lang='lat' dir='ltr'><strong>(Idem</strong></span> <span class='ocrx_word' id='word_1_195' title='bbox 1188 3466 1216 3509; x_wconf 90' lang='lat' dir='ltr'><strong>v.</strong></span> <span class='ocrx_word' id='word_1_196' title='bbox 1238 3448 1377 3510; x_wconf 86' lang='lat' dir='ltr'><strong>Eventus</strong></span> <span class='ocrx_word' id='word_1_197' title='bbox 1395 3467 1425 3528; x_wconf 93' lang='lat' dir='ltr'><strong>p.</strong></span> <span class='ocrx_word' id='word_1_198' title='bbox 1450 3448 1527 3526; x_wconf 83' lang='grc'><strong>204.)</strong></span> 
     </span>
    </p>

    <p class='ocr_par' dir='ltr' id='par_1_9' title="bbox 413 3541 1775 3726">
     <span class='ocr_line' id='line_1_24' title="bbox 484 3541 1736 3621; baseline -0.002 -15"><span class='ocrx_word' id='word_1_199' title='bbox 484 3546 531 3607; x_wconf 87' lang='grc'><strong>30.</strong></span> <span class='ocrx_word' id='word_1_200' title='bbox 563 3546 621 3620; x_wconf 83' lang='grc'><strong>031</strong></span> <span class='ocrx_word' id='word_1_201' title='bbox 641 3563 713 3605; x_wconf 91' lang='lat' dir='ltr'><strong>curn</strong></span> <span class='ocrx_word' id='word_1_202' title='bbox 732 3541 823 3605; x_wconf 89' lang='lat' dir='ltr'><strong>hodie</strong></span> <span class='ocrx_word' id='word_1_203' title='bbox 842 3541 958 3604; x_wconf 89' lang='lat' dir='ltr'><strong>bellum</strong></span> <span class='ocrx_word' id='word_1_204' title='bbox 978 3560 1049 3603; x_wconf 89' lang='lat' dir='ltr'><strong>cum</strong></span> <span class='ocrx_word' id='word_1_205' title='bbox 1068 3549 1188 3603; x_wconf 78' lang='grc'><strong>1333133</strong></span> <span class='ocrx_word' id='word_1_206' title='bbox 1208 3549 1372 3621; x_wconf 85' lang='lat' dir='ltr'><strong>gerant-</strong></span> <span class='ocrx_word' id='word_1_207' title='bbox 1393 3541 1620 3620; x_wconf 78' lang='lat' dir='ltr'><strong>[Arusianus</strong></span> <span class='ocrx_word' id='word_1_208' title='bbox 1639 3543 1667 3604; x_wconf 91' lang='grc'><strong>11</strong></span> <span class='ocrx_word' id='word_1_209' title='bbox 1674 3560 1736 3604; x_wconf 87' lang='lat' dir='ltr'><strong>es-</strong></span> 
     </span>
     <span class='ocr_line' id='line_1_25' title="bbox 413 3637 1775 3726; baseline -0.002 -23"><span class='ocrx_word' id='word_1_210' title='bbox 413 3641 498 3704; x_wconf 87' lang='lat' dir='ltr'><strong>sius</strong></span> <span class='ocrx_word' id='word_1_211' title='bbox 517 3658 549 3720; x_wconf 88' lang='lat' dir='ltr'><strong>p.</strong></span> <span class='ocrx_word' id='word_1_212' title='bbox 570 3642 635 3702; x_wconf 91' lang='grc'><strong>217.</strong></span> <span class='ocrx_word' id='word_1_213' title='bbox 667 3637 817 3715; x_wconf 79' lang='lat' dir='ltr'><strong>liudem.)</strong></span> <span class='ocrx_word' id='word_1_214' title='bbox 975 3717 979 3726; x_wconf 25' lang='grc' dir='ltr'>Ι</span> <span class='ocrx_word' id='word_1_215' title='bbox 1744 3650 1775 3700; x_wconf 74' lang='grc'><strong>31</strong></span> 
     </span>
    </p>

    <p class='ocr_par' dir='ltr' id='par_1_10' title="bbox 410 3728 1739 3907">
     <span class='ocr_line' id='line_1_26' title="bbox 486 3728 1739 3810; baseline -0.002 -14"><span class='ocrx_word' id='word_1_216' title='bbox 486 3735 533 3796; x_wconf 90' lang='grc'><strong>40.</strong></span> <span class='ocrx_word' id='word_1_217' title='bbox 560 3735 627 3806; x_wconf 85' lang='grc'><strong>033</strong></span> <span class='ocrx_word' id='word_1_218' title='bbox 653 3751 687 3794; x_wconf 89' lang='grc'><strong>33</strong></span> <span class='ocrx_word' id='word_1_219' title='bbox 715 3730 806 3793; x_wconf 87' lang='lat' dir='ltr'><strong>velim</strong></span> <span class='ocrx_word' id='word_1_220' title='bbox 830 3731 896 3792; x_wconf 92' lang='lat' dir='ltr'><strong>dari</strong></span> <span class='ocrx_word' id='word_1_221' title='bbox 916 3730 1004 3803; x_wconf 92' lang='lat' dir='ltr'><strong>mihi,</strong></span> <span class='ocrx_word' id='word_1_222' title='bbox 1033 3728 1174 3799; x_wconf 85' lang='lat' dir='ltr'><strong>Luculle,</strong></span> <span class='ocrx_word' id='word_1_223' title='bbox 1195 3729 1306 3793; x_wconf 87' lang='lat' dir='ltr'><strong>iubeas</strong></span> <span class='ocrx_word' id='word_1_224' title='bbox 1324 3729 1458 3792; x_wconf 92' lang='lat' dir='ltr'><strong>indicem</strong></span> <span class='ocrx_word' id='word_1_225' title='bbox 1478 3732 1677 3810; x_wconf 77' lang='lat' dir='ltr'><strong>tragicorum,</strong></span> <span class='ocrx_word' id='word_1_226' title='bbox 1702 3739 1739 3793; x_wconf 92' lang='lat' dir='ltr'><strong>ut</strong></span> 
     </span>
     <span class='ocr_line' id='line_1_27' title="bbox 410 3822 1558 3907; baseline -0.004 -15"><span class='ocrx_word' id='word_1_227' title='bbox 410 3846 549 3897; x_wconf 83' lang='lat' dir='ltr'><strong>sumam,</strong></span> <span class='ocrx_word' id='word_1_228' title='bbox 572 3829 599 3889; x_wconf 93' lang='lat' dir='ltr'><strong>si</strong></span> <span class='ocrx_word' id='word_1_229' title='bbox 622 3826 675 3907; x_wconf 92' lang='lat' dir='ltr'><strong>qui</strong></span> <span class='ocrx_word' id='word_1_230' title='bbox 694 3827 772 3888; x_wconf 90' lang='lat' dir='ltr'><strong>iorte</strong></span> <span class='ocrx_word' id='word_1_231' title='bbox 791 3825 864 3887; x_wconf 87' lang='lat' dir='ltr'><strong>mihi</strong></span> <span class='ocrx_word' id='word_1_232' title='bbox 885 3822 1009 3887; x_wconf 89' lang='lat' dir='ltr'><strong>desunt.</strong></span> <span class='ocrx_word' id='word_1_233' title='bbox 1048 3825 1202 3902; x_wconf 76' lang='lat' dir='ltr'><strong>(Nonius</strong></span> <span class='ocrx_word' id='word_1_234' title='bbox 1221 3843 1251 3886; x_wconf 88' lang='lat' dir='ltr'><strong>v.</strong></span> <span class='ocrx_word' id='word_1_235' title='bbox 1273 3825 1405 3887; x_wconf 88' lang='lat' dir='ltr'><strong>Sumere</strong></span> <span class='ocrx_word' id='word_1_236' title='bbox 1424 3842 1456 3905; x_wconf 88' lang='lat' dir='ltr'><strong>p.</strong></span> <span class='ocrx_word' id='word_1_237' title='bbox 1478 3827 1558 3901; x_wconf 87' lang='grc'><strong>396.)</strong></span> 
     </span>
    </p>

    <p class='ocr_par' dir='ltr' id='par_1_11' title="bbox 412 3918 1737 4099">
     <span class='ocr_line' id='line_1_28' title="bbox 486 3918 1737 4001; baseline -0.002 -16"><span class='ocrx_word' id='word_1_238' title='bbox 486 3923 533 3985; x_wconf 89' lang='grc'><strong>41.</strong></span> <span class='ocrx_word' id='word_1_239' title='bbox 562 3923 731 3983; x_wconf 73' lang='grc'><strong>1133333331</strong></span> <span class='ocrx_word' id='word_1_240' title='bbox 762 3921 855 3999; x_wconf 87' lang='lat' dir='ltr'><strong>igitur</strong></span> <span class='ocrx_word' id='word_1_241' title='bbox 881 3937 1009 3997; x_wconf 87' lang='lat' dir='ltr'><strong>omnes,</strong></span> <span class='ocrx_word' id='word_1_242' title='bbox 1040 3920 1094 3998; x_wconf 91' lang='lat' dir='ltr'><strong>qui</strong></span> <span class='ocrx_word' id='word_1_243' title='bbox 1124 3918 1237 3981; x_wconf 90' lang='lat' dir='ltr'><strong>dooere</strong></span> <span class='ocrx_word' id='word_1_244' title='bbox 1268 3919 1342 3981; x_wconf 92' lang='lat' dir='ltr'><strong>nihil</strong></span> <span class='ocrx_word' id='word_1_245' title='bbox 1365 3926 1511 4001; x_wconf 88' lang='lat' dir='ltr'><strong>possunt,</strong></span> <span class='ocrx_word' id='word_1_246' title='bbox 1542 3936 1604 3999; x_wconf 89' lang='lat' dir='ltr'><strong>quc</strong></span> <span class='ocrx_word' id='word_1_247' title='bbox 1626 3918 1737 3982; x_wconf 88' lang='lat' dir='ltr'><strong>melius</strong></span> 
     </span>
     <span class='ocr_line' id='line_1_29' title="bbox 412 4012 1371 4099; baseline -0.002 -20"><span class='ocrx_word' id='word_1_248' title='bbox 412 4017 649 4099; x_wconf 85' lang='lat' dir='ltr'><strong>sapientiusque</strong></span> <span class='ocrx_word' id='word_1_249' title='bbox 669 4016 819 4076; x_wconf 89' lang='lat' dir='ltr'><strong>vivamus.</strong></span> <span class='ocrx_word' id='word_1_250' title='bbox 862 4012 978 4092; x_wconf 74' lang='lat' dir='ltr'><strong>[idem</strong></span> <span class='ocrx_word' id='word_1_251' title='bbox 996 4033 1025 4076; x_wconf 90' lang='lat' dir='ltr'><strong>v.</strong></span> <span class='ocrx_word' id='word_1_252' title='bbox 1048 4015 1218 4075; x_wconf 86' lang='lat' dir='ltr'><strong>Pacessere</strong></span> <span class='ocrx_word' id='word_1_253' title='bbox 1237 4032 1268 4094; x_wconf 94' lang='lat' dir='ltr'><strong>p.</strong></span> <span class='ocrx_word' id='word_1_254' title='bbox 1291 4016 1371 4091; x_wconf 87' lang='grc'><strong>307.)</strong></span> 
     </span>
    </p>

    <p class='ocr_par' dir='ltr' id='par_1_12' title="bbox 411 4105 1777 5025">
     <span class='ocr_line' id='line_1_30' title="bbox 485 4105 1776 4185; baseline -0.005 -13"><span class='ocrx_word' id='word_1_255' title='bbox 485 4109 533 4172; x_wconf 81' lang='grc'><strong>42,</strong></span> <span class='ocrx_word' id='word_1_256' title='bbox 561 4108 593 4169; x_wconf 83' lang='grc'><strong>81</strong></span> <span class='ocrx_word' id='word_1_257' title='bbox 622 4107 727 4182; x_wconf 91' lang='lat' dir='ltr'><strong>nobis,</strong></span> <span class='ocrx_word' id='word_1_258' title='bbox 759 4125 828 4167; x_wconf 93' lang='lat' dir='ltr'><strong>cum</strong></span> <span class='ocrx_word' id='word_1_259' title='bbox 858 4125 898 4166; x_wconf 86' lang='lat' dir='ltr'><strong>ex</strong></span> <span class='ocrx_word' id='word_1_260' title='bbox 928 4105 985 4168; x_wconf 90' lang='lat' dir='ltr'><strong>hac</strong></span> <span class='ocrx_word' id='word_1_261' title='bbox 1015 4107 1076 4167; x_wconf 92' lang='lat' dir='ltr'><strong>vita</strong></span> <span class='ocrx_word' id='word_1_262' title='bbox 1097 4107 1365 4185; x_wconf 81' lang='lat' dir='ltr'><strong>emigraverimus,</strong></span> <span class='ocrx_word' id='word_1_263' title='bbox 1396 4108 1429 4168; x_wconf 92' lang='lat' dir='ltr'><strong>in</strong></span> <span class='ocrx_word' id='word_1_264' title='bbox 1449 4107 1611 4171; x_wconf 86' lang='lat' dir='ltr'><strong>beatorum</strong></span> <span class='ocrx_word' id='word_1_265' title='bbox 1629 4106 1776 4170; x_wconf 80' lang='lat' dir='ltr'><strong>insulisto</strong></span> 
     </span>
     <span class='ocr_line' id='line_1_31' title="bbox 411 4193 1738 4278; baseline 0 -17"><span class='ocrx_word' id='word_1_266' title='bbox 411 4200 583 4261; x_wconf 82' lang='lat' dir='ltr'><strong>immortale</strong></span> <span class='ocrx_word' id='word_1_267' title='bbox 606 4215 733 4272; x_wconf 87' lang='lat' dir='ltr'><strong>aevum,</strong></span> <span class='ocrx_word' id='word_1_268' title='bbox 754 4204 788 4257; x_wconf 95' lang='lat' dir='ltr'><strong>ut</strong></span> <span class='ocrx_word' id='word_1_269' title='bbox 807 4194 930 4258; x_wconf 88' lang='lat' dir='ltr'><strong>iahulae</strong></span> <span class='ocrx_word' id='word_1_270' title='bbox 949 4196 1069 4271; x_wconf 94' lang='lat' dir='ltr'><strong>ierunt,</strong></span> <span class='ocrx_word' id='word_1_271' title='bbox 1104 4193 1219 4274; x_wconf 78' lang='lat' dir='ltr'><strong>degere</strong></span> <span class='ocrx_word' id='word_1_272' title='bbox 1238 4194 1362 4273; x_wconf 90' lang='lat' dir='ltr'><strong>liceret,</strong></span> <span class='ocrx_word' id='word_1_273' title='bbox 1383 4198 1459 4277; x_wconf 90' lang='lat' dir='ltr'><strong>quid</strong></span> <span class='ocrx_word' id='word_1_274' title='bbox 1479 4217 1558 4278; x_wconf 89' lang='lat' dir='ltr'><strong>opus</strong></span> <span class='ocrx_word' id='word_1_275' title='bbox 1572 4209 1657 4262; x_wconf 88' lang='grc'><strong>33331</strong></span> <span class='ocrx_word' id='word_1_276' title='bbox 1671 4200 1738 4261; x_wconf 89' lang='grc'><strong>313-</strong></span> 
     </span>
     <span class='ocr_line' id='line_1_32' title="bbox 412 4288 1739 4373; baseline 0 -19"><span class='ocrx_word' id='word_1_277' title='bbox 412 4293 554 4373; x_wconf 90' lang='grc'><strong>3333113,</strong></span> <span class='ocrx_word' id='word_1_278' title='bbox 573 4310 643 4354; x_wconf 88' lang='lat' dir='ltr'><strong>cnm</strong></span> <span class='ocrx_word' id='word_1_279' title='bbox 661 4288 774 4352; x_wconf 91' lang='lat' dir='ltr'><strong>iudicia</strong></span> <span class='ocrx_word' id='word_1_280' title='bbox 796 4288 878 4351; x_wconf 88' lang='grc'><strong>33113</strong></span> <span class='ocrx_word' id='word_1_281' title='bbox 906 4289 1032 4356; x_wconf 88' lang='lat' dir='ltr'><strong>fierent,</strong></span> <span class='ocrx_word' id='word_1_282' title='bbox 1056 4289 1207 4367; x_wconf 89' lang='grc'><strong>33113313</strong></span> <span class='ocrx_word' id='word_1_283' title='bbox 1234 4289 1326 4350; x_wconf 89' lang='lat' dir='ltr'><strong>etiam</strong></span> <span class='ocrx_word' id='word_1_284' title='bbox 1351 4290 1537 4353; x_wconf 77' lang='lat' dir='ltr'><strong>virtutihus?</strong></span> <span class='ocrx_word' id='word_1_285' title='bbox 1574 4294 1638 4354; x_wconf 92' lang='lat' dir='ltr'><strong>Nec</strong></span> <span class='ocrx_word' id='word_1_286' title='bbox 1658 4294 1739 4354; x_wconf 91' lang='lat' dir='ltr'><strong>enim</strong></span> 
     </span>
     <span class='ocr_line' id='line_1_33' title="bbox 412 4380 1738 4464; baseline 0 -17"><span class='ocrx_word' id='word_1_287' title='bbox 412 4386 588 4450; x_wconf 84' lang='lat' dir='ltr'><strong>tortitudine</strong></span> <span class='ocrx_word' id='word_1_288' title='bbox 612 4400 791 4464; x_wconf 90' lang='lat' dir='ltr'><strong>egeremus,</strong></span> <span class='ocrx_word' id='word_1_289' title='bbox 813 4381 899 4444; x_wconf 92' lang='grc'><strong>33113</strong></span> <span class='ocrx_word' id='word_1_290' title='bbox 919 4382 1077 4462; x_wconf 89' lang='lat' dir='ltr'><strong>proposito</strong></span> <span class='ocrx_word' id='word_1_291' title='bbox 1102 4390 1155 4444; x_wconf 91' lang='lat' dir='ltr'><strong>aut</strong></span> <span class='ocrx_word' id='word_1_292' title='bbox 1173 4380 1280 4444; x_wconf 88' lang='lat' dir='ltr'><strong>labore</strong></span> <span class='ocrx_word' id='word_1_293' title='bbox 1301 4391 1355 4445; x_wconf 91' lang='lat' dir='ltr'><strong>ant</strong></span> <span class='ocrx_word' id='word_1_294' title='bbox 1372 4384 1521 4463; x_wconf 89' lang='lat' dir='ltr'><strong>periculo,</strong></span> <span class='ocrx_word' id='word_1_295' title='bbox 1542 4386 1738 4464; x_wconf 89' lang='lat' dir='ltr'><strong>necinstitia,</strong></span> 
     </span>
     <span class='ocr_line' id='line_1_34' title="bbox 416 4473 1741 4559; baseline -0.003 -14"><span class='ocrx_word' id='word_1_296' title='bbox 416 4501 487 4545; x_wconf 92' lang='lat' dir='ltr'><strong>cum</strong></span> <span class='ocrx_word' id='word_1_297' title='bbox 507 4488 593 4541; x_wconf 89' lang='lat' dir='ltr'><strong>esset</strong></span> <span class='ocrx_word' id='word_1_298' title='bbox 613 4477 687 4541; x_wconf 90' lang='lat' dir='ltr'><strong>nihil</strong></span> <span class='ocrx_word' id='word_1_299' title='bbox 708 4476 793 4557; x_wconf 91' lang='lat' dir='ltr'><strong>quod</strong></span> <span class='ocrx_word' id='word_1_300' title='bbox 817 4483 1019 4556; x_wconf 89' lang='lat' dir='ltr'><strong>appeteretur</strong></span> <span class='ocrx_word' id='word_1_301' title='bbox 1041 4473 1153 4553; x_wconf 91' lang='lat' dir='ltr'><strong>alieni,</strong></span> <span class='ocrx_word' id='word_1_302' title='bbox 1177 4494 1236 4537; x_wconf 92' lang='lat' dir='ltr'><strong>nec</strong></span> <span class='ocrx_word' id='word_1_303' title='bbox 1259 4478 1481 4557; x_wconf 88' lang='lat' dir='ltr'><strong>temperantia,</strong></span> <span class='ocrx_word' id='word_1_304' title='bbox 1510 4496 1592 4559; x_wconf 91' lang='lat' dir='ltr'><strong>quae</strong></span> <span class='ocrx_word' id='word_1_305' title='bbox 1616 4489 1741 4559; x_wconf 87' lang='lat' dir='ltr'><strong>regeret</strong></span> 
     </span>
     <span class='ocr_line' id='line_1_35' title="bbox 414 4567 1777 4655; baseline -0.005 -17"><span class='ocrx_word' id='word_1_306' title='bbox 414 4595 484 4654; x_wconf 93' lang='grc'><strong>333,</strong></span> <span class='ocrx_word' id='word_1_307' title='bbox 505 4592 586 4655; x_wconf 91' lang='grc'><strong>3333</strong></span> <span class='ocrx_word' id='word_1_308' title='bbox 611 4571 714 4634; x_wconf 89' lang='grc'><strong>331133</strong></span> <span class='ocrx_word' id='word_1_309' title='bbox 732 4579 850 4647; x_wconf 89' lang='grc'><strong>333331,</strong></span> <span class='ocrx_word' id='word_1_310' title='bbox 871 4567 1033 4631; x_wconf 91' lang='lat' dir='ltr'><strong>libidines:</strong></span> <span class='ocrx_word' id='word_1_311' title='bbox 1054 4588 1094 4630; x_wconf 92' lang='lat' dir='ltr'><strong>ne</strong></span> <span class='ocrx_word' id='word_1_312' title='bbox 1114 4569 1281 4651; x_wconf 90' lang='lat' dir='ltr'><strong>prudentia</strong></span> <span class='ocrx_word' id='word_1_313' title='bbox 1301 4568 1427 4651; x_wconf 93' lang='lat' dir='ltr'><strong>quidem</strong></span> <span class='ocrx_word' id='word_1_314' title='bbox 1453 4589 1633 4651; x_wconf 88' lang='lat' dir='ltr'><strong>egeremus,</strong></span> <span class='ocrx_word' id='word_1_315' title='bbox 1654 4572 1777 4635; x_wconf 85' lang='grc'><strong>3311333</strong></span> 
     </span>
     <span class='ocr_line' id='line_1_36' title="bbox 414 4663 1740 4749; baseline -0.004 -16"><span class='ocrx_word' id='word_1_316' title='bbox 414 4669 538 4733; x_wconf 89' lang='lat' dir='ltr'><strong>delectu</strong></span> <span class='ocrx_word' id='word_1_317' title='bbox 556 4668 715 4749; x_wconf 89' lang='lat' dir='ltr'><strong>proposito</strong></span> <span class='ocrx_word' id='word_1_318' title='bbox 730 4664 885 4727; x_wconf 91' lang='lat' dir='ltr'><strong>honorum</strong></span> <span class='ocrx_word' id='word_1_319' title='bbox 908 4673 940 4725; x_wconf 91' lang='lat' dir='ltr'><strong>et</strong></span> <span class='ocrx_word' id='word_1_320' title='bbox 958 4663 1119 4725; x_wconf 90' lang='lat' dir='ltr'><strong>maiorum.</strong></span> <span class='ocrx_word' id='word_1_321' title='bbox 1160 4664 1225 4725; x_wconf 92' lang='lat' dir='ltr'><strong>Una</strong></span> <span class='ocrx_word' id='word_1_322' title='bbox 1244 4664 1337 4743; x_wconf 89' lang='lat' dir='ltr'><strong>igitur</strong></span> <span class='ocrx_word' id='word_1_323' title='bbox 1358 4681 1500 4727; x_wconf 83' lang='lat' dir='ltr'><strong>essemus</strong></span> <span class='ocrx_word' id='word_1_324' title='bbox 1522 4666 1605 4729; x_wconf 87' lang='lat' dir='ltr'><strong>beati</strong></span> <span class='ocrx_word' id='word_1_325' title='bbox 1631 4668 1740 4747; x_wconf 91' lang='lat' dir='ltr'><strong>cogni-</strong></span> 
     </span>
     <span class='ocr_line' id='line_1_37' title="bbox 414 4755 1740 4841; baseline -0.002 -15"><span class='ocrx_word' id='word_1_326' title='bbox 414 4766 497 4826; x_wconf 88' lang='lat' dir='ltr'><strong>tione</strong></span> <span class='ocrx_word' id='word_1_327' title='bbox 524 4771 653 4825; x_wconf 91' lang='lat' dir='ltr'><strong>naturae</strong></span> <span class='ocrx_word' id='word_1_328' title='bbox 682 4767 713 4820; x_wconf 91' lang='lat' dir='ltr'><strong>et</strong></span> <span class='ocrx_word' id='word_1_329' title='bbox 725 4759 870 4836; x_wconf 90' lang='lat' dir='ltr'><strong>scientia,</strong></span> <span class='ocrx_word' id='word_1_330' title='bbox 889 4755 1592 4840; x_wconf 78' lang='grc'><strong>333331331133333333133131131333133113.</strong></span> <span class='ocrx_word' id='word_1_331' title='bbox 1620 4760 1740 4841; x_wconf 83' lang='lat' dir='ltr'><strong>Exquo</strong></span> 
     </span>
     <span class='ocr_line' id='line_1_38' title="bbox 413 4849 1740 4937; baseline -0.002 -18"><span class='ocrx_word' id='word_1_332' title='bbox 413 4857 539 4937; x_wconf 88' lang='lat' dir='ltr'><strong>intelligi</strong></span> <span class='ocrx_word' id='word_1_333' title='bbox 558 4862 661 4937; x_wconf 92' lang='grc'><strong>331331</strong></span> <span class='ocrx_word' id='word_1_334' title='bbox 680 4862 784 4915; x_wconf 89' lang='grc'><strong>331333</strong></span> <span class='ocrx_word' id='word_1_335' title='bbox 804 4852 999 4913; x_wconf 84' lang='lat' dir='ltr'><strong>necessitatis</strong></span> <span class='ocrx_word' id='word_1_336' title='bbox 1020 4868 1112 4928; x_wconf 89' lang='lat' dir='ltr'><strong>esse,</strong></span> <span class='ocrx_word' id='word_1_337' title='bbox 1133 4868 1229 4912; x_wconf 91' lang='lat' dir='ltr'><strong>unum</strong></span> <span class='ocrx_word' id='word_1_338' title='bbox 1249 4850 1308 4913; x_wconf 90' lang='lat' dir='ltr'><strong>hoc</strong></span> <span class='ocrx_word' id='word_1_339' title='bbox 1328 4849 1506 4915; x_wconf 82' lang='lat' dir='ltr'><strong>voluntatis.</strong></span> <span class='ocrx_word' id='word_1_340' title='bbox 1540 4854 1740 4933; x_wconf 83' lang='lat' dir='ltr'><strong>(Augusti-</strong></span> 
     </span>
     <span class='ocr_line' id='line_1_39' title="bbox 414 4946 1210 5025; baseline -0.009 -12"><span class='ocrx_word' id='word_1_341' title='bbox 414 4970 488 5013; x_wconf 91' lang='lat' dir='ltr'><strong>nus</strong></span> <span class='ocrx_word' id='word_1_342' title='bbox 508 4950 673 5012; x_wconf 75' lang='grc'><strong>(13131311.</strong></span> <span class='ocrx_word' id='word_1_343' title='bbox 695 4947 715 5007; x_wconf 94' lang='grc'><strong>1.</strong></span> <span class='ocrx_word' id='word_1_344' title='bbox 737 4947 815 5008; x_wconf 85' lang='lat' dir='ltr'>XIV.</span> <span class='ocrx_word' id='word_1_345' title='bbox 838 4964 866 5008; x_wconf 89' lang='lat' dir='ltr'><strong>c.</strong></span> <span class='ocrx_word' id='word_1_346' title='bbox 888 4950 916 5008; x_wconf 84' lang='grc'><strong>0.</strong></span> <span class='ocrx_word' id='word_1_347' title='bbox 938 4947 972 5008; x_wconf 82' lang='lat' dir='ltr'><strong>P.</strong></span> <span class='ocrx_word' id='word_1_348' title='bbox 994 4947 1048 5006; x_wconf 92' lang='grc'><strong>111.</strong></span> <span class='ocrx_word' id='word_1_349' title='bbox 1070 4963 1101 5025; x_wconf 90' lang='grc'><strong>3.</strong></span> <span class='ocrx_word' id='word_1_350' title='bbox 1127 4946 1210 5021; x_wconf 89' lang='grc'><strong>432.)</strong></span> 
     </span>
    </p>

    <p class='ocr_par' dir='ltr' id='par_1_13' title="bbox 415 5036 1778 5213">
     <span class='ocr_line' id='line_1_40' title="bbox 489 5036 1778 5123; baseline -0.004 -15"><span class='ocrx_word' id='word_1_351' title='bbox 489 5046 537 5108; x_wconf 75' lang='lat' dir='ltr'><strong>tt.</strong></span> <span class='ocrx_word' id='word_1_352' title='bbox 562 5077 599 5091; x_wconf 91' lang='lat'><em>-</em></span> <span class='ocrx_word' id='word_1_353' title='bbox 630 5041 744 5106; x_wconf 85' lang='lat' dir='ltr'><strong>deinde</strong></span> <span class='ocrx_word' id='word_1_354' title='bbox 771 5038 844 5101; x_wconf 92' lang='lat' dir='ltr'><strong>honi</strong></span> <span class='ocrx_word' id='word_1_355' title='bbox 874 5057 978 5103; x_wconf 88' lang='lat' dir='ltr'><strong>mores</strong></span> <span class='ocrx_word' id='word_1_356' title='bbox 1003 5048 1035 5100; x_wconf 90' lang='grc'><strong>31</strong></span> <span class='ocrx_word' id='word_1_357' title='bbox 1055 5039 1260 5101; x_wconf 86' lang='lat' dir='ltr'><strong>modestiores</strong></span> <span class='ocrx_word' id='word_1_358' title='bbox 1280 5046 1312 5101; x_wconf 92' lang='lat' dir='ltr'><strong>et</strong></span> <span class='ocrx_word' id='word_1_359' title='bbox 1331 5036 1373 5102; x_wconf 90' lang='lat' dir='ltr'><strong>ad</strong></span> <span class='ocrx_word' id='word_1_360' title='bbox 1391 5040 1544 5120; x_wconf 88' lang='lat' dir='ltr'><strong>capienda</strong></span> <span class='ocrx_word' id='word_1_361' title='bbox 1570 5050 1778 5123; x_wconf 85' lang='lat' dir='ltr'><strong>praeceptalo</strong></span> 
     </span>
     <span class='ocr_line' id='line_1_41' title="bbox 415 5133 1420 5213; baseline -0.004 -14"><span class='ocrx_word' id='word_1_362' title='bbox 415 5137 580 5200; x_wconf 90' lang='lat' dir='ltr'><strong>molliores.</strong></span> <span class='ocrx_word' id='word_1_363' title='bbox 621 5135 786 5211; x_wconf 82' lang='lat' dir='ltr'><strong>(Nonius</strong></span> <span class='ocrx_word' id='word_1_364' title='bbox 806 5152 835 5195; x_wconf 88' lang='lat' dir='ltr'><strong>v.</strong></span> <span class='ocrx_word' id='word_1_365' title='bbox 858 5133 933 5213; x_wconf 90' lang='lat' dir='ltr'><strong>Capi</strong></span> <span class='ocrx_word' id='word_1_366' title='bbox 953 5151 985 5213; x_wconf 91' lang='lat' dir='ltr'><strong>p.</strong></span> <span class='ocrx_word' id='word_1_367' title='bbox 1015 5134 1092 5213; x_wconf 85' lang='grc'><strong>251.)</strong></span> <span class='ocrx_word' id='word_1_368' title='bbox 1414 5149 1420 5158; x_wconf 85' lang='grc'><strong>’</strong></span> 
     </span>
    </p>

    <p class='ocr_par' dir='ltr' id='par_1_14' title="bbox 416 5226 1738 5404">
     <span class='ocr_line' id='line_1_42' title="bbox 490 5226 1738 5310; baseline -0.001 -16"><span class='ocrx_word' id='word_1_369' title='bbox 490 5234 537 5294; x_wconf 83' lang='lat' dir='ltr'><strong>il.</strong></span> <span class='ocrx_word' id='word_1_370' title='bbox 564 5266 599 5276; x_wconf 97' lang='lat'>—</span> <span class='ocrx_word' id='word_1_371' title='bbox 631 5229 735 5293; x_wconf 77' lang='lat' dir='ltr'><strong>Altera</strong></span> <span class='ocrx_word' id='word_1_372' title='bbox 770 5236 819 5289; x_wconf 90' lang='grc'><strong>331</strong></span> <span class='ocrx_word' id='word_1_373' title='bbox 847 5246 927 5290; x_wconf 83' lang='lat' dir='ltr'><strong>nexa</strong></span> <span class='ocrx_word' id='word_1_374' title='bbox 963 5245 1033 5289; x_wconf 91' lang='lat' dir='ltr'><strong>cum</strong></span> <span class='ocrx_word' id='word_1_375' title='bbox 1062 5228 1225 5309; x_wconf 90' lang='lat' dir='ltr'><strong>superiore</strong></span> <span class='ocrx_word' id='word_1_376' title='bbox 1254 5234 1287 5289; x_wconf 91' lang='lat' dir='ltr'><strong>et</strong></span> <span class='ocrx_word' id='word_1_377' title='bbox 1313 5226 1387 5291; x_wconf 92' lang='lat' dir='ltr'><strong>inde</strong></span> <span class='ocrx_word' id='word_1_378' title='bbox 1416 5236 1552 5310; x_wconf 91' lang='lat' dir='ltr'><strong>apteque</strong></span> <span class='ocrx_word' id='word_1_379' title='bbox 1583 5227 1738 5310; x_wconf 89' lang='lat' dir='ltr'><strong>pendeus.</strong></span> 
     </span>
     <span class='ocr_line' id='line_1_43' title="bbox 416 5324 871 5404; baseline -0.004 -18"><span class='ocrx_word' id='word_1_380' title='bbox 416 5327 536 5404; x_wconf 87' lang='lat' dir='ltr'><strong>(Idem</strong></span> <span class='ocrx_word' id='word_1_381' title='bbox 555 5345 585 5387; x_wconf 89' lang='lat' dir='ltr'><strong>v.</strong></span> <span class='ocrx_word' id='word_1_382' title='bbox 607 5328 720 5404; x_wconf 84' lang='lat' dir='ltr'><strong>Aptum</strong></span> <span class='ocrx_word' id='word_1_383' title='bbox 740 5342 771 5404; x_wconf 92' lang='lat' dir='ltr'><strong>p.</strong></span> <span class='ocrx_word' id='word_1_384' title='bbox 796 5324 871 5402; x_wconf 83' lang='grc'><strong>235.)</strong></span> 
     </span>
    </p>

    <p class='ocr_par' dir='ltr' id='par_1_15' title="bbox 418 5416 1778 5593">
     <span class='ocr_line' id='line_1_44' title="bbox 491 5416 1739 5500; baseline -0.002 -17"><span class='ocrx_word' id='word_1_385' title='bbox 491 5422 537 5482; x_wconf 78' lang='grc'><strong>45.</strong></span> <span class='ocrx_word' id='word_1_386' title='bbox 568 5418 652 5483; x_wconf 84' lang='lat' dir='ltr'><strong>Caeli</strong></span> <span class='ocrx_word' id='word_1_387' title='bbox 680 5420 838 5498; x_wconf 87' lang='lat' dir='ltr'><strong>signorum</strong></span> <span class='ocrx_word' id='word_1_388' title='bbox 864 5416 1078 5481; x_wconf 89' lang='lat' dir='ltr'><strong>admirabilem</strong></span> <span class='ocrx_word' id='word_1_389' title='bbox 1110 5416 1250 5481; x_wconf 90' lang='lat' dir='ltr'><strong>ordinem</strong></span> <span class='ocrx_word' id='word_1_390' title='bbox 1276 5416 1546 5499; x_wconf 87' lang='lat' dir='ltr'><strong>insatiabilemque</strong></span> <span class='ocrx_word' id='word_1_391' title='bbox 1566 5416 1739 5500; x_wconf 89' lang='lat' dir='ltr'><strong>pulchritu-</strong></span> 
     </span>
     <span class='ocr_line' id='line_1_45' title="bbox 418 5510 1778 5593; baseline -0.004 -17"><span class='ocrx_word' id='word_1_392' title='bbox 418 5514 521 5577; x_wconf 90' lang='lat' dir='ltr'><strong>dinem</strong></span> <span class='ocrx_word' id='word_1_393' title='bbox 540 5515 636 5593; x_wconf 86' lang='lat' dir='ltr'><strong>magis</strong></span> <span class='ocrx_word' id='word_1_394' title='bbox 656 5521 786 5593; x_wconf 89' lang='lat' dir='ltr'><strong>spectat.</strong></span> <span class='ocrx_word' id='word_1_395' title='bbox 828 5510 937 5591; x_wconf 78' lang='lat' dir='ltr'><strong>[ldem</strong></span> <span class='ocrx_word' id='word_1_396' title='bbox 957 5531 985 5574; x_wconf 88' lang='lat' dir='ltr'><strong>v.</strong></span> <span class='ocrx_word' id='word_1_397' title='bbox 1008 5512 1157 5593; x_wconf 89' lang='lat' dir='ltr'><strong>Spectare</strong></span> <span class='ocrx_word' id='word_1_398' title='bbox 1177 5530 1206 5593; x_wconf 93' lang='lat' dir='ltr'><strong>p.</strong></span> <span class='ocrx_word' id='word_1_399' title='bbox 1232 5514 1316 5589; x_wconf 86' lang='grc'><strong>402.)</strong></span> <span class='ocrx_word' id='word_1_400' title='bbox 1748 5520 1778 5571; x_wconf 80' lang='lat' dir='ltr'><strong>lt</strong></span> 
     </span>
    </p>
   </div>
   <div class='ocr_carea' id='block_1_5' title="bbox 418 5758 1741 5903">
    <p class='ocr_par' dir='ltr' id='par_1_16' title="bbox 418 5758 1741 5903">
     <span class='ocr_line' id='line_1_46' title="bbox 483 5758 1741 5826; baseline -0.003 -12"><span class='ocrx_word' id='word_1_401' title='bbox 483 5762 652 5814; x_wconf 72' lang='grc'><strong>3113311311</strong></span> <span class='ocrx_word' id='word_1_402' title='bbox 664 5763 770 5821; x_wconf 66' lang='grc' dir='ltr'><strong>33111331,Ι</strong></span> <span class='ocrx_word' id='word_1_403' title='bbox 786 5762 937 5824; x_wconf 68' lang='lat' dir='ltr'><strong>tontum.</strong></span> <span class='ocrx_word' id='word_1_404' title='bbox 949 5760 994 5812; x_wconf 76' lang='lat' dir='ltr'><strong>oa.</strong></span> <span class='ocrx_word' id='word_1_405' title='bbox 1010 5786 1037 5799; x_wconf 94' lang='lat'><em>-</em></span> <span class='ocrx_word' id='word_1_406' title='bbox 1052 5760 1095 5822; x_wconf 83' lang='grc'><strong>13,</strong></span> <span class='ocrx_word' id='word_1_407' title='bbox 1111 5758 1741 5826; x_wconf 72' lang='grc' dir='ltr'><strong>Δ333333133333331·-33333311331313331)133</strong></span> 
     </span>
     <span class='ocr_line' id='line_1_47' title="bbox 418 5836 1029 5903; baseline -0.005 -13"><span class='ocrx_word' id='word_1_408' title='bbox 418 5852 497 5903; x_wconf 79' lang='grc'><strong>33333</strong></span> <span class='ocrx_word' id='word_1_409' title='bbox 515 5865 559 5892; x_wconf 94' lang='grc'><strong>-.</strong></span> <span class='ocrx_word' id='word_1_410' title='bbox 577 5838 622 5890; x_wconf 79' lang='lat' dir='ltr'><strong>Or.</strong></span> <span class='ocrx_word' id='word_1_411' title='bbox 643 5864 671 5877; x_wconf 89' lang='lat'><strong>·-</strong></span> <span class='ocrx_word' id='word_1_412' title='bbox 689 5837 731 5890; x_wconf 80' lang='lat'><strong>20.</strong></span> <span class='ocrx_word' id='word_1_413' title='bbox 750 5838 819 5889; x_wconf 82' lang='lat' dir='ltr'><strong>Port.</strong></span> <span class='ocrx_word' id='word_1_414' title='bbox 836 5837 965 5889; x_wconf 75' lang='grc'><strong>3331311111.</strong></span> <span class='ocrx_word' id='word_1_415' title='bbox 984 5836 1029 5888; x_wconf 81' lang='grc'><strong>03.</strong></span> 
     </span>
    </p>
   </div>
   <div class='ocr_carea' id='block_1_6' title="bbox 0 0 2196 7459">
    <p class='ocr_par' dir='ltr' id='par_1_17' title="bbox 0 0 2196 7459">
     <span class='ocr_line' id='line_1_48' title="bbox 0 0 2196 7459; baseline 0 0"><span class='ocrx_word' id='word_1_416' title='bbox 0 0 2196 7459; x_wconf 95' lang='lat' dir='ltr'><strong> </strong></span> 
     </span>
    </p>
   </div>
  </div>
 </body>
</html>
