4342 7459
447 1223 511 1292 blo
776 1226 1098 1294 TUSCULANARUM
1118 1226 1449 1294 DISPUTATIONUM

532 1394 588 1457 xl.
609 1388 661 1454 33.
683 1388 720 1454 A.
741 1388 882 1453 Adducis
911 1410 962 1452 me
988 1397 1024 1452 ut
1044 1388 1103 1452 tibi
1124 1388 1294 1453 adsentiar.
1328 1386 1391 1453 Sed
1409 1396 1466 1453 tua
1488 1409 1618 1475 quoque
1639 1391 1713 1454 ride
1734 1412 1776 1456 ne

448 1488 646 1554 desideretur
674 1484 861 1550 constantia.
897 1486 940 1548 M.
963 1483 1109 1559 Quonam
1139 1483 1257 1547 modot
1299 1483 1336 1546 A.
1359 1483 1442 1559 Quia
1471 1485 1535 1568 legi
1564 1494 1651 1551 tuum
1674 1507 1778 1568 nuper

447 1590 595 1668 quartum
618 1580 658 1643 de
679 1578 819 1643 Finibus.
852 1580 888 1641 In
910 1598 949 1641 eo
971 1578 1049 1641 mihi
1071 1577 1219 1641 videbare
1241 1585 1351 1641 contra
1374 1577 1525 1643 Catonem
1539 1579 1699 1645 disserens
1716 1582 1778 1646 hoe

448 1678 529 1742 velie
552 1674 736 1748 ostendere,
758 1673 845 1756 quod
868 1671 945 1735 mihi
967 1671 1097 1756 quidem
1119 1672 1285 1755 probatur,
1310 1673 1394 1736 inter
1414 1674 1572 1737 Zenonem
1596 1684 1627 1740 et
1648 1678 1778 1761 Peripa·

423 1773 560 1837 eteticos
582 1769 662 1833 nihil
683 1777 808 1853 praeter
822 1767 988 1830 verborum
1011 1766 1184 1830 novitatem
1206 1761 1370 1830 interesse.
1408 1766 1502 1843 Quod
1518 1770 1545 1833 si
1559 1770 1602 1834 ita
1617 1780 1675 1846 est,
1697 1771 1776 1855 quid

448 1876 497 1932 est
518 1884 634 1931 causae
656 1865 745 1949 quin,
766 1863 793 1926 si
815 1862 953 1925 Zenonis
977 1862 1093 1925 rationi
1114 1868 1361 1925 consentaneum
1383 1862 1424 1925 sit
1444 1863 1521 1927 satis
1543 1884 1689 1948 magnam
1711 1868 1777 1929 vim

447 1963 479 2025 in
500 1962 617 2025 virtute
639 1976 710 2022 esse
730 1956 771 2020 ad
792 1956 885 2020 beate
907 1955 1092 2029 vivendum,
1115 1955 1208 2019 liceat
1225 1955 1310 2019 idem
1325 1955 1544 2040 Peripateticis
1559 1959 1687 2025 diceret
1710 1981 1777 2025 reru

447 2057 532 2121 enim
560 2054 675 2140 opinor
702 2052 838 2135 spectari
860 2056 1024 2134 oportere,
1053 2070 1119 2114 non
1140 2050 1247 2114 verba.
1290 2046 1342 2114 33.
1363 2052 1406 2115 Μ.
1429 2053 1476 2115 Tu
1498 2053 1627 2136 quidem
1650 2054 1777 2119 tabellis

446 2150 620 2234 obsignatis
642 2147 710 2230 agis
732 2165 857 2211 mecum
879 2153 912 2208 et
932 2142 1123 2219 testificaris,
1146 2145 1223 2228 quid
1239 2144 1373 2209 dixerim
1387 2146 1560 2230 aliquando
1574 2156 1629 2213 aut
1641 2150 1779 2235 scripse-

408 2246 516 2309 torim.
549 2244 628 2308 Cum
649 2240 721 2305 aliis
742 2241 805 2304 isto
826 2239 932 2313 modo,
954 2238 1008 2321 qui
1029 2238 1154 2322 legibus
1175 2238 1332 2322 impositis
1353 2238 1531 2324 disputant,
1554 2262 1614 2306 nos
1635 2243 1669 2306 in
1691 2243 1777 2309 diem

445 2339 597 2412 vicimum
620 2334 846 2419 quodcumque
863 2339 990 2395 nostros
1005 2334 1127 2396 animos
1143 2332 1363 2416 probabilitate
1377 2336 1550 2417 percussit,
1573 2337 1604 2400 id
1620 2337 1776 2413 dicimnsc

445 2433 553 2517 itaque
582 2430 643 2495 soli
669 2448 778 2492 sumus
807 2426 910 2489 liberi.
946 2426 1064 2489 Verum
1094 2435 1214 2501 mmen,
1243 2427 1395 2510 quonism
1418 2429 1458 2491 de
1480 2432 1659 2496 constantia
1680 2432 1777 2515 paulo

445 2532 519 2591 ante
541 2524 694 2596 diximus,
717 2540 781 2584 non
804 2539 864 2603 ego
885 2519 948 2582 hoc
969 2519 1040 2582 loco
1061 2519 1093 2582 id
1109 2519 1328 2603 quaerendum
1343 2527 1432 2602 puto,
1448 2541 1600 2588 verumne
1615 2527 1671 2601 sit,
1688 2525 1777 2609 quod

445 2618 564 2683 Zenoni
587 2616 740 2702 placuerit
761 2616 911 2699 quodque
929 2614 999 2676 eius
1015 2613 1152 2678 auditori
1166 2614 1324 2689 Aristoni,
1346 2616 1466 2679 bonum
1481 2638 1552 2682 esee
1567 2619 1670 2683 solum
1687 2621 1776 2705 quod

407 2717 613 2780 inhonestum
635 2721 735 2789 esset,
757 2712 813 2775 sed
835 2713 862 2776 si
883 2712 927 2774 ita
949 2717 1047 2782 esset,
1070 2718 1137 2772 turn
1160 2717 1196 2771 ut
1215 2717 1316 2772 totum
1339 2709 1401 2772 hoc
1423 2710 1514 2775 beate
1533 2713 1640 2777 vivere
1662 2716 1696 2778 in
1711 2736 1775 2780 nna

444 2811 558 2874 virtute
579 2814 723 2891 poneret,
760 2802 811 2869 3t.
834 2807 961 2883 Quare
983 2806 1095 2869 demus
1117 2803 1179 2866 hoc
1197 2823 1273 2867 sane
1288 2805 1395 2878 Bruto,
1416 2812 1452 2867 ut
1467 2804 1508 2868 eit
1522 2805 1634 2871 heatus
1648 2828 1776 2893 semper

444 2904 586 2988 sapiensz
609 2922 703 2985 quem
726 2901 787 2965 sibi
809 2900 991 2973 conveniat,
1013 2901 1082 2982 ipse
1105 2897 1231 2961 viderit.
1262 2898 1371 2962 Gloria
1387 2898 1515 2982 quidem
1537 2900 1632 2965 huius
1646 2913 1775 2968 senten·

443 3001 506 3064 tiae
528 3001 601 3083 quis
631 3006 680 3062 est
708 2996 764 3060 illo
787 2997 855 3060 viro
878 2996 1026 3077 digniori
1056 3013 1114 3057 nos
1136 3000 1241 3057 maren
1263 3000 1443 3068 teneamus,
1471 3000 1507 3057 ut
1529 2996 1571 3058 sit
1591 2995 1677 3060 idem
1700 2998 1776 3062 bea·

443 3094 594 3158 tissimus.
1398 3115 1400 3120 ’

403 3200 433 3247 so
526 3187 597 3252 ΧΠ.
619 3186 668 3260 lit,
689 3187 716 3249 si
732 3188 818 3248 Zeno
835 3183 965 3258 Citieus,
981 3182 1105 3246 advena
1119 3171 1248 3265 quidam
1264 3187 1296 3243 et
1310 3179 1458 3262 ignobilis
1473 3183 1639 3248 verborum
1654 3186 1775 3270 opifex,

442 3282 620 3346 insinuasse
643 3300 677 3343 se
698 3282 732 3343 in
747 3280 912 3363 antiquam
927 3275 1161 3359 philosophiam
1177 3275 1313 3348 videtur,
1331 3274 1428 3338 huius
1444 3278 1621 3341 sententiae
1635 3282 1775 3362 gravitas

441 3396 460 3438 a
481 3375 619 3439 Platonis
641 3376 827 3438 auctoritate
850 3381 1024 3456 repetatur,
1054 3371 1139 3455 apud
1160 3389 1256 3454 quem
1278 3388 1375 3452 saepe
1397 3369 1475 3432 haec
1497 3372 1598 3435 oratio
1620 3384 1773 3458 usurpata

441 3478 503 3544 est,
525 3477 561 3532 nt
582 3467 662 3531 nihil
685 3476 811 3552 praeter
832 3467 979 3530 virtutem
1001 3467 1161 3530 diceretur
1181 3466 1312 3527 bouum.
1350 3462 1402 3526 35.
1418 3465 1513 3530 Velut
1534 3469 1566 3529 in
1582 3466 1700 3551 Gorgia
1715 3470 1774 3534 So·

441 3570 557 3636 crates,
589 3582 660 3624 cum
690 3569 775 3625 esset
802 3581 844 3624 ex
866 3581 905 3624 eo
928 3562 1120 3643 quaesitum,
1149 3558 1352 3633 Archelaum,
1383 3560 1552 3625 Perdiccae
1574 3558 1691 3638 filium,
1715 3563 1771 3648 qni

402 3663 507 3720 situm
530 3655 797 3719 fortunatissimus
812 3654 990 3727 haberetur,
1014 3673 1121 3716 nonne
1137 3653 1263 3716 beatum
1277 3658 1419 3734 putaret,
1442 3653 1534 3715 lland
1550 3656 1627 3730 scio,
1648 3657 1771 3740 inquit;

439 3769 611 3833 numquam
634 3748 719 3812 enim
741 3768 813 3811 cum
835 3768 873 3811 eo
895 3747 1080 3811 conlocutus
1101 3769 1181 3811 sum.
1207 3748 1256 3809 An
1272 3753 1306 3809 tu
1323 3746 1415 3808 aliter
1428 3747 1460 3808 id
1475 3748 1558 3812 scire
1571 3769 1637 3812 nou
1652 3754 1768 3833 potest

438 3845 532 3909 Nullo
554 3843 658 3908 modo.
689 3843 737 3905 Tu
759 3842 855 3925 igitur
875 3862 917 3906 ne
939 3841 979 3905 de
1001 3844 1167 3905 Persarum
1182 3842 1311 3925 quidem
1331 3859 1405 3924 rege
1425 3860 1538 3923 magno
1553 3851 1645 3926 potes
1659 3845 1768 3910 dicere

438 3937 592 4002 beatusne
613 3938 663 4000 sit·
698 3938 747 3999 An
770 3955 830 4019 ego
850 3938 987 4020 possim,
1008 3957 1081 4000 cum
1103 3938 1246 4019 ignorem
1270 3955 1364 4019 quam
1386 3935 1428 3999 sit
1449 3936 1578 4013 doctus,
1601 3958 1697 4022 quam
1716 3940 1770 4013 vvir

438 4032 564 4095 bonust
592 4030 698 4107 Quidr
721 4032 808 4094 tuin
831 4050 869 4093 eo
891 4031 983 4095 sitam
1001 4032 1097 4094 vitam
1119 4031 1243 4094 beatam
1258 4032 1373 4114 putas?
1403 4030 1448 4093 lta
1463 4049 1592 4113 prorsus
1607 4033 1770 4107 existimo,

401 4125 539 4189 tobonos
554 4127 675 4199 beatos,
697 4124 858 4208 improbos
878 4125 1020 4188 miseros.
1044 4122 1139 4188 lliser
1153 4144 1229 4207 ergo
1244 4123 1439 4186 Archelaus?
1463 4123 1563 4197 Certe,
1579 4127 1605 4187 si
1621 4126 1770 4190 iniustus.

439 4217 490 4281 36.
514 4220 687 4283 Videturne
717 4238 843 4282 omnem
871 4219 924 4282 hic
951 4218 1074 4282 beatam
1104 4220 1199 4282 vitam
1228 4218 1260 4280 in
1283 4237 1347 4281 una
1369 4219 1484 4280 virtute
1511 4222 1652 4301 poneret
1682 4220 1770 4296 Quid

439 4317 537 4377 verol
566 4313 599 4377 in
621 4314 792 4398 Epitaphio
815 4334 880 4397 quo
903 4313 997 4377 modo
1020 4314 1127 4376 idem‘l
1159 4315 1238 4374 Nam
1261 4313 1312 4374 cui
1333 4312 1413 4384 viro,
1435 4312 1556 4394 inquit,
1580 4334 1620 4376 ex
1641 4335 1676 4378 ee
1699 4316 1771 4400 ipso

439 4416 512 4491 apta
535 4416 609 4471 sunt
631 4409 752 4483 omnia,
775 4428 857 4492 quae
879 4407 918 4470 ad
941 4409 1033 4470 beate
1054 4409 1225 4470 vivendum
1248 4406 1369 4479 lerunt,
1392 4424 1451 4468 nec
1467 4425 1620 4489 suspensa
1634 4407 1771 4471 aliorum
1853 4465 1854 4469 ,

439 4512 495 4565 aut
515 4502 601 4564 bono
624 4522 698 4565 casu
721 4510 775 4566 aut
797 4502 952 4565 contrario
975 4502 1114 4586 pendere
1137 4522 1177 4564 ex
1199 4500 1327 4564 alterius
1343 4499 1464 4562 eventis
1485 4507 1517 4563 et
1531 4520 1636 4564 errare
1651 4522 1771 4585 cogun-

401 4607 504 4674 astur,
532 4600 608 4663 huie
633 4607 759 4683 optume
788 4598 917 4662 vivendi
944 4599 1024 4662 ratio
1054 4603 1233 4679 comparata
1255 4603 1314 4659 est
1348 4595 1408 4657 llic
1431 4602 1479 4658 est
1498 4595 1554 4658 ille
1576 4595 1770 4670 moderatus,

439 4693 491 4757 hic
519 4694 621 4767 lortis,
644 4694 696 4757 hic
719 4701 751 4755 et
773 4692 973 4756 nascentibus
994 4699 1027 4755 et
1047 4691 1234 4755 cadentibus
1257 4710 1328 4752 curn
1349 4689 1481 4773 reliquis
1503 4690 1675 4753 commodis
1701 4699 1770 4754 tum

441 4788 575 4851 maxime
604 4787 727 4862 liberis,
754 4787 875 4872 parebit
904 4796 936 4849 et
963 4785 1113 4850 oboediet
1137 4793 1305 4869 praecepto
1335 4784 1379 4846 illi
1401 4784 1520 4858 veteri3
1556 4784 1770 4866 nequeenim

505 5041 528 5089 t.
547 5040 849 5089 adducis-·conrtcetio
866 5040 891 5089 in
910 5052 993 5102 marg.
1012 5040 1056 5089 ini.
1076 5038 1198 5104 suppleta
1218 5040 1333 5089 hahetG
1352 5051 1388 5088 m.
1407 5037 1540 5098 secunda,
1558 5036 1606 5087 sed
1625 5037 1689 5086 item
1706 5049 1771 5100 per-

439 5117 555 5181 antiqua.
577 5142 603 5152 -
623 5115 710 5180 edacis
726 5116 746 5165 it
765 5140 791 5150 —
812 5113 836 5164 l.
854 5114 963 5176 probare
980 5116 1039 5164 it-
1060 5117 1100 5165 ⁴5.
1120 5116 1162 5164 sed
1177 5117 1205 5164 ni
1221 5116 1259 5164 ito
1276 5120 1350 5173 essct,
1367 5118 1454 5162 utrum
1470 5118 1549 5163 totum
1564 5113 1610 5162 hoc
1620 5125 1771 5174 --ponere-

437 5197 480 5241 tur
496 5190 616 5253 bentley.
636 5191 751 5240 «Sensus
769 5192 821 5239 est:
841 5189 889 5239 sed
908 5188 1094 5253 postulandum
1112 5194 1175 5254 puto
1193 5189 1274 5253 (qnod
1291 5186 1413 5238 tacillime
1431 5186 1533 5237 elicitur
1550 5200 1582 5238 ex
1599 5186 1772 5248 aenoandron

435 5264 507 5329 puto)
524 5269 554 5315 ut
570 5267 626 5315 tum
644 5266 768 5325 demum,
787 5267 809 5314 si
829 5267 1017 5327 Peripateticus
1034 5267 1090 5315 sive
1108 5267 1204 5315 Brutus
1221 5266 1278 5327 ipse
1296 5275 1402 5326 quoque
1421 5267 1579 5324 agnosceret
1596 5274 1657 5313 cum
1675 5261 1771 5310 Stoicis

438 5339 538 5390 bonum
557 5352 617 5390 esse
635 5339 721 5390 solnm
738 5340 810 5401 qnod
830 5340 972 5389 honestum
990 5344 1075 5399 esset,
1095 5342 1117 5390 is
1136 5340 1348 5404 (Peripateticus,
1372 5352 1425 5388 non
1444 5339 1556 5397 Stoicus,
1575 5338 1612 5386 uti
1630 5333 1694 5386 ialso
1713 5333 1772 5398 ple-

436 5416 512 5478 rique
530 5417 704 5478 acceperunt)
723 5418 807 5464 totum
830 5413 882 5464 hoc
899 5413 977 5463 beate
990 5416 1079 5463 vivere
1098 5417 1123 5465 in
1141 5429 1192 5466 una
1210 5415 1307 5464 virtute
1325 5417 1451 5478 poneret:
1474 5426 1545 5463 nunc
1562 5424 1635 5470 vero,
1656 5408 1701 5458 uhi
1719 5410 1771 5459 hoc

437 5488 547 5553 quidem
565 5490 652 5553 ponit,
670 5488 721 5539 sed
738 5487 815 5538 simul
834 5487 883 5538 alia
901 5487 971 5538 bons
990 5491 1089 5550 statuit,
1108 5492 1165 5554 ipse
1182 5503 1275 5541 secum
1293 5492 1400 5553 pugnet.
1421 5492 1469 5540 Pro
1483 5492 1587 5551 poneret
1603 5484 1677 5536 facile
1696 5484 1772 5549 lege-

437 5565 486 5615 rim
507 5569 668 5626 poneretur.»
686 5564 731 5615 Or.
755 5589 780 5600 -
806 5565 846 5612 ⁴7.
864 5562 920 5624 ipra
937 5565 986 5612 eti
1006 5590 1033 5600 -
1057 5567 1098 5615 2⁰.
1117 5566 1208 5615 litato
1225 5592 1258 5602 -
1278 5566 1367 5615 ticieus
1383 5566 1403 5615 lt
1423 5589 1450 5599 -
1472 5565 1571 5613 aduena
1582 5587 1619 5598 --
1630 5561 1772 5611 taunucus

436 5640 463 5687 to
474 5640 623 5689 --otdetur
643 5640 742 5690 Nonius
766 5651 792 5702 p.
812 5637 868 5688 tet.
889 5663 916 5672 -
942 5639 1080 5690 irenaceo
1098 5638 1138 5703 [cc]
1161 5640 1189 5689 tn
1205 5641 1226 5690 0
1244 5664 1271 5675 -
1297 5638 1337 5689 23.
1356 5639 1468 5689 celestii
1487 5666 1515 5675 -
1533 5636 1575 5688 st.
1593 5635 1723 5687 cresim
1739 5635 1769 5695 lt,

436 5714 581 5764 micum
598 5716 618 5764 G
638 5738 665 5750 -
684 5714 725 5764 26.
744 5716 783 5763 An
799 5717 827 5762 ts
844 5726 878 5761 so
895 5712 971 5763 aliter
987 5715 1091 5775 GltB¹;
1109 5716 1156 5764 Aia
1173 5720 1202 5764 to
1218 5727 1252 5763 ao
1268 5713 1342 5762 aliter
1353 5714 1395 5770 Bm
1414 5714 1469 5763 Ala'
1487 5712 1533 5762 to?
1551 5711 1601 5776 [cn]
1619 5709 1726 5760 sillero
1740 5734 1768 5745 -

435 5788 462 5836 id
478 5800 531 5837 om.
551 5789 571 5837 G
592 5814 617 5825 -
638 5787 679 5838 32.
697 5802 731 5839 cc
747 5790 780 5850 se]
798 5800 848 5837 esce
865 5788 884 5837 C
902 5811 928 5821 -
949 5787 989 5837 36.
1008 5788 1169 5839 condentibus
1186 5790 1235 5838 Glt
1249 5813 1275 5824 -
1296 5794 1323 5836 ta
1339 5789 1451 5837 mommo
1467 5788 1487 5837 a
1501 5811 1527 5823 -
1547 5787 1588 5837 37,
1602 5787 1712 5837 «Errant
1723 5784 1770 5846 qui

435 5864 462 5912 in
479 5862 569 5914 verbis
591 5876 670 5926 oeque
691 5865 805 5914 enimn
816 5866 918 5925 mosset
938 5864 977 5911 cot
999 5865 1091 5927 tragici
1112 5866 1206 5928 poetro
1228 5862 1375 5926 fragmenta
1392 5861 1544 5926 repperisse
1561 5861 1612 5912 sibi
1629 5861 1679 5911 visi
1696 5861 1768 5921 sunt,

435 5940 464 5986 ut
480 5936 544 5989 olim
564 5939 592 5989 a.
611 5936 758 6002 Bentlslus,
783 5938 916 6005 nupero.
934 5936 1245 6002 Ribbeckius'rrsgicor.
1264 5938 1319 5989 het.
1339 5938 1441 6001 fream.
1459 5949 1487 6001 p.
1506 5936 1564 5988 atr.
1590 5934 1683 5986 Omnia
1699 5933 1769 5984 baec
