4342 7459
455 1213 518 1282 884
780 1217 1104 1288 auscultantium
1125 1218 1454 1291 omautmorlliu

455 1389 541 1449 recte
562 1381 761 1466 posiveront,
788 1381 929 1449 contecta
950 1401 1002 1447 res
1023 1388 1089 1447 est:
1117 1400 1248 1447 necesso
1269 1389 1319 1448 est
1340 1400 1466 1466 semper
1485 1381 1613 1449 beatum
1633 1401 1705 1451 esso
1725 1402 1779 1450 sa·

453 1478 603 1563 pientem.
640 1474 692 1539 st.
715 1478 778 1541 Sed
799 1497 988 1563 quaeramus
1009 1496 1106 1541 unam
1129 1496 1289 1561 quamque
1310 1475 1506 1561 reliquorum
1527 1476 1726 1555 senteutiam,
1748 1477 1778 1544 si

452 1570 520 1638 fieri
541 1580 658 1659 potest,
679 1580 716 1636 ut
727 1573 789 1640 boc
804 1574 999 1657 praeclarum
1014 1573 1106 1657 quasi
1121 1572 1283 1640 decretum
1296 1573 1410 1639 beatae
1423 1572 1506 1638 vitae
1520 1573 1623 1655 possit
1636 1574 1777 1641 omnium

451 1670 616 1733 sententiis
638 1675 671 1733 et
690 1668 865 1751 disciplinis
886 1668 1066 1733 convenire.

426 1775 441 1818 4
535 1763 637 1826 XXX.
659 1763 740 1828 Sunt
759 1771 865 1828 autem
885 1762 966 1827 baec
986 1762 1025 1827 de
1046 1758 1179 1836 linibus,
1199 1768 1235 1827 ut
1255 1762 1376 1846 opinor,
1397 1768 1541 1829 remoue
1561 1762 1777 1849 defensatque

450 1860 642 1934 sententiae;
669 1858 805 1942 primum
825 1857 1173 1942 simplices·qusttoors
1201 1854 1281 1920 nibil
1302 1858 1420 1923 bonum
1441 1858 1505 1923 nisi
1526 1858 1712 1935 honestum,
1740 1866 1779 1925 ut

449 1952 565 2031 Stoici3
588 1952 670 2016 nihil
690 1952 809 2016 bonum
830 1951 892 2015 nisi
915 1951 1126 2033 voluptatem,
1147 1957 1185 2014 ut
1203 1950 1375 2035 Epicurum
1395 1951 1477 2017 nibil
1497 1946 1618 2018 bonum
1638 1953 1702 2019 nisi
1722 1972 1778 2021 va·

448 2047 595 2113 euitatem
615 2047 745 2122 doloms,
766 2055 802 2111 ut
822 2046 1051 2131 Hieronymum
1070 2044 1152 2112 nibil
1172 2044 1293 2112 bonum
1313 2045 1377 2112 nisi
1397 2052 1530 2112 naturae
1551 2048 1662 2131 primis
1682 2048 1777 2115 bonis

447 2149 504 2205 aot
523 2141 672 2205 omnibus
693 2148 748 2205 aot
768 2140 925 2205 maxumis
945 2139 1025 2216 trusi,
1051 2148 1089 2205 ut
1110 2138 1290 2210 Comedus
1310 2146 1423 2208 contu
1443 2141 1567 2208 Stoicos
1588 2142 1777 2209 8444444444.

409 2230 498 2297 4485.
520 2234 607 2300 Haec
632 2236 731 2319 igitur
757 2234 932 2318 simplicius
964 2234 1020 2299 illa
1046 2234 1159 2299 mixta:
1191 2235 1251 2302 tria
1278 2254 1396 2317 genera
1423 2234 1592 2312 bonorum,
1626 2250 1778 2304 nissum

446 2329 557 2404 animi,
584 2329 725 2394 secunda
746 2330 902 2413 corporis,
929 2335 1060 2393 externa
1081 2330 1187 2403 tertia,
1217 2336 1253 2394 ut
1273 2329 1488 2413 Peripatetici,
1512 2326 1575 2395 'nec
1597 2330 1698 2396 multo
1720 2347 1777 2400 vs-

445 2429 529 2488 leres
543 2423 724 2488 Academici
747 2444 856 2500 secus;
877 2422 1073 2505 voluptatem
1088 2442 1159 2487 cum
1171 2422 1339 2488 honestate
1353 2422 1567 2489 Dinomachus
1582 2432 1615 2491 et
1630 2424 1776 2509 Callipho

445 2517 621 2602 copulavit3
650 2518 860 2582 indolentiam
881 2524 988 2581 eutem
1009 2517 1169 2581 honestati
1189 2517 1418 2600 Peripateticus
1438 2516 1596 2582 Diodorus
1617 2518 1775 2586 adiunxit

443 2610 512 2676 Hae
532 2621 607 2676 sunt
635 2612 826 2686 sententiae,
855 2630 937 2697 quse
963 2611 1144 2676 stabilitatis
1172 2611 1292 2697 aliquid
1318 2611 1471 2689 babeant;
1504 2631 1577 2677 nam
1606 2614 1775 2690 dudonis,

407 2716 435 2763 se
444 2705 632 2789 Pyrrhonis,
652 2706 742 2769 Erilli
765 2725 831 2769 non
852 2706 1075 2790 nullorumque
1098 2705 1232 2772 aliorum
1247 2714 1454 2772 evanuerunt
1486 2706 1527 2772 ai
1550 2706 1627 2790 quid
1649 2710 1776 2793 possint
1796 2763 1799 2767 ,

444 2800 588 2881 optinere
608 2799 773 2864 videamus
801 2800 927 2863 omissis
957 2800 1087 2874 Stoicis,
1112 2820 1249 2884 quorum
1270 2800 1344 2865 satis
1366 2800 1476 2866 videor
1496 2799 1679 2867 defendisse
1699 2783 1776 2868 odn-

442 2895 584 2958 tentiam.
614 2895 656 2957 Et
683 2893 962 2977 Peripateticorum
984 2893 1113 2979 quidem
1135 2894 1293 2980 explicata
1313 2913 1409 2959 causa
1429 2900 1493 2959 ost:
1521 2904 1650 2979 praetor
1669 2897 1774 2963 Thes-

441 2988 605 3072 pbrastum
627 2995 659 3051 ct
680 2988 708 3050 si
728 2989 785 3073 qui
807 2987 897 3052 illum
919 2989 1020 3052 secuti
1047 2988 1238 3053 imbecillius
1258 2988 1390 3052 horrent
1411 2986 1556 3056 dolorem
1577 2996 1609 3053 st
1628 2988 1774 3056 rotomi·

443 3080 534 3156 dant,
565 3080 697 3165 reliquis
719 3081 849 3166 quidem
871 3083 946 3146 licet
966 3083 1070 3147 iacere
1091 3084 1140 3157 id,
1170 3083 1255 3167 quod
1276 3082 1342 3147 sere
1363 3082 1500 3157 facium,
1527 3091 1565 3150 ut
1585 3084 1773 3166 paulumne

403 3175 688 3262 ”dignitatemque
706 3178 831 3241 virtutis
846 3185 1047 3260 exaggerent.
1079 3176 1182 3252 Quam
1198 3177 1323 3241 eumad
1339 3176 1460 3242 coelum
1474 3177 1667 3252 extulerunt,
1684 3176 1774 3260 quotl

440 3270 545 3334 facere
573 3272 759 3355 eloquentes
787 3271 933 3335 homines
959 3272 1088 3354 copiose
1117 3271 1238 3345 solent,
1268 3269 1392 3353 reliqua
1412 3290 1455 3334 ex
1476 3270 1655 3336 conlatione
1675 3270 1772 3338 molle

441 3372 490 3427 est
517 3374 678 3429 conterere
707 3375 803 3449 atque
832 3372 1046 3429 contemnere.
1085 3366 1151 3428 Neo
1177 3364 1261 3428 onim
1288 3363 1365 3428 licet
1384 3363 1441 3438 iis,
1469 3364 1525 3448 qui
1547 3363 1674 3432 landem
1694 3384 1773 3454 cum

440 3456 552 3522 dolore
572 3459 742 3543 petendam
763 3479 834 3522 esse
856 3459 984 3532 dicunt,
1014 3476 1131 3540 negare
1153 3478 1208 3523 eos
1230 3477 1301 3522 essa
1322 3458 1448 3533 beatos,
1474 3459 1531 3540 qui
1550 3457 1639 3524 illam
1660 3457 1778 3542 adepti,

440 3553 522 3626 sint;
548 3573 738 3637 quamquam
761 3553 845 3616 enim
868 3552 986 3618 sintin
1009 3551 1196 3635 quibusdam
1212 3552 1319 3626 malis,
1342 3559 1448 3615 umen
1467 3552 1530 3615 boe
1544 3571 1662 3622 nomen
1681 3552 1768 3622 beati

401 3642 532 3728 mlonge
553 3653 586 3709 et
607 3645 669 3709 late
690 3654 786 3730 patet.

525 3740 643 3803 xxxi.
665 3738 717 3803 86.
745 3743 825 3803 Nam
846 3748 882 3804 ut
902 3746 1095 3824 quaestuosa
1115 3745 1307 3814 mercatura,
1334 3736 1497 3804 fructuosa
1517 3738 1620 3804 oratio
1642 3739 1768 3817 dieitur,

439 3853 505 3897 non
535 3835 562 3898 si
590 3835 691 3899 altera
718 3854 844 3917 semper
870 3834 957 3898 omni
981 3833 1112 3908 damno,
1142 3835 1242 3898 altera
1262 3833 1349 3899 omni
1370 3834 1565 3919 tempestatis
1586 3833 1769 3900 calamitate

440 3947 566 4011 semper
586 3936 689 4005 vacat,
718 3928 775 3991 sed
797 3928 825 3991 si
846 3928 945 3992 multo
968 3928 1088 3991 maiore
1111 3947 1151 3991 ex
1172 3936 1262 4011 parte
1284 3935 1390 3992 nutet
1408 3928 1442 3991 in
1464 3935 1600 4012 utraque
1619 3927 1770 4006 felicitas,

440 4023 486 4086 sic
516 4024 578 4087 vita
606 4043 670 4087 noo
701 4023 804 4086 solum
832 4022 859 4087 si
887 4021 1029 4107 undique
1056 4021 1171 4087 retorta
1193 4023 1284 4087 bonis
1306 4030 1368 4097 est,
1397 4007 1454 4088 se‘d
1476 4022 1504 4086 sl
1525 4022 1627 4088 multe
1646 4023 1769 4090 onore

402 4125 472 4180 met
494 4118 637 4199 grauiore
659 4138 700 4180 ex
722 4125 810 4199 parte
830 4116 914 4180 bona
935 4116 1151 4201 propendent,
1173 4115 1266 4180 beata
1287 4124 1373 4181 recte
1394 4114 1458 4180 dici
1480 4124 1596 4198 potest.
1635 4114 1689 4180 87.
1711 4118 1771 4184 tls·

440 4222 555 4295 quetor
575 4213 672 4297 igitur
691 4212 805 4275 horum
827 4212 949 4275 salione
971 4211 1023 4274 uel
1044 4212 1084 4275 ad
1107 4210 1295 4293 supplicium
1316 4210 1410 4274 beata
1431 4210 1497 4274 vita
1510 4210 1657 4276 virtutem
1680 4231 1770 4278 cun·

443 4329 505 4392 que
527 4328 565 4371 ea
580 4307 751 4371 descendet
770 4308 804 4370 in
826 4313 951 4369 taurum
965 4304 1149 4378 Aristotele,
1171 4305 1367 4378 Xenocrate,
1390 4304 1579 4387 Speusippo,
1596 4305 1771 4372 Polemone

440 4402 636 4477 auctoribus,
665 4421 724 4465 nec
752 4421 821 4464 eam
850 4400 944 4464 minis
969 4407 1026 4464 aot
1051 4398 1276 4464 blandimentis
1305 4405 1452 4481 corrupta
1473 4397 1609 4462 deseret.
1647 4400 1770 4468 lisdem

440 4550 508 4600 lecta
525 4547 566 4599 illa
583 4550 723 4610 sententia,
744 4551 810 4611 queo
825 4549 1122 4612 puidemnenorserot,
1140 4546 1233 4597 Cicero
1252 4543 1343 4595 dicere
1363 4545 1461 4609 potuit:
1483 4545 1510 4594 ld
1525 4558 1628 4608 suemus
1642 4544 1771 4610 (disputo⁴

440 4625 543 4688 bimas),
562 4638 632 4674 nunc
649 4626 776 4687 quonium
794 4623 930 4688 praecedit
946 4624 967 4674 is
982 4628 1011 4673 ut
1028 4630 1118 4674 contro
1133 4622 1274 4673 &mooun
1286 4624 1431 4682 mmerot,
1451 4622 1612 4671 eontrarium
1630 4633 1688 4671 eum
1704 4633 1770 4685 psus

441 4701 555 4761 eddidit,
578 4703 605 4751 et
626 4698 704 4760 simol
727 4700 901 4763 oppositionis
923 4698 1080 4748 indicandae
1103 4709 1184 4748 causa
1204 4710 1250 4748 nos
1271 4697 1378 4758 milen
1401 4696 1440 4748 lle
1458 4696 1557 4760 quidam
1572 4696 1611 4745 sio
1628 4698 1715 4759 posito
1732 4696 1768 4749 ei.

441 4779 457 4843 5
473 4779 519 4831 85:
536 4782 638 4840 prester
655 4776 848 4838 Theophrastum
858 4800 897 4813 --
907 4774 1010 4837 reliquis
1026 4774 1131 4836 amiam.
1157 4772 1172 4837 5
1190 4772 1251 4823 tat:
1270 4772 1357 4822 ceteris
1367 4795 1404 4809 ··
1415 4771 1507 4822 normis
1521 4771 1629 4836 attidem
1647 4772 1667 4833 1,
1680 4772 1721 4824 tt.
1736 4769 1768 4826 h‘l

440 4854 490 4905 sl.»
509 4854 552 4905 W.
572 4878 598 4889 —
620 4853 643 4901 4.
659 4852 819 4914 possiuensnt
835 4851 868 4910 C;
889 4855 1026 4911 posuerunt
1042 4850 1063 4899 0
1082 4875 1108 4886 -
1132 4848 1157 4897 Ξ.
1175 4846 1281 4895 sentium
1297 4846 1318 4896 li
1337 4871 1364 4881 -
1383 4846 1407 4894 e.
1425 4845 1486 4894 haec
1503 4846 1538 4895 C:
1555 4844 1603 4894 hae
1620 4845 1649 4895 0.
1674 4844 1714 4897 Ci.
1733 4847 1769 4902 iii

440 4931 455 4994 s
472 4929 513 4981 8l.
535 4957 561 4966 -
580 4929 604 4979 8.
623 4928 716 4977 doloris
731 4939 785 4977 om.
805 4925 824 4975 C
845 4952 871 4962 -
890 4926 1043 4976 hieronimus
1059 4923 1108 4972 Gli
1129 4948 1156 4958 -
1177 4920 1260 4970 ebonis
1277 4932 1326 4983 ego
1343 4929 1405 4969 mim
1422 4917 1721 4982 medvtgioadiin.1V‚
1736 4918 1768 4971 td

440 5006 473 5069 (p.
488 5005 544 5066 5⁰9)
563 5016 595 5054 ex
613 5003 751 5053 Goerenzii
767 5002 919 5051 coniectore
937 5001 1012 5050 nocis
1029 4996 1145 5058 includo,
1164 5008 1253 5061 neque
1269 5008 1334 5044 vero
1351 4996 1394 5055 iis,
1414 5005 1483 5056 quae
1501 4996 1563 5045 suut
1577 4992 1611 5046 ds
1625 4994 1677 5044 Pla.
1692 4993 1722 5057 t,
1735 4994 1770 5046 lh

439 5079 514 5143 (hona
531 5079 649 5139 umorue)
665 5076 707 5127 hh.
729 5076 811 5126 head.
831 5076 861 5132 it,
879 5075 927 5124 438
944 5075 1039 5137 (prino
1055 5080 1164 5126 notinos
1179 5070 1319 5134 mnomda)
1334 5071 1399 5121 satis
1415 5068 1522 5121 delendi
1542 5070 1656 5133 potest·
1674 5069 1718 5122 W.
1738 5093 1767 5108 -

439 5155 480 5203 ts.
499 5153 651 5202 achademici
668 5152 716 5200 Gli
734 5176 759 5185 -
779 5149 938 5212 CalliphonO
953 5176 979 5185 -
1000 5149 1040 5198 43.
1056 5148 1242 5210 peripaticusG
1256 5173 1282 5182 -
1302 5147 1341 5196 te.
1358 5145 1466 5206 pyrroni
1481 5143 1558 5207 ferilli
1570 5145 1603 5202 (ἔς
1623 5143 1767 5206 l'umhcnm,

437 5228 526 5281 Herilli
542 5229 571 5277 0.
592 5227 630 5277 ct.
649 5227 683 5277 de
701 5224 783 5275 finib.
802 5227 823 5273 44
841 5225 855 5286 5
873 5223 913 5275 35.
934 5222 997 5273 Ptin.
1013 5224 1044 5272 N.
1060 5223 1089 5271 Η.
1103 5221 1191 5271 XXXV
1209 5222 1224 5285 5
1241 5221 1282 5270 644.
1298 5248 1324 5257 -
1346 5219 1384 5268 ts.
1403 5217 1540 5268 imbecilius
1556 5218 1645 5268 Gli-
1665 5218 1706 5267 20.
1720 5231 1769 5268 ee-

438 5305 548 5356 tuterunt
565 5302 668 5364 iladvig
684 5300 728 5362 (ed
748 5301 802 5350 Cic.
821 5300 855 5350 de
873 5301 925 5351 liu.
946 5313 972 5364 p.
991 5298 1060 5359 eloi:
1079 5296 1215 5348 ertulerini
1232 5295 1281 5345 CO
1296 5320 1323 5329 -
1342 5293 1383 5341 22.
1402 5292 1439 5341 his
1457 5294 1476 5343 C
1497 5318 1524 5328 -
1543 5291 1585 5341 43.
1604 5292 1769 5352 commendam

438 5379 508 5430 Balce
526 5376 542 5427 Ι.
556 5376 572 5426 Ι.
586 5389 611 5440 p.
627 5376 683 5425 444.
705 5401 731 5413 -
751 5375 883 5423 dicunt--
895 5376 944 5423 sint
961 5372 1029 5423 Bake
1045 5370 1178 5436 (ibidemm
1197 5370 1328 5418 dicant·-
1339 5370 1397 5416 sunt
1409 5365 1428 5417 C
1439 5367 1467 5416 0.
1487 5366 1675 5431 «Loquiturds
1688 5369 1768 5419 certis

438 5453 611 5520 philosophis,
629 5462 681 5501 noo
698 5447 844 5508 indefinite,
862 5450 908 5512 qui
925 5450 1024 5508 dimne,
1042 5450 1071 5495 ut
1088 5447 1161 5495 recte
1179 5441 1477 5493 multimammiam:
1496 5446 1563 5503 tom,
1576 5442 1702 5504 quonlam
1714 5441 1768 5494 hoe

438 5532 562 5580 universe
581 5530 608 5577 et
625 5528 760 5587 tamquam
778 5525 803 5573 in
815 5523 966 5573 definitione
980 5522 1095 5586 ponitur,
1109 5520 1151 5582 [es
1163 5518 1276 5569 Ernestii
1291 5517 1453 5581 conlectura]
1466 5518 1511 5581 qui
1521 5516 1605 5578 adepti
1615 5517 1680 5565 tint
1691 5515 1769 5579 [con-

437 5607 568 5656 iunctivos
586 5599 731 5664 obliquusl,
751 5604 902 5650 oausam.»
921 5624 948 5634 -
967 5598 1007 5648 so.
1024 5598 1158 5661 mutuose
1172 5596 1240 5643 ratio
1258 5595 1278 5644 C
1294 5620 1320 5629 -
1339 5594 1380 5643 st.
1393 5593 1625 5662 omntsempestatls
1641 5590 1766 5643 Ursinus:

437 5682 518 5732 omnis
533 5678 683 5741 tempestatis
700 5676 761 5726 C-
779 5674 820 5725 28.
838 5680 961 5737 cupartae
978 5674 1038 5722 ll-
1057 5670 1098 5720 34.
1117 5668 1214 5733 horum]
1234 5668 1356 5718 bonorum
1372 5668 1393 5718 C
1408 5693 1434 5705 -
1454 5666 1495 5719 33.
1513 5669 1589 5717 minis
1605 5669 1651 5716 out
1667 5665 1767 5718 blondi-

435 5756 525 5805 nmntis
543 5752 667 5814 Bentley:
691 5749 800 5799 minimis
817 5747 989 5798 imitamentis
1005 5748 1038 5805 (ἲς
1056 5745 1165 5795 nominis
1181 5747 1229 5807 (sc.
1249 5756 1301 5807 quo
1319 5742 1404 5793 motus
1421 5740 1575 5807 appellaturi
1593 5739 1767 5793 btmdinsentis

436 5828 506 5878 liele
523 5825 540 5877 l.
553 5825 570 5877 l.
583 5841 609 5891 p.
624 5827 683 5884 tta;
704 5825 792 5874 eminis
811 5822 999 5888 [blandimentis]
1017 5819 1175 5883 Pregderos.
1198 5820 1232 5867 At
1248 5820 1321 5869 minis
1332 5819 1460 5881 corrumpi
1477 5818 1567 5868 Lalitm
1586 5829 1639 5867 oon
1657 5817 1763 5868 dicitur.

437 5901 534 5963 noue,
551 5899 699 5953 stulterum
710 5902 800 5950 utrum
813 5898 933 5965 spurium
945 5897 1027 5960 esset,
1044 5893 1119 5947 minis
1130 5893 1217 5962 potius
1228 5890 1374 5946 delendum
1385 5896 1457 5954 sint;
1474 5890 1525 5946 sed
1536 5893 1594 5945 stne
1606 5890 1688 5944 dubio
1700 5901 1766 5945 vera
1823 5966 1827 5975 Ι
