4342 7459
448 1267 512 1336 l38
888 1270 942 1333 DE
963 1269 1133 1335 DEORUM
1153 1271 1318 1334 NATURA

449 1433 537 1497 alvos
559 1433 626 1495 ibes
640 1430 816 1515 Aegyptiae
838 1439 994 1494 curantur.
1030 1431 1180 1493 Auditum
1203 1436 1253 1493 est
1273 1428 1458 1512 pantheras,
1481 1429 1617 1514 quaein
1630 1423 1780 1493 barbaria

449 1536 603 1591 venenata
625 1545 719 1591 carne
742 1533 947 1608 caperentur,
969 1524 1145 1588 remedium
1167 1523 1329 1607 quoddam
1343 1523 1477 1599 babere,
1500 1543 1654 1608 quocum
1669 1529 1779 1587 meent

447 1641 542 1697 usse,
565 1635 628 1684 non
651 1626 864 1694 morerentur,
887 1637 996 1702 coprus
1018 1626 1124 1681 entem
1146 1618 1179 1680 in
1196 1617 1289 1680 Creta
1303 1616 1402 1691 ieras,
1423 1637 1495 1682 cum
1510 1617 1779 1683 essentconlixse

447 1698 610 1780 rebcnatis
638 1715 776 1797 sagittis,
806 1711 932 1776 herbam
963 1731 1134 1797 quaerere,
1161 1729 1242 1794 quae
1270 1710 1447 1774 dictamnus
1468 1718 1650 1786 vocaretur,
1681 1727 1779 1796 quen

422 1817 519 1872 tcum
542 1809 776 1891 gusuvtssent,
790 1807 920 1889 sagittas
942 1806 1090 1869 excidere
1114 1800 1247 1888 [dicunt]
1271 1824 1289 1867 e
1313 1823 1455 1887 corpore.
1498 1801 1569 1868 ⁴27.
1593 1805 1779 1890 cervaeque

447 1903 543 1985 paulo
565 1912 639 1965 ante
661 1911 784 1984 partum
806 1907 1002 1983 perpurgant
1026 1918 1060 1961 se
1083 1897 1219 1981 quadem
1241 1898 1391 1972 herbula,
1413 1916 1497 1982 qnae
1518 1899 1630 1963 seselis
1652 1898 1778 1962 dicltur.

445 1996 512 2059 Iam
534 1996 589 2058 illa
610 1997 785 2069 cernimus,
813 2002 849 2057 ut
876 2001 986 2057 contra
1008 1993 1071 2054 vim
1095 1999 1127 2054 et
1148 2000 1266 2055 metum
1289 1994 1355 2055 suis
1379 2011 1413 2054 ee
1435 1994 1529 2056 armis
1550 2010 1701 2077 quaeque
1722 1990 1778 2055 de·

444 2089 571 2152 tendat:
594 2089 744 2152 cornibus
765 2089 866 2162 teuri,
888 2088 956 2169 apri
979 2085 1142 2160 dentibus,
1164 2105 1272 2149 morsu
1287 2088 1415 2161 leones,
1437 2087 1518 2150 aliae
1533 2086 1608 2170 iuga
1622 2107 1672 2164 ee,
1694 2087 1777 2154 eliae

445 2182 655 2246 occultatione
685 2191 845 2257 tutantnr3
879 2182 1045 2243 atramenti
1072 2180 1230 2242 eliusione
1259 2180 1384 2261 sepiae,
1419 2189 1549 2264 torpore
1575 2180 1777 2265 torpedines,

407 2276 562 2340 somultae
584 2277 677 2339 etiam
699 2275 882 2339 insectantis
905 2274 1013 2337 odoris
1035 2273 1226 2336 intolerabili
1249 2273 1399 2336 loeditate
1422 2274 1596 2356 depellunt.

529 2370 581 2431 Li.
605 2369 646 2431 Ut
667 2387 742 2431 vero
764 2376 936 2452 perpetuus
957 2367 1068 2430 mundi
1088 2376 1173 2430 esset
1186 2377 1331 2440 ornatus,
1355 2387 1467 2450 magna
1481 2367 1623 2431 adbibita
1637 2389 1714 2433 eura
1729 2376 1777 2433 est

444 2482 463 2527 a
485 2463 685 2547 providentio
707 2461 853 2535 deorum,
875 2470 910 2524 ut
933 2480 1059 2544 semper
1080 2470 1187 2524 essent
1208 2470 1241 2523 et
1261 2461 1430 2524 bestiarum
1450 2481 1567 2545 genera
1581 2471 1615 2526 et
1631 2463 1776 2527 arborum

445 2558 651 2640 omniumque
674 2574 796 2628 rerum,
819 2574 901 2636 quse
923 2576 942 2618 a
964 2564 1047 2618 terre
1070 2555 1219 2636 stirpibus
1247 2556 1495 2618 continerentur.
1532 2555 1624 2630 Quae
1647 2557 1775 2642 quidem

445 2650 551 2712 omnia
573 2669 642 2711 eam
664 2650 729 2711 rim
751 2649 881 2713 seminis
903 2649 1021 2712 babent
1042 2648 1139 2722 inse,
1162 2659 1197 2711 ut
1212 2668 1252 2711 ex
1267 2667 1332 2712 uno
1347 2649 1439 2731 plura
1454 2658 1657 2729 generentur,
1678 2650 1776 2735 idque

408 2759 553 2807 sesemen
581 2743 738 2807 inclusum
768 2752 817 2806 est
843 2745 876 2805 in
904 2744 1025 2806 intuma
1051 2753 1139 2825 parte
1162 2763 1271 2806 earum
1291 2744 1457 2816 bacarum,
1479 2763 1562 2826 quae
1585 2763 1624 2807 cx
1647 2761 1775 2829 quaque

444 2836 542 2921 stirpe
570 2835 760 2910 funduntur,
786 2836 954 2921 isdemque
980 2838 1154 2900 seminibus
1177 2845 1208 2900 et
1229 2837 1375 2899 homines
1397 2836 1526 2901 adfatim
1550 2845 1724 2901 vescuntur
1744 2845 1776 2901 et

442 2937 547 2994 terrae
563 2930 704 2994 ciusdem
720 2931 844 3013 generis
860 2932 1004 3013 stirpium
1020 2932 1227 2993 renovatione
1243 2929 1440 3012 conplentur.
1463 2926 1535 2993 lid.
1551 2931 1637 3006 Quid
1654 2932 1775 3017 loquar,

444 3034 562 3108 quanta
583 3026 663 3088 ratio
685 3026 717 3086 in
740 3025 848 3088 bestiis
869 3024 909 3088 ad
935 3033 1119 3106 perpetuom
1142 3024 1419 3087 conservationem
1441 3043 1550 3086 eorum
1573 3025 1700 3107 generis
1721 3044 1776 3108 ap·

443 3122 574 3201 pareat?
597 3120 673 3182 Nam
697 3119 834 3201 primum
855 3118 936 3182 aliae
952 3138 1068 3191 mares,
1091 3118 1172 3180 aliae
1189 3116 1326 3180 feminae
1340 3125 1428 3192 sunt,
1451 3118 1538 3201 quod
1554 3119 1775 3203 perpetuitatis

403 3228 538 3277 encausa
569 3212 748 3275 machinata
778 3220 888 3274 natura
910 3221 970 3284 cst,
1001 3210 1118 3273 deinde
1140 3219 1246 3292 portes
1268 3212 1409 3292 corporis
1431 3219 1463 3274 et
1483 3212 1523 3274 ad
1545 3212 1775 3295 procreandum

442 3314 480 3368 et·
495 3305 534 3367 ad
557 3305 803 3386 concipiendum
825 3304 1008 3387 aptissimae
1030 3314 1062 3367 et
1083 3305 1116 3367 in
1139 3306 1216 3368 mari
1232 3315 1264 3367 et
1286 3307 1319 3367 in
1337 3304 1455 3368 femina
1470 3307 1775 3370 commiscendorum

442 3419 609 3483 corporum
632 3398 730 3460 mirae
753 3398 909 3462 libidines.
949 3398 1025 3461 Cum
1047 3408 1154 3461 autem
1176 3401 1211 3460 in
1233 3399 1313 3461 loeis
1328 3417 1437 3461 semen
1452 3400 1589 3472 insedit,
1610 3400 1775 3483 repiten-

441 3513 514 3556 nem
537 3493 605 3556 lere
627 3490 731 3554 cibum
754 3494 794 3555 ed
810 3513 880 3556 sese
896 3513 1000 3575 eoque
1016 3502 1158 3574 saeptum
1175 3490 1264 3573 fingit
1277 3491 1411 3566 animal,
1434 3491 1520 3576 quod
1537 3513 1609 3555 cum
1626 3513 1668 3556 ex
1684 3501 1773 3556 utero

442 3587 585 3668 elapsum
608 3585 743 3659 excidit,
765 3587 796 3649 in
821 3586 859 3647 iis
874 3586 1104 3658 animantibus,
1126 3605 1208 3668 quae
1224 3586 1304 3648 lecte
1319 3585 1457 3659 aluntur,
1481 3588 1584 3649 omnis
1599 3586 1668 3651 fere
1684 3588 1773 3651 cibus

399 3688 575 3748 §matrum
599 3678 770 3742 lactescere
792 3681 919 3762 incipit,
949 3700 1066 3761 eaque,
1089 3700 1172 3761 quae
1195 3679 1288 3761 paulo
1311 3689 1385 3743 ente
1406 3689 1481 3742 nota
1503 3690 1592 3755 sunt,
1615 3682 1686 3745 sinc
1707 3699 1771 3744 sns-

441 3774 538 3856 glstro
562 3772 642 3834 duce
664 3782 774 3836 notura
798 3793 950 3835 mammas
971 3782 1124 3855 appetunt
1146 3793 1318 3856 carumque
1341 3774 1483 3837 ubertate
1499 3781 1693 3838 saturantur.
1722 3777 1775 3838 nt·

441 3885 505 3950 que
527 3872 562 3927 ut
582 3865 803 3946 intellegamus
826 3866 905 3928 nibil
928 3869 1037 3929 borum
1061 3887 1131 3929 esse
1153 3866 1317 3929 fortuitum
1332 3876 1364 3930 et
1378 3868 1457 3930 baec
1472 3870 1579 3931 omnis
1592 3887 1664 3931 esse
1678 3885 1774 3953 opert

440 3959 592 4041 providae
615 3959 818 4042 sollertisque
840 3969 987 4034 naturae,
1009 3980 1092 4041 quae
1115 3961 1306 4043 multiplices
1328 3960 1410 4023 letus
1432 3970 1616 4043 procreant,
1639 3973 1676 4025 ut
1691 3981 1772 4036 sues,

441 4062 476 4116 ut
499 4073 609 4126 canes,
633 4054 671 4115 iis
695 4073 898 4116 mammarum
920 4054 994 4116 data
1015 4064 1063 4116 est
1078 4055 1262 4126 multitudo,
1285 4076 1363 4137 quas
1379 4056 1506 4117 easdem
1523 4076 1639 4139 paucas
1654 4055 1773 4120 babent

403 4168 498 4217 socae
522 4147 656 4220 bestiae,
686 4167 767 4230 quae
789 4167 890 4230 pauca
914 4148 1055 4229 gignunt.
1101 4145 1171 4208 siuti.
1195 4148 1279 4222 Quid
1303 4150 1421 4220 dicam,
1446 4158 1584 4231 quantus
1608 4172 1699 4214 amor
1721 4152 1773 4214 be·

441 4242 570 4304 stiarum
594 4241 633 4302 sit
655 4241 687 4301 in
712 4240 883 4303 educandis
906 4241 1189 4324 custodiendisque
1212 4243 1264 4313 iis,
1287 4262 1367 4323 quae
1384 4252 1645 4324 procreaverunt,
1670 4264 1772 4327 usque

440 4334 480 4397 ad
504 4355 574 4396 eum
599 4331 691 4395 finem
715 4333 787 4396 dum
813 4336 933 4416 possint
956 4356 989 4395 se
1012 4336 1078 4415 ipsa
1103 4334 1296 4395 drefcndorer
1319 4336 1377 4396 etsi
1402 4334 1518 4417 pisces,
1542 4345 1576 4398 ut
1593 4337 1694 4409 aiunt,
1716 4356 1773 4399 ora

440 4449 512 4490 cum
535 4436 730 4508 genuerunt,
753 4429 954 4509 relinquunt,
979 4428 1070 4489 facile
1095 4431 1177 4491 enim
1202 4430 1255 4490 illo
1271 4449 1353 4511 aqua
1370 4438 1400 4492 et
1417 4430 1615 4492 sustinentur
1630 4440 1662 4493 ct
1676 4432 1772 4493 letum

440 4521 587 4583 fundunt.
632 4523 696 4582 Lll.
718 4521 906 4583 Testudines
929 4531 1034 4583 autem
1058 4532 1090 4584 et
1112 4523 1288 4584 crocodilos
1312 4524 1435 4593 dicunt,
1462 4543 1531 4584 curn
1556 4524 1586 4585 in
1603 4533 1687 4587 terre
1703 4545 1773 4606 par·

403 4625 507 4686 sotum
523 4615 689 4688 ediderint,
713 4616 846 4677 obruere
863 4635 932 4688 ova,
955 4616 1071 4678 deinde
1087 4616 1269 4678 discedere:
1293 4617 1337 4678 ita
1351 4627 1382 4679 et
1398 4624 1571 4680 nascuntur
1585 4626 1617 4679 et
1636 4618 1773 4680 educen-

441 4847 498 4896 ΡΟ.
524 4846 654 4894 ·variarit
671 4846 743 4907 quod
766 4848 870 4908 poterat
887 4848 925 4896 sic
943 4847 1023 4895 etiam
1042 4848 1110 4895 dici:
1136 4849 1268 4897 vomitione
1285 4860 1370 4905 coner,
1386 4850 1540 4910 purgatione
1556 4854 1641 4898 autern
1658 4850 1773 4899 ninom

440 4923 490 4971 ibes
506 4929 638 4971 curantur.
662 4920 728 4970 biolo
745 4929 868 4970 curentur
885 4922 965 4971 scribi
984 4935 1064 4985 quarn
1087 4927 1156 4983 (rum
1173 4923 1237 4984 aliis)
1255 4937 1280 4972 se
1297 4925 1402 4972 inseri·
1418 4951 1444 4959 -
1465 4926 1489 4973 t.
1508 4924 1568 4973 otuo
1584 4924 1643 4972 sitis
1659 4926 1695 4981 A3
1714 4925 1773 4974 otuu

441 4997 540 5053 sibili:
560 4997 631 5044 oinos
647 4995 692 5043 ibis
709 4996 775 5048 GE:
800 4997 873 5045 oluos
889 4998 951 5045 bibis·
970 5005 1046 5053 (corr.
1068 4999 1093 5045 in
1110 4999 1166 5057 ibes}
1185 4999 1206 5046 l'
1227 5027 1253 5036 -
1278 5000 1302 5048 i.
1322 5005 1486 5061 carperentur
1503 5000 1585 5049 ARV
1604 5002 1640 5059 tin
1659 5003 1680 5050 A
1698 5001 1773 5049 tertie

440 5069 489 5121 litt.
509 5073 654 5133 expuncta)
680 5097 707 5107 -
735 5071 758 5120 3.
778 5086 870 5133 capros
895 5077 1039 5136 {supcrsrr⁸
1059 5075 1197 5134 ruptostv
1223 5100 1249 5109 -
1277 5077 1303 5123 iu
1321 5080 1389 5123 creto
1414 5089 1484 5124 corr.
1504 5089 1535 5124 er
1553 5076 1579 5122 in
1597 5075 1722 5124 creoth
1742 5100 1768 5110 -

442 5145 467 5197 l.
480 5146 618 5194 dictamnos
629 5146 647 5194 B
660 5160 665 5195 ;
679 5147 801 5195 dictamus
813 5151 852 5205 tex
865 5152 989 5207 correct.)
1000 5151 1019 5197 C
1031 5175 1057 5183 —
1078 5151 1101 5197 5.
1114 5164 1171 5197 cum
1183 5163 1235 5198 om.
1250 5152 1267 5199 P
1288 5178 1313 5185 -
1334 5152 1418 5198 dicunt
1435 5148 1487 5199 del.
1507 5150 1586 5207 Bake,
1600 5163 1650 5212 ego
1667 5148 1771 5199 seclusi.

445 5248 471 5258 -
485 5221 510 5269 i.
524 5221 657 5281 defendunt
675 5222 760 5271 PVO.
775 5223 812 5271 tlt.
825 5223 839 5284 ξ
853 5224 906 5271 tit.
923 5250 950 5258 -
969 5224 993 5272 8.
1005 5239 1080 5272 cursu
1092 5228 1111 5274 ,t
1122 5226 1140 5273 n
1152 5226 1170 5273 C
1181 5226 1199 5273 Ε
1211 5224 1231 5269 V
1248 5226 1281 5284 <in
1294 5226 1316 5271 Υ
1328 5238 1462 5287 supersor.
1477 5227 1570 5285 morsu)
1585 5250 1612 5260 -
1633 5225 1657 5273 9.
1671 5225 1770 5286 saeptos

443 5297 505 5353 ΑΒ,
524 5295 641 5356 scenice
662 5320 688 5329 —
714 5297 753 5345 ⁴0.
771 5298 872 5356 feditate
889 5298 1001 5346 ‚scsv
1021 5325 1047 5335 -
1075 5300 1114 5348 td.
1134 5314 1199 5361 quoe
1216 5314 1232 5348 o
1250 5305 1319 5348 terro
1336 5301 1454 5361 stirpibus
1471 5305 1618 5364 (superscr.
1637 5304 1683 5347 ont
1700 5299 1771 5347 rodi·

441 5371 509 5420 cibus
526 5372 580 5429 out)
598 5371 633 5423 Ἣ
652 5383 718 5431 quoe
733 5373 816 5423 attero
828 5374 970 5435 (superscr.
984 5377 1035 5431 out)
1048 5374 1174 5421 radicibus
1187 5380 1235 5442 put
1251 5376 1369 5435 stirpibus
1381 5376 1451 5424 idem
1464 5376 1489 5423 in
1502 5377 1631 5438 margine.
1651 5376 1691 5427 Ci.
1704 5376 1718 5440 ἕ
1731 5375 1771 5425 8³.

445 5472 471 5482 -
491 5449 575 5493 terroe
592 5445 640 5495 CP
660 5472 685 5481 -
711 5449 749 5495 t'o'.
771 5449 795 5495 in
813 5459 866 5495 om.
887 5450 904 5496 P
926 5474 951 5481 -
977 5449 1016 5495 ti.
1036 5448 1158 5509 complent
1174 5446 1205 5494 Ψ
1226 5475 1250 5484 -
1271 5450 1331 5509 qnid
1349 5463 1416 5497 corr.
1437 5463 1468 5499 ex
1487 5451 1553 5510 quod
1570 5453 1590 5499 A
1611 5477 1638 5486 -
1660 5450 1700 5499 49.
1717 5451 1772 5511 ine-

442 5520 527 5568 minnc
544 5521 564 5568 A
584 5545 610 5554 —
631 5521 670 5569 20.
690 5527 712 5570 ct
730 5523 764 5569 od
779 5524 962 5582 procreandum
981 5537 1034 5572 om.
1049 5526 1107 5573 P-
1128 5525 1168 5573 tt.
1188 5525 1373 5585 concipiendum
1391 5538 1458 5575 corr.
1474 5539 1504 5574 ex
1522 5526 1770 5586 concupiscerent:

442 5595 560 5658 priorem
577 5596 586 5641 t
604 5596 628 5643 in
647 5608 738 5645 rasura
757 5596 838 5645 habet
857 5598 876 5642 V
896 5623 922 5631 -
942 5601 1068 5659 aptissime
1084 5596 1145 5647 ltl'¹
1159 5625 1184 5634 -
1200 5602 1267 5647 mori
1284 5603 1303 5649 A
1315 5600 1381 5649 CV:
1401 5614 1474 5649 more
1491 5600 1596 5650 BEPO
1616 5626 1644 5636 -
1662 5601 1773 5662 soem

443 5671 511 5719 Α-
535 5668 575 5718 22.
598 5671 680 5719 miros
701 5685 768 5719 corr.
795 5687 826 5720 cx
850 5674 912 5721 mire
934 5674 955 5720 V
980 5702 1003 5709 -
1033 5686 1131 5721 soemen
1155 5676 1174 5722 A
1200 5699 1225 5708 -
1254 5675 1293 5723 ⁶23.
1313 5680 1425 5734 saeptum
1446 5687 1515 5723 corr.
1535 5688 1567 5724 ex
1590 5680 1687 5738 septuns
1704 5676 1724 5722 V
1743 5701 1770 5711 -

443 5744 484 5795 il.
504 5744 616 5807 clupeum
634 5759 703 5794 corr.
722 5760 753 5795 er
772 5753 794 5795 et
811 5748 909 5808 lapsum
927 5753 946 5797 Α
969 5777 994 5785 -
1019 5750 1044 5796 in
1062 5749 1099 5796 bis
1117 5749 1164 5797 BE
1184 5776 1209 5786 -
1231 5750 1270 5798 si.
1289 5751 1396 5809 fortuitu
1413 5751 1431 5798 B
1453 5778 1479 5787 -
1498 5750 1538 5799 28.
1556 5750 1724 5810 procreentB
1744 5776 1770 5785 -

443 5820 484 5868 29.
503 5822 534 5869 iis
551 5821 665 5871 ACPV:
685 5822 722 5870 tis
740 5823 784 5871 EO
804 5849 830 5858 —
850 5823 890 5873 30.
909 5826 1047 5886 gignuntur
1064 5822 1153 5872 Aci*
1168 5849 1194 5859 -
1215 5824 1254 5872 3⁴.
1274 5826 1310 5873 tis
1327 5825 1466 5874 scEPv
1480 5850 1505 5858 -
1527 5824 1567 5874 32.
1586 5825 1659 5873 must
1676 5822 1699 5875 fl
1716 5822 1771 5886 (sed

445 5907 514 5944 corr.
530 5896 556 5944 in
573 5897 644 5944 ciust
660 5896 689 5957 V)
709 5923 737 5933 -
757 5896 797 5947 st.
816 5899 968 5947 testitudinrs
985 5901 1002 5947 Ρ
1021 5924 1047 5934 -
1066 5899 1204 5947 crocodilos
1220 5900 1285 5949 BC:
1304 5901 1458 5949 concordilos
1474 5897 1551 5959 sv¹;
1570 5899 1719 5949 eocodfflrss
1734 5897 1754 5949 Ε
1763 5911 1770 5958 ;

444 5970 605 6021 corcodrittos
620 5968 688 6022 W.
708 5972 747 6024 Cl.
766 5972 780 6036 S
800 5972 856 6025 tat.
876 5999 903 6009 -
923 5973 963 6023 ³5.
982 5974 1104 6024 ediderim
1121 5986 1189 6024 corr.
1209 5987 1241 6024 ea
1258 5976 1386 6025 ediderunt
1402 5976 1431 6025 B.
