4342 7459
733 1275 803 1339 m.
827 1274 852 1337 r.
879 1273 954 1338 cn.
975 1273 1167 1336 xn-xur.
1193 1270 1240 1355 §g
1262 1268 1405 1341 ar-oo.
1668 1264 1726 1338 ert

406 1437 513 1502 citudo
539 1436 645 1500 sumre
671 1435 734 1499 sitl
779 1434 883 1509 Quam
912 1454 961 1496 me
992 1432 1129 1496 delectat
1149 1433 1380 1496 Theramenesl
1406 1452 1500 1516 quam
1523 1432 1605 1497 elato
1626 1437 1732 1498 animo

407 1533 472 1596 estl
506 1532 577 1595 Etsi
597 1530 683 1593 enim
705 1531 830 1602 tlemus,
852 1548 924 1591 curn
946 1527 1096 1609 legimus,
1118 1534 1223 1588 tamen
1246 1547 1310 1589 non
1332 1526 1554 1589 miserabiliter
1568 1529 1616 1590 vir
1630 1529 1732 1590 clarus

406 1627 566 1690 emoritur.
603 1624 666 1699 Qui
689 1642 761 1686 eum
783 1623 945 1686 coniectus
968 1622 1000 1684 in
1023 1640 1181 1683 carcerem
1204 1621 1333 1703 triginta
1354 1622 1441 1684 iussu
1462 1629 1664 1706 tyrannomm
1680 1642 1733 1685 ve·

406 1740 523 1785 uenum
546 1729 582 1783 ut
602 1719 714 1781 sitiens
736 1716 939 1789 obduxisset,
960 1715 1118 1798 reliquum
1141 1716 1187 1778 sic
1210 1737 1227 1779 e
1249 1715 1366 1799 poculo
1380 1715 1487 1789 eiecit,
1509 1723 1545 1777 ut
1560 1714 1591 1777 id
1606 1734 1734 1779 resona-

406 1822 462 1887 ret,
478 1833 543 1895 quo
557 1813 662 1875 sonitu
677 1810 804 1873 reddito
819 1809 984 1873 adridens:
1009 1810 1195 1892 «Propino»
1212 1810 1327 1890 inquit,
1344 1809 1423 1872 rhoc
1438 1809 1573 1894 pulchro
1589 1809 1757 1882 Critiae,ns

406 1908 460 1989 qui
489 1907 523 1968 in
550 1926 623 1969 eum
648 1904 752 1968 iuerat
780 1905 989 1967 taeterrimus.
1028 1903 1140 1965 Graeci
1162 1902 1246 1966 enim
1272 1903 1306 1964 in
1328 1903 1480 1966 conviviis
1502 1901 1605 1965 solent
1634 1904 1735 1965 norni-

406 2020 481 2064 nare
506 2001 556 2064 cui
578 1998 727 2083 poculum
750 1998 893 2061 tradituri
916 1998 989 2060 sint.
1022 1996 1112 2059 Lusit
1130 1997 1178 2059 vir
1192 1996 1337 2079 egregius
1352 2005 1495 2059 extremo
1511 1996 1640 2079 spiritu,
1663 2015 1734 2058 cum

407 2094 468 2157 iam
490 2093 686 2176 praecordiis
708 2099 893 2174 conceptam
916 2100 1047 2154 mortem
1069 2091 1261 2164 contineret,
1285 2108 1422 2173 vereque
1438 2089 1486 2164 ei,
1512 2090 1563 2152 cui
1580 2109 1735 2153 venenum

406 2187 625 2269 praebiberat,
662 2195 794 2249 mortem
833 2204 903 2247 eam
936 2193 983 2247 est
1020 2192 1209 2266 auguratus,
1243 2203 1324 2266 quae
1356 2181 1446 2247 brevi
1480 2193 1649 2247 consecuta
1679 2192 1736 2247 est

407 2277 456 2343 97.
486 2281 568 2356 Quis
601 2281 684 2343 hauc
712 2279 841 2342 maximi
870 2279 967 2342 animi
993 2278 1185 2361 aequitatem
1216 2278 1249 2340 in
1282 2280 1354 2362 ipsa
1382 2287 1483 2342 morte
1521 2278 1679 2353 laudaret,
1710 2278 1775 2341 sito

408 2383 542 2438 mortem
564 2374 681 2437 malum
704 2372 884 2436 iudicaret?
907 2371 1001 2434 Vadit
1022 2373 1106 2434 enim
1126 2374 1160 2435 in
1180 2374 1315 2436 eundem
1328 2391 1487 2437 carcerem
1502 2379 1597 2456 atque
1612 2372 1645 2434 in
1661 2392 1739 2434 eun·

408 2467 480 2532 dem
508 2468 617 2551 paucis
646 2476 719 2551 post
746 2466 838 2530 annis
867 2466 1020 2549 scyphum
1044 2466 1204 2541 Socrates,
1236 2466 1349 2531 eodem
1371 2468 1490 2530 scelere
1512 2466 1652 2530 iudicum
1674 2485 1738 2548 quo

409 2571 615 2646 tyrannorum
646 2560 870 2623 Theramenes.
912 2558 1001 2633 Quae
1032 2570 1080 2624 est
1109 2562 1206 2644 igitur
1231 2562 1301 2625 eius
1331 2561 1450 2635 oratio,
1478 2581 1541 2645 qua
1567 2559 1642 2622 lacit
1666 2578 1739 2621 eum

411 2656 499 2720 Plato
521 2676 615 2718 usum
637 2654 722 2736 apud
745 2653 865 2715 iudices
888 2653 949 2716 iam
972 2663 1072 2718 morte
1095 2654 1285 2718 mutarunt

494 2749 575 2811 XLI.
601 2749 737 2830 «ldagna
758 2767 831 2809 mec
856 2747 961 2828 inquit
985 2768 1082 2830 rspes
1104 2757 1206 2823 tenet,
1234 2749 1374 2823 iudices,
1400 2749 1481 2811 bene
1503 2747 1580 2810 mihi
1602 2747 1779 2819 evenireu

412 2841 499 2927 qnod
528 2843 635 2905 mittar
662 2841 703 2904 ad
733 2848 875 2904 mortem.
912 2842 1047 2905 Necesse
1069 2853 1120 2906 est
1145 2844 1228 2906 enim
1251 2843 1293 2907 sit
1314 2843 1448 2906 alterum
1471 2842 1511 2904 de
1534 2841 1677 2915 duobus,
1708 2847 1742 2901 ut

412 2945 463 3001 aut
486 2956 600 3000 sensus
623 2935 752 2998 omnino
770 2954 880 2997 omnes
903 2956 988 2998 mors
1010 2935 1132 2999 auferat
1152 2938 1263 3019 autin
1285 2935 1382 3000 alium
1401 2935 1558 3019 quendam
1580 2934 1686 2997 locum
1701 2953 1742 2995 ex

411 3030 458 3094 his
480 3029 561 3093 locis
584 3036 683 3092 morte
706 3028 869 3109 migretur.
906 3028 1010 3103 Quam
1033 3030 1072 3091 oh
1095 3050 1179 3105 rern,
1208 3031 1275 3093 sive
1293 3050 1406 3093 sensus
1427 3029 1623 3111 extinguitur
1644 3047 1744 3090 mors·

413 3145 473 3207 que
496 3123 526 3186 ei
550 3141 663 3185 somno
686 3121 798 3185 similis
821 3131 886 3196 est,
917 3124 1059 3206 quinon
1080 3144 1272 3207 numquam,
1299 3124 1394 3186 etiam
1415 3123 1484 3186 sine
1507 3122 1583 3186 visis
1605 3120 1743 3185 somnio·

413 3238 498 3291 rum,
525 3215 772 3299 placatissimam
794 3216 933 3300 quietem
957 3213 1075 3291 adfert,
1098 3217 1131 3279 di
1153 3217 1243 3291 boni,
1267 3217 1343 3301 quid
1365 3216 1445 3280 lucri
1468 3224 1516 3280 est
1537 3215 1659 3279 emoril
1690 3220 1782 3277 autso

351 3318 357 3329 ‘
416 3332 510 3396 quam
539 3309 631 3373 multi
662 3309 730 3372 dies
758 3310 890 3391 reperiri
919 3320 1071 3393 possunt,
1101 3312 1155 3396 qui
1177 3311 1233 3374 tali
1254 3311 1340 3374 nocti
1362 3318 1613 3394 anteponantur,
1644 3310 1696 3373 cui
1717 3310 1746 3370 si

416 3405 527 3469 similis
548 3402 656 3466 lutura
676 3409 725 3466 est
746 3403 941 3486 perpetuitas
964 3405 1066 3467 omnis
1082 3405 1308 3488 consequentis
1331 3408 1498 3488 temporis,
1519 3407 1590 3491 quis
1606 3425 1655 3468 me
1670 3404 1744 3466 bea·

416 3499 501 3562 tiorl
545 3494 597 3558 98.
619 3497 676 3559 Sin
706 3515 780 3559 vera
806 3506 880 3560 sunt
909 3517 991 3580 quae
1018 3497 1182 3573 dicuntur,
1213 3499 1433 3580 migrationem
1463 3520 1535 3563 esse
1557 3507 1690 3561 mortem
1711 3498 1745 3560 in

418 3611 468 3655 eas
496 3611 585 3664 oras,
612 3610 693 3673 quas
721 3591 775 3676 qui
808 3592 916 3655 evita
937 3599 1144 3655 excesserunt
1172 3592 1333 3668 incolunt,
1360 3592 1393 3655 id
1417 3594 1517 3657 multo
1539 3594 1601 3656 iam
1623 3591 1744 3654 beatius

419 3693 475 3748 est.
513 3685 618 3757 Tene,
641 3704 712 3747 cum
735 3685 775 3748 ab
796 3685 853 3760 iis,
876 3688 932 3768 qui
954 3706 990 3749 se
1011 3685 1154 3749 iudicum
1172 3705 1306 3750 numero
1320 3686 1429 3750 haberi
1445 3687 1572 3761 volunt,
1595 3685 1782 3757 evaserim-¹>

419 3777 457 3841 ad
478 3798 534 3842 eos
555 3778 682 3852 venire,
711 3779 767 3861 qui
789 3798 863 3841 vere
884 3778 1007 3842 iudices
1033 3779 1248 3862 appellentur,
1277 3780 1433 3855 Minoem,
1462 3778 1745 3851 Rhadamanthum,

420 3873 575 3946 lucum,
596 3871 843 3955 Triptolemum,
865 3874 1099 3956 convenireque
1114 3893 1185 3948 eos,
1210 3875 1265 3958 qui
1283 3876 1368 3939 iuste
1383 3883 1500 3939 etcum
1517 3871 1578 3936 lide
1592 3873 1745 3937 vixerint:

420 3965 495 4030 haec
520 3965 730 4049 peregrinatio
757 3964 925 4029 mediocris
947 3967 1038 4030 vohis
1060 3966 1163 4030 videri
1189 3971 1317 4050 potestl
1345 3975 1382 4031 ut
1403 3987 1478 4031 vero
1502 3968 1652 4051 conloqui
1673 3986 1746 4029 cum

421 4059 562 4144 Orpheo,
591 4060 737 4133 blusaeo,
764 4059 920 4133 Homero,
951 4059 1092 4124 hesiodo
1121 4061 1231 4136 liceat,
1259 4064 1367 4145 quanti
1394 4062 1522 4126 tandem
1550 4061 1746 4126 aestimatis?

420 4154 576 4239 Equidem
599 4173 694 4237 saepe
716 4154 831 4227 emori,
862 4153 889 4215 si
912 4150 979 4216 lieri
1001 4161 1123 4236 posset,
1147 4155 1276 4231 vollem,
1303 4165 1340 4219 ut
1361 4176 1415 4231 ea,
1444 4176 1526 4238 quae
1549 4156 1639 4230 dico,
1668 4154 1783 4217 mihi³⁰

421 4247 527 4312 liceret
549 4248 702 4312 invenire.
736 4247 863 4322 Quanta
885 4247 1095 4312 delectatione
1118 4258 1224 4313 autem
1247 4246 1415 4325 adficerer,
1443 4270 1514 4314 cum
1537 4249 1746 4320 Palamedem,

421 4361 488 4405 cum
511 4343 656 4415 Aiacem,
685 4362 755 4404 cum
778 4341 857 4404 alios
880 4340 997 4404 iudicio
1018 4342 1130 4426 iniquo
1153 4344 1382 4407 circumventos
1405 4345 1623 4408 convenireml
1654 4345 1747 4405 Tem·

420 4443 538 4518 ptarom
567 4436 662 4499 etiam
691 4435 805 4497 summi
833 4436 933 4517 regis,
962 4436 1017 4519 qui
1046 4437 1199 4500 maximas
1229 4438 1335 4521 copias
1363 4436 1456 4501 duxit
1481 4438 1521 4501 ad
1544 4438 1685 4511 Troiam,
1715 4444 1747 4498 et

422 4529 504 4592 lllixi
532 4529 726 4612 Sisyphique
755 4528 971 4613 prudentiam,
1001 4549 1058 4593 nec
1085 4530 1127 4593 oh
1151 4549 1220 4593 eam
1242 4552 1318 4605 rem,
1341 4550 1413 4594 cum
1435 4532 1513 4596 haec
1536 4533 1746 4616 exquirerem,

422 4624 500 4687 sieut
530 4624 582 4687 hic
613 4622 783 4697 faciebam,
813 4624 915 4705 capite
937 4623 1113 4686 damnarer.
1149 4626 1195 4687 Ne
1218 4644 1275 4688 vos
1298 4624 1443 4708 quidem,
1472 4626 1593 4689 iudices
1623 4626 1662 4700 ii,
1692 4626 1783 4708 qui³⁵

422 4737 469 4780 me
497 4716 695 4791 absolvistis,
725 4724 856 4779 mortem
886 4717 1063 4780 timueritis.
1107 4713 1158 4778 99.
1181 4719 1245 4781 Nec
1275 4718 1359 4781 enim
1388 4720 1535 4803 cuiquam
1564 4721 1648 4782 hono
1672 4718 1746 4782 mali

423 4810 593 4894 quiequam
616 4810 742 4873 evenire
770 4818 875 4891 potest
897 4829 955 4873 nec
977 4812 1049 4874 vivo
1072 4832 1131 4875 nec
1153 4820 1292 4887 mortuo,
1314 4834 1374 4876 nec
1396 4833 1548 4896 umquam
1571 4814 1640 4876 eius
1662 4833 1747 4877 resa

422 4901 469 4967 dis
497 4903 721 4967 inmortalibus
752 4903 976 4986 neglegentur,
1005 4926 1064 4968 nec
1096 4907 1171 4970 mihi
1201 4909 1262 4991 ipsi
1284 4908 1345 4970 hoc
1368 4906 1484 4970 accidit
1506 4906 1645 4971 fortuito.
1683 4910 1748 4970 Nec

421 5016 495 5060 vero
518 5017 579 5081 ego
602 4998 660 5072 iis,
682 5017 702 5061 a
724 4998 841 5081 quibus
863 5008 1027 5062 accusatus
1049 5010 1105 5064 aut
1126 5022 1144 5065 a
1164 5002 1280 5085 quihus
1296 5000 1525 5065 condemnatus
1540 5022 1623 5076 sum,
1646 5002 1748 5065 habeo

423 5308 490 5358 unt.
510 5309 533 5366 i,
551 5306 594 5357 87.
613 5306 658 5357 ubi
675 5308 762 5372 vulgo,
782 5311 862 5361 etiem
879 5309 914 5361 ab
933 5309 1132 5367 ilenrichsenio,
1152 5306 1290 5358 scribitur:
1315 5307 1353 5357 uti
1373 5322 1491 5369 eorum,
1510 5311 1553 5369 qus·
1569 5311 1699 5368 audirent,
1717 5312 1752 5358 ste

423 5382 584 5444 efflorentes·
599 5384 707 5444 ocimi,
726 5386 752 5435 in
770 5386 922 5449 archetypo
940 5384 1047 5434 videtur
1063 5385 1158 5434 luisse:
1177 5389 1205 5432 ut
1222 5384 1433 5440 tt--octmir;
1453 5384 1485 5434 cl.
1507 5385 1560 5435 Flo.
1580 5386 1753 5443 111,37noua

423 5458 526 5505 ssime
543 5457 720 5518 afliciatur
735 5461 876 5522 octuplum
895 5461 944 5511 sed
964 5462 1039 5523 Legg.
1055 5461 1074 5518 l,
1088 5461 1118 5508 it
1137 5458 1171 5508 de
1189 5457 1308 5522 pluribus
1326 5459 1410 5508 ocimo
1427 5458 1524 5509 dicitur
1536 5458 1753 5521 (quemadmodum

424 5532 526 5581 ostano
542 5534 627 5595 effecti
643 5535 756 5597 amus).-
774 5537 816 5587 W.
829 5563 861 5573 -
879 5538 902 5585 t.
923 5538 979 5597 Quo
995 5549 1035 5585 me
1051 5536 1101 5586 Gli
1121 5560 1148 5570 -
1167 5537 1190 5584 c.
1211 5535 1277 5595 quod
1292 5535 1377 5583 sonitu
1393 5534 1412 5583 C
1429 5561 1455 5571 -
1475 5536 1499 5585 6.
1513 5535 1539 5583 to
1557 5539 1617 5585 ante
1634 5535 1755 5584 convictis

425 5618 476 5655 om.
495 5607 546 5657 oa
567 5634 594 5643 -
613 5608 637 5658 8.
655 5611 678 5658 οι·
696 5613 739 5671 qut
757 5612 776 5660 C
796 5638 822 5646 -
842 5613 867 5660 9.
885 5611 968 5661 morte*
984 5624 1065 5660 meum
1082 5613 1102 5659 G
1123 5636 1148 5643 -
1169 5609 1209 5657 to.
1228 5609 1308 5656 ocimi
1324 5610 1431 5657 mummi
1449 5610 1510 5657 0-
1531 5611 1569 5657 tt.
1588 5612 1654 5659 caim
1671 5610 1704 5658 C:
1724 5624 1755 5659 en

427 5680 611 5731 lachmannus
630 5682 671 5743 (ad
688 5685 790 5735 lucret.
804 5698 830 5748 p.
845 5685 916 5745 4331;
935 5698 988 5734 orn.
1002 5687 1022 5733 0
1036 5709 1063 5720 -
1084 5683 1124 5732 ⁴3.
1144 5681 1366 5734 OHPAMENHC
1382 5685 1471 5733 Glt-
1490 5683 1531 5732 20.
1548 5685 1756 5745 ptuctattssimom

427 5757 489 5805 t}—
509 5757 545 5806 dii
563 5758 613 5807 CO
632 5782 660 5793 ·-
679 5760 720 5808 it.
739 5762 863 5821 repperiri
881 5765 900 5811 G
921 5788 947 5797 -
966 5761 988 5809 si
1005 5758 1129 5821 Bentley:
1149 5760 1237 5808 cmc
1259 5787 1284 5796 -
1303 5761 1344 5810 ec.
1363 5766 1417 5809 teus
1434 5759 1466 5808 a:
1485 5763 1508 5806 tc
1524 5771 1554 5806 os
1572 5759 1634 5811 GB;
1653 5759 1753 5807 2οο-

427 5830 458 5878 ab
473 5831 510 5880 atr
527 5832 546 5880 C
567 5857 595 5868 -
614 5833 657 5882 27.
675 5835 792 5900 Acumen]
809 5837 942 5885 stamme
964 5862 990 5871 -
1010 5841 1033 5883 et
1049 5834 1138 5884 om.C
1159 5860 1185 5868 -
1205 5835 1244 5884 δί.
1263 5837 1350 5899 iniquo
1366 5835 1546 5883 circumvectos
1562 5832 1686 5895 Bentley:
1706 5835 1757 5881 iot·

428 5915 541 5964 m.
562 5906 653 5956 Uentos
669 5911 735 5967 Glt;
754 5912 899 5970 equom
914 5916 1001 5959 mutos
1017 5909 1054 5972 (in
1071 5911 1190 5973 margine
1208 5910 1314 5960 additur
1329 5908 1423 5969 circum
1442 5908 1461 5957 B
1482 5933 1508 5941 -
1527 5906 1568 5957 38.
1586 5906 1612 5955 bt
1629 5908 1672 5968 qui
1690 5908 1709 5956 C
1725 5933 1757 5943 -

430 5977 467 6029 tv.
483 5980 558 6031 ttrc
578 6007 606 6019 -
625 5993 683 6032 sura
699 5986 759 6047 post
774 5990 907 6035 aarum
924 5984 1006 6036 habet
1022 5986 1042 6035 0
1060 6010 1093 6023 -
1109 5984 1302 6047 condoupnutur
1318 5985 1348 6034 G.
