4342 7459
750 1265 820 1329 m.
839 1264 880 1329 u.
908 1264 984 1329 mn.
1005 1263 1146 1327 rx-x.
1174 1260 1220 1346 §s
1242 1259 1389 1327 ac-so.
1674 1253 1736 1323 roc

407 1434 569 1501 finiendis.
603 1436 654 1499 An
675 1440 781 1519 potest
802 1434 959 1517 cupiditas
980 1434 1089 1497 tinini?
1111 1432 1266 1497 Tollenda
1287 1439 1336 1496 est
1357 1438 1454 1516 atque
1472 1430 1664 1496 extrahenda
1685 1451 1737 1496 ra-

408 1532 538 1594 dicitus.
574 1528 655 1605 Quis
681 1536 731 1592 est
756 1528 858 1602 enim,
890 1528 924 1591 in
953 1548 1017 1611 quo
1046 1528 1090 1591 sit
1110 1527 1281 1610 cupiditas,
1311 1527 1388 1610 quin
1409 1534 1494 1590 recta
1516 1526 1651 1608 cupidus
1672 1523 1736 1588 dici

408 1623 536 1710 possitt
568 1624 654 1706 Ergo
676 1631 709 1685 et
730 1641 842 1684 avarus
864 1621 941 1694 erit,
972 1620 1029 1684 sed
1050 1620 1154 1695 tinite,
1178 1627 1209 1685 et
1229 1620 1369 1695 adulter,
1389 1642 1500 1685 rerum
1520 1619 1650 1684 habebit
1670 1638 1738 1681 mo·

409 1718 503 1791 dnm,
523 1725 556 1781 et
577 1716 762 1779 luxuriosus
783 1713 896 1778 eodem
911 1713 1019 1777 modo.
1056 1714 1168 1789 Qualis
1189 1716 1249 1778 ista
1270 1714 1473 1798 philosophia
1487 1721 1552 1789 est,
1575 1733 1657 1797 quae
1672 1731 1737 1775 non

409 1812 571 1875 interitum
604 1810 715 1872 alferat
745 1808 923 1892 pravitatis,
962 1807 1019 1871 sed
1060 1808 1102 1872 sit
1134 1816 1281 1874 contenta
1317 1808 1533 1874 mediocritate
1565 1807 1762 1872 vitioruml⁵

410 1906 612 1988 Quamquam
633 1904 667 1965 in
688 1901 748 1965 hac
769 1901 925 1964 divisione
947 1922 1012 1965 rem
1035 1905 1136 1986 ipsam
1158 1923 1289 1985 prorsus
1310 1902 1424 1985 probo,
1446 1902 1633 1985 elegantiam
1655 1899 1739 1963 desi·

411 1998 500 2061 dero.
535 1995 686 2080 Appellat
706 1995 785 2058 haec
807 1994 965 2059 desideria
987 2004 1135 2059 naturae:
1157 1997 1340 2081 cupiditatis
1362 2017 1478 2061 nomen
1491 1994 1682 2069 seruetalio,
1703 1998 1740 2057 ut

410 2112 496 2166 earm
528 2110 599 2153 cum
630 2088 668 2151 de
694 2088 842 2162 vauaritia,
878 2110 948 2152 cum
977 2090 1016 2152 de
1045 2089 1305 2172 intemperantia,
1333 2111 1403 2153 cum
1426 2091 1466 2154 de
1487 2088 1632 2152 maximis
1653 2086 1739 2153 vitiis

410 2186 576 2271 loquetur,
604 2191 767 2266 tamquam
798 2183 911 2265 capitis
939 2190 1075 2246 accuset.
1119 2180 1170 2246 28.
1199 2184 1262 2247 Sed
1287 2184 1367 2247 haec
1395 2184 1524 2267 quidem
1547 2180 1677 2244 liberius
1699 2180 1738 2243 ab

412 2300 452 2344 ao
481 2278 630 2342 dicuntur
657 2284 691 2340 et
718 2276 855 2359 saepius.
899 2275 992 2351 Quod
1020 2275 1168 2360 equidem
1194 2296 1261 2341 non
1282 2276 1457 2361 reprend03
1486 2284 1535 2340 est
1555 2275 1638 2339 enim
1659 2272 1739 2336 tanti
1748 2282 1776 2329 ⁴⁰

411 2371 594 2458 philosophi
622 2380 751 2453 tamque
779 2370 896 2433 nobilis
926 2370 1077 2433 audacter
1104 2390 1161 2434 sua
1186 2370 1312 2434 decreta
1334 2370 1521 2435 defendere:
1555 2369 1611 2433 sed
1633 2375 1738 2431 tamen

412 2487 453 2531 er
474 2486 531 2539 eo,
553 2464 641 2548 quod
663 2483 733 2526 eam
755 2463 964 2546 voluptatem,
987 2483 1083 2547 quam
1099 2483 1209 2529 omnes
1224 2473 1334 2547 gentes
1347 2465 1410 2528 lroc
1424 2464 1553 2528 nominc
1567 2460 1738 2547 appellant,

410 2560 536 2624 ridetur
562 2556 740 2639 amplexari
763 2577 857 2640 saepe
879 2556 1115 2633 vehementius,
1142 2558 1175 2621 in
1197 2560 1320 2641 magnis
1342 2558 1499 2623 interdum
1521 2565 1663 2622 versatur
1683 2574 1740 2618 an·

410 2654 537 2738 qnstiis,
559 2660 596 2714 ut
615 2650 778 2713 hominum
802 2650 997 2714 conscientia
1018 2660 1140 2715 remota
1160 2652 1241 2715 nihil
1263 2660 1326 2716 tam
1348 2662 1441 2736 turpe
1463 2654 1520 2727 sit,
1542 2650 1627 2735 quod
1649 2648 1739 2712 volu-

410 2748 507 2831 ptatis
532 2763 625 2810 causa
655 2764 720 2807 non
742 2743 884 2807 videatur
911 2763 981 2807 esse
1003 2744 1160 2809 tacturus.
1202 2746 1343 2822 Deinde,
1375 2747 1429 2810 ulri
1460 2746 1603 2819 erubuit,
1623 2776 1665 2791 ·-
1690 2743 1777 2806 vis⁴³

410 2843 497 2906 enim
518 2848 568 2904 est
589 2857 761 2922 permagna
783 2845 928 2911 naturae,
950 2870 992 2885 ·-
1013 2839 1157 2921 confugit
1175 2840 1271 2915 illuc,
1298 2847 1333 2904 ut
1360 2850 1456 2923 neget
1475 2840 1628 2903 accedere
1649 2838 1739 2922 quic-

410 2955 506 3021 quam
535 2952 629 3016 posse
656 2932 697 2995 ad
727 2930 922 3013 voluptatem
948 2933 1028 2994 nihil
1058 2933 1206 2996 dolentis.
1247 2934 1290 2997 At
1317 2936 1377 2998 iste
1399 2955 1463 2998 non
1487 2934 1616 2998 dolendi
1637 2938 1739 2996 status

409 3049 475 3094 uon
496 3036 630 3091 vocatur
646 3025 800 3109 voluptas.
840 3028 928 3087 «Non
945 3026 1089 3097 laboro,o
1115 3027 1233 3111 inquit,
1257 3027 1316 3090 «de
1332 3030 1491 3092 nominas.
1529 3026 1630 3102 Quid,
1652 3024 1739 3108 quod

409 3142 460 3186 res
482 3121 546 3184 alia
568 3128 634 3183 tota
657 3122 728 3181 esti
762 3119 952 3200 «Reperiam
982 3120 1097 3183 multos
1119 3120 1170 3182 vel
1198 3121 1439 3185 innumerabilis
1460 3122 1567 3204 potius
1588 3140 1653 3183 non
1675 3127 1738 3182 tam

409 3216 555 3281 mimos
583 3232 644 3277 nec
673 3220 736 3276 tam
764 3213 929 3286 molestos,
962 3232 1056 3297 quam
1086 3233 1144 3276 vos
1173 3215 1265 3290 estis,
1294 3215 1425 3299 quibus,
1457 3213 1610 3299 quicquid
1633 3213 1776 3285 velim,t⁰

408 3308 503 3374 facile
525 3305 764 3391 persuadeam.»
804 3307 889 3382 Quid
912 3327 988 3390 ergo
1011 3305 1192 3370 dubitamus
1214 3308 1308 3391 quin,
1330 3310 1359 3371 si
1379 3328 1445 3372 non
1468 3308 1576 3372 dolere
1595 3307 1740 3390 voluptas

409 3406 451 3467 sit
472 3420 611 3474 summa,
633 3420 699 3463 non
722 3420 792 3463 esse
815 3402 847 3462 in
869 3400 1031 3483 voluptate
1053 3403 1146 3465 dolor
1167 3404 1209 3467 sit
1224 3404 1403 3467 maximus?
1426 3424 1483 3467 cur
1501 3424 1565 3467 non
1579 3402 1612 3468 id
1627 3404 1671 3465 ita
1685 3399 1739 3466 fiet

411 3496 518 3573 «Quia
540 3493 644 3558 dolori
666 3513 731 3557 non
753 3492 898 3576 voluptas
920 3496 1077 3559 contraria
1098 3505 1163 3571 est,
1185 3498 1241 3561 sed
1264 3496 1380 3561 doloris
1404 3497 1568 3579 privatius

494 3589 536 3652 X.
557 3585 609 3649 29.
638 3588 707 3650 lloc
733 3607 808 3650 vero
838 3608 902 3649 non
933 3588 1053 3663 videre,
1082 3592 1221 3654 maximo
1243 3598 1428 3673 argumento
1452 3612 1522 3655 esse
1543 3592 1739 3673 voluptatem

407 3684 512 3758 illam,
535 3703 599 3767 qua
620 3681 743 3744 sublata
765 3690 860 3764 neget
881 3701 915 3743 se
938 3683 1123 3764 intellegere
1146 3686 1286 3759 omnino,
1309 3685 1387 3768 quid
1403 3686 1445 3748 sit
1458 3685 1591 3758 bonum,
1613 3717 1654 3729 -
1669 3692 1777 3746 eamtt

407 3786 515 3841 autem
543 3778 587 3839 ita
614 3776 833 3858 persequitur,
861 3795 943 3859 quae
972 3776 1076 3860 palato
1105 3780 1315 3862 percipiatur,
1346 3798 1428 3861 quas
1461 3780 1606 3842 auribus:
1635 3787 1739 3842 cetera

407 3872 512 3945 addit,
543 3889 627 3954 quae
655 3870 681 3931 si
713 3869 870 3951 appelles,
908 3869 1009 3933 honos
1040 3871 1231 3952 praefandus
1260 3873 1303 3935 sit
1331 3892 1392 3934 -ε
1421 3871 1483 3935 hoc
1512 3873 1623 3953 igitur,
1652 3872 1739 3956 quod

408 3965 511 4029 solum
539 3964 659 4027 bonum
688 3983 817 4027 severus
844 3971 877 4026 et
902 3965 1006 4046 gravis
1033 3964 1244 4048 philosophus
1265 3965 1368 4049 norit,
1398 3964 1481 4029 idem
1503 3986 1569 4029 non
1590 3965 1679 4031 ridet
1699 3985 1740 4027 ne

408 4058 624 4142 expetendum
653 4056 783 4140 quidem
813 4076 899 4131 esse,
932 4059 1019 4140 quod
1047 4079 1116 4123 eam
1145 4061 1338 4143 voluptatem
1371 4059 1433 4123 hoc
1467 4060 1578 4123 eodem
1610 4066 1739 4123 auctore

409 4172 476 4215 non
504 4151 737 4224 desideremus,
777 4173 847 4214 cum
877 4151 987 4214 dolore
1016 4172 1188 4216 careamus.
1235 4154 1336 4229 Quam
1363 4153 1441 4216 haec
1466 4162 1541 4216 sunt
1567 4152 1777 4217 contrarialso

409 4243 462 4310 30.
486 4247 546 4309 llic
569 4246 595 4308 si
619 4244 766 4318 delinire,
795 4248 822 4309 si
844 4246 986 4309 dividere
1010 4245 1187 4321 didicisset,
1217 4249 1243 4310 si
1267 4246 1420 4331 loquendi
1443 4247 1522 4321 vim,
1552 4250 1579 4311 si
1601 4248 1738 4329 denique

411 4340 671 4404 consuetudinem
699 4340 866 4401 verborum
895 4347 1031 4411 teneret,
1062 4361 1231 4423 numquam
1258 4342 1291 4403 in
1320 4348 1421 4418 tantas
1450 4340 1590 4405 salebras
1612 4341 1739 4403 incidis·

411 4444 470 4499 set.
505 4437 595 4497 Nunc
623 4432 727 4507 vides,
755 4435 832 4516 quid
860 4433 961 4495 saciat.
999 4433 1099 4508 Quam
1129 4455 1222 4497 nemo
1243 4453 1392 4517 umquam
1415 4434 1608 4517 voluptatem
1631 4433 1740 4517 appel·

412 4528 501 4601 lavit,
527 4527 680 4609 appellat,
709 4546 791 4609 qnae
813 4527 877 4590 duo
901 4535 990 4600 sunt,
1019 4548 1117 4590 unum
1139 4528 1224 4590 tacit.
1267 4529 1357 4590 Hanc
1379 4528 1412 4590 in
1435 4536 1521 4591 motu
1543 4528 1739 4609 voluptatem

411 4656 452 4668 —
478 4622 524 4684 sic
551 4622 634 4683 enim
662 4621 718 4684 has
747 4640 859 4683 suaves
886 4630 918 4683 et
945 4621 1035 4704 quasi
1066 4621 1176 4684 dulces
1204 4622 1382 4705 voluptates
1407 4621 1547 4704 appellat
1572 4654 1613 4668 -
1643 4622 1777 4690 inter-³5

413 4714 484 4778 dum
506 4716 552 4777 ita
572 4722 737 4788 extenuat,
765 4725 799 4777 ut
820 4717 872 4778 Μ’.
896 4715 1024 4778 Curium
1047 4724 1138 4798 putes
1161 4716 1264 4799 loqui,
1291 4716 1447 4778 interdum
1470 4716 1514 4778 ita
1534 4715 1659 4788 laudat,
1690 4723 1738 4788 ut,

412 4809 488 4892 quid
511 4816 676 4891 praeterea
698 4810 737 4871 sit
762 4808 896 4882 bouum,
919 4817 1013 4892 neget
1039 4830 1073 4871 se
1102 4829 1196 4891 posse
1222 4830 1262 4872 ne
1289 4810 1442 4892 suspicari
1469 4807 1609 4892 quidem.
1651 4809 1740 4884 Quae

413 4903 474 4965 iam
497 4902 597 4966 oratio
620 4922 686 4964 non
707 4923 726 4965 a
749 4903 938 4986 philosopho
961 4904 1082 4986 aliquo,
1105 4904 1160 4966 sed
1176 4923 1194 4966 a
1209 4923 1339 4967 censore
1355 4904 1563 4986 opprimenda
1581 4910 1640 4966 est
1669 4905 1739 4965 Non

477 5211 501 5258 Ξ.
521 5211 582 5271 quin
598 5212 633 5259 A:
652 5210 695 5270 qui
712 5224 761 5258 uon
780 5210 797 5258 B
818 5237 844 5246 —
864 5210 888 5259 3.
908 5212 1006 5261 adulter
1021 5215 1141 5263 vcmmO
1158 5240 1183 5248 -
1204 5215 1228 5263 6.
1247 5227 1301 5263 rem
1317 5213 1405 5278 ipsam]
1422 5214 1553 5263 ramosam
1563 5215 1597 5273 B3
1615 5214 1741 5263 caniolo·

414 5288 504 5335 ma
525 5310 550 5319 -
567 5284 647 5347 proto
665 5285 697 5333 B:
714 5284 822 5346 probam
838 5289 883 5343 A'3
901 5287 1006 5348 reprobo
1023 5287 1054 5337 ΑῚ
1067 5314 1093 5323 -
1114 5290 1138 5337 7.
1158 5289 1267 5350 appellat
1284 5290 1302 5337 B
1318 5316 1343 5325 -
1363 5289 1387 5337 o.
1401 5288 1507 5353 quidem]
1520 5303 1585 5351 ques
1597 5291 1654 5354 (per
1666 5303 1741 5339 coru-

414 5361 548 5423 pendium)
566 5364 586 5410 Α
607 5387 633 5397 -
654 5362 693 5408 tt.
712 5361 820 5423 temque]
839 5363 949 5421 tantique
967 5364 986 5411 Β
1007 5390 1032 5398 -
1052 5364 1219 5412 audaciterss
1240 5389 1265 5399 -
1287 5365 1326 5412 ta.
1344 5363 1390 5412 hoc
1407 5376 1460 5413 om.
1474 5364 1492 5412 B
1507 5389 1533 5399 -
1555 5364 1594 5413 43.
1612 5365 1740 5413 vehemen-

413 5437 460 5484 tius
475 5449 532 5497 sepe
547 5435 566 5483 Β
587 5460 613 5471 -
634 5434 673 5484 ll.
692 5437 767 5495 quod}
783 5437 842 5496 quid
859 5437 878 5484 B
899 5465 924 5473 -
944 5439 984 5486 45.
1002 5439 1119 5486 uideatur
1135 5452 1213 5487 coare
1230 5440 1291 5497 tom.
1304 5439 1393 5497 ocelli
1409 5464 1432 5472 -
1454 5438 1556 5502 Deinde}
1573 5440 1659 5488 dciadc
1676 5441 1741 5488 enim

415 5511 471 5560 Β·
492 5512 533 5560 ts.
551 5510 616 5559 mon
633 5515 667 5559 ert
678 5514 711 5559 A:
731 5517 765 5559 cst
778 5514 838 5569 tom.
853 5512 925 5573 enirn)
945 5513 1006 5570 BE,
1026 5513 1097 5562 unde
1114 5519 1148 5562 cat
1164 5515 1230 5562 enim
1241 5514 1266 5563 ll
1281 5540 1306 5549 -
1328 5514 1366 5563 ⁴7.
1386 5514 1454 5577 nituit]
1473 5514 1537 5563 uicti
1555 5520 1617 5575 (non
1634 5515 1702 5574 miti)
1721 5515 1740 5563 E

417 5612 441 5622 -
460 5588 501 5635 il.
519 5587 640 5634 morioris
657 5585 687 5635 A¹
707 5610 732 5621 -
757 5601 807 5634 noa
830 5587 856 5635 id
878 5589 912 5636 A:
932 5589 1023 5636 idone
1041 5589 1124 5637 BllO
1143 5612 1170 5623 -
1190 5589 1230 5638 id.
1247 5589 1404 5649 percipiatur
1420 5590 1499 5639 etiam
1517 5589 1536 5638 E
1554 5616 1585 5625 -
1607 5591 1648 5638 27.
1667 5589 1742 5638 bonos

412 5662 562 5722 prefraudus
579 5662 613 5716 E;
640 5661 714 5710 bonos
732 5663 884 5723 perfraudus
908 5663 925 5710 B
954 5686 979 5699 -
1008 5663 1048 5712 28.
1067 5664 1131 5710 uidit
1154 5663 1172 5711 B
1195 5690 1219 5698 -
1248 5662 1288 5711 3⁴.
1307 5663 1352 5711 llic
1363 5688 1398 5699 ··
1411 5664 1532 5711 incidisset
1548 5664 1625 5712 atlert
1641 5665 1740 5714 Nouius

415 5750 439 5799 p.
450 5738 506 5785 ⁴77.
523 5763 550 5773 -
569 5738 590 5785 si
607 5737 714 5785 dividere
732 5738 749 5786 B
768 5742 795 5786 et
806 5739 917 5786 Nouius:
938 5738 1074 5785 indiutdcrc
1087 5738 1130 5790 u¹;
1149 5738 1189 5787 oct
1206 5738 1264 5799 tper
1281 5738 1469 5801 compendium
1481 5737 1599 5801 syllabae
1611 5738 1637 5787 iu
1648 5752 1740 5802 super·

414 5812 551 5875 scripturn)
567 5812 678 5860 diuidere
694 5811 726 5860 Αἱ
745 5837 771 5847 -
790 5812 919 5875 didicisset]
935 5814 1052 5873 potuisset
1070 5815 1217 5862 Nonius-
1235 5812 1274 5863 3l.
1295 5827 1358 5875 quac
1375 5813 1550 5877 amioum]
1568 5826 1633 5875 ques
1650 5814 1670 5862 0
1689 5817 1740 5874 tot·

414 5900 459 5949 que
474 5887 577 5937 addidit
594 5889 720 5947 Goerenz)
740 5913 767 5923 -
792 5888 832 5936 35.
851 5901 938 5936 meoet
953 5888 998 5936 tor
1015 5889 1033 5936 B
1054 5914 1080 5924 -
1104 5889 1145 5937 36,
1164 5889 1219 5949 ΜΖ]
1236 5902 1351 5939 marcum
1367 5889 1432 5945 altr
1456 5889 1491 5937 Μ.
1510 5888 1592 5937 ceteri
1609 5887 1688 5937 codd.
1709 5914 1736 5924 -

413 5963 488 6027 mea]
502 5969 574 6025 poteo
591 5959 621 6012 Α*
640 5989 667 5999 -
686 5963 727 6012 37.
746 5962 783 6027 aa]
802 5977 846 6012 aec
863 5963 882 6012 E
901 5988 928 5998 -
948 5963 988 6013 ³8.
1006 5968 1042 6013 cst
1058 5976 1112 6013 om.
1131 5964 1150 6012 B
1169 5965 1231 6025 (non
1248 5964 1287 6024 E).
