4342 7459
495 1246 517 1313 b
896 1247 1220 1354 amuuulcouuu
1242 1247 1424 1314 amoauu

496 1424 660 1510 probatur.
696 1418 791 1496 Quod
812 1420 938 1503 gravius
960 1420 1129 1496 ferremus,
1152 1421 1179 1484 si
1201 1421 1369 1505 quisquam
1388 1418 1488 1482 ullam
1502 1417 1698 1503 disciplinam
1722 1420 1825 1503 pbilo-

498 1516 628 1601 sophiae
650 1514 798 1598 probaret
819 1521 944 1597 praeter
965 1534 1052 1590 eam,
1075 1534 1170 1600 quam
1192 1513 1261 1596 ipse
1284 1521 1481 1598 sequeretur.
1515 1514 1581 1576 Nos
1602 1519 1725 1589 autem,
1748 1535 1826 1599 quo·

497 1612 583 1675 niam
605 1615 713 1672 contra
735 1627 861 1683 omnes,
885 1608 941 1692 qui
962 1606 1009 1643 ’ί
1038 1608 1144 1672 dicere
1167 1627 1248 1692 quae
1270 1608 1420 1671 videntur
1441 1606 1599 1683 solemus,
1629 1627 1692 1672 non
1714 1629 1827 1691 possu-

496 1726 583 1781 mus,
606 1703 686 1789 quin
707 1700 762 1765 alii
784 1721 803 1765 a
825 1702 918 1765 nobis
942 1702 1143 1776 dissentiant,
1165 1721 1330 1765 recusare:
1353 1720 1546 1786 quamquam
1568 1710 1676 1766 nostra
1697 1702 1827 1787 quidem

474 1813 593 1864 scausa
614 1794 715 1861 facilis
738 1804 803 1870 est,
827 1797 881 1880 qui
904 1816 1012 1859 verum
1034 1797 1177 1859 invenire
1200 1795 1270 1858 sine
1292 1795 1355 1858 ulla
1378 1794 1580 1859 contentione
1601 1796 1758 1870 volumus,
1779 1795 1829 1858 id·

497 1913 559 1979 que
581 1910 703 1956 summa
724 1909 800 1953 cura
822 1889 992 1974 studioque
1010 1890 1238 1974 conquirimus.
1267 1889 1334 1951 Etsi
1350 1889 1434 1951 enim
1451 1889 1554 1952 omnis
1568 1890 1706 1973 cognitio
1720 1888 1829 1952 multis

497 1994 546 2051 est
572 1984 734 2049 obstructa
763 1982 1003 2046 difficultatibus
1026 2003 1129 2068 eaque
1152 1991 1200 2046 est
1222 1991 1253 2046 et
1273 1983 1306 2046 in
1329 1982 1409 2064 ipsis
1431 1983 1524 2046 rebus
1547 1982 1722 2047 obscuritas
1744 1990 1776 2045 et
1796 1981 1830 2045 in

495 2078 623 2145 iudiciis
652 2077 771 2140 nostris
799 2072 980 2151 infirmitas,
1011 2084 1046 2139 ut
1070 2097 1136 2139 non
1158 2077 1225 2139 sine
1248 2094 1343 2139 cansa
1365 2075 1577 2159 antiquissimi
1600 2083 1632 2140 et
1654 2075 1830 2140 doctissimi

496 2173 638 2238 invenire
668 2191 702 2235 se
729 2191 824 2254 posse
847 2170 933 2256 quod
957 2180 1110 2254 cuperent
1132 2167 1228 2233 diffisi
1259 2170 1336 2243 sint,
1367 2176 1473 2231 tamen
1495 2170 1623 2234 necilli
1645 2169 1831 2234 defecerunt

460 2283 603 2354 seneque
636 2285 696 2330 nos
728 2265 868 2328 studium
896 2264 1087 2348 exquirendi
1116 2263 1277 2345 defatigati
1307 2263 1539 2347 relinquemus;
1573 2285 1678 2349 neque
1701 2272 1829 2329 nostrae

497 2361 732 2445 disputationes
754 2358 925 2443 quicquam
948 2358 1034 2421 aliud
1056 2364 1156 2439 agunt
1177 2356 1238 2418 nisi
1262 2357 1349 2419 utin
1372 2365 1538 2442 utramque
1553 2368 1676 2442 partem
1691 2358 1828 2424 dicendo

497 2457 626 2522 eliciant
653 2462 684 2518 et
711 2461 871 2537 tamquam
901 2451 1081 2535 exprimant
1107 2449 1244 2534 aliquid,
1275 2450 1362 2534 quod
1385 2458 1441 2514 aut
1461 2471 1572 2517 verum
1595 2456 1636 2517 sit
1657 2461 1712 2517 aut
1733 2452 1773 2517 ad
1794 2452 1829 2516 id

496 2570 592 2637 quarn
614 2547 758 2633 proxime
780 2546 919 2609 accedat.
963 2545 992 2608 8.
1015 2546 1081 2609 Nec
1103 2546 1267 2609 internos
1289 2551 1321 2607 et
1343 2565 1415 2617 eos,
1439 2546 1493 2628 qui
1516 2566 1550 2609 se
1573 2548 1652 2611 scire
1674 2548 1829 2612 arbitran-

495 2652 562 2721 tur,
592 2642 762 2727 quicquam
791 2640 939 2715 interest,
968 2639 1030 2703 nisi
1058 2639 1145 2724 quod
1173 2639 1220 2702 illi
1247 2658 1313 2701 non
1343 2638 1490 2702 dubitant
1512 2641 1589 2723 quin
1612 2662 1650 2707 ea
1670 2662 1746 2708 vera
1768 2643 1829 2706 sint

461 2753 580 2825 requae
602 2734 794 2809 defendunt,
822 2754 881 2797 nos
902 2733 1079 2817 probabilia
1101 2733 1201 2795 multa
1222 2733 1392 2807 habemus,
1424 2752 1506 2816 quae
1528 2737 1620 2818 sequi
1641 2734 1750 2811 facile,
1775 2735 1831 2799 ad·

496 2835 623 2899 firmare
646 2830 700 2895 rix
723 2849 902 2912 possumus.
945 2829 1014 2892 lloc
1036 2835 1142 2890 autem
1165 2826 1331 2889 liberiores
1354 2833 1387 2888 et
1408 2826 1577 2889 solutiores
1592 2848 1720 2903 sumus,
1742 2829 1831 2914 quod

496 2929 621 3012 integra
642 2924 734 2990 nobis
756 2932 805 2988 est
825 2922 987 2988 iudicandi
1010 2930 1164 3006 potestas,
1193 2940 1252 2983 nec
1274 2927 1310 2982 ut
1331 2919 1455 2995 omnia,
1478 2939 1561 3005 quae
1582 2921 1777 3006 praescripta
1799 2930 1832 2984 et

498 3022 590 3108 quasi
613 3021 767 3102 imperata
794 3017 871 3092 sint,
903 3014 1111 3080 defendamus
1141 3013 1329 3077 necessitate
1352 3013 1417 3076 ulla
1439 3013 1590 3096 cogimur.
1632 3016 1711 3079 Nam
1734 3016 1831 3080 ceteri

497 3114 633 3198 primum
657 3118 731 3175 ante
753 3118 903 3175 tenentur
923 3109 1083 3184 adstricti,
1108 3129 1203 3192 quam
1227 3107 1304 3192 quid
1327 3116 1411 3170 esset
1433 3108 1585 3191 optimum
1608 3109 1750 3175 iudicare
1771 3130 1832 3196 po·

460 3214 644 3271 notuerunt:
668 3206 784 3270 deinde
805 3201 1021 3268 infirmissimo
1043 3212 1185 3287 tempore
1207 3201 1320 3265 aetatis
1342 3209 1397 3264 aut
1415 3201 1557 3267 obsecuti
1580 3204 1682 3267 amico
1705 3204 1830 3270 cuidam

498 3310 554 3366 aut
574 3320 639 3365 una
660 3300 812 3376 alicuius,
841 3319 936 3385 quem
960 3300 1095 3382 primum
1119 3298 1302 3371 audierunt,
1332 3295 1475 3360 oratione
1497 3297 1580 3380 capti
1603 3297 1643 3361 de
1665 3298 1760 3362 rebus
1781 3300 1830 3362 in·

498 3395 635 3479 cognitis
656 3392 799 3458 iudicant
820 3401 867 3469 et,
897 3394 937 3457 ad
959 3412 1191 3478 quamcumque
1216 3400 1290 3454 sunt
1310 3390 1509 3475 disciplinam
1531 3396 1622 3478 quasi
1643 3401 1829 3480 tempestate

498 3490 609 3564 delati,
631 3489 671 3552 ad
693 3508 762 3551 eam
783 3496 944 3571 tamquam
965 3486 1005 3549 ad
1031 3504 1142 3549 saxum
1165 3485 1408 3549 adhaerescunt.
1453 3482 1483 3548 9.
1506 3487 1585 3552 Nam
1608 3489 1694 3573 quod
1719 3490 1830 3553 dicunt

499 3583 607 3648 omnia
629 3600 663 3645 se
685 3581 814 3644 credere
837 3581 883 3655 ei,
914 3600 1008 3665 quem
1030 3579 1173 3643 iudicent
1193 3578 1291 3642 luisse
1313 3579 1505 3663 sapientem,
1534 3582 1718 3664 probarem,
1747 3585 1774 3648 si
1795 3583 1829 3647 id

461 3675 605 3760 teipsum
627 3673 722 3738 rudes
745 3681 777 3738 et
798 3672 917 3737 indocti
939 3672 1080 3736 iudicare
1102 3671 1282 3755 potuissent
1296 3708 1337 3718 —
1356 3681 1494 3739 statuere
1516 3676 1616 3752 enim,
1638 3678 1694 3763 qui
1718 3678 1758 3742 sit
1780 3697 1830 3742 sa-

498 3769 607 3854 piens,
635 3766 687 3833 vel
708 3767 846 3831 maxime
867 3765 1082 3830 videturesse
1105 3767 1255 3850 sapientis
1277 3801 1337 3843 -,
1364 3769 1438 3845 sed,
1460 3776 1496 3832 ut
1517 3771 1694 3854 potuerint,
1716 3779 1830 3855 potue·

499 3870 573 3927 runt
599 3862 743 3927 omnibus
770 3862 866 3925 rebus
893 3860 1027 3935 auditis,
1052 3861 1188 3942 cognitis
1210 3863 1304 3926 etiam
1325 3861 1522 3947 reliquorum
1544 3864 1727 3942 sententiis,
1748 3865 1830 3929 iudi·

500 3965 653 4022 caverunt
680 3964 787 4021 autem
814 3976 849 4019 re
873 3954 972 4019 semol
994 3954 1104 4018 audita
1124 3960 1219 4039 atque
1241 3957 1282 4019 ad
1303 3957 1399 4020 unius
1422 3977 1456 4020 se
1478 3959 1697 4023 auctoritatem
1719 3967 1831 4025 contu·

499 4050 614 4116 lerunt
644 4051 708 4115 Sed
729 4051 836 4115 nescio
856 4071 923 4135 quo
946 4050 1040 4113 modo
1061 4048 1206 4134 plerique
1228 4069 1332 4115 errare
1346 4052 1469 4116 malunt
1483 4072 1617 4138 eamque
1630 4054 1830 4132 sententiam,

566 4294 591 4345 3.
609 4305 692 4344 mam
708 4291 752 4355 qui
767 4291 849 4342 ἀίωω
864 4303 929 4354 quoe
943 4289 1108 4351 ίίίάωωνῦς
1126 4303 1210 4341 orum
1226 4291 1383 4355 dicerequae
1399 4291 1456 4342 aliis
1468 4292 1653 4356 ssid.Acorr.;
1671 4294 1732 4346 liln
1744 4306 1828 4360 marg.

500 4367 598 4420 habet:
618 4368 690 4418 nuel:
707 4367 751 4431 qui
766 4367 830 4417 scire
845 4364 892 4416 sibi
907 4366 992 4426 uida,
1009 4365 1128 4417 adicem
1143 4366 1187 4427 qui
1202 4367 1267 4417 scire
1282 4366 1328 4417 sibi
1342 4367 1489 4429 uid.rv0,
1507 4367 1555 4420 sed
1568 4382 1585 4419 v
1596 4370 1654 4420 sine
1670 4370 1731 4431 sibi,
1749 4373 1831 4425 ἀίωω

501 4456 566 4507 quoe
580 4442 697 4492 oideotu·
711 4440 766 4493 Pal.
778 4443 807 4502 ἀς
826 4454 875 4493 nos
892 4441 997 4505 signum
1014 4438 1125 4492 lacunae
1138 4442 1289 4505 posuimus,
1308 4454 1389 4505 quam
1401 4443 1440 4493 sic
1451 4442 1506 4493 tere
1518 4442 1677 4510 explendam
1688 4449 1828 4511 putamus:

500 4531 597 4580 comes,
615 4518 659 4581 qut
674 4530 699 4567 ae
714 4518 779 4568 scire
794 4517 966 4578 ανίίίωωιιν,
984 4516 1065 4567 dicere
1081 4529 1148 4578 quae
1162 4516 1279 4566 uidentur
1294 4516 1406 4566 sommus.
1432 4515 1556 4568 Similiter
1573 4520 1626 4571 iam
1643 4522 1669 4573 in
1685 4521 1745 4574 cod.
1760 4524 1830 4574 Can-

501 4594 570 4647 tabr.
588 4592 683 4646 lacuna
700 4590 822 4657 suppleta
839 4593 897 4642 est:
917 4602 1012 4650 omues,
1031 4589 1074 4652 oui
1090 4590 1153 4641 scire
1168 4589 1347 4653 sibiuideutur,
1365 4592 1446 4642 ἀίωω
1462 4605 1527 4654 quas
1542 4594 1659 4646 uidentur
1672 4597 1786 4649 cobmus.
1799 4622 1827 4634 -

500 4670 526 4723 i.
545 4670 599 4721 alio
614 4668 684 4720 uobis
699 4667 838 4717 dissentiat
854 4664 884 4717 B¹
902 4692 929 4701 —
949 4666 973 4715 a.
990 4665 1073 4728 sociiis
1090 4665 1127 4717 C:
1144 4666 1245 4729 facilior
1261 4667 1282 4716 0
1299 4668 1326 4716 et
1342 4667 1365 4715 V
1382 4667 1408 4716 in
1426 4679 1510 4730 marg.
1530 4695 1558 4706 -
1581 4668 1606 4720 8.
1624 4676 1648 4721 st
1664 4672 1831 4735 antiquissimi

501 4746 522 4796 0
539 4757 602 4796 cunr
623 4745 639 4793 ii
656 4741 735 4793 codd.
752 4741 851 4792 Davisii
869 4767 897 4778 -
920 4740 944 4790 9.
961 4740 1083 4790 inuenere
1100 4735 1131 4789 V¹
1154 4765 1182 4776 —
1207 4740 1293 4805 disiaci
1308 4741 1328 4792 Β
1346 4766 1374 4777 -
1397 4741 1437 4792 tt).
1456 4743 1620 4806 relinquimus
1635 4746 1656 4796 0
1673 4750 1701 4797 et
1716 4747 1732 4798 2
1749 4747 1829 4798 codd.

500 4821 566 4873 Dav.
586 4845 614 4857 -
642 4820 682 4869 tt.
699 4817 738 4868 uti
757 4817 824 4868 inii
847 4842 875 4856 -
901 4816 1004 4866 ἀίωιίάο
1019 4815 1090 4866 VG:
1116 4815 1218 4866 ἀίωίιάο
1240 4821 1264 4865 et
1280 4816 1405 4868 audiendo
1421 4817 1501 4868 aba
1523 4845 1556 4855 -
1582 4820 1622 4871 ⁴2.
1641 4821 1745 4874 uticem
1761 4824 1781 4875 C
1800 4849 1828 4861 -

501 4894 750 4959 lampsaco·
773 4891 1033 4955 suprascriptae
1055 4889 1144 4953 quibu
1159 4895 1183 4941 et
1199 4891 1250 4953 (bec
1265 4893 1287 4942 Α
1305 4890 1354 4941 sed
1370 4892 1386 4941 ἀ
1403 4904 1440 4942 m.
1458 4893 1485 4942 in
1502 4893 1566 4958 ras.)
1583 4896 1656 4957 quast
1673 4898 1709 4960 c,
1734 4899 1760 4949 in
1777 4911 1831 4963 qua

500 4968 615 5022 lectione
632 4966 697 5033 quid
713 4965 794 5018 lateat
809 4967 959 5029 ignoratur,
977 4966 1027 5017 nisi
1044 4965 1071 5016 in
1088 4965 1216 5028 siquibus
1232 4972 1255 5015 et
1271 4967 1345 5027 quasi
1355 4979 1419 5017 vera
1438 4969 1465 5017 et
1481 4966 1545 5019 laisa
1563 4967 1641 5021 lectio
1659 4972 1729 5023 iuxta
1745 4974 1831 5038 posita

500 5048 551 5096 est.
572 5071 600 5082 —
624 5044 663 5095 ts.
682 5042 801 5093 obtimam
817 5043 836 5092 B
856 5066 884 5078 -
906 5042 947 5092 20.
966 5040 1094 5104 οὸωᾳίωίί
1109 5041 1129 5091 Β
1149 5066 1177 5077 -
1201 5042 1301 5091 cuidam
1319 5042 1355 5092 C:
1380 5043 1492 5105 cuipiam
1508 5044 1529 5094 0
1545 5057 1608 5095 cum
1626 5047 1718 5100 lamb.
1739 5050 1831 5100 nescio

500 5134 555 5187 quo
576 5117 702 5185 scrupulo
724 5120 821 5168 motus.
842 5142 869 5153 -
896 5116 939 5167 it.
961 5116 1087 5179 aliquoius
1107 5117 1141 5179 li,
1167 5116 1253 5179 aliquo
1272 5116 1350 5167 cuv
1368 5141 1396 5153 -
1421 5116 1462 5169 al.
1481 5120 1567 5169 macic
1583 5120 1621 5171 C:
1647 5124 1748 5174 omniuo
1764 5124 1787 5172 V
1803 5125 1831 5175 in

499 5209 596 5260 marg,
615 5196 665 5246 (30
684 5220 712 5231 -
735 5206 809 5244 soem
825 5193 883 5243 dere
899 5190 930 5241 V¹
949 5220 976 5230 -
1001 5193 1042 5243 25.
1060 5197 1172 5243 statuere
1192 5193 1296 5242 enimv
1313 5203 1350 5243 m.
1368 5191 1385 5241 Ξ
1405 5193 1431 5243 in
1449 5205 1501 5244 ras.
1519 5194 1601 5246 babet
1619 5219 1648 5233 -
1671 5199 1712 5249 28.
1730 5199 1784 5262 ssd,
1802 5203 1831 5250 ut

495 5272 624 5336 potueriat
635 5296 671 5309 --
681 5269 837 5320 mutulorum
859 5265 1019 5319 Lambinus:
1043 5268 1086 5318 sed
1106 5273 1134 5317 ut
1153 5271 1287 5330 potuemct
1304 5267 1416 5318 omnibu
1436 5268 1510 5319 rebus
1525 5272 1619 5321 αιιάίίίί
1634 5273 1740 5339 cognitis
1754 5274 1831 5324 etiem

498 5348 654 5411 settqcorum
669 5345 794 5395 εωίαιίίίί
809 5345 985 5394 iudicauerunt
1004 5348 1049 5393 cut
1064 5357 1094 5394 ω
1109 5343 1183 5393 sonci
1198 5343 1287 5392 ausim
1302 5344 1427 5394 edusius
1441 5358 1467 5395 se
1484 5349 1659 5400 auctoritatem
1673 5348 1831 5401 coutulerunt

499 5424 530 5475 C.
557 5420 778 5475 Emendationem
801 5418 922 5471 Lambini
945 5420 1009 5471 satis
1026 5418 1141 5468 firmavit
1157 5418 1302 5481 Madvigius
1319 5416 1337 5470 l.
1356 5432 1379 5470 c.
1398 5420 1421 5480 1,
1440 5433 1466 5483 p.
1486 5420 1533 5472 ⁴23
1550 5434 1622 5487 sqq,
1639 5426 1714 5475 recte
1731 5422 1773 5475 ille
1790 5425 1829 5476 sic

498 5495 650 5563 explicans:
671 5495 738 5546 used
756 5494 797 5544 iae
814 5508 862 5546 eos
878 5495 1010 5560 potuisse,
1028 5494 1088 5557 quis
1105 5494 1178 5543 esset
1188 5493 1308 5557 sapiens,
1326 5492 1457 5557 iudicare,
1475 5495 1527 5547 boc
1538 5500 1596 5549 tum
1607 5497 1717 5550 demum
1733 5502 1830 5564 potne-

496 5573 573 5632 sunt,
601 5582 664 5621 cum
686 5582 781 5621 omnes
801 5583 846 5621 res
867 5569 987 5630 auditae,
1014 5569 1134 5632 cognitae
1152 5569 1232 5619 etiam
1254 5568 1417 5633 reliquorum
1434 5574 1582 5624 sententiae
1600 5575 1703 5635 essent;
1730 5573 1829 5624 livero

497 5641 576 5709 longe
596 5644 674 5696 aliter
694 5644 856 5700 indicarunt;
883 5657 945 5696 nam
967 5657 996 5695 re
1014 5642 1099 5695 semel
1115 5642 1204 5695 audita
1221 5645 1249 5695 in
1267 5645 1346 5696 unius
1368 5646 1486 5709 magistri
1506 5646 1590 5699 uerba
1611 5650 1758 5700 iurarunt.»
1790 5649 1829 5699 Ex

497 5717 662 5783 reliquorum
684 5721 786 5771 conatis
807 5732 888 5771 unam
909 5720 1003 5770 Mureti
1026 5720 1221 5780 coniecturam,
1243 5718 1278 5769 de
1296 5732 1348 5783 qua
1366 5721 1418 5771 iam
1435 5726 1509 5773 recte
1525 5723 1651 5775 iudicavit
1666 5724 1696 5775 c.
1715 5723 1743 5774 F.
1760 5723 1829 5774 Her-

498 5806 613 5845 mannus
630 5796 657 5845 tn
673 5794 799 5857 Philologi
816 5794 875 5855 vu,
893 5807 921 5859 p.
933 5792 996 5856 lcii,
1014 5793 1063 5845 scd
1080 5806 1176 5859 parum
1192 5792 1305 5845 feliciter
1321 5807 1419 5846 novam
1436 5797 1492 5862 lpse
1510 5797 1725 5850 emendationem
1740 5799 1829 5848 tenta-

496 5872 547 5930 ult,
571 5868 689 5921 attulisse
710 5870 842 5921 sufficiet:
865 5870 921 5932 sed,
943 5875 973 5919 ut
989 5870 1130 5933 pomerim,
1154 5869 1266 5919 omnibus
1285 5869 1359 5919 rabac
1380 5872 1452 5934 aad,
1475 5886 1547 5940 copo.
1570 5873 1646 5930 etim
1663 5888 1688 5928 r.
1706 5872 1831 5928 ωηίωίίίί

496 5943 1436 6008 ludlowouat,oesresooelaudttccdsssiussscuct.coutulmuti
