4342 7459
806 1238 880 1305 cn».
901 1238 1107 1303 nir-xx.
1136 1235 1183 1322 ss
1201 1237 1350 1306 se-ss.
1678 1233 1737 1308 sss

410 1421 537 1466 causam
559 1420 631 1464 esse
652 1400 693 1464 ad
715 1399 957 1465 adsentiendum
979 1400 1208 1474 necessariam,
1237 1399 1390 1464 concedet
1410 1408 1462 1476 at,
1491 1402 1519 1465 si
1541 1403 1649 1468 omnia
1672 1394 1740 1470 lato

409 1494 494 1569 fiant,
517 1496 623 1559 omnia
645 1494 750 1557 causis
772 1491 851 1556 fiant
871 1493 1133 1557 antecedentibus
1155 1501 1188 1572 et
1209 1495 1417 1571 necessariis;
1438 1496 1577 1582 itemque
1598 1498 1661 1570 illi,
1683 1499 1740 1583 qui

408 1591 449 1655 ab
470 1590 533 1652 boc
555 1588 765 1661 dissentiunt,
793 1584 979 1651 confitentes
1008 1606 1072 1650 non
1102 1584 1169 1650 lieri
1195 1587 1402 1652 adsensiones
1424 1590 1493 1653 sine
1514 1590 1740 1675 praecursione

408 1683 559 1755 visorum,
581 1682 697 1755 dicent,
719 1680 745 1744 si
768 1682 875 1745 omnia
896 1682 961 1746 fato
984 1679 1097 1745 tierent
1119 1681 1298 1756 eiusmodi,
1320 1691 1356 1745 at
1370 1683 1450 1746 nibil
1465 1683 1557 1748 tieret
1572 1685 1633 1747 aisl
1647 1703 1741 1767 prae-

408 1777 572 1860 gressione
594 1795 725 1850 causae,
757 1772 971 1839 confitendum
999 1796 1070 1839 esse
1096 1774 1160 1838 tato
1183 1772 1251 1838 lieri
1274 1776 1398 1839 omnia:
1428 1796 1469 1841 ex
1490 1798 1554 1863 quo
1575 1778 1669 1842 facile
1689 1780 1761 1842 io·s

408 1870 538 1934 tellecta
560 1877 626 1943 est,
649 1871 799 1955 quoniam
822 1870 950 1955 utrique
973 1869 1128 1953 patefacta
1150 1876 1248 1953 atque
1269 1870 1418 1951 explicita
1440 1874 1596 1937 sententia
1618 1891 1675 1936 sna
1697 1872 1738 1936 ad

409 1964 544 2027 eundem
568 1965 689 2027 exitum
711 1963 852 2038 veniant,
880 1964 985 2027 verbis
1007 1983 1078 2037 eos,
1108 1981 1173 2025 non
1196 1983 1230 2027 re
1253 1962 1418 2027 dissidere.
1461 1962 1513 2027 is.
1536 1966 1738 2049 Omninoque

409 2076 479 2120 cum
508 2056 588 2119 baec
616 2058 656 2121 sit
682 2058 859 2133 distinctio,
888 2066 925 2120 ut
949 2057 1140 2142 quibusdam
1167 2058 1202 2121 iu
1224 2058 1318 2122 rebus
1341 2078 1413 2121 sere
1436 2060 1500 2123 dici
1521 2062 1639 2144 possit,
1666 2081 1737 2124 cum

408 2151 468 2213 bae
496 2171 610 2214 causae
639 2160 841 2234 antegressae
869 2151 953 2225 sint,
986 2170 1051 2213 non
1077 2171 1149 2215 esse
1174 2152 1208 2215 in
1236 2160 1346 2215 nostra
1371 2152 1551 2235 potestate,
1584 2154 1660 2237 quin
1682 2152 1737 2216 illa

409 2245 566 2318 eveniant,
589 2266 724 2329 quorum
746 2264 860 2308 causae
882 2244 1011 2320 luerint,
1035 2244 1226 2328 quibusdam
1249 2254 1355 2308 autem
1370 2247 1404 2309 in
1418 2247 1514 2310 rebus
1530 2248 1633 2310 causis
1650 2255 1775 2309 ante-to

409 2339 524 2420 pressis
552 2338 584 2400 ia
614 2346 723 2402 nostm
750 2346 857 2402 tamen
885 2358 956 2402 esse
982 2347 1156 2423 potestate,
1185 2347 1221 2402 ut
1247 2339 1328 2404 illud
1355 2340 1448 2404 aliter
1475 2340 1620 2403 eveniat:
1654 2339 1737 2403 banc

410 2432 644 2496 distinctionem
667 2433 793 2515 utrique
814 2432 1004 2515 adprobant,
1027 2433 1083 2497 sed
1099 2432 1189 2496 alteri
1204 2442 1351 2508 censent,
1367 2435 1483 2518 quibus
1498 2434 1531 2499 in
1546 2434 1652 2510 rebus,
1666 2454 1738 2497 cum

408 2543 523 2587 musae
554 2528 805 2600 antecesserint,
837 2546 900 2590 non
934 2528 974 2590 sit
1004 2528 1038 2591 in
1065 2534 1174 2589 nostra
1203 2535 1357 2609 potestate
1386 2534 1421 2591 ut
1446 2527 1538 2591 aliter
1563 2527 1638 2591 illae
1665 2546 1740 2591 ese·

409 2620 514 2694 aiant,
544 2639 599 2683 eas
620 2620 686 2683 fato
708 2618 793 2695 lieri,
820 2640 902 2704 quae
922 2629 1029 2685 autem
1052 2621 1086 2684 in
1108 2628 1216 2684 nostm
1237 2629 1395 2705 potestate
1416 2622 1495 2696 siut,
1518 2622 1557 2685 ab
1578 2621 1618 2685 iis
1639 2621 1738 2685 latum

408 2713 531 2777 abesse.
556 2711 575 2748 ⁴
596 2710 615 2747 ⁴
637 2712 656 2749 ⁴
1567 2713 1579 2736 '¹
1747 2731 1777 2777 st

492 2808 565 2871 XX.
586 2804 638 2869 lb.
661 2809 730 2872 Hoc
751 2808 845 2873 modo
867 2809 948 2874 banc
970 2829 1097 2875 causam
1120 2809 1291 2893 disceptari
1314 2815 1454 2892 oportet,
1475 2829 1542 2873 non
1563 2810 1604 2873 ab
1624 2808 1748 2873 atomis·

410 2902 587 2966 errantibus
613 2911 645 2965 et
673 2903 712 2967 de
734 2903 786 2966 via
808 2903 1040 2967 declinantibus
1061 2910 1171 2988 petere
1194 2902 1397 2989 praesidium.
1438 2902 1599 2980 Declinst,
1628 2904 1740 2986 inquit,

408 3004 544 3059 atomus.
597 2997 736 3061 Primum
764 3000 847 3060 curi
880 2998 973 3062 aliam
1003 2998 1086 3061 enim
1117 2999 1278 3081 quandam
1308 2998 1371 3059 rim
1399 3004 1505 3061 motus
1532 2996 1692 3062 habebant
1719 3014 1740 3060 a

408 3090 590 3154 Democrito
614 3091 824 3173 inpulsi'ouis,
855 3111 950 3175 quam
973 3091 1100 3174 plagam
1121 3092 1177 3156 ille
1199 3091 1356 3177 appellat,
1383 3096 1472 3166 ate,
1494 3091 1647 3175 ldpicare',
1669 3108 1740 3173 qra-

411 3183 517 3247 sitatis
540 3193 571 3247 et
591 3185 751 3269 ponderis.
788 3184 878 3260 Quae
901 3204 976 3268 ergo
998 3206 1080 3249 nova
1103 3205 1199 3249 causa
1219 3186 1253 3249 in
1275 3191 1389 3249 natura
1411 3194 1475 3262 est,
1498 3204 1580 3270 qaae
1602 3183 1778 3270 declinetis

413 3282 575 3343 atomum?
607 3286 662 3343 aut
689 3297 765 3342 num
788 3280 964 3342 sortiuntur
984 3281 1068 3343 iuter
1089 3300 1141 3355 se,
1170 3300 1252 3364 quae
1275 3278 1431 3356 declinet,
1458 3297 1541 3364 quae
1562 3280 1653 3341 nont
1685 3279 1748 3340 aut·

411 3389 466 3434 cur
494 3370 626 3437 minimo
657 3371 817 3437 declinent
844 3373 1028 3449 intervallo,
1056 3376 1173 3437 maiore
1199 3378 1292 3438 noui
1324 3382 1379 3437 aut
1406 3393 1463 3438 cur
1490 3372 1651 3436 declinent
1676 3389 1742 3435 nno

414 3466 561 3543 minimo,
584 3487 649 3531 noa
672 3469 833 3531 declinent
854 3467 978 3530 duobus
994 3478 1048 3531 aut
1061 3468 1188 3533 tribuet
1218 3468 1337 3552 Optare
1357 3470 1420 3532 boc
1442 3467 1570 3552 quidem
1593 3473 1655 3541 est,
1677 3483 1743 3528 noa

412 3557 582 3642 disputare.
625 3558 677 3624 47.
700 3563 776 3624 Nam
800 3580 904 3646 neque
927 3561 1124 3625 extrinsecus
1146 3564 1303 3647 inpulsam
1324 3571 1465 3626 atomum
1487 3561 1558 3625 loco
1576 3561 1697 3625 moseri
1711 3566 1743 3624 et

413 3654 573 3719 declinare
597 3654 687 3730 dicis,
710 3674 815 3738 neque
838 3655 871 3717 in
892 3654 949 3717 illo
971 3654 1069 3729 inani,
1091 3675 1149 3739 per
1172 3655 1257 3740 quod
1277 3655 1397 3719 teratur
1416 3663 1555 3729 atomus,
1572 3656 1780 3739 quicquamst

414 3748 512 3810 luisse
542 3768 658 3812 causae
685 3768 741 3811 cur
768 3768 805 3811 ea
826 3767 891 3811 non
914 3767 932 3810 s
953 3749 1084 3831 regione
1106 3749 1256 3825 terretur,
1285 3750 1400 3813 necin
1423 3748 1493 3833 ipsa
1514 3758 1620 3813 atomo
1644 3758 1745 3813 muta·

414 3841 512 3904 tionis
534 3843 657 3926 aliquid
680 3842 797 3905 lactum
821 3850 885 3916 est,
916 3862 1011 3926 quam
1030 3842 1071 3905 ob
1093 3863 1161 3906 reru
1183 3843 1359 3908 naturalem
1382 3851 1502 3908 motum
1524 3845 1573 3907 sui
1594 3843 1747 3927 ponderis

413 3954 478 3997 aon
500 3943 631 3998 teneret
676 3935 723 3999 lta
745 3955 815 3999 cum
838 3936 1007 4009 adtulisset
1028 3935 1147 4000 nullam
1170 3956 1314 4013 causam,
1343 3957 1426 4023 quae
1447 3937 1539 4002 istam
1561 3936 1748 4002 declinatio·

414 4049 487 4092 nem
509 4025 665 4104 efficeret,
694 4037 798 4093 lamen
828 4030 950 4114 aliquid
981 4030 1042 4094 sibi
1072 4029 1178 4095 dicere
1205 4031 1347 4107 videtur,
1375 4051 1448 4095 oum
1470 4030 1504 4095 id
1527 4031 1627 4105 dicat,
1657 4019 1748 4115 quod

414 4124 552 4185 omnium
575 4131 697 4187 mentes
719 4133 931 4207 aspernentur
951 4144 988 4187 ac
1008 4133 1168 4206 respuant
1203 4121 1629 4209 testamenmentum
1645 4123 1779 4207 megisto

415 4213 600 4280 confirmare
624 4218 700 4281 mibi
722 4217 849 4281 videtur
869 4238 933 4280 non
955 4217 1051 4281 modo
1074 4218 1189 4294 tatum,
1215 4239 1324 4284 verum
1353 4220 1448 4282 etiam
1472 4221 1690 4282 necessitatem
1714 4226 1748 4283 et

415 4310 478 4372 vim
507 4310 647 4374 omnium
676 4332 781 4375 rerum
811 4312 1044 4396 sustulisseque
1071 4320 1176 4376 motus
1206 4315 1302 4379 animi
1324 4313 1537 4388 voluntarios,
1567 4332 1662 4397 quam
1682 4313 1746 4386 bic,

481 4665 505 4714 t.
524 4666 689 4728 manmit,
706 4666 1023 4730 postcamuubabsto
1042 4692 1068 4704 -
1088 4664 1413 4732 cmoeetss¹-a.sosr
1428 4667 1548 4718 metro
1567 4693 1595 4707 -
1614 4667 1749 4719 &dines

414 4745 480 4793 tium
495 4738 525 4793 Β*
549 4767 576 4779 -
603 4742 627 4794 l.
645 4744 859 4805 proeqressiooem
876 4741 905 4794 B'
932 4767 958 4778 -
983 4744 1007 4793 a.
1025 4742 1210 4793 intemerati
1235 4768 1263 4779 -
1291 4742 1316 4792 6.
1334 4742 1455 4805 quooim
1472 4755 1542 4793 corr.
1560 4744 1587 4795 tn
1602 4757 1661 4794 casm
1678 4743 1699 4793 l'
1717 4770 1745 4782 -

416 4817 544 4879 wplicata
560 4816 605 4865 V0
626 4843 652 4853 —
676 4818 700 4867 i.
719 4820 819 4867 omnino
836 4832 902 4881 quae
917 4832 974 4868 men
990 4819 1034 4868 ΑΒ
1059 4844 1086 4855 -
1111 4818 1136 4868 8.
1152 4821 1233 4881 posset
1250 4816 1272 4864 V
1295 4842 1323 4853 -
1348 4815 1372 4865 e.
1391 4816 1506 4876 imas,
1530 4817 1592 4868 boec
1608 4816 1653 4874 V¹;
1677 4818 1748 4871 bano

416 4891 505 4942 temini
528 4891 640 4942 formam
658 4893 778 4944 Ciceroni
796 4892 922 4956 equidem
940 4892 1058 4943 tribuere
1076 4891 1162 4952 nolui,
1187 4904 1248 4942 cum
1266 4890 1412 4941 Varronem
1431 4891 1465 4941 ita
1482 4904 1580 4956 genera
1598 4892 1748 4945 distinxisse

416 4970 534 5023 constet.
553 4970 581 5015 at
600 4970 760 5017 nominativo
777 4967 884 5032 pluralis
903 4968 1021 5019 leminial
1039 4969 1145 5031 generis
1163 4967 1276 5017 lormam
1293 4966 1353 5026 bae,
1372 4968 1492 5017 neutrius
1508 4967 1569 5019 base
1585 4967 1746 5029 adsignaret.

417 5066 445 5077 -
465 5044 504 5091 tl.
523 5044 609 5092 motat
626 5044 647 5091 V
665 5067 693 5080 -·
712 5044 752 5093 ia.
771 5045 998 5094 antemissas
1017 5070 1044 5080 -
1063 5042 1123 5107 eoo]
1142 5042 1204 5093 bulo
1221 5040 1366 5106 particulae
1382 5043 1420 5090 ita
1436 5047 1464 5091 st
1480 5042 1667 5106 anteponenda
1685 5054 1747 5092 esse

416 5119 443 5166 in
461 5129 542 5179 marg.
562 5116 622 5166 cod.
642 5118 662 5166 V
680 5117 857 5180 significatum
875 5121 930 5178 cst,
957 5130 1026 5181 quae
1048 5130 1110 5167 cum
1132 5118 1160 5167 in
1178 5117 1197 5167 C
1220 5116 1309 5168 desint
1326 5119 1353 5166 et
1370 5118 1496 5168 orationis
1513 5130 1610 5168 aerum
1628 5116 1746 5176 turbent,

417 5205 466 5242 nos
483 5191 632 5255 expulimus
655 5219 682 5229 -
707 5196 756 5242 sint
772 5194 841 5244 a¹s¹
864 5220 891 5230 -
917 5192 957 5243 43.
976 5193 1035 5241 illae
1051 5194 1188 5242 Davisius:
1205 5193 1252 5242 llio
1269 5192 1315 5243 CO
1335 5217 1361 5229 ·-
1388 5190 1428 5243 tl.
1446 5205 1491 5243 eos
1505 5188 1601 5242 ANV:
1620 5203 1652 5241 sa
1668 5188 1698 5239 Βι
1716 5216 1745 5228 -

417 5268 450 5317 ab
465 5269 497 5316 iis
513 5269 554 5318 ΑΒ
572 5281 642 5317 corr.
662 5281 694 5317 ex
711 5268 743 5317 ob
758 5269 793 5329 tr,
818 5268 850 5317 ab
866 5269 904 5317 iis
920 5269 941 5319 0
968 5291 995 5304 -
1022 5271 1112 5316 wiern
1129 5266 1161 5314 V*
1187 5293 1215 5305 -
1242 5268 1282 5317 45.
1301 5270 1363 5331 post
1378 5267 1461 5319 absus
1477 5280 1562 5332 panca
1578 5264 1746 5316 intercidisse

418 5344 561 5394 Lambinus
582 5343 660 5403 vidit,
686 5356 769 5407 quam
791 5343 915 5395 lacunam
937 5342 1035 5393 Alanus
1058 5355 1120 5393 cam
1143 5343 1168 5391 ia
1192 5341 1252 5393 cod.
1272 5341 1426 5404 tiarlelano,
1450 5345 1493 5394 cui
1514 5342 1645 5392 ildes'est
1666 5338 1746 5401 nulia,

418 5416 559 5468 lectionem
585 5418 668 5478 {atam
688 5432 760 5468 omne
779 5420 889 5483 relepari
913 5420 1092 5482 repperisset,
1120 5418 1288 5468 inscitissime
1310 5420 1349 5470 sic
1371 5417 1502 5483 explevit:
1528 5418 1602 5467 oleri
1621 5416 1709 5465 oolam
1729 5429 1748 5466 e

418 5493 489 5543 rebus
508 5495 589 5554 sotum
611 5507 682 5542 omae
703 5495 819 5557 releqori.
845 5520 872 5531 ·-
904 5495 945 5543 lli.
964 5494 1038 5543 obsto
1059 5493 1250 5542 miserantibus
1270 5492 1299 5543 B¹
1327 5521 1353 5531 -
1382 5495 1422 5543 l'i.
1441 5494 1499 5543 tort.
1519 5490 1693 5541 obmontibm
1717 5515 1741 5528 -

419 5568 459 5617 48.
478 5569 544 5617 enlm
562 5581 641 5617 manu
658 5582 713 5620 sec.
732 5568 850 5620 deletum
867 5570 894 5619 in
910 5573 945 5627 Α,
968 5582 1022 5619 om,
1041 5568 1100 5618 cod.
1116 5567 1219 5630 Erlang.
1237 5594 1271 5605 -
1290 5568 1412 5618 tautam
1427 5569 1487 5619 liv:
1510 5566 1633 5617 labem
1649 5565 1697 5616 ΑΟ
1716 5592 1743 5602 -

419 5642 459 5691 te.
477 5644 536 5692 iliae
553 5643 582 5693 lt¹
606 5670 633 5680 -
661 5658 679 5694 a
695 5644 726 5709 te]
744 5644 840 5695 octav
865 5671 892 5682 -
919 5644 1349 5707 eo.quaaoetsnssaumuconi.
1369 5644 1536 5693 Davisius-
1562 5643 1604 5691 tt.
1622 5645 1747 5691 cutm

418 5722 644 5780 (teutmarus.)
662 5724 681 5770 Α
702 5748 727 5757 -
747 5722 787 5771 ii.
806 5726 851 5769 avet
867 5734 915 5770 cru·
930 5734 989 5780 eon,
1007 5718 1056 5769 sed
1073 5731 1124 5767 noe
1140 5719 1246 5782 punctis
1263 5721 1391 5778 notatum,
1410 5719 1429 5770 Β
1449 5744 1476 5755 -
1500 5720 1543 5770 tt.
1561 5719 1617 5780 ipsa
1633 5724 1746 5766 aim

418 5795 537 5843 mutonis
558 5792 598 5852 Ψ,
616 5795 699 5857 ipram
715 5801 826 5844 ammaim
841 5795 987 5844 metationis
1008 5792 1041 5841 Ψ
1067 5821 1095 5831 -
1122 5793 1162 5844 ti.
1181 5792 1221 5842 set
1234 5795 1351 5855 ponderis
1365 5794 1498 5844 ΝΜΟ
1522 5818 1550 5831 -
1576 5792 1618 5844 ie.
1635 5792 1747 5845 student

418 5870 440 5919 Α
465 5891 492 5905 -
520 5868 561 5919 34.
578 5871 675 5933 lactasti
696 5884 765 5921 cerr.
785 5872 811 5921 ln
826 5871 909 5936 {amn
925 5870 945 5922 it
964 5895 992 5909 -
1019 5868 1332 5936 absconsusque&
