4342 7459
440 1220 502 1293 468
727 1235 780 1298 ΒΕ
801 1233 958 1299 FINIBUS
980 1232 1177 1298 BONORUhl
1198 1232 1251 1297 ET
1272 1232 1472 1299 sustollunt

526 1402 612 1466 XIX.
635 1394 685 1465 52.
707 1401 803 1466 Vides
825 1401 921 1485 igitur
942 1410 972 1466 te
994 1410 1049 1465 aut
1071 1423 1109 1464 ea
1125 1423 1265 1477 sumere,
1289 1421 1368 1486 quae
1383 1422 1448 1465 non
1463 1404 1688 1481 concedantur,
1710 1414 1765 1471 aut

443 1518 494 1573 ea,
517 1515 598 1581 quae
620 1496 715 1561 etiam
737 1515 888 1560 concessa
908 1504 940 1559 te
962 1495 1040 1559 nihil
1063 1491 1182 1560 iuvent.
1218 1498 1373 1580 Equidem
1396 1498 1430 1559 in
1444 1498 1588 1561 omnibus
1602 1498 1672 1562 istis
1688 1520 1764 1574 con-

442 1587 637 1657 clus'ionibus
658 1591 719 1653 hoe
741 1599 884 1675 putarem
905 1590 1107 1674 philosophia
1128 1591 1285 1676 nobisque
1307 1592 1453 1674 dignum,
1476 1599 1507 1654 ct
1522 1592 1670 1670 maxime,
1692 1615 1764 1659 cum

442 1706 600 1751 summum
620 1685 738 1748 bonum
762 1703 1003 1766 quaereremus,
1025 1684 1120 1748 vitam
1137 1694 1292 1760 nostram,
1314 1685 1460 1759 consilia,
1483 1685 1677 1764 voluntates,
1699 1708 1763 1752 non

417 1780 537 1843 lverba
559 1778 683 1861 corrigi.
728 1777 808 1852 Quis
831 1778 913 1840 enim
936 1786 1040 1860 potest
1061 1779 1148 1852 istis,
1175 1799 1257 1862 quae
1280 1790 1327 1855 te,
1355 1788 1391 1842 ut
1411 1781 1475 1853 ais,
1498 1779 1671 1855 delectant,
1692 1781 1764 1845 bre-

441 1875 532 1938 vibus
561 1882 593 1937 et
622 1872 723 1935 acutis
751 1872 866 1935 auditis
889 1872 928 1935 de
951 1874 1107 1936 sententia
1130 1873 1302 1937 decederet
1331 1875 1409 1937 Nam
1432 1894 1503 1935 cum
1525 1882 1711 1957 exspectant
1733 1882 1765 1939 et

442 1977 537 2033 avent
557 1966 684 2041 audire,
709 1987 764 2031 cur
785 1967 877 2029 dolor
898 1967 1014 2030 malum
1036 1984 1100 2028 non
1124 1968 1180 2041 sit,
1203 1967 1310 2030 dicunt
1331 1967 1378 2029 illi
1400 1986 1545 2050 asperum
1562 1986 1632 2031 esse
1646 1967 1764 2044 dolere,

441 2061 625 2134 molestum,
656 2059 819 2133 odiosum,
849 2070 958 2124 contra
979 2067 1138 2134 naturam,
1160 2044 1289 2123 difficile
1311 2060 1464 2134 toleratu,
1487 2060 1558 2135 sed,
1581 2063 1656 2144 quia
1678 2062 1765 2126 nulla

442 2155 538 2218 sitin
561 2153 668 2217 dolore
689 2173 748 2216 nec
775 2153 861 2218 fraus
884 2175 943 2217 nee
965 2155 1149 2239 improbitas
1171 2175 1230 2218 nec
1252 2155 1371 2217 malitia
1393 2174 1451 2217 nec
1471 2153 1565 2236 culpa
1585 2175 1645 2217 nec
1666 2157 1765 2239 turpi·

405 2249 537 2322 totudo,
566 2266 630 2310 non
661 2267 731 2309 esse
760 2247 838 2310 illud
863 2249 988 2310 malum.
1032 2248 1118 2311 Haec
1140 2249 1194 2331 qui
1217 2248 1368 2323 audierit,
1397 2256 1434 2310 ut
1454 2248 1557 2312 ridere
1579 2269 1645 2312 non
1667 2260 1764 2326 curet,

443 2341 585 2406 discedet
606 2349 711 2404 tamen
733 2341 833 2404 nihilo
855 2338 973 2405 tirmior
987 2342 1026 2404 ad
1043 2342 1183 2406 dolorem
1198 2341 1362 2406 ferendum
1378 2361 1471 2425 qoam
1486 2352 1626 2406 venerat.
1650 2340 1701 2406 53.
1717 2346 1765 2408 Tu

442 2442 548 2501 autem
578 2454 675 2517 negas
701 2433 814 2498 fortem
845 2454 915 2498 esse
937 2455 1125 2520 quemquam
1154 2456 1262 2518 posse,
1285 2436 1339 2519 qui
1362 2435 1504 2498 dolorem
1526 2436 1642 2499 malum
1663 2446 1764 2520 putet.

444 2530 507 2594 Cur
527 2529 639 2592 fortior
660 2528 717 2602 sit,
747 2529 773 2590 si
795 2528 888 2603 illud,
916 2528 1001 2612 quod
1024 2536 1091 2591 tute
1113 2530 1276 2604 concedis,
1302 2549 1449 2612 asperum
1471 2536 1503 2592 et
1524 2531 1578 2593 rix
1600 2529 1765 2596 ferendum

442 2622 589 2707 putabitl
618 2622 667 2684 Ex
696 2622 790 2685 rebus
818 2622 902 2685 enim
932 2621 1101 2696 timiditas,
1129 2642 1194 2684 non
1216 2644 1256 2685 ex
1277 2623 1440 2686 vocabulis
1461 2626 1611 2687 nascitur.
1646 2626 1686 2687 Et
1707 2626 1764 2701 ais,

405 2734 433 2780 so
443 2717 470 2780 si
499 2735 563 2779 una
592 2715 696 2779 littera
724 2724 880 2778 commota
902 2717 956 2789 sit,
985 2714 1051 2778 lore
1073 2724 1139 2779 tota
1159 2724 1195 2778 ut
1216 2716 1299 2778 labet
1322 2716 1495 2798 disciplina.
1538 2718 1647 2782 Utrum
1669 2719 1765 2800 igitur

442 2810 500 2874 tibi
522 2810 655 2872 litteram
677 2809 789 2874 videor
810 2830 851 2872 an
872 2817 952 2873 totas
975 2810 1104 2892 paginas
1128 2814 1347 2873 commoveret
1373 2812 1412 2873 Ut
1427 2811 1509 2874 enim
1526 2812 1567 2875 sit
1582 2811 1668 2895 apud
1682 2811 1764 2888 illos,

441 2905 474 2968 id
497 2901 583 2988 quod
606 2910 654 2966 est
675 2924 694 2967 a
715 2911 758 2966 te¹
774 2903 953 2977 laudatum,
983 2902 1061 2965 ordo
1089 2922 1195 2966 rerum
1218 2914 1420 2967 conservatus
1442 2913 1475 2967 et
1495 2906 1600 2969 omnia
1626 2907 1709 2970 inter
1730 2926 1764 2970 se

442 3007 515 3084 apta
537 3006 569 3060 et
590 3017 774 3061 conexa-
796 2998 842 3062 sic
863 2997 946 3059 enim
969 2996 1075 3059 aiebas
1098 3030 1155 3070 -,
1179 3006 1282 3059 tamen
1303 3000 1451 3082 persequi
1473 3019 1537 3062 non
1553 2998 1714 3075 debemus,
1736 3002 1764 3064 si

441 3092 569 3158 afalsis
591 3092 754 3176 principiis
777 3091 917 3176 prolecta
940 3099 1118 3174 congruunt
1138 3092 1208 3173 ipsa
1229 3092 1288 3154 sihi
1311 3100 1380 3155 eta
1403 3094 1565 3177 proposito
1588 3112 1652 3155 non
1675 3093 1765 3156 aber-

405 3197 523 3252 strant.
570 3182 623 3249 54.
653 3188 689 3249 ln
718 3187 818 3271 prima
846 3186 942 3269 igitur
968 3186 1193 3248 constitutione
1221 3188 1305 3249 Zeno
1333 3195 1406 3249 tuus
1434 3207 1454 3250 a
1481 3196 1593 3250 natura
1620 3187 1765 3263 recessit:

442 3302 575 3367 cumque
597 3302 753 3345 summum
775 3282 892 3343 honum
915 3282 1073 3362 posuisset
1092 3280 1124 3342 in
1145 3280 1265 3362 ingenii
1280 3282 1484 3363 praestantia,
1507 3303 1602 3365 quam
1617 3283 1765 3346 virtutem

441 3397 607 3452 vocamus,
640 3397 699 3439 nee
733 3378 901 3460 quicquam
929 3374 1017 3437 aliud
1049 3395 1119 3437 esse
1150 3376 1266 3439 bonum
1295 3377 1444 3451 dixisset,
1474 3377 1536 3440 nisi
1568 3375 1655 3460 quod
1683 3383 1766 3439 esset

439 3471 626 3546 honestum,
656 3490 714 3533 nec
736 3472 881 3534 virtutem
904 3488 996 3551 posse
1018 3476 1179 3543 constare,
1206 3470 1232 3531 si
1259 3472 1291 3532 in
1315 3471 1426 3534 ceteris
1451 3471 1544 3534 rebus
1567 3479 1652 3533 esset
1676 3470 1765 3554 quic-

441 3585 545 3651 quam,
568 3565 652 3649 quod
667 3564 753 3628 aliud
768 3564 831 3626 alio
846 3563 959 3626 melius
975 3571 1059 3625 esset
1080 3572 1135 3626 aot
1157 3563 1267 3646 peius:
1288 3563 1339 3626 his
1362 3563 1532 3649 propositis
1555 3563 1655 3627 tenuit
1677 3584 1765 3646 pror-

402 3668 495 3722 assus
517 3658 754 3741 consequentia.
791 3659 887 3719 Recte
910 3658 1005 3719 dicis:
1034 3676 1150 3737 negare
1172 3677 1235 3720 nou
1258 3676 1398 3739 possum.
1442 3657 1504 3720 Sed
1526 3657 1569 3720 ita
1591 3655 1670 3719 falsa
1692 3663 1766 3719 sunt

370 3835 372 3840 .
441 3772 493 3827 ea,
516 3771 598 3834 quae
621 3761 847 3824 consecuntur,
875 3759 911 3813 ut
931 3750 998 3824 illa,
1027 3772 1044 3813 e
1068 3752 1182 3835 quibus
1204 3752 1283 3813 haec
1305 3759 1378 3813 nata
1401 3759 1491 3825 sunt,
1512 3770 1587 3814 vera
1609 3770 1678 3813 esse
1700 3770 1764 3814 non

440 3847 572 3930 possint.
615 3843 667 3909 55.
688 3848 809 3909 Doceat
831 3845 914 3908 enim
937 3865 1011 3919 nos,
1035 3853 1069 3908 ut
1091 3845 1169 3918 scis,
1192 3843 1365 3919 dialectici,
1388 3845 1414 3907 si
1438 3863 1491 3920 ea,
1515 3864 1596 3927 quae
1619 3865 1684 3907 rem
1706 3844 1765 3907 ali·

442 3960 537 4024 quam
559 3948 746 4023 sequantur,
772 3939 851 4003 falsa
874 3940 952 4014 sint,
979 3938 1089 4002 falsam
1119 3940 1204 4002 illam
1228 3940 1329 4021 ipsam
1352 3959 1435 4013 esse,
1467 3958 1559 4024 quam
1583 3946 1764 4021 sequantur.

441 4035 487 4098 lta
510 4032 543 4097 lit
564 4034 618 4098 illa
641 4033 800 4120 conclusio
824 4054 887 4095 non
910 4034 1010 4096 solum
1036 4054 1125 4107 vera,
1149 4032 1203 4095 sed
1228 4034 1271 4095 ita
1294 4034 1474 4115 perspicua,
1500 4040 1533 4095 ut
1551 4031 1707 4096 dialectici
1725 4054 1764 4096 ne

402 4129 595 4193 orationem
618 4128 743 4215 quidem
768 4127 857 4190 reddi
877 4135 990 4211 putent
1011 4136 1174 4211 oportere:
1204 4128 1236 4189 Si
1258 4127 1352 4200 illud,
1376 4127 1451 4202 hoc:
1474 4147 1538 4189 non
1561 4134 1665 4189 autem
1687 4127 1764 4190 hoc:

440 4224 536 4307 igitur
563 4244 603 4287 ne
630 4221 708 4286 illud
737 4223 874 4308 quidem.
920 4222 972 4283 Sic
1001 4222 1269 4304 consequentibus
1292 4222 1405 4284 vestris
1431 4221 1562 4284 sublatis
1585 4222 1684 4303 prima
1707 4220 1765 4283 tol·

439 4318 557 4381 luntur.
601 4317 691 4392 Quae
719 4326 869 4379 secuntur
895 4316 1011 4397 igitur?
1045 4315 1179 4388 Omnes,
1210 4316 1264 4398 qui
1287 4335 1352 4377 non
1374 4316 1437 4377 sint
1459 4315 1635 4397 sapientes,
1662 4333 1763 4397 aeque

440 4411 572 4476 miseros
602 4431 687 4486 esse,
717 4411 876 4492 sapientes
899 4428 1007 4472 omnes
1030 4430 1150 4471 summe
1173 4410 1295 4481 beatos,
1318 4417 1400 4471 recte
1423 4408 1506 4471 saeta
1523 4409 1628 4471 omnia
1650 4426 1765 4491 aequa·

438 4506 498 4581 lia,
527 4507 631 4569 omnia
658 4513 787 4587 peccata
819 4504 916 4586 paria.
960 4503 1049 4578 Quae
1077 4525 1148 4566 cum
1178 4499 1340 4584 magnifice
1363 4503 1463 4586 primo
1486 4502 1549 4564 dici
1570 4502 1763 4578 viderentur,

400 4600 636 4664 ssconsiderata
658 4600 762 4661 minus
784 4599 1007 4680 probabantur.
1054 4599 1173 4660 Sensus
1193 4598 1276 4659 enim
1300 4596 1452 4678 cuiusque
1474 4603 1506 4658 et
1527 4605 1638 4660 natura
1658 4616 1761 4659 rerum

437 4702 531 4778 atque
561 4693 630 4775 ipsa
651 4694 766 4756 veritas
796 4692 948 4755 clamabat
971 4691 1108 4774 quodam
1138 4691 1232 4754 modo
1255 4711 1320 4753 non
1343 4710 1436 4774 posse
1458 4688 1588 4764 adduci,
1618 4696 1654 4753 ut
1681 4691 1764 4752 inter

438 4808 491 4851 eas
512 4809 581 4860 res,
604 4807 685 4869 quas
707 4790 790 4850 Zeno
812 4794 1018 4869 exaequaret,
1040 4786 1119 4847 nihil
1141 4786 1318 4848 interesset.

522 4880 594 4941 XX.
616 4878 667 4942 56.
698 4883 810 4944 Postea
839 4890 912 4943 tuus
939 4880 993 4943 ille
1021 4881 1182 4942 Poenulus
1207 4914 1243 4925 -·
1268 4880 1329 4942 scis
1353 4880 1437 4942 enim
1461 4877 1599 4953 Citieos,
1630 4876 1762 4941 clientes

438 4980 526 5049 tuos,
548 4994 565 5037 e
587 4970 744 5038 Phoenica
767 4974 924 5059 proiectos
947 5010 1002 5047 -,
1026 4974 1120 5037 homo
1142 4974 1237 5057 igitur
1258 4982 1368 5037 acutus
1390 4994 1516 5036 causam
1537 4993 1599 5035 non
1615 4972 1762 5036 obtinens

502 5255 526 5303 4.
544 5264 687 5301 :unomen
699 5257 743 5300 out
765 5266 795 5302 ec
816 5265 869 5301 om.
888 5252 907 5301 E
926 5256 985 5311 tnon
1004 5252 1030 5310 Β)
1057 5278 1082 5287 -
1108 5252 1131 5299 h.
1150 5251 1346 5301 conclusionibus
1367 5251 1419 5299 istis
1442 5250 1476 5309 li,
1499 5249 1553 5299 istis
1568 5248 1764 5299 concitationibus

434 5327 489 5377 istis
506 5327 524 5377 B
539 5354 563 5363 -
585 5324 610 5377 4.
629 5326 765 5388 voluptates
781 5327 800 5376 Β
812 5327 830 5376 Β
846 5354 872 5362 -
892 5328 916 5375 5,
930 5339 994 5387 quoe
1011 5332 1038 5374 tu
1054 5331 1081 5374 ut
1099 5327 1137 5374 eis
1153 5326 1266 5376 breuibus
1282 5327 1403 5375 delectent
1419 5332 1442 5375 st
1454 5327 1534 5374 ocutis
1544 5326 1563 5374 B
1573 5326 1592 5375 C
1603 5326 1622 5375 E
1634 5349 1661 5360 -
1682 5324 1706 5373 6.
1719 5338 1764 5374 sec·

434 5408 544 5466 spectem
555 5403 602 5452 Th.
616 5402 763 5453 Bentleius:
783 5417 812 5451 eo
824 5408 933 5464 spectent
945 5402 1022 5451 codd.
1039 5404 1126 5461 [etiam
1140 5402 1177 5463 Et.
1198 5403 1235 5452 ct.
1250 5415 1304 5450 var.
1319 5400 1378 5451 lect.
1391 5415 1418 5465 p.
1431 5400 1486 5460 464,
1497 5401 1569 5452 43-
1587 5401 1611 5450 7.
1625 5400 1707 5465 event]
1719 5400 1763 5449 be·

435 5478 490 5528 best
506 5476 584 5527 codd.
601 5503 627 5513 -
646 5479 685 5527 40.
700 5478 773 5541 Haec]
791 5478 841 5526 Nec
859 5477 878 5526 B
892 5503 918 5512 -
939 5476 979 5525 43.
993 5479 1117 5542 asperum]
1136 5478 1260 5539 muniri
1276 5477 1305 5526 Β.
1326 5477 1363 5526 Cl.
1379 5490 1404 5540 p.
1419 5476 1475 5535 443,
1489 5476 1530 5526 36.
1546 5502 1572 5512 -
1592 5480 1615 5525 et
1631 5488 1684 5525 om.
1699 5476 1759 5524 Β-

435 5554 475 5603 lb.
492 5553 556 5616 lore]
571 5552 636 5615 {orte
653 5553 701 5603 ΒΒ
716 5580 740 5588 -
762 5552 802 5602 to.
820 5554 906 5601 uideor
921 5553 1032 5601 litteram
1048 5553 1067 5600 Β
1082 5580 1109 5589 -
1131 5552 1170 5603 48.
1184 5551 1312 5601 debeamus
1328 5552 1377 5600 BE
1394 5577 1418 5586 -
1439 5551 1478 5599 49.
1497 5556 1638 5616 conqruunt
1655 5549 1763 5600 Lambi-

434 5642 497 5679 nus:
517 5628 662 5695 eonqrusntr'
679 5627 741 5684 BE:
760 5632 896 5689 conqrucnt
912 5628 1002 5676 ceteri.
1020 5654 1046 5664 -
1065 5628 1106 5675 at.
1119 5628 1144 5675 in
1157 5640 1209 5676 om.
1223 5628 1242 5676 Β
1257 5652 1283 5662 -
1302 5627 1407 5674 uirtutes
1424 5626 1443 5675 Β
1457 5651 1484 5662 -
1503 5626 1544 5675 tt.
1562 5639 1611 5675 csse
1623 5625 1759 5675 bonumB:

433 5701 523 5752 bonum
540 5704 621 5754 esssO
636 5729 662 5739 -
681 5704 722 5752 35.
736 5714 828 5765 seqare
844 5702 904 5750 BG:
924 5714 1016 5764 nepore
1027 5703 1092 5751 cuim
1104 5702 1155 5751 440
1169 5726 1195 5736 -
1214 5701 1256 5751 26.
1274 5701 1320 5749 itio
1336 5700 1356 5763 e]
1374 5700 1415 5749 itte
1431 5700 1450 5749 B
1465 5723 1491 5736 -
1505 5700 1546 5749 28.
1564 5700 1620 5764 sint]
1638 5705 1695 5749 sunt
1713 5700 1761 5749 ΒΕ

436 5802 462 5813 -
477 5777 518 5827 49.
535 5777 572 5842 tit]
588 5779 619 5827 sit
636 5778 684 5828 BE
697 5802 724 5812 -
739 5777 779 5826 30.
797 5777 868 5826 reddi
885 5790 937 5827 om.
951 5778 1000 5826 BE
1015 5804 1040 5812 -
1055 5777 1095 5825 34.
1114 5778 1162 5825 sint
1179 5777 1212 5825 B:
1230 5776 1318 5825 suntO
1333 5802 1357 5811 -
1378 5776 1418 5825 33.
1433 5774 1515 5825 beatos
1532 5776 1594 5826 BE:
1613 5776 1762 5825 molossus

435 5851 485 5901 440
498 5877 524 5887 -
539 5853 579 5902 35.
595 5852 770 5914 probabantur
781 5855 920 5902 Gruterus:
938 5852 1080 5913 probentur
1092 5851 1169 5901 codd.
1184 5852 1241 5902 eto
1256 5877 1282 5887 -
1301 5851 1343 5900 34.
1359 5851 1515 5912 exequoreh
1531 5877 1555 5889 -
1576 5850 1616 5900 38,
1631 5856 1688 5899 tuus
1699 5851 1760 5910 (nou

433 5927 503 5991 cluis)
516 5928 595 5980 ettam
607 5929 627 5982 Β
638 5954 663 5965 -
678 5928 774 5995 Citieos]
786 5929 862 5978 cicun
873 5927 952 5979 codd.
966 5953 991 5965 -
1006 5928 1046 5980 39.
1059 5941 1073 5977 e
1085 5928 1227 5978 htenutius:
1241 5941 1259 5976 o
1270 5926 1348 5978 codd.
1363 5951 1390 5963 ··
1403 5927 1524 5979 mentun
1534 5927 1586 5977 lac.
1598 5924 1756 5977 Gronovius:
