4342 7459
794 1238 861 1303 m.
883 1238 939 1312 na
967 1238 1042 1310 cn.
1065 1239 1190 1306 1-„m
1214 1236 1263 1327 ss
1282 1236 1386 1316 r-s.
1688 1238 1746 1318 ot

416 1403 490 1462 ante
512 1415 608 1480 quam
630 1396 671 1461 de
692 1417 741 1471 re,
764 1417 863 1481 pauca
887 1398 927 1464 de
949 1419 1009 1464 me.
1045 1402 1114 1464 Non
1136 1400 1220 1463 enim
1243 1399 1446 1464 mediocriter
1467 1419 1597 1466 moveor
1614 1400 1751 1468 auctori·

416 1498 479 1554 tate
502 1499 571 1565 tua,
594 1491 706 1568 Balbe,
729 1492 935 1576 orationeque
958 1513 1011 1565 ea,
1034 1513 1117 1578 quae
1140 1514 1191 1558 me
1212 1494 1245 1558 in
1268 1494 1447 1575 perorando
1461 1490 1695 1570 cohortabatur.
1716 1502 1751 1568 ut

417 1584 628 1648 meminissem
651 1606 701 1650 me
723 1593 755 1650 et
777 1584 899 1649 Cottam
922 1607 992 1650 esse
1015 1596 1047 1649 et
1069 1587 1270 1670 pontificem,
1299 1586 1385 1669 quod
1409 1607 1464 1662 eo,
1486 1586 1594 1662 credo,
1616 1588 1750 1662 valebat,

415 1684 450 1739 ut
472 1678 659 1759 opiniones,
687 1699 767 1763 quas
794 1699 813 1741 a
839 1679 1012 1744 maioribus
1042 1682 1221 1764 accepimus
1250 1678 1360 1744 dedis
1387 1679 1621 1756 inmortalibus,
1648 1700 1749 1754 sacra,

415 1773 623 1836 caerimonias
653 1772 888 1856 religionesque
910 1772 1125 1838 defenderem.
1160 1775 1229 1854 Ego
1252 1792 1327 1837 vero
1357 1793 1411 1838 eas
1434 1773 1602 1838 defendam
1623 1785 1774 1858 sempera

415 1886 605 1952 semperque
635 1863 778 1942 defendi,
812 1886 871 1928 nec
901 1887 950 1932 me
973 1887 1013 1929 ex
1036 1888 1074 1930 ea
1096 1867 1267 1954 opinione,
1290 1885 1385 1949 quam
1408 1886 1428 1932 a
1449 1868 1620 1934 maioribus
1642 1868 1751 1950 accepi

415 1958 454 2022 de
477 1959 565 2024 cultu
588 1961 716 2026 deorum
746 1960 979 2033 inmortalium,
1013 1958 1109 2024 ullius
1138 1978 1291 2043 umquam
1318 1964 1420 2024 oratio
1442 1969 1498 2026 aut
1519 1960 1603 2028 docti
1626 1971 1681 2028 aut
1702 1962 1750 2028 ia·

415 2052 499 2116 docti
521 2054 671 2118 movebit.
709 2053 772 2118 Sed
794 2075 866 2116 cum
889 2054 929 2118 de
950 2053 1107 2136 religione
1131 2053 1251 2136 agitur,
1279 2053 1327 2114 Ti.
1351 2052 1601 2130 Coruncanium,
1626 2056 1660 2120 Ρ.
1683 2055 1751 2120 sei-

415 2147 561 2228 pionem,
591 2149 625 2210 P.
648 2147 850 2221 Scaerolam,
881 2146 1051 2230 pontifices
1081 2147 1255 2224 maximos,
1284 2166 1349 2210 non
1378 2148 1539 2211 Zenonem
1560 2156 1616 2214 aut
1637 2148 1751 2216 elean-

415 2240 489 2303 then
512 2250 567 2305 aut
589 2240 802 2326 Chrysippum
825 2261 944 2328 sequor
965 2238 1134 2324 habeoque
1158 2240 1191 2303 C.
1207 2239 1348 2308 Laelium
1370 2260 1526 2323 augurem
1548 2241 1750 2326 eundemque
1759 2254 1787 2308 o

414 2334 604 2417 sapientem,
633 2355 729 2418 quem
759 2335 864 2418 potius
894 2336 1021 2400 audiam
1050 2332 1207 2397 dicentem
1231 2332 1271 2396 de
1297 2332 1507 2415 religionem
1529 2334 1583 2401 illa
1606 2336 1750 2400 oratione

414 2427 513 2491 nobili
547 2448 642 2511 quam
672 2447 865 2512 quemquam
893 2428 1068 2511 principem
1097 2427 1285 2491 Stoicorum.
1334 2425 1478 2518 Cumque
1506 2428 1610 2500 omnis
1638 2427 1750 2514 populi

413 2519 547 2583 Romani
570 2521 682 2606 religio
704 2523 737 2584 in
760 2541 849 2588 sacra
871 2532 903 2585 el
923 2522 957 2586 in
979 2520 1121 2603 auspicia
1144 2519 1247 2586 divisa
1269 2521 1326 2594 sit,
1349 2521 1476 2588 tertium
1498 2523 1682 2598 adiunctum
1697 2521 1750 2598 sit.

414 2614 441 2675 si
463 2613 542 2697 quid
563 2613 790 2698 praedictionis
813 2635 907 2680 causa
929 2636 970 2679 ex
992 2614 1147 2698 portentis
1170 2622 1202 2677 et
1224 2614 1375 2679 monstris
1399 2614 1538 2700 Sibyllae
1560 2615 1750 2698 interpretes

413 2706 637 2791 haruspicesve
659 2717 866 2787 monuomnt,
888 2710 999 2773 barum
1018 2728 1078 2791 ego
1100 2706 1292 2790 religionum
1307 2706 1427 2772 nullam
1443 2728 1594 2793 nmquam
1608 2716 1788 2776 contem-u

413 2800 549 2866 nendam
573 2802 682 2885 potari
704 2801 847 2889 mihique
870 2803 913 2866 ita
935 2802 1097 2886 persuasi,
1119 2799 1286 2866 llomnlum
1309 2801 1477 2888 auspiciis,
1498 2804 1633 2868 Numam
1651 2801 1749 2868 sacris

413 2896 592 2961 constitutis
613 2892 816 2961 fundamenta
839 2898 952 2960 iecisse
973 2904 1101 2962 nostrae
1123 2892 1276 2970 civitatis,
1305 2913 1388 2978 quae
1409 2914 1584 2979 numquam
1606 2893 1748 2979 profecto

413 2988 481 3051 sine
502 3008 624 3055 summa
646 2990 824 3073 placatione
840 2990 972 3053 deorum
995 2988 1209 3053 inmortalium
1232 2995 1318 3060 tanta
1340 3007 1411 3054 esso
1431 2989 1597 3082 potuisset.
1633 2985 1664 3052 6.
1685 2985 1750 3050 lla·

412 3082 484 3156 bes,
506 3081 619 3159 Balbo,
642 3082 719 3165 quid
742 3083 848 3160 Cotta,
871 3084 948 3167 quid
970 3080 1115 3167 pontifex
1138 3081 1274 3148 sentiat:
1296 3080 1347 3148 fac
1368 3101 1452 3147 nunc
1474 3101 1534 3164 eqo
1556 3079 1750 3164 intellegam,

413 3182 446 3237 tu
467 3174 544 3259 quid
567 3175 702 3251 sentias3
725 3196 744 3239 a
766 3183 797 3240 te
819 3178 902 3240 enim
918 3174 1111 3259 philosopho
1126 3175 1282 3238 rationem
1298 3173 1442 3262 accipere
1458 3174 1559 3240 debeo
1575 3174 1786 3260 religionique

412 3268 585 3332 maioribus
615 3276 721 3332 autem
749 3270 864 3334 nostris
887 3271 982 3334 etiam
1005 3269 1094 3331 nulla
1116 3269 1237 3332 ratione
1259 3268 1383 3332 reddita
1406 3267 1545 3334 credere.
1588 3265 1643 3342 Ill.
1666 3267 1747 3340 Tum

411 3362 542 3437 Balbus,
571 3362 674 3439 Quam
697 3362 794 3448 iqitur
814 3383 833 3426 a
854 3384 904 3426 me
927 3364 1099 3437 rationem,
1127 3362 1247 3445 inquit,
1271 3361 1379 3435 Cotta,
1401 3361 1588 3430 desideras?
1620 3359 1660 3426 Et
1680 3359 1747 3436 ille,

412 3453 667 3539 Quadripertita,
689 3457 811 3540 inquit,
833 3456 893 3520 fnit
907 3456 1021 3522 divisio
1039 3465 1106 3529 tua,
1130 3454 1263 3540 primum
1280 3462 1314 3517 ut
1330 3454 1430 3517 velles
1445 3455 1560 3520 docere
1575 3455 1652 3532 deos
1666 3474 1747 3538 esse,

411 3549 525 3612 deinde
547 3549 659 3634 quales
682 3557 805 3625 essent,
829 3558 895 3615 tum
918 3551 1020 3614 abiis
1043 3551 1196 3614 mundum
1217 3550 1301 3632 regi,
1324 3555 1487 3632 postremo
1510 3547 1675 3624 consulere
1690 3568 1746 3612 eos

411 3643 507 3707 rebus
528 3642 686 3707 humanis.
722 3643 826 3719 llaec,
848 3647 875 3708 si
897 3652 982 3708 recte
997 3644 1142 3717 memini,
1164 3642 1291 3726 partitio
1305 3641 1377 3705 fuit.
1409 3642 1623 3718 Rectissume,
1643 3642 1784 3726 inquitas

412 3734 544 3811 Balbus,
573 3737 631 3800 sed
660 3745 813 3819 expecto,
842 3737 919 3822 quid
946 3740 1102 3822 requiras.
1144 3734 1176 3799 7.
1201 3738 1281 3800 Tum
1305 3735 1412 3812 Cotta,
1441 3737 1578 3799 Primum
1600 3735 1745 3822 quidque

411 3829 588 3906 rideamus,
610 3831 734 3916 inquit,
757 3838 788 3894 et
810 3831 837 3894 si
859 3832 891 3896 id
914 3840 963 3896 est
983 3831 1135 3918 primum,
1158 3831 1245 3915 quod
1267 3829 1352 3895 inter
1372 3829 1476 3895 omnis
1497 3828 1559 3896 nisi
1574 3828 1744 3894 admodum

411 3924 527 4007 impios
557 3925 722 4000 convenit,
751 3922 829 3987 mibi
855 3925 984 4009 quidem
1014 3945 1054 3988 ex
1076 3924 1183 3988 animo
1207 3923 1304 3986 eximi
1328 3942 1392 3987 non
1414 3930 1535 4006 potest,
1563 3941 1635 4000 esse
1656 3920 1744 4006 deos,

409 4017 441 4079 id
464 4026 570 4083 tamen
592 4018 712 4100 ipsum,
735 4016 821 4101 quod
844 4019 921 4082 mibi
943 4038 1128 4104 persuasum
1151 4023 1200 4081 est
1219 4015 1406 4080 auctoritate
1428 4015 1602 4102 maiorum,
1623 4036 1680 4079 cur
1699 4016 1744 4084 ita

410 4112 465 4188 sit,
488 4111 569 4175 nibil
591 4119 625 4175 tu
649 4132 699 4174 me
723 4110 830 4174 doces.
868 4109 952 4186 Quid
975 4119 1038 4186 est,
1061 4111 1166 4193 inquit
1187 4111 1317 4184 Balbus,
1345 4110 1371 4173 si
1395 4110 1453 4174 tibi
1477 4129 1662 4193 persuasum
1685 4113 1780 4183 esbus

410 4227 467 4269 cur
488 4225 506 4270 a
529 4226 579 4269 me
602 4205 681 4268 velis
703 4206 852 4269 disceret
876 4209 956 4269 Tum
973 4206 1076 4279 Cotta,
1100 4206 1185 4280 Quia
1200 4208 1243 4269 sic
1259 4204 1441 4286 adgredior,
1462 4204 1584 4287 inquit,
1605 4202 1645 4266 ad
1658 4203 1742 4267 banc

409 4299 673 4382 disputationem,
697 4300 787 4383 quasi
810 4299 889 4362 nibil
911 4319 1063 4381 umquam
1087 4299 1241 4361 audierim
1263 4298 1303 4361 de
1326 4298 1375 4361 dis
1397 4297 1635 4371 inmortalibus,
1661 4295 1742 4359 nibil

409 4394 634 4475 cogitaverim
662 4394 773 4456 rudem
803 4416 853 4456 me
876 4400 908 4455 et
929 4394 1087 4474 integrum
1108 4392 1299 4474 discipulum
1322 4393 1431 4476 accipe
1453 4400 1486 4454 et
1507 4411 1561 4466 ea,
1586 4409 1670 4474 quae
1691 4410 1742 4454 re·

409 4488 519 4571 quiro,
542 4486 631 4551 doce.
668 4484 699 4549 8.
714 4489 772 4550 Dic
786 4488 894 4570 igitur,
914 4487 1035 4570 inquit,
1058 4485 1135 4569 quid
1152 4486 1308 4570 requiras.
1339 4486 1473 4569 Egone?
1495 4485 1634 4568 primum
1649 4484 1741 4561 illud,

473 4880 497 4930 n.
516 4879 667 4929 cerimonias
682 4877 765 4927 ACV
784 4904 811 4913 -
829 4877 1004 4941 rellqionlsqae
1021 4877 1083 4928 ΑΨ
1097 4906 1123 4915 -
1142 4878 1166 4928 8.
1187 4877 1222 4928 fi.
1239 4878 1389 4928 llanutius:
1410 4881 1437 4928 .t.
1455 4875 1532 4936 A²B;
1551 4881 1611 4928 tunc
1627 4878 1664 4937 E;
1683 4892 1738 4932 orn.

407 4956 467 5005 MC
478 4955 509 5003 V.
528 4953 566 5005 Cf.
586 4967 611 5018 p.
631 4953 688 5014 399,
707 4953 746 5001 44.
769 4979 795 4988 -
815 4965 923 5012 quornm
939 4955 1043 5003 cantum
1060 4957 1098 5010 A,
1116 4965 1289 5003 coruncanum
1306 4965 1376 5002 corr.
1395 4964 1449 5002 sec.
1462 4965 1499 5002 m.
1514 4952 1542 5003 ln
1558 4955 1741 5012 conmeantum

407 5029 429 5078 V
450 5056 477 5065 -
497 5029 520 5078 9.
539 5028 666 5078 cleanthen
684 5027 782 5077 ABG:
801 5025 897 5077 abacti
913 5028 949 5083 Ε;
973 5027 1109 5078 cleamhem
1126 5027 1176 5077 VO
1196 5054 1221 5062 -
1243 5029 1282 5077 40.
1301 5039 1323 5077 c.
1342 5026 1445 5076 laelium
1462 5027 1526 5078 BE:
1548 5040 1569 5078 c.
1588 5027 1673 5078 leiim
1688 5024 1738 5087 νὴ

406 5106 503 5156 datum
521 5103 599 5163 AV¹3
618 5102 702 5151 lelium
720 5103 789 5164 (post
805 5100 921 5153 litteram
938 5102 1055 5165 erasnm)
1073 5101 1092 5150 C
1114 5128 1140 5137 -
1160 5103 1200 5152 44.
1219 5103 1249 5151 de
1265 5103 1386 5165 reltptone
1402 5103 1521 5153 dicentem
1538 5102 1599 5152 0-
1617 5104 1741 5169 reteptone

408 5178 437 5229 V*
453 5208 479 5216 -
499 5180 539 5229 48.
558 5182 584 5230 tn
602 5179 663 5227 ante
681 5177 794 5239 amplcta
811 5177 898 5227 omli
919 5204 944 5214 -
964 5177 1058 5239 ospicia
1070 5173 1131 5226 ΑΨ
1147 5202 1173 5212 -
1187 5173 1339 5228 undumtf:
1358 5181 1381 5227 et
1392 5178 1493 5227 tertium
1504 5176 1556 5229 elli.
1570 5205 1598 5216 -
1614 5179 1652 5230 ll.
1666 5193 1741 5230 mon-

405 5256 464 5305 stris
481 5255 515 5315 (tn
534 5266 616 5317 marg.
629 5253 740 5313 monitis)
757 5250 779 5301 V
793 5279 820 5288 -
838 5251 917 5302 attide
933 5251 999 5312 ΑΕ,
1018 5250 1115 5300 emitae
1132 5250 1151 5300 C
1166 5276 1192 5285 -
1214 5251 1253 5301 48.
1271 5251 1512 5314 murmurarem
1531 5254 1739 5316 aunaptceraess

409 5358 435 5368 -
456 5343 501 5394 eqo
518 5329 586 5379 AV:
613 5342 672 5392 erqo
690 5327 777 5377 BCE.
801 5327 877 5377 Conl.
896 5340 922 5377 v.
943 5327 982 5378 49.
1003 5354 1030 5364 -
1049 5326 1147 5375 nullam
1164 5330 1183 5376 Α
1205 5352 1230 5362 -
1258 5326 1299 5376 46.
1318 5326 1447 5389 auspiciis
1463 5328 1501 5386 Α;
1519 5327 1689 5390 hausptctr'sc
1710 5354 1738 5365 -

408 5406 448 5455 l'l.
465 5405 629 5468 (commenta
641 5429 678 5441 --
690 5402 800 5451 medatis
817 5402 842 5451 ln
861 5414 945 5465 marg.
965 5414 1001 5451 m.
1020 5414 1087 5461 sec..
1106 5400 1154 5451 sed
1171 5405 1273 5463 vetere,
1291 5402 1312 5450 Α
1332 5428 1359 5437 -
1381 5402 1421 5452 48.
1436 5400 1627 5463 praemones
1647 5428 1673 5438 -
1691 5415 1740 5464 po-

406 5482 508 5531 comem
525 5478 548 5531 u
568 5506 595 5515 -
614 5477 706 5538 llaher,
727 5476 814 5537 Bothe,
833 5478 894 5538 qaid
905 5502 942 5513 --
953 5490 1020 5526 nanc
1037 5490 1081 5541 epo
1093 5476 1242 5540 intelligam,
1262 5476 1323 5538 quid
1339 5481 1366 5525 lu
1381 5475 1740 5540 semiar--reltps'ontsacct-

405 5570 464 5619 pere
480 5555 567 5616 debeo,
584 5554 722 5604 nntorthus
733 5552 880 5602 --catione
895 5552 1002 5602 rationis
1018 5555 1054 5600 ert
1070 5551 1170 5601 credere
1187 5551 1337 5601 Lactantius
1354 5552 1419 5602 lnst.
1438 5552 1468 5610 ll,
1482 5551 1507 5600 8.
1523 5577 1545 5587 -
1569 5549 1608 5597 49.
1626 5561 1672 5612 eqo
1688 5549 1740 5598 Le-
1772 5605 1780 5612 ¹

408 5631 539 5680 ctantius:
558 5643 617 5693 erpo
633 5628 665 5679 u.
693 5627 731 5677 Cf.
751 5640 777 5675 v.
798 5627 837 5676 48.
859 5652 885 5662 -
905 5626 946 5675 88.
964 5627 1053 5689 inquid
1069 5628 1117 5684 Ar,
1136 5626 1200 5675 ftem
1218 5639 1242 5675 r.
1261 5625 1303 5676 93.
1323 5625 1363 5675 80.
1384 5625 1424 5676 84.
1445 5652 1470 5662 -
1486 5623 1529 5673 2³.
1549 5624 1740 5687 quadripartita

409 5704 461 5753 VO
478 5730 511 5740 -
527 5704 568 5755 rt.
587 5704 619 5752 ab
635 5705 657 5753 ta
676 5703 819 5766 (superscr.
832 5701 855 5761 h)
874 5701 910 5759 B;
936 5700 969 5750 ab
991 5701 1029 5751 hir
1050 5702 1070 5750 Ε
1092 5727 1120 5737 -
1146 5701 1187 5751 86.
1208 5702 1229 5750 Α
1249 5699 1338 5751 verbis
1361 5699 1454 5749 Bathos
1468 5699 1511 5747 scd
1526 5702 1629 5760 sapeco
1646 5711 1738 5750 rorans

409 5778 499 5843 incipit
517 5780 536 5829 P
561 5804 588 5815 -
611 5778 653 5827 87.
671 5783 694 5827 et
710 5778 731 5825 rt
748 5775 788 5827 u:
811 5778 856 5826 etsi
877 5777 906 5828 0.
933 5776 999 5826 Vide
1018 5776 1232 5827 Schoemennum
1256 5775 1323 5825 Dies.
1343 5773 1376 5823 lv
1399 5785 1424 5836 p.
1443 5774 1467 5822 a.
1489 5795 1516 5808 -
1540 5772 1651 5834 primum
1666 5775 1738 5825 ertl’

412 5880 438 5890 -
457 5853 497 5903 28.
516 5852 593 5902 smmi
609 5857 766 5916 anonymus
788 5851 860 5917 apud
882 5853 1032 5904 bensium:
1055 5852 1130 5903 eansrt
1147 5847 1188 5907 a;
1207 5848 1437 5907 aesculanorum
1460 5846 1559 5898 mmo
1578 5871 1606 5885 -
1627 5847 1669 5900 29.
1688 5862 1738 5901 aa·

408 5925 527 5977 ctorttoti
541 5923 582 5977 Ab
