4342 7459
743 1225 813 1290 nn.
834 1225 874 1290 u.
904 1224 980 1290 cn.
1001 1223 1183 1293 n-vm.
1210 1224 1257 1311 §a
1279 1223 1426 1295 u-at.
1688 1223 1753 1295 ror

415 1386 574 1454 dificatam
597 1395 710 1473 putesr
733 1395 856 1452 tantum
877 1408 954 1472 ergo
976 1395 1122 1452 ornatum
1137 1388 1259 1463 mundi,
1281 1394 1399 1453 tantam
1413 1392 1598 1455 venantem
1612 1391 1753 1475 pulchri·

414 1486 622 1570 tudinemque
643 1503 747 1547 rernm
769 1483 971 1557 caelestium,
993 1490 1111 1546 tantam
1129 1484 1192 1548 vim
1212 1493 1244 1548 et
1266 1484 1514 1566 magnitudinem
1537 1488 1631 1550 maris
1653 1495 1751 1572 atque

415 1587 587 1654 terrarum,
610 1580 747 1642 situum
769 1596 806 1639 ac
827 1596 892 1639 non
916 1578 1048 1640 deorum
1070 1577 1286 1641 inmortalium
1303 1578 1498 1642 domicilium
1511 1589 1620 1662 putes,
1643 1601 1751 1646 nonne

413 1675 509 1757 plane
532 1673 680 1755 desipere
701 1672 855 1735 videare?
884 1678 932 1734 An
954 1691 995 1734 ne
1018 1673 1080 1734 hoc
1101 1671 1232 1755 quidem
1254 1671 1484 1755 intellegimus,
1507 1677 1613 1739 omnia
1634 1695 1751 1758 supera

413 1789 485 1834 esse
515 1769 662 1842 meliora,
691 1774 804 1832 terram
835 1776 940 1830 autem
970 1784 1041 1828 esse
1068 1766 1226 1841 infimam,
1255 1787 1351 1851 quam
1379 1769 1595 1833 crassissimus
1617 1769 1773 1833 circum-s

412 1863 526 1927 fundat
547 1866 624 1927 aer?
646 1871 684 1924 ut
705 1862 746 1924 ob
769 1880 838 1924 eam
861 1863 962 1945 ipsam
978 1879 1120 1933 causam,
1144 1860 1343 1943 quodetiam
1358 1861 1548 1944 quibusdam
1567 1862 1749 1945 regionibus

413 1965 511 2041 atque
540 1955 671 2021 urbibus
701 1955 884 2035 contingere
914 1952 1072 2025 videmus,
1104 1953 1266 2017 hebetiora
1294 1960 1330 2017 ut
1351 1956 1415 2017 sint
1435 1956 1598 2018 hominum
1620 1955 1750 2037 ingenia

412 2060 545 2135 propter
559 2049 640 2114 caeli
656 2049 830 2132 pleniorem
846 2055 1006 2121 naturam,
1029 2047 1090 2111 hoc
1104 2049 1190 2111 idem
1205 2047 1315 2129 generi
1330 2047 1470 2111 humano
1485 2049 1638 2123 evenerit,
1660 2049 1748 2131 quod

411 2147 445 2209 in
473 2154 571 2219 terra,
600 2144 663 2206 hoc
689 2149 739 2205 est
767 2144 801 2204 in
831 2144 1025 2205 crassissima
1047 2143 1177 2224 regione
1198 2142 1325 2218 mundi,
1347 2144 1502 2207 conlocati
1525 2144 1599 2206 sint.
1635 2138 1686 2204 l8.
1708 2144 1749 2205 Et

411 2248 519 2304 tamen
547 2259 588 2302 er
609 2239 679 2321 ipsa
701 2236 867 2299 hominum
889 2236 1032 2298 sollertia
1053 2257 1125 2300 esse
1148 2237 1288 2320 aliquam
1312 2245 1449 2301 mentem
1471 2245 1504 2301 et
1525 2258 1595 2302 eam
1617 2237 1785 2321 quidemto

411 2333 566 2398 acriorem
589 2340 621 2396 et
642 2331 781 2395 divinam
803 2330 986 2392 existimare
1009 2329 1172 2394 debemus.
1211 2331 1320 2394 oUnde
1341 2334 1426 2395 enim
1448 2332 1530 2396 hanc
1551 2334 1647 2396 bomo
1669 2333 1749 2396 arri·

412 2432 533 2514 puittn
557 2437 593 2491 ut
614 2426 659 2489 ait
679 2423 764 2507 apud
785 2423 1031 2505 Xenophontem
1055 2426 1212 2488 Socrates.
1245 2425 1331 2502 Quin
1347 2434 1379 2491 et
1394 2446 1536 2490 umorem
1553 2435 1587 2490 et
1599 2427 1748 2502 calorem,

411 2526 468 2610 qui
492 2530 541 2586 est
562 2522 652 2592 lusus
673 2521 707 2582 in
729 2540 877 2602 corpore,
907 2525 940 2581 et
961 2527 1120 2582 terrenam
1142 2520 1244 2602 ipsam
1267 2522 1424 2586 viscerum
1445 2522 1655 2597 soliditatem,
1680 2519 1748 2584 ani-

412 2641 500 2685 mum
516 2617 657 2700 denique
672 2615 762 2678 illum
776 2612 979 2697 spirabilem,
1002 2614 1029 2676 si
1044 2614 1115 2697 quis
1130 2622 1278 2698 quaerat,
1300 2616 1386 2680 unde
1400 2618 1584 2693 habeamus,
1605 2619 1748 2698 apparet,

412 2712 500 2800 quod
523 2710 610 2774 aliud
633 2730 652 2772 a
673 2717 756 2773 terra
778 2710 987 2791 sumpsimus,
1008 2708 1096 2771 aliud
1118 2708 1158 2771 ab
1179 2730 1306 2786 umore,
1329 2712 1415 2775 aliud
1436 2712 1476 2775 ab
1498 2712 1583 2795 igni,
1605 2707 1693 2771 aliud
1707 2707 1785 2774 abst

411 2818 484 2874 altre
506 2825 556 2879 eo,
581 2823 677 2888 quem
699 2804 812 2887 spiritu
834 2802 989 2865 ducimus.
1033 2803 1101 2864 Vll.
1123 2802 1206 2865 Illud
1230 2813 1351 2881 autem,
1374 2806 1461 2890 quod
1476 2805 1574 2870 vincit
1589 2802 1666 2868 baec
1680 2822 1748 2866 om·

412 2906 482 2977 nia,
504 2901 660 2964 rationem
683 2898 756 2961 dico
779 2905 820 2972 et,
842 2899 869 2961 si
891 2897 997 2979 placet
1017 2896 1162 2978 pluribus
1185 2900 1300 2975 verbis,
1322 2910 1472 2975 mentem,
1494 2898 1675 2974 consilium,
1695 2918 1749 2961 co·

413 2997 616 3083 gitationem,
646 2992 863 3075 prudentiam,
893 2990 948 3054 ubi
976 2990 1177 3053 invenimus?
1209 2991 1293 3057 unde
1324 2995 1533 3057 sustulimnst
1566 2995 1614 3055 hu
1642 3000 1749 3057 cetera

411 3090 550 3155 mundus
571 3086 703 3151 habebit
723 3086 845 3160 omnia,
866 3085 928 3147 hoc
950 3105 1062 3158 unum,
1084 3085 1171 3166 quod
1192 3086 1322 3168 plurimi
1346 3096 1408 3163 est,
1432 3106 1496 3151 non
1516 3086 1672 3150 habebitt
1693 3086 1749 3149 ht·

412 3186 468 3270 qui
500 3190 584 3248 certe
617 3180 697 3244 nihil
725 3180 869 3243 omnium
897 3198 1003 3241 rerum
1031 3178 1146 3242 melius
1169 3186 1217 3242 est
1244 3183 1381 3256 mundo,
1414 3181 1495 3244 nibil
1517 3179 1784 3264 praestabilius„

411 3279 490 3344 nibil
512 3275 691 3362 pulchrius,
720 3295 781 3338 nec
803 3274 906 3338 solum
927 3270 1008 3335 nihil
1031 3279 1094 3345 est,
1122 3270 1178 3335 sed
1200 3291 1241 3334 ne
1269 3274 1403 3356 cogitari
1425 3273 1554 3358 quidem
1576 3273 1749 3356 quicquam
1795 3333 1797 3337 .

408 3374 524 3439 melius
549 3378 664 3456 potest.
710 3371 751 3432 Et
781 3371 808 3432 si
836 3369 958 3432 ratione
979 3373 1012 3429 et
1039 3366 1196 3450 sapientia
1216 3367 1297 3430 nibil
1320 3377 1369 3432 est
1390 3371 1518 3444 metius,
1547 3386 1678 3430 necesse
1700 3373 1751 3430 est

410 3466 492 3532 baec
515 3467 623 3529 inesse
642 3464 675 3527 in
691 3483 741 3537 eo,
763 3461 848 3547 quod
865 3462 1019 3544 optimum
1035 3481 1105 3524 esse
1120 3460 1335 3525 concedimus.
1379 3460 1429 3525 ts.
1445 3463 1530 3540 Quid
1546 3463 1641 3525 vernt
1663 3467 1751 3525 taum

403 3578 517 3630 ‚rerum
540 3559 761 3631 consentiens,
784 3557 989 3638 conspirans,
1010 3554 1195 3617 continuata
1216 3557 1362 3637 cognatio
1383 3577 1478 3640 quem
1500 3578 1566 3621 non
1587 3563 1680 3641 coget
1699 3576 1749 3631 ea,

410 3673 493 3739 quae
520 3652 670 3716 dicuntur
697 3670 805 3725 ame,
835 3650 1054 3732 conprobare?
1087 3657 1237 3730 possetne
1261 3670 1327 3713 uno
1350 3660 1493 3734 temporo
1515 3654 1646 3729 florere,
1674 3650 1786 3717 doinst

408 3749 549 3813 vicissim
572 3746 702 3810 horrere
724 3749 835 3809 terrai
857 3753 914 3808 aut
934 3753 982 3808 tot
1002 3744 1098 3805 rebus
1120 3742 1199 3827 ipsis
1214 3764 1248 3807 se
1265 3745 1496 3810 inmutantibus
1511 3747 1587 3811 solis
1600 3764 1749 3810 accessus

410 3844 637 3923 discessusque
659 3839 805 3902 solstitiis
827 3838 1013 3921 brumisque
1035 3839 1202 3919 cognosci,
1224 3846 1280 3902 ant
1298 3848 1405 3904 aestus
1420 3842 1570 3905 maritimi
1582 3840 1750 3904 fretorum-

412 3956 476 4021 que
497 3934 664 4017 angustiae
686 3941 758 3996 ortu
781 3940 836 3995 aut
859 3933 949 3995 obitu
971 3931 1067 3994 lunae
1090 3934 1281 3996 commoveri
1303 3942 1359 3998 aut
1379 3955 1443 3999 una
1464 3936 1564 3999 totius
1578 3933 1658 3999 caeli
1672 3952 1750 3996 con·

410 4030 558 4096 versione
589 4047 701 4090 cursus
729 4033 888 4089 astrorum
918 4025 1063 4107 dispares
1091 4028 1299 4090 conservarit
1328 4028 1416 4092 ilaec
1444 4029 1488 4093 ita
1510 4025 1579 4092 lieri
1602 4027 1749 4091 omnibus

410 4126 494 4188 inter
515 4143 550 4185 se
573 4121 817 4184 concinentibus
841 4120 951 4182 mundi
975 4118 1118 4201 partibus
1140 4119 1286 4201 proiecto
1309 4142 1373 4185 non
1387 4132 1532 4207 possent,
1555 4124 1617 4186 nisi
1633 4142 1670 4186 ea
1685 4142 1787 4189 unoto

410 4219 519 4281 divino
543 4225 575 4277 et
597 4214 780 4277 continuato
803 4215 915 4296 spiritu
940 4215 1188 4276 continerentur.
1226 4212 1276 4278 20.
1300 4219 1404 4300 Atque
1426 4220 1505 4283 baec
1527 4240 1597 4282 cum
1620 4219 1749 4281 uberius

410 4312 611 4394 disputantur
634 4316 665 4370 et
686 4306 802 4381 fusius,
825 4315 860 4370 ut
882 4306 958 4370 mihi
977 4316 1026 4371 est
1047 4309 1080 4369 in
1096 4309 1203 4370 animo
1219 4308 1338 4385 facere,
1360 4311 1485 4377 facilius
1500 4315 1750 4395 effugiunthca·

411 4405 606 4468 demicorum
629 4401 838 4477 calumniam3
863 4423 934 4464 cum
957 4410 1079 4475 autem,
1103 4410 1137 4464 ut
1154 4405 1239 4464 Zeno
1262 4404 1397 4479 solebat,
1420 4407 1548 4471 brevius
1571 4406 1749 4489 angustius-

409 4519 471 4582 que
494 4496 742 4569 concluduntur,
766 4504 831 4558 tum
854 4498 1013 4578 apertiora
1035 4505 1110 4559 sunt
1132 4496 1172 4559 ad
1189 4499 1499 4578 reprehendendum.
1532 4503 1610 4565 Nam
1626 4510 1662 4565 ut
1676 4520 1749 4585 pro-

409 4595 511 4656 tluens
541 4593 642 4654 amnis
671 4599 727 4654 aut
748 4592 802 4653 vix
825 4601 879 4653 aut
900 4590 990 4653 nullo
1013 4590 1123 4664 modo,
1149 4592 1299 4654 conclusa
1322 4602 1427 4656 autem
1450 4614 1534 4677 aqua
1555 4596 1648 4660 iacile
1670 4612 1785 4661 con-tt

410 4688 580 4771 rumpitur,
603 4687 649 4749 sic
671 4686 823 4749 orationis
845 4684 974 4749 flumine
996 4685 1237 4767 reprehensoris
1253 4689 1390 4751 convitia
1406 4688 1580 4764 diluuntur,
1602 4693 1749 4774 angustia

409 4790 515 4845 autem
538 4780 705 4844 conclusae
728 4781 879 4842 orationis
903 4800 966 4843 non
993 4779 1085 4842 lacile
1109 4801 1143 4843 se
1166 4782 1236 4863 ipsa
1257 4790 1385 4845 tutatur.
1423 4783 1508 4846 ilaec
1532 4785 1634 4860 enim,
1664 4805 1748 4868 quae

409 4875 582 4939 dilatantur
603 4894 622 4936 a
645 4874 751 4949 nobis,
783 4877 868 4937 Zeno
891 4875 936 4937 sic
958 4875 1139 4956 premebat:
1174 4876 1255 4940 Vlll.
1278 4873 1330 4939 21.
1354 4876 1467 4953 «Quod
1493 4878 1618 4942 ratione
1640 4880 1746 4955 utitur,

475 5183 499 5231 4.
518 5194 578 5243 0000
596 5180 635 5232 a:
655 5180 733 5245 [uero]
752 5182 772 5231 0
793 5208 819 5217 -
845 5181 869 5231 3.
885 5188 958 5244 pates
975 5195 1044 5232 corr.
1064 5196 1097 5233 ex
1112 5189 1181 5246 potes
1197 5184 1219 5232 V
1238 5211 1266 5222 -
1287 5183 1311 5236 4.
1330 5197 1424 5247 supero
1440 5198 1510 5237 corr.
1529 5199 1561 5236 er
1578 5199 1659 5249 supra
1675 5187 1697 5235 V
1716 5214 1744 5225 -

408 5258 433 5309 9.
451 5260 501 5307 sint
517 5270 587 5306 corr,
606 5271 639 5307 er
656 5264 713 5306 sunt
731 5259 780 5307 ΑΒ
800 5283 826 5292 -
847 5259 887 5307 44.
909 5260 1072 5308 0040440000
1088 5261 1110 5308 Α
1128 5285 1156 5295 -
1176 5260 1216 5309 ta.
1236 5273 1348 5310 umorem
1364 5261 1391 5311 b.
1407 5259 1424 5311 l.
1438 5266 1473 5322 Α,
1491 5264 1519 5311 04
1535 5262 1602 5313 intra
1619 5275 1681 5313 cum
1699 5276 1746 5314 ce-

408 5334 472 5383 teris
492 5333 603 5382 tumore.
626 5360 652 5368 -
676 5332 717 5383 44.
736 5333 876 5394 spiritalem
893 5333 922 5383 B¹
942 5362 968 5370 -
994 5334 1129 5383 babeamus
1146 5336 1183 5385 E:
1210 5336 1327 5385 babemus
1342 5337 1511 5388 ARCPVO
1531 5364 1556 5376 -
1580 5341 1687 5399 0000004
1704 5337 1745 5398 (ex

409 5410 584 5468 correctione)
608 5407 674 5457 RV:
702 5413 826 5470 opporect
847 5411 897 5461 tc
910 5411 958 5460 ΕΡ
981 5437 1014 5447 -
1037 5412 1076 5460 ts.
1096 5413 1153 5475 4000
1174 5412 1194 5461 Ε
1214 5436 1241 5446 -
1266 5412 1306 5461 46.
1326 5424 1400 5473 quem
1415 5414 1532 5476 004044ωο
1551 5413 1656 5463 dicimus
1672 5409 1695 5463 a
1715 5438 1742 5448 -

409 5484 450 5534 t8.
471 5496 505 5532 00
522 5484 643 5533 cenot}
667 5509 691 5520 -
713 5484 753 5533 49.
773 5485 879 5545 plurimi
898 5484 962 5534 cod.
982 5483 1178 5547 Glogaviensis:
1203 5486 1344 5547 04004000οι
1368 5483 1391 5538 a
1413 5513 1440 5524 -
1460 5488 1500 5538 rt.
1519 5500 1550 5537 oc
1565 5485 1681 5550 00044004]
1698 5499 1745 5536 00-

407 5560 503 5623 gotiari
519 5556 550 5607 A¹
560 5560 595 5617 P;
613 5560 725 5607 00004004
743 5554 788 5617 B¹;
807 5574 851 5610 nec
869 5562 977 5623 00044004
994 5554 1064 5610 a²ss²
1074 5562 1123 5611 (ΣΕ
1141 5564 1168 5611 04
1186 5562 1220 5621 (40
1238 5562 1339 5623 rasura)
1357 5561 1380 5611 V
1393 5587 1420 5598 -
1440 5561 1481 5614 rt.
1499 5562 1615 5625 00000440
1633 5559 1743 5622 (litterae

409 5646 579 5697 asuperscr.
598 5647 634 5683 m.
653 5647 709 5683 sec.
729 5635 749 5695 4)
768 5636 790 5682 V
809 5663 836 5672 -
855 5641 928 5699 00004
946 5637 983 5695 (04
1000 5636 1026 5685 40
1044 5648 1096 5686 ras.
1117 5648 1154 5686 m.
1173 5649 1229 5685 sec.
1247 5638 1315 5698 rec.)
1332 5639 1366 5693 tt;
1385 5644 1459 5701 00004
1477 5637 1619 5701 (superscr.
1633 5637 1656 5698 e)
1673 5638 1692 5687 B
1713 5662 1740 5673 -

408 5710 449 5759 444.
469 5710 555 5759 deinde
578 5710 628 5759 EO
652 5735 680 5745 -
704 5710 744 5759 ut.
763 5712 866 5761 solstitio
884 5714 1026 5775 [superscr.
1045 5711 1124 5772 ttatV
1147 5738 1174 5748 -
1200 5710 1240 5760 3³.
1260 5711 1383 5774 0000004440
1399 5725 1471 5775 quon
1487 5710 1517 5761 B¹
1535 5737 1562 5748 -
1582 5711 1623 5762 at.
1641 5712 1744 5763 000040-

408 5785 513 5835 4400400
530 5784 584 5845 (litt.
603 5786 613 5833 4
630 5787 771 5849 expuncta)
789 5791 809 5836 A
827 5814 853 5823 -
871 5788 1087 5849 rcpmmdondum
1098 5789 1133 5849 s,
1150 5787 1395 5849 repraehendcndum
1411 5788 1449 5848 B,
1466 5787 1665 5849 reprendendum
1678 5788 1698 5837 V
1712 5814 1738 5827 -

405 5863 534 5925 00044οσ00
555 5866 703 5925 (superscr.
723 5875 759 5911 m.
778 5875 834 5913 sec.
851 5865 977 5927 00000004
994 5863 1017 5912 V
1036 5890 1063 5899 —
1083 5863 1124 5914 36.
1142 5865 1298 5926 reprensoris
1313 5864 1422 5921 ACV¹;
1444 5862 1645 5926 00000040000040
1661 5862 1694 5913 Vt
1711 5889 1738 5901 —

407 5936 519 5987 00004440
529 5937 668 5988 Daunius:
686 5938 751 5988 04440
763 5934 786 5991 ‘tt
800 5963 824 5974 -
846 5937 887 5990 37.
901 5940 1017 5991 coactum
1034 5940 1053 5991 C
1068 5965 1096 5977 -
1115 5938 1156 5991 38.
1170 5942 1252 5992 044400
1261 5941 1289 5992 40
1299 5942 1326 5992 u
1338 5940 1543 6008 (praepositione
1554 5941 1695 6008 expuncta)
1708 5941 1739 5995 V.
