4342 7459
434 1211 497 1288 602
967 1223 1073 1287 CATO
1094 1223 1226 1287 uttan

435 1416 478 1433 -
499 1384 589 1448 abest
609 1385 693 1448 cuim
716 1404 779 1448 nou
803 1385 896 1467 louge
917 1404 936 1447 a
957 1404 1009 1447 me
1023 1416 1065 1431 -
1079 1383 1229 1446 admirari
1252 1384 1328 1447 satis
1350 1402 1415 1447 non
1438 1403 1566 1465 possum
1588 1384 1640 1448 vel
1657 1382 1767 1453 bami-

384 1486 387 1492 '
434 1479 485 1542 nis
506 1479 606 1562 ipsius
628 1480 853 1542 continentiam
877 1479 927 1541 vel
949 1488 1124 1559 temporum
1148 1477 1356 1559 disciplinam.
1399 1475 1451 1539 56.
1475 1477 1570 1542 Curio
1592 1480 1633 1543 ad
1654 1479 1764 1545 focum

436 1572 558 1635 sedenti
581 1592 727 1655 magnum
755 1573 824 1635 suri
850 1572 975 1654 pondus
998 1571 1156 1634 Samnites
1178 1592 1249 1635 cum
1272 1572 1465 1646 attulissent,
1493 1572 1654 1655 repudiati
1677 1582 1766 1638 mut.

435 1666 506 1727 Non
528 1667 612 1729 enim
634 1686 747 1728 aurum
768 1667 886 1729 babere
908 1666 1103 1748 praeclarum
1127 1662 1187 1727 sibi
1209 1662 1311 1726 videri
1333 1665 1428 1739 dixit,
1455 1666 1512 1729 sed
1535 1668 1597 1742 eis,
1627 1669 1684 1751 qui
1706 1668 1767 1733 ba·

412 1758 547 1822 suerent
564 1779 688 1833 aurum,
710 1761 877 1841 imperare.
912 1760 1080 1822 Poteratne
1103 1765 1210 1820 tantus
1230 1758 1354 1820 animus
1370 1758 1496 1822 efficere
1510 1779 1576 1823 nou
1593 1761 1766 1831 iucundam

435 1856 653 1916 senectutem?
692 1853 755 1915 Sed
779 1853 873 1917 venio
896 1851 936 1914 ad
958 1851 1131 1933 agricolas,
1152 1872 1194 1915 ne
1215 1870 1234 1913 a
1257 1871 1306 1913 me
1329 1852 1399 1933 ipso
1421 1852 1577 1916 recedam.
1621 1856 1657 1918 ln
1679 1857 1766 1939 agris

436 1953 525 2010 erant
547 1954 613 2010 tum
635 1955 815 2020 senatores,
836 1946 870 2009 id
893 1955 942 2010 est
963 1965 1071 2019 senes,
1094 1947 1121 2009 si
1144 1944 1273 2029 quidem
1296 1947 1397 2009 aranti
1421 1948 1456 2009 L.
1472 1946 1623 2022 Quinctio
1637 1949 1766 2014 Cincin·

435 2048 510 2105 nato
533 2040 710 2105 nuntiatum
734 2049 782 2104 est
810 2061 883 2104 eum
905 2041 1091 2103 dictatorem
1113 2060 1185 2103 esse
1207 2038 1347 2102 iactum:
1376 2041 1468 2104 cuius
1491 2042 1654 2106 dictatoris
1675 2045 1767 2110 iussu

435 2134 587 2216 magister
614 2135 756 2218 equitum
785 2135 819 2198 C.
842 2135 994 2198 Servilius
1016 2133 1116 2197 Abala
1145 2135 1199 2215 Sp.
1222 2132 1370 2214 Maelium
1403 2154 1533 2217 regnum
1560 2136 1766 2218 adpetentem

398 2235 626 2309 reoccupatum
647 2229 816 2292 interemit.
849 2227 966 2291 Avilla
987 2230 1020 2290 in
1043 2235 1187 2290 senatum
1210 2228 1430 2290 arcessebatur
1444 2236 1475 2291 et
1492 2228 1605 2293 Curius
1621 2239 1653 2294 et
1668 2234 1766 2297 ceteri

437 2341 547 2396 senes,
567 2342 618 2385 -ex
638 2342 702 2406 quo
724 2322 779 2407 qui
802 2342 857 2386 eos
879 2322 1080 2384 arcessebant
1101 2322 1238 2384 viatores
1260 2321 1413 2386 nominati
1436 2331 1519 2385 suut.
1563 2326 1646 2387 Num
1668 2326 1768 2408 igitur

435 2416 549 2478 borum
572 2425 720 2480 senectus
742 2412 932 2478 miserabilis
953 2415 1023 2488 tuit,
1046 2416 1104 2498 qui
1127 2434 1161 2477 se
1183 2415 1250 2496 agri
1272 2414 1415 2477 cultione
1437 2416 1657 2480 oblectabant?
1694 2420 1767 2483 bles

437 2510 568 2593 quidem
598 2510 756 2573 sententia
781 2509 865 2572 haud
895 2510 959 2572 ecio
981 2529 1022 2571 an
1045 2509 1131 2572 nulla
1154 2509 1275 2570 beatior
1295 2509 1395 2590 possit
1418 2530 1504 2584 esse,
1533 2530 1638 2595 neque
1659 2512 1767 2576 solum

437 2602 560 2677 cilicio,
591 2603 678 2687 quod
707 2603 871 2666 bominum
902 2604 1008 2685 generi
1039 2603 1189 2665 universo
1220 2601 1343 2664 cultura
1368 2622 1514 2685 agromm
1537 2613 1585 2668 est
1605 2606 1768 2682 salutaris,

400 2696 493 2761 vinu
516 2705 548 2761 et
569 2698 795 2770 delectatione,
825 2717 919 2780 quam
945 2696 1029 2771 diri,
1059 2705 1092 2759 et
1112 2696 1278 2759 saturitate
1307 2697 1463 2778 copiaque
1486 2716 1589 2761 rerum
1610 2702 1768 2776 omnium,

437 2811 520 2874 quaa
542 2790 583 2855 ad
606 2792 723 2854 victum
745 2790 928 2864 bominum,
951 2790 990 2853 ad
1013 2789 1135 2853 cultum
1157 2789 1253 2851 etiam
1276 2786 1406 2851 deorum
1428 2791 1596 2871 pertinent,
1618 2801 1663 2867 ut,
1686 2813 1769 2877 quo·

439 2885 526 2948 niam
547 2886 626 2949 baec
648 2884 778 2968 quidam
801 2884 993 2958 desiderant,
1017 2883 1049 2945 in
1073 2883 1204 2965 gratiam
1226 2883 1288 2944 iam
1312 2902 1381 2946 cum
1403 2884 1567 2966 voluptate
1589 2887 1768 2952 redeamus.

439 2977 571 3063 Semper
593 2979 677 3042 euim
699 2979 775 3041 boni
798 2978 982 3063 assiduique
1005 2976 1125 3040 domini
1148 2975 1262 3038 reiecta
1277 2977 1357 3040 cella
1372 2977 1506 3050 maaria,
1524 2980 1656 3055 olearia,
1673 2982 1768 3046 etism

437 3073 567 3156 penaria
589 3080 638 3135 est
657 3071 798 3154 villaque
821 3080 886 3134 tota
910 3071 1052 3151 locuples
1075 3078 1141 3144 est;
1164 3068 1307 3132 abundat
1320 3090 1429 3152 porco,
1452 3071 1566 3147 haedo,
1588 3093 1680 3156 agno,
1701 3076 1770 3157 gal-

398 3166 518 3239 salins,
541 3167 635 3240 lacte,
658 3184 768 3240 caseo,
790 3165 894 3227 melle.
939 3165 1003 3226 lam
1026 3164 1152 3226 bortum
1176 3163 1235 3245 ipsi
1258 3164 1417 3245 agricolae
1440 3165 1612 3230 succidiam
1634 3167 1768 3231 altemm

437 3260 608 3343 appellant.
652 3258 837 3323 conditiora
867 3258 943 3322 iacit
971 3259 1050 3321 baec
1076 3258 1320 3339 supervacaneis
1348 3259 1442 3321 etiam
1465 3260 1573 3340 operis
1596 3263 1768 3343 aucupium

436 3362 532 3439 alque
554 3355 692 3417 venatio.
736 3352 787 3417 57.
811 3352 895 3428 Quid
920 3352 959 3416 de
982 3361 1143 3435 pratorum
1166 3349 1322 3414 viriditate
1351 3362 1406 3415 aut
1431 3354 1578 3416 arborum
1601 3353 1769 3417 ordinibus

437 3458 492 3513 aut
512 3450 675 3514 vinearum
698 3449 925 3512 olivetorumve
948 3448 1053 3530 specie
1076 3447 1168 3530 plura
1190 3446 1317 3508 dicaml
1353 3449 1446 3510 Brevi
1468 3447 1668 3527 praecidam:
1692 3467 1769 3531 agro

437 3543 519 3606 bene
549 3543 634 3606 culto
666 3542 744 3604 nibil
771 3550 876 3623 potest
905 3561 975 3604 esse
1004 3560 1063 3604 nec
1093 3562 1151 3603 usu
1174 3541 1303 3603 uberius
1326 3561 1386 3604 uec
1408 3541 1514 3622 specie
1535 3543 1697 3618 ornatius,
1727 3542 1768 3605 ad

399 3644 534 3720 atquem
556 3635 725 3699 fruendum
747 3655 811 3697 non
837 3635 931 3697 modo
954 3655 1018 3697 non
1040 3635 1188 3708 retardat,
1211 3654 1320 3697 verum
1344 3636 1438 3698 etiam
1461 3637 1573 3699 invitat
1594 3646 1691 3720 atque
1713 3636 1770 3700 ad·

438 3730 532 3793 lectat
553 3738 707 3792 senectus.
746 3729 802 3790 Ubi
825 3729 909 3790 enim
931 3736 1035 3810 potest
1057 3727 1111 3791 illa
1133 3738 1220 3791 aetas
1242 3738 1298 3793 aut
1319 3730 1477 3792 calescere
1500 3730 1551 3792 vel
1573 3732 1770 3813 apricatione

439 3823 552 3886 melius
580 3822 630 3884 vel
659 3823 724 3904 igni
752 3831 807 3885 aut
830 3823 969 3885 vicissim
992 3822 1112 3885 umbris
1134 3824 1264 3905 aquisve
1286 3823 1462 3905 refrigerari
1485 3825 1672 3887 salubrius?
1716 3823 1770 3889 58.

439 3916 582 3979 Habeant
602 3916 698 3999 igitur
718 3912 779 3979 sibi
802 3934 905 3988 arma,
928 3916 988 3978 sibi
1011 3935 1128 3997 equos,
1151 3916 1211 3978 sibi
1234 3917 1355 3991 basias,
1379 3918 1441 3980 sibi
1463 3918 1584 3981 clavam
1607 3926 1640 3981 et
1662 3918 1769 4001 pilam,

504 4197 528 4246 ἰ.
546 4197 618 4247 istius
641 4198 658 4246 Β
686 4222 710 4231 -
740 4197 877 4258 Curioqui
894 4197 927 4255 S;
956 4196 1216 4257 Curia-·irnperure
1236 4192 1393 4244 scholiastes
1411 4194 1539 4245 luvenalis
1561 4197 1665 4255 utne.
1690 4224 1718 4233 -
1744 4200 1769 4250 3.

437 4272 534 4335 pondus
551 4273 645 4320 auriti
666 4299 692 4308 -
716 4271 857 4321 obtulissent
874 4270 958 4322 scbol.
972 4273 1063 4321 iuven.
1084 4297 1110 4305 -
1136 4270 1159 4320 i.
1179 4271 1220 4319 sed
1236 4270 1273 4318 bis
1290 4269 1309 4317 R
1329 4295 1356 4304 -
1376 4271 1399 4318 5.
1420 4270 1515 4332 efficere
1531 4285 1581 4319 non
1598 4271 1698 4322 lilPS:
1721 4287 1772 4323 non

437 4348 533 4412 efficere
551 4348 620 4398 utto
642 4374 666 4382 -
692 4347 715 4397 6.
735 4348 864 4410 apriculas
882 4349 899 4397 B
922 4375 947 4383 -
971 4348 995 4396 7.
1015 4353 1073 4395 tunc
1090 4348 1200 4395 crantlt
1222 4372 1246 4379 -
1271 4346 1353 4394 urenti
1371 4346 1389 4394 B
1407 4372 1440 4381 —
1460 4347 1555 4407 quintio
1573 4344 1614 4395 vel
1632 4348 1771 4408 quincioC

440 4447 466 4456 —
481 4423 603 4471 cicinnato
616 4424 632 4471 S
647 4449 673 4460 -
693 4423 717 4473 8.
731 4437 781 4472 esse
798 4424 922 4472 dictumlt
939 4450 964 4458 -
984 4422 1008 4471 9.
1021 4423 1096 4484 patus
1113 4422 1122 4469 l
1142 4448 1168 4455 -
1189 4419 1290 4467 obuiam
1308 4421 1370 4468 P-
1387 4421 1501 4480 spurium
1519 4421 1576 4469 lits
1596 4446 1622 4455 -
1642 4420 1773 4472 miliuml]

442 4522 468 4532 -
483 4498 522 4547 to.
536 4498 707 4547 arcessebatur
725 4499 849 4548 BElPS:
870 4497 1042 4547 accersebatur
1060 4497 1089 4555 lt,
1107 4494 1299 4544 accersebantur
1312 4494 1326 4542 3
1340 4494 1392 4543 mei
1406 4493 1482 4551 dett..
1501 4494 1693 4543 arcessebantur
1708 4496 1771 4545 0-

440 4573 480 4623 tt.
494 4573 707 4623 accnuoanttttt
727 4599 753 4610 —
775 4575 948 4633 uictatoresP,
967 4572 1051 4622 sedet
1063 4573 1204 4634 punctulus
1226 4595 1251 4602 —
1275 4582 1384 4617 namn
1397 4568 1551 4617 oblectabant
1568 4571 1667 4620 Nonius
1685 4584 1711 4635 p.
1724 4571 1774 4622 l88

440 4674 472 4684 —
492 4649 595 4710 tatuit
612 4663 665 4699 om.
680 4650 778 4698 Nouius
798 4676 824 4683 -
844 4648 1030 4697 oblectabantur
1049 4647 1066 4693 E
1088 4671 1114 4680 -
1136 4644 1175 4692 43.
1189 4644 1251 4691 baut
1269 4644 1340 4692 BER
1361 4670 1386 4678 -
1406 4658 1440 4692 an
1452 4644 1523 4692 nulla
1536 4644 1652 4694 Ernesti:
1673 4659 1707 4694 un
1719 4647 1774 4696 ulla

441 4723 487 4772 CO
505 4748 533 4757 -
553 4725 592 4772 lb.
611 4724 652 4772 sed
669 4723 751 4771 deteot.
773 4723 792 4772 E
810 4725 837 4771 et
854 4721 920 4771 Gud.
940 4727 1002 4784 (non
1015 4724 1078 4770 item
1093 4723 1118 4779 Ρ)
1138 4746 1163 4754 -
1185 4733 1262 4780 quam
1279 4717 1363 4769 Ochi:
1383 4721 1470 4780 quac
1492 4745 1519 4755 -
1541 4720 1580 4769 t‘t.
1600 4718 1702 4778 quidem
1720 4721 1730 4770 l
1745 4747 1772 4757 -

441 4796 481 4847 ts.
499 4797 583 4846 dornni
599 4798 616 4846 S
635 4824 661 4833 -
690 4798 730 4847 ta.
747 4799 849 4860 [maria
865 4800 935 4847 estB
957 4826 981 4833 -
1009 4798 1051 4844 20.
1071 4801 1154 4845 orturn
1171 4796 1247 4851 lPlt;
1267 4795 1320 4842 iarn
1337 4796 1589 4844 ortum--alteram
1606 4800 1700 4843 uocatu
1716 4796 1775 4858 (sic)

440 4874 539 4923 Nouius
558 4886 583 4936 p.
595 4873 651 4931 tio,
665 4872 697 4922 33
716 4898 742 4907 -
763 4874 803 4923 tt.
822 4874 1018 4933 superuacaneis
1037 4874 1071 4920 P:
1091 4871 1272 4933 superuacanei
1290 4871 1341 4919 mei
1360 4867 1416 4918 rell.
1431 4873 1457 4919 et
1470 4870 1499 4919 0.
1521 4870 1637 4919 «Vereor
1653 4873 1682 4919 ut
1700 4875 1775 4922 recte

441 4946 545 4996 dicatur
564 4947 745 5008 supervacanei
767 4949 842 4996 etiarn
865 4949 962 5008 operis;
991 4960 1053 4996 nam
1077 4948 1215 5007 aucupium
1235 4947 1414 5006 supervacanei
1439 4946 1520 5006 operis
1546 4957 1598 4994 non
1621 4944 1777 5008 intelligitur

440 5023 563 5072 universe
581 5035 661 5071 omne
679 5024 832 5085 aucupium,
851 5022 921 5084 quod
940 5035 1049 5085 semper
1065 5032 1297 5084 supervacaneum
1314 5034 1382 5082 opus
1400 5020 1510 5079 lrabeat,
1528 5019 1577 5069 sed
1589 5019 1615 5068 id
1628 5023 1777 5084 aucupiam

441 5096 476 5157 (id
494 5098 551 5146 eius
568 5099 659 5159 genus)
677 5097 750 5160 quod
767 5110 999 5160 supervacaneum
1016 5111 1083 5160 opus
1103 5096 1217 5148 habenis
1245 5109 1295 5144 nec
1314 5095 1339 5144 id
1358 5096 1444 5159 ipsum
1463 5098 1568 5144 rectum
1586 5098 1641 5152 est,
1667 5095 1777 5158 adiungi

441 5174 510 5223 banc
528 5177 663 5235 tamquam
681 5172 889 5236 descriptionem
907 5173 1021 5235 aucupii,
1041 5184 1125 5232 quum
1144 5171 1211 5219 haec
1229 5170 1316 5233 potius
1333 5171 1463 5218 sententia
1477 5172 1522 5227 stt,
1536 5170 1634 5218 ceteris
1645 5168 1776 5232 operibus

442 5248 599 5298 necessariis
616 5248 721 5310 adiungi
740 5251 867 5311 tunquam
885 5259 1084 5310 supervacanea
1104 5249 1130 5295 et
1148 5249 1237 5294 temen
1255 5245 1350 5293 afferre
1369 5244 1466 5308 aliquid
1484 5246 1628 5307 aucupium
1647 5247 1674 5292 et
1692 5257 1777 5293 vene-

441 5326 550 5374 tioncm.
585 5324 690 5372 ltectius
712 5323 789 5385 igitur
812 5324 836 5371 in
862 5325 892 5381 Ρ,
918 5321 1033 5371 Palatino
1052 5322 1152 5384 primo,
1177 5321 1276 5383 optimo
1294 5321 1410 5376 Graevii,
1434 5318 1558 5368 scribitur
1575 5317 1692 5368 ablativo
1709 5331 1776 5369 casu

439 5399 633 5461 supervacaneis
649 5398 742 5458 operis,
766 5397 837 5458 quod
856 5396 1000 5447 Lambinus
1023 5408 1130 5458 quoque
1154 5395 1179 5442 iu
1203 5395 1259 5442 suis
1281 5392 1355 5443 libris
1379 5397 1477 5455 reperit
1500 5399 1526 5444 et
1544 5394 1668 5457 probavit
1685 5398 1726 5450 et,
1752 5396 1776 5445 si

442 5476 568 5524 Graevius
586 5486 679 5523 verum
697 5472 773 5529 dictt,
798 5474 827 5521 C.
843 5473 966 5535 bangius,
992 5472 1104 5521 tortasse
1129 5472 1153 5519 tn
1173 5468 1255 5518 attera
1274 5469 1415 5519 editione.»
1442 5471 1550 5518 Mnnvrc.
1579 5494 1605 5503 -
1636 5468 1678 5517 2³.
1694 5472 1776 5530 ptura

441 5549 571 5599 butus:
590 5562 644 5598 om.
663 5548 709 5599 no
728 5574 754 5583 -
775 5548 882 5596 breuiter
900 5549 941 5597 BS
962 5574 987 5582 -
1004 5547 1152 5609 praecidam
1171 5547 1231 5594 ER:
1249 5547 1397 5606 praedicans
1415 5546 1493 5595 utus
1512 5570 1538 5579 -
1559 5543 1599 5593 tt.
1613 5544 1725 5604 meent>
1745 5569 1774 5580 -

441 5629 469 5673 at
485 5637 554 5673 corr.
574 5636 628 5673 rec.
648 5625 673 5673 in
689 5625 725 5672 ad
743 5624 760 5671 P
780 5650 807 5658 -
827 5624 861 5671 od
877 5637 997 5684 quem--
1010 5624 1118 5671 adiectas
1135 5625 1244 5668 senectus
1265 5621 1363 5669 Nonius
1383 5621 1459 5683 pili,
1471 5621 1502 5670 26
1523 5647 1548 5656 —
1572 5621 1613 5669 25.
1632 5632 1683 5668 non
1700 5619 1775 5668 modo

441 5700 557 5747 retardat
574 5699 651 5748 codd.
671 5701 745 5749 Nonii
767 5726 791 5734 -
811 5712 861 5747 non
878 5700 956 5746 sotum
973 5712 1023 5747 non
1042 5699 1059 5746 E
1081 5724 1107 5731 -
1127 5697 1167 5745 iti.
1186 5695 1235 5757 not]
1248 5696 1296 5743 Sed
1308 5696 1340 5742 ibi
1360 5696 1387 5754 E,
1407 5695 1454 5744 scd
1473 5709 1505 5744 ex
1523 5708 1592 5745 corr.
1608 5707 1643 5743 m.
1658 5697 1772 5750 recent:

442 5774 484 5822 ubi
501 5775 609 5823 enimn
626 5777 677 5838 ipni
695 5776 794 5824 Nonius
812 5789 838 5838 p.
850 5774 959 5835 tento.
988 5801 1013 5808 —
1041 5777 1086 5821 aut
1105 5774 1123 5821 lt
1142 5775 1168 5820 ct
1186 5771 1299 5820 Nonius:
1325 5783 1403 5831 oeque
1421 5771 1477 5829 ΕΡ,
1501 5782 1578 5830 aeque
1595 5774 1640 5818 aut
1663 5769 1724 5818 ets
1744 5795 1772 5805 -

442 5849 480 5897 nel
497 5853 557 5899 aute
575 5851 654 5912 aprio.
674 5864 726 5900 om.
741 5852 839 5900 Nonius
859 5875 885 5884 -
912 5850 952 5898 ii.
971 5850 1080 5897 uicissim
1092 5847 1287 5910 --refriperari
1306 5847 1440 5895 Charisius
1458 5859 1483 5909 p.
1498 5845 1545 5895 iil
1563 5844 1591 5893 ll.
1614 5871 1641 5881 -
1666 5844 1775 5909 reimpe-

441 5936 502 5975 rars
518 5926 536 5974 Ρ
554 5951 587 5963 -
603 5926 644 5976 28.
662 5924 768 5976 babeant
785 5926 863 5990 nitur
878 5924 925 5974 sibi
942 5925 1003 5975 BP:
1022 5923 1068 5974 sibi
1084 5922 1192 5974 babeant
1209 5924 1287 5986 initur
1303 5923 1428 5988 [illiso
1449 5947 1476 5958 —
1493 5921 1547 5985 pila
1564 5921 1611 5972 Bi.
