4342 7459
446 1232 509 1299 360
777 1232 1099 1300 TUSCULANARUII
1119 1234 1453 1302 DISPU'IATIONIIII

447 1395 538 1470 dent,
569 1415 640 1458 cum
668 1395 702 1458 in
730 1414 788 1459 sua
809 1414 884 1459 rura
904 1401 1075 1459 venerunt:
1107 1415 1186 1479 qnos
1208 1403 1314 1461 tamen
1335 1397 1448 1481 pnngit
1468 1396 1604 1481 aliquid,
1627 1417 1699 1462 cum
1720 1397 1778 1461 illa

446 1490 532 1552 unde
560 1490 697 1553 babeant
724 1490 942 1553 recordantur.
979 1489 1054 1552 Dies
1085 1487 1226 1565 deficiat,
1256 1489 1283 1553 si
1306 1490 1401 1553 velim
1430 1492 1625 1574 paupertatis
1646 1509 1776 1555 causam

447 1582 635 1657 detendere3
658 1592 766 1667 aperta
788 1584 872 1647 enim
894 1603 946 1646 res
968 1588 1017 1646 est
1037 1589 1069 1646 et
1086 1582 1201 1648 cotidie
1216 1603 1275 1648 nos
1289 1584 1359 1666 ipsa
1373 1591 1484 1647 natura
1498 1584 1657 1660 admonet,
1679 1604 1775 1669 quam

446 1676 551 1759 parvis
573 1677 667 1741 rebus
689 1684 794 1759 egeat,
815 1697 912 1759 quam
934 1678 1060 1741 vilibus.

422 1788 438 1833 s
530 1771 677 1835 XXXVI.
699 1768 770 1833 loe.
798 1773 880 1834 Num
902 1772 999 1854 igitur
1018 1770 1201 1855 ignobilitas
1222 1777 1278 1834 aut
1298 1770 1457 1836 humilitas
1479 1780 1535 1837 eut
1555 1773 1648 1836 etlam
1671 1791 1776 1855 popu-

445 1860 520 1929 laris
543 1866 677 1929 oll'eusio
699 1867 875 1949 sapientem
897 1866 1024 1929 beatum
1046 1886 1117 1929 esse
1139 1866 1341 1948 prohibebit?
1363 1867 1443 1930 Vide
1465 1887 1506 1930 ne
1549 1867 1599 1930 lus
1614 1886 1776 1931 commen-

446 1961 532 2024 datio
561 1958 595 2021 in
624 1961 737 2042 vulgus
767 1968 799 2023 et
827 1960 906 2023 baec
935 1979 1018 2043 quae
1047 1961 1207 2043 expetitur
1232 1960 1333 2043 gloria
1355 1960 1518 2024 molestiae
1540 1959 1656 2024 hebeat
1676 1980 1775 2043 quam

445 2054 628 2137 voluptatis.
662 2053 830 2117 Leviculus
853 2072 929 2116 sane
947 2060 1057 2117 noster
1070 2054 1316 2130 Demosthenes,
1338 2054 1392 2139 qui
1407 2054 1464 2117 illo
1479 2073 1608 2118 susurro
1623 2052 1776 2119 delectari

446 2170 481 2212 se
504 2147 629 2212 dicebat
650 2167 765 2232 aquam
785 2147 917 2211 ferentis
937 2147 1157 2222 mulierculae,
1186 2156 1222 2211 ut
1242 2167 1311 2211 mos
1333 2148 1366 2210 in
1388 2148 1520 2212 Graecia
1542 2155 1604 2225 est,
1632 2149 1777 2214 insusur-

408 2242 605 2325 curantisque
626 2241 734 2305 alteri:
760 2241 843 2304 cIIic
858 2249 907 2304 est
929 2242 982 2305 ille
996 2230 1275 2305 Demostheneslu
1300 2241 1384 2317 Quid
1404 2242 1466 2306 boc
1481 2241 1603 2307 leviusl
1625 2249 1658 2306 at
1673 2262 1777 2326 quam
1884 2286 1887 2291 -

444 2345 495 2400 tus
521 2336 645 2399 oratori
685 2333 747 2398 Sed
775 2332 859 2417 apud
888 2335 966 2398 alios
989 2335 1077 2418 loqui
1100 2332 1249 2399 videlicet
1269 2336 1437 2411 didicerat,
1463 2356 1529 2401 non
1550 2335 1683 2400 multum
1705 2336 1776 2419 ipse

444 2450 563 2494 secum.
600 2425 671 2491 llll.
693 2429 944 2511 Intellegendum
966 2436 1015 2493 est
1035 2429 1131 2512 igitur
1152 2450 1211 2492 nec
1233 2429 1365 2512 gloriam
1387 2423 1571 2514 popularem
1593 2430 1695 2514 ipsam
1717 2449 1776 2513 per

445 2543 515 2586 sese
537 2524 746 2606 expetendam
768 2543 827 2586 nec
848 2523 1078 2605 ignobilitatem
1094 2518 1370 2588 extimescendam.
1407 2526 1506 2588 oVeni
1526 2524 1701 2598 Athenaeus
1726 2525 1776 2588 in-

444 2620 512 2705 quit
532 2619 744 2694 Democritus,
768 2637 896 2701 cneque
919 2637 969 2680 me
985 2618 1154 2702 quisquam
1173 2618 1218 2681 ihi
1233 2618 1417 2700 adgnovit.»
1443 2618 1647 2683 Constantem
1669 2618 1776 2682 horni-

406 2732 434 2778 tu
444 2732 516 2774 nem
546 2717 579 2775 et
605 2731 746 2793 gravem,
781 2712 837 2796 qui
865 2710 1019 2793 glorietur
1039 2731 1058 2773 a
1080 2712 1180 2794 gloria
1201 2732 1236 2775 se
1258 2711 1387 2776 aluisse.
1433 2714 1481 2775 An
1503 2712 1651 2778 tibicines
1673 2713 1774 2797 iique,

445 2806 500 2891 qui
528 2802 641 2868 fidibus
663 2813 809 2881 utuntur,
832 2826 904 2882 suo,
926 2826 991 2867 non
1013 2805 1224 2870 multitudinis
1246 2806 1393 2882 arbitrio,
1424 2815 1534 2870 cantus
1561 2826 1775 2891 numerosque

443 2902 663 2974 moderantur,
686 2901 733 2963 vir
753 2900 881 2983 sapiens
903 2900 1002 2962 multo
1024 2908 1091 2963 arte
1114 2900 1235 2964 maiore
1255 2902 1435 2983 praeditus,
1458 2921 1522 2964 uon
1545 2901 1622 2983 quid
1644 2901 1775 2965 verissi-

444 3016 530 3058 mum
552 2994 608 3069 sit,
630 2994 685 3057 sed
708 2994 784 3077 quid
807 2993 882 3057 velit
902 2994 1032 3077 vulgus,
1055 2995 1223 3077 exquiret?
1251 2995 1299 3056 An
1322 2995 1493 3079 quicquam
1514 2994 1642 3058 stultius
1665 3013 1775 3078 quam,

443 3109 523 3171 quos
546 3074 687 3171 siuguios
710 3090 792 3151 sicut
813 3088 975 3171 operarios
997 3089 1216 3172 barbarosque
1231 3096 1425 3160 contemnas,
1448 3108 1504 3152 eos
1518 3088 1640 3172 aliquid
1661 3097 1775 3173 putare

405 3202 513 3249 soesse
537 3182 724 3246 universos?
747 3181 804 3245 Ille
827 3202 901 3246 vero
924 3189 1048 3245 nostras
1070 3183 1261 3245 ambitiones
1283 3182 1489 3267 levitatesque
1512 3191 1694 3248 contemnet
1715 3185 1775 3250 bo·

442 3297 601 3360 noresque
623 3276 736 3359 populi
759 3278 853 3340 etiam
875 3277 959 3339 ultro
982 3276 1104 3339 delatos
1125 3274 1321 3359 repudiabit:
1344 3297 1403 3340 nos
1420 3284 1525 3340 autem
1541 3297 1597 3340 eos
1611 3279 1775 3344 nescimus

441 3379 515 3435 ante
538 3391 633 3454 quam
655 3372 817 3453 paenitere
840 3372 944 3453 coepit
965 3377 1176 3433 contemnere.
1213 3365 1283 3432 ⁴05.
1306 3371 1363 3433 Est
1378 3369 1463 3454 apud
1479 3371 1675 3437 Heraclitum
1691 3374 1774 3459 phy·

441 3467 540 3531 sicum
562 3466 602 3527 de
625 3466 766 3549 principe
787 3466 998 3548 Ephesiorum
1019 3464 1235 3527 Hermodoro:
1265 3466 1429 3529 universos
1455 3466 1498 3529 ait
1520 3464 1677 3548 Ephesios
1700 3488 1772 3534 esse

441 3568 541 3623 morte
564 3559 759 3633 multandos,
782 3558 882 3641 quod,
905 3579 976 3621 cum
991 3559 1115 3621 civitate
1133 3557 1330 3641 expellerent
1344 3559 1593 3634 Hermodorum,
1615 3559 1659 3658 ita
1675 3560 1774 3627 locuti

402 3654 520 3720 assint:
552 3654 675 3714 «Nemo
698 3653 738 3715 de
760 3653 852 3715 nohis
875 3673 957 3715 unus
979 3653 1134 3728 excellat;
1163 3653 1209 3715 siu
1234 3653 1305 3735 quis
1327 3653 1484 3727 extiterit,
1506 3653 1570 3717 alio
1592 3654 1625 3717 in
1647 3652 1716 3719 loco
1739 3663 1774 3721 et

439 3747 524 3829 apud
546 3744 626 3808 alios
649 3747 716 3808 sits
751 3747 800 3808 An
822 3746 884 3808 boc
904 3766 969 3809 non
992 3747 1036 3809 ita
1058 3743 1094 3809 lit
1108 3746 1195 3809 omni
1214 3746 1247 3808 in
1269 3746 1409 3830 populo?
1432 3765 1539 3810 nonne
1561 3767 1690 3813 omnem
1713 3770 1771 3814 ex·

440 3839 652 3922 superantium
675 3840 799 3903 virtutis
821 3840 981 3904 oderunt?
1004 3840 1112 3915 Qutut
1134 3840 1288 3904 Aristides
1310 3876 1351 3888 -
1367 3838 1448 3904 malo
1472 3842 1556 3904 enim
1576 3842 1772 3908 Graecorum

440 3954 532 4018 quem
556 3939 663 3996 nostra
685 3933 824 4017 prolerre
846 3968 887 3981 —
903 3955 1008 3997 nonne
1030 3934 1071 3997 ob
1094 3954 1162 3997 eam
1179 3954 1305 3997 causam
1321 3935 1472 4017 expulsus
1488 3943 1537 3999 est
1553 3937 1664 4020 patria,
1681 3937 1773 4022 quod

438 4036 563 4112 praeter
591 4028 720 4090 modum
749 4028 850 4092 iustus
879 4031 985 4091 esset‘l
1019 4028 1153 4104 Quantis
1181 4028 1276 4110 igitur
1297 4029 1450 4093 molestiis
1473 4036 1586 4093 vacant
1608 4031 1664 4114 qui
1687 4032 1770 4096 nihil

400 4123 568 4189 eoomnino
595 4143 666 4185 cum
696 4123 815 4206 populo
845 4123 1054 4186 contrabuntl
1088 4123 1164 4207 quid
1187 4130 1235 4185 est
1256 4124 1339 4185 enim
1363 4124 1487 4188 dulcius
1510 4125 1575 4188 otio
1607 4125 1772 4191 litterato?

438 4218 477 4282 iis
499 4217 571 4280 dico
602 4218 727 4291 litteris,
758 4218 872 4300 quibus
899 4218 1084 4280 intinitatem
1106 4238 1211 4280 rerum
1234 4224 1328 4298 atque
1352 4224 1483 4282 naturae
1507 4226 1539 4281 et
1560 4219 1593 4280 in
1614 4219 1676 4283 hoc
1697 4222 1770 4304 ipso

438 4312 556 4375 mundo
580 4311 716 4384 caelum,
739 4318 853 4384 terras,
878 4312 975 4375 maria
997 4312 1228 4393 cognoscimus.

522 4405 682 4468 XXXVII.
707 4400 776 4466 tou.
801 4404 988 4488 Contempto
1018 4406 1115 4488 igitur
1144 4405 1282 4480 bonore,
1313 4413 1494 4489 contempta
1516 4410 1610 4472 etiam
1634 4409 1772 4492 pecunia

438 4500 514 4582 quid
537 4499 725 4582 relinquitur
746 4501 831 4584 quod
855 4500 1124 4563 extimescendum
1147 4500 1211 4562 sitt
1233 4500 1386 4576 Exilium,
1409 4501 1515 4577 credo,
1539 4504 1625 4587 quod
1647 4504 1682 4567 in
1705 4525 1773 4569 ma·

399 4591 543 4660 esxumis
566 4592 656 4656 malis
679 4591 814 4656 ducitur.
848 4594 883 4655 Id
906 4595 934 4657 si
955 4601 1084 4679 propter
1105 4593 1242 4657 alienam
1264 4602 1296 4657 et
1317 4596 1470 4658 offensam
1492 4596 1602 4681 populi
1623 4597 1771 4663 volunta·

502 4959 527 5008 2.
546 4958 644 5020 desem
661 4958 724 5007 GB:
743 4957 837 5020 deficiet
853 4957 916 5016 Ii0,
941 4956 990 5007 ede
1008 4970 1060 5021 que
1079 4956 1176 5008 laxiore
1194 4960 1221 5008 et
1238 4957 1361 5009 liberiore
1380 4959 1602 5011 condicionullum
1619 4963 1770 5014 sententie-

438 5044 498 5083 rum
516 5031 599 5082 torma
618 5031 651 5081 cl.
669 5031 772 5094 Madvig
789 5031 824 5081 ad
841 5033 894 5082 Flu.
913 5033 954 5089 ΙΙΙ,
967 5034 1008 5083 vo.
1032 5035 1148 5083 Gramm.
1168 5033 1182 5095 s
1199 5034 1257 5095 ele,
1276 5036 1293 5084 d
1312 5035 1365 5095 (uhi
1382 5035 1434 5086 hoc
1451 5038 1509 5101 ipso
1527 5034 1649 5101 exemplo
1666 5040 1768 5102 uiltur).

437 5110 514 5159 Tusc.
535 5108 606 5169 Disp.
625 5108 645 5165 Ι,
664 5108 695 5157 29
712 5109 903 5167 Si--couer,
920 5109 968 5169 ipsi
984 5108 1291 5170 itlinrcperlentur.
1316 5111 1392 5159 verr.
1411 5111 1445 5171 ΙΙ,
1467 5111 1513 5160 llil
1530 5125 1589 5173 osc,
1609 5115 1631 5163 si
1648 5116 1768 5180 cupies,

437 5183 554 5233 licebit.
581 5183 633 5246 Ego
651 5183 706 5246 pari
724 5183 846 5233 codicum
864 5184 1019 5233 auctoritate
1036 5182 1117 5233 scribi
1136 5183 1224 5235 malim
1242 5186 1388 5248 deficiat,
1412 5200 1473 5236 cum
1495 5190 1654 5251 praesertim
1673 5191 1770 5243 Cicero

437 5257 575 5310 simillimis
593 5257 676 5307 trihus
693 5256 758 5307 locis
775 5258 813 5307 sic
830 5260 980 5321 scripserit:
1005 5259 1108 5309 Verrio.
1128 5260 1163 5320 ll,
1181 5260 1212 5309 ΙΙΙ
1229 5274 1268 5310 me
1285 5261 1350 5322 dics,
1372 5276 1436 5323 voe,
1455 5262 1537 5312 latero
1553 5263 1725 5327 desistant,
1748 5268 1771 5318 rt

436 5334 482 5383 hoc
503 5347 570 5383 suno
588 5333 724 5394 vociferari
741 5333 822 5383 celim.
850 5332 883 5383 de
905 5335 963 5384 Nat.
983 5335 1062 5383 [teor.
1080 5335 1128 5395 ΙΙΙ,
1146 5334 1173 5383 8l
1194 5336 1254 5385 Dies
1270 5336 1416 5398 desiciet,
1439 5338 1551 5387 sioclim
1567 5351 1712 5391 summan.
1737 5355 1765 5407 p.

438 5406 527 5460 Caelio
544 5408 559 5471 S
576 5407 608 5457 33
625 5408 685 5456 Dles
700 5408 752 5457 iem
767 5421 807 5457 me
822 5409 966 5470 defletus,
984 5407 1052 5457 siu
1063 5422 1138 5457 coner
1148 5422 1292 5472 expromere
1307 5411 1453 5473 (contrade
1468 5413 1521 5465 Flu.
1535 5415 1567 5475 ΙΙ,
1580 5414 1608 5463 6:
1627 5416 1649 5464 st
1665 5421 1766 5468 nothus

437 5483 553 5545 collium
569 5494 759 5544 respersu,
778 5484 829 5532 dies
843 5498 883 5533 nse
899 5484 1047 5546 desiciet).
1066 5482 1119 5533 Tuli
1137 5484 1163 5534 in
1181 5498 1209 5535 re
1226 5499 1306 5549 quem
1325 5501 1405 5550 parve
1422 5488 1455 5538 sit
1472 5487 1595 5538 codicum
1612 5492 1768 5553 auctoritas,

438 5560 531 5607 notum
548 5559 603 5616 est,
622 5556 655 5606 ct.
674 5558 716 5618 ΙΙΙ,
735 5556 766 5607 3Ι
783 5557 941 5620 (optundet
957 5559 1100 5622 sedetque).
1118 5561 1160 5620 ΙΙΙ,
1179 5560 1371 5628 teporatur).
1399 5564 1441 5623 ΙΙΙ,
1460 5563 1492 5615 Ι3
1509 5564 1628 5628 (κοπίσι).
1646 5566 1768 5629 Tregder

438 5646 465 5697 p.
483 5632 543 5682 ΙΙΙ.»
560 5633 603 5682 W.
627 5631 692 5683 Vide
709 5634 789 5683 etiem
807 5633 880 5694 adl,
899 5635 940 5684 80.
961 5661 988 5669 -
1013 5636 1037 5685 9.
1056 5634 1159 5698 worm]
1181 5647 1257 5696 quom
1275 5639 1293 5687 C
1313 5664 1340 5673 -
1366 5637 1406 5689 tl.
1425 5638 1458 5687 ibi
1482 5641 1557 5690 uncls
1574 5637 1681 5691 inolesti
1697 5642 1718 5691 0
1737 5668 1765 5680 -

439 5709 480 5758 ts.
498 5707 606 5768 ebsubm
621 5708 679 5759 1t¹o
697 5734 724 5745 -
743 5709 852 5770 biqoeC
873 5734 900 5745 -
920 5710 959 5759 li.
978 5725 1027 5760 noo
1043 5711 1153 5761 cornio
1170 5707 1204 5760 uri
1222 5712 1241 5761 Ii
1261 5739 1284 5748 -
1306 5714 1347 5763 et.
1366 5714 1483 5776 repudiet
1499 5716 1520 5764 G
1538 5739 1565 5749 -
1584 5715 1625 5764 22.
1642 5716 1770 5777 poenitere

438 5784 466 5833 h.
484 5781 501 5834 l.
521 5784 571 5833 GR
590 5810 617 5821 -
635 5788 806 5847 conteurpuere
823 5786 843 5833 G
863 5809 890 5819 -
913 5785 953 5835 25.
971 5791 1029 5836 sunt
1046 5787 1065 5836 Β
1083 5789 1110 5835 et
1128 5790 1204 5849 (corr.
1224 5787 1283 5837 esd.
1303 5801 1337 5839 m.
1357 5790 1383 5839 ln
1400 5790 1456 5850 εἰπε)
1474 5791 1495 5839 G
1514 5814 1541 5827 -
1561 5788 1602 5838 30.
1620 5788 1720 5840 literato
1737 5792 1767 5840 (ΙΙ

440 5858 496 5985 pop
513 5872 577 5985 :ngr
593 5861 688 5924 titteris)
707 5887 735 5897 -
758 5861 799 5912 et.
816 5861 854 5912 hta
870 5862 890 5911 C
910 5886 940 5922 -y
963 5862 1004 5912 33.
1023 5863 1164 5925 contempto
1175 5887 1212 5899 ·-
1223 5866 1430 5916 wttnsescendem
1446 5867 1477 5915 eit
1496 5865 1523 5916 ln
1539 5877 1626 5928 marg.
1642 5862 1767 5930 supplete

460 5948 475 5984 e
496 5948 510 5985 e
563 5973 569 5985 .
