<?xml version="1.0" encoding="UTF-8"?>
<!DOCTYPE html PUBLIC "-//W3C//DTD XHTML 1.0 Transitional//EN"
    "http://www.w3.org/TR/xhtml1/DTD/xhtml1-transitional.dtd">
<html xmlns="http://www.w3.org/1999/xhtml" xml:lang="en" lang="en">
 <head>
  <title>
</title>
<meta http-equiv="Content-Type" content="text/html;charset=utf-8" />
  <meta name='ocr-system' content='tesseract 3.04.00' />
  <meta name='ocr-capabilities' content='ocr_page ocr_carea ocr_par ocr_line ocrx_word'/>
</head>
<body>
  <div class='ocr_page' id='page_1' title='image "./operaquaesupers00halmgoog/operaquaesupers00halmgoog_0288.png"; bbox 0 0 4342 7459; ppageno 0'>
   <div class='ocr_carea' id='block_1_1' title="bbox 436 1243 1432 1314">
    <p class='ocr_par' dir='ltr' id='par_1_1' title="bbox 436 1243 1432 1314">
     <span class='ocr_line' id='line_1_1' title="bbox 436 1243 1432 1314; baseline -0.002 0"><span class='ocrx_word' id='word_1_1' title='bbox 436 1243 499 1314; x_wconf 63' lang='lat'><strong>572</strong></span> <span class='ocrx_word' id='word_1_2' title='bbox 759 1247 1082 1314; x_wconf 79' lang='lat' dir='ltr'><strong>TUSCULANARUM</strong></span> <span class='ocrx_word' id='word_1_3' title='bbox 1103 1246 1432 1312; x_wconf 80' lang='lat' dir='ltr'><strong>DISPUTATIOlllJll</strong></span> 
     </span>
    </p>
   </div>
   <div class='ocr_carea' id='block_1_2' title="bbox 371 1405 1763 5058">
    <p class='ocr_par' dir='ltr' id='par_1_2' title="bbox 371 1405 1763 5058">
     <span class='ocr_line' id='line_1_2' title="bbox 435 1405 1753 1491; baseline -0.003 -17"><span class='ocrx_word' id='word_1_4' title='bbox 435 1410 530 1474; x_wconf 94' lang='lat' dir='ltr'><strong>mnici</strong></span> <span class='ocrx_word' id='word_1_5' title='bbox 552 1409 765 1484; x_wconf 76' lang='lat' dir='ltr'><strong>nominantur,</strong></span> <span class='ocrx_word' id='word_1_6' title='bbox 788 1427 921 1490; x_wconf 76' lang='lat' dir='ltr'><strong>magnus</strong></span> <span class='ocrx_word' id='word_1_7' title='bbox 942 1408 1045 1471; x_wconf 87' lang='lat' dir='ltr'><strong>bonos</strong></span> <span class='ocrx_word' id='word_1_8' title='bbox 1066 1406 1122 1480; x_wconf 92' lang='lat' dir='ltr'><strong>sit,</strong></span> <span class='ocrx_word' id='word_1_9' title='bbox 1142 1406 1266 1470; x_wconf 92' lang='lat' dir='ltr'><strong>nullum</strong></span> <span class='ocrx_word' id='word_1_10' title='bbox 1287 1408 1326 1470; x_wconf 89' lang='lat' dir='ltr'><strong>ab</strong></span> <span class='ocrx_word' id='word_1_11' title='bbox 1349 1407 1403 1482; x_wconf 95' lang='lat' dir='ltr'><strong>iis,</strong></span> <span class='ocrx_word' id='word_1_12' title='bbox 1425 1406 1529 1491; x_wconf 91' lang='lat' dir='ltr'><strong>quiin</strong></span> <span class='ocrx_word' id='word_1_13' title='bbox 1544 1405 1577 1470; x_wconf 93' lang='lat' dir='ltr'><strong>id</strong></span> <span class='ocrx_word' id='word_1_14' title='bbox 1592 1413 1753 1472; x_wconf 87' lang='lat' dir='ltr'><strong>certarnen</strong></span> 
     </span>
     <span class='ocr_line' id='line_1_3' title="bbox 436 1500 1756 1585; baseline -0.004 -15"><span class='ocrx_word' id='word_1_15' title='bbox 436 1507 646 1579; x_wconf 74' lang='lat' dir='ltr'><strong>descendant,</strong></span> <span class='ocrx_word' id='word_1_16' title='bbox 672 1502 803 1567; x_wconf 77' lang='lat' dir='ltr'><strong>devitari</strong></span> <span class='ocrx_word' id='word_1_17' title='bbox 832 1502 997 1564; x_wconf 75' lang='lat' dir='ltr'><strong>dolorem?</strong></span> <span class='ocrx_word' id='word_1_18' title='bbox 1026 1500 1109 1584; x_wconf 89' lang='lat' dir='ltr'><strong>apud</strong></span> <span class='ocrx_word' id='word_1_19' title='bbox 1138 1519 1220 1584; x_wconf 89' lang='lat' dir='ltr'><strong>qnos</strong></span> <span class='ocrx_word' id='word_1_20' title='bbox 1249 1508 1355 1564; x_wconf 87' lang='lat' dir='ltr'><strong>autem</strong></span> <span class='ocrx_word' id='word_1_21' title='bbox 1377 1500 1514 1565; x_wconf 85' lang='lat' dir='ltr'><strong>venandi</strong></span> <span class='ocrx_word' id='word_1_22' title='bbox 1536 1508 1568 1565; x_wconf 88' lang='lat' dir='ltr'><strong>et</strong></span> <span class='ocrx_word' id='word_1_23' title='bbox 1590 1501 1756 1585; x_wconf 89' lang='lat' dir='ltr'><strong>equitandi</strong></span> 
     </span>
     <span class='ocr_line' id='line_1_4' title="bbox 435 1593 1756 1681; baseline -0.002 -18"><span class='ocrx_word' id='word_1_24' title='bbox 435 1601 506 1664; x_wconf 87' lang='lat' dir='ltr'><strong>laus</strong></span> <span class='ocrx_word' id='word_1_25' title='bbox 528 1600 627 1681; x_wconf 79' lang='lat' dir='ltr'><strong>riget,</strong></span> <span class='ocrx_word' id='word_1_26' title='bbox 650 1598 706 1681; x_wconf 92' lang='lat' dir='ltr'><strong>qui</strong></span> <span class='ocrx_word' id='word_1_27' title='bbox 727 1597 809 1659; x_wconf 93' lang='lat' dir='ltr'><strong>banc</strong></span> <span class='ocrx_word' id='word_1_28' title='bbox 830 1601 995 1678; x_wconf 76' lang='lat' dir='ltr'><strong>petessant</strong></span> <span class='ocrx_word' id='word_1_29' title='bbox 1015 1594 1136 1658; x_wconf 91' lang='lat' dir='ltr'><strong>nullum</strong></span> <span class='ocrx_word' id='word_1_30' title='bbox 1158 1594 1285 1676; x_wconf 75' lang='lat' dir='ltr'><strong>tugiunt</strong></span> <span class='ocrx_word' id='word_1_31' title='bbox 1299 1594 1450 1659; x_wconf 87' lang='lat' dir='ltr'><strong>dolorem.</strong></span> <span class='ocrx_word' id='word_1_32' title='bbox 1482 1593 1568 1670; x_wconf 86' lang='lat' dir='ltr'><strong>Quid</strong></span> <span class='ocrx_word' id='word_1_33' title='bbox 1582 1596 1623 1661; x_wconf 87' lang='lat' dir='ltr'><strong>de</strong></span> <span class='ocrx_word' id='word_1_34' title='bbox 1636 1597 1756 1661; x_wconf 84' lang='lat' dir='ltr'><strong>nostris</strong></span> 
     </span>
     <span class='ocr_line' id='line_1_5' title="bbox 436 1687 1757 1774; baseline -0.003 -17"><span class='ocrx_word' id='word_1_35' title='bbox 436 1692 676 1766; x_wconf 78' lang='lat' dir='ltr'><strong>ambitionibus,</strong></span> <span class='ocrx_word' id='word_1_36' title='bbox 699 1690 773 1773; x_wconf 90' lang='lat' dir='ltr'><strong>quid</strong></span> <span class='ocrx_word' id='word_1_37' title='bbox 797 1689 837 1751; x_wconf 91' lang='lat' dir='ltr'><strong>de</strong></span> <span class='ocrx_word' id='word_1_38' title='bbox 859 1689 1032 1770; x_wconf 89' lang='lat' dir='ltr'><strong>cupiditate</strong></span> <span class='ocrx_word' id='word_1_39' title='bbox 1045 1689 1201 1753; x_wconf 88' lang='lat' dir='ltr'><strong>bonorum</strong></span> <span class='ocrx_word' id='word_1_40' title='bbox 1216 1687 1353 1772; x_wconf 87' lang='lat' dir='ltr'><strong>loquari</strong></span> <span class='ocrx_word' id='word_1_41' title='bbox 1375 1708 1457 1773; x_wconf 92' lang='lat' dir='ltr'><strong>quae</strong></span> <span class='ocrx_word' id='word_1_42' title='bbox 1471 1688 1598 1754; x_wconf 82' lang='lat' dir='ltr'><strong>bamma</strong></span> <span class='ocrx_word' id='word_1_43' title='bbox 1612 1698 1676 1766; x_wconf 87' lang='lat' dir='ltr'><strong>est,</strong></span> <span class='ocrx_word' id='word_1_44' title='bbox 1699 1708 1757 1774; x_wconf 89' lang='lat' dir='ltr'><strong>per</strong></span> 
     </span>
     <span class='ocr_line' id='line_1_6' title="bbox 412 1781 1756 1872; baseline 0.001 -26"><span class='ocrx_word' id='word_1_45' title='bbox 412 1800 531 1872; x_wconf 81' lang='lat' dir='ltr'><strong>squam</strong></span> <span class='ocrx_word' id='word_1_46' title='bbox 560 1808 624 1850; x_wconf 94' lang='lat' dir='ltr'><strong>non</strong></span> <span class='ocrx_word' id='word_1_47' title='bbox 651 1789 858 1848; x_wconf 90' lang='lat' dir='ltr'><strong>cucurrerunt</strong></span> <span class='ocrx_word' id='word_1_48' title='bbox 887 1783 927 1851; x_wconf 88' lang='lat' dir='ltr'><strong>ii,</strong></span> <span class='ocrx_word' id='word_1_49' title='bbox 956 1784 1010 1865; x_wconf 92' lang='lat' dir='ltr'><strong>qui</strong></span> <span class='ocrx_word' id='word_1_50' title='bbox 1036 1784 1115 1845; x_wconf 91' lang='lat' dir='ltr'><strong>baec</strong></span> <span class='ocrx_word' id='word_1_51' title='bbox 1137 1781 1212 1845; x_wconf 91' lang='lat' dir='ltr'><strong>olim</strong></span> <span class='ocrx_word' id='word_1_52' title='bbox 1239 1782 1519 1866; x_wconf 70' lang='lat' dir='ltr'><strong>punctis‘singulis</strong></span> <span class='ocrx_word' id='word_1_53' title='bbox 1541 1784 1756 1868; x_wconf 71' lang='lat' dir='ltr'><strong>colligebant?</strong></span> 
     </span>
     <span class='ocr_line' id='line_1_7' title="bbox 435 1875 1757 1966; baseline -0.005 -19"><span class='ocrx_word' id='word_1_54' title='bbox 435 1886 544 1966; x_wconf 90' lang='lat' dir='ltr'><strong>ltaque</strong></span> <span class='ocrx_word' id='word_1_55' title='bbox 565 1899 690 1964; x_wconf 80' lang='lat' dir='ltr'><strong>semper</strong></span> <span class='ocrx_word' id='word_1_56' title='bbox 708 1876 877 1941; x_wconf 74' lang='lat' dir='ltr'><strong>Africanus</strong></span> <span class='ocrx_word' id='word_1_57' title='bbox 899 1876 1095 1940; x_wconf 87' lang='lat' dir='ltr'><strong>Socraticum</strong></span> <span class='ocrx_word' id='word_1_58' title='bbox 1115 1875 1360 1957; x_wconf 84' lang='lat' dir='ltr'><strong>Xenophontem</strong></span> <span class='ocrx_word' id='word_1_59' title='bbox 1382 1876 1414 1939; x_wconf 93' lang='lat' dir='ltr'><strong>in</strong></span> <span class='ocrx_word' id='word_1_60' title='bbox 1437 1876 1583 1941; x_wconf 85' lang='lat' dir='ltr'><strong>manibus</strong></span> <span class='ocrx_word' id='word_1_61' title='bbox 1601 1876 1757 1953; x_wconf 74' lang='lat' dir='ltr'><strong>babebat,</strong></span> 
     </span>
     <span class='ocr_line' id='line_1_8' title="bbox 436 1968 1757 2058; baseline -0.005 -18"><span class='ocrx_word' id='word_1_62' title='bbox 436 1978 527 2040; x_wconf 90' lang='lat' dir='ltr'><strong>cuius</strong></span> <span class='ocrx_word' id='word_1_63' title='bbox 549 1977 581 2039; x_wconf 94' lang='lat' dir='ltr'><strong>in</strong></span> <span class='ocrx_word' id='word_1_64' title='bbox 603 1973 711 2058; x_wconf 89' lang='lat' dir='ltr'><strong>primis</strong></span> <span class='ocrx_word' id='word_1_65' title='bbox 733 1970 880 2034; x_wconf 91' lang='lat' dir='ltr'><strong>laudabat</strong></span> <span class='ocrx_word' id='word_1_66' title='bbox 900 1970 996 2044; x_wconf 89' lang='lat' dir='ltr'><strong>illud,</strong></span> <span class='ocrx_word' id='word_1_67' title='bbox 1023 1969 1109 2053; x_wconf 92' lang='lat' dir='ltr'><strong>quod</strong></span> <span class='ocrx_word' id='word_1_68' title='bbox 1132 1969 1250 2033; x_wconf 90' lang='lat' dir='ltr'><strong>diceret</strong></span> <span class='ocrx_word' id='word_1_69' title='bbox 1271 1968 1399 2032; x_wconf 89' lang='lat' dir='ltr'><strong>eosdem</strong></span> <span class='ocrx_word' id='word_1_70' title='bbox 1420 1969 1546 2034; x_wconf 91' lang='lat' dir='ltr'><strong>labores</strong></span> <span class='ocrx_word' id='word_1_71' title='bbox 1567 1990 1633 2034; x_wconf 95' lang='lat' dir='ltr'><strong>non</strong></span> <span class='ocrx_word' id='word_1_72' title='bbox 1655 1988 1757 2053; x_wconf 90' lang='lat' dir='ltr'><strong>aeque</strong></span> 
     </span>
     <span class='ocr_line' id='line_1_9' title="bbox 436 2062 1759 2154; baseline -0.005 -20"><span class='ocrx_word' id='word_1_73' title='bbox 436 2071 539 2154; x_wconf 78' lang='lat' dir='ltr'><strong>gravis</strong></span> <span class='ocrx_word' id='word_1_74' title='bbox 558 2088 627 2132; x_wconf 86' lang='lat' dir='ltr'><strong>esse</strong></span> <span class='ocrx_word' id='word_1_75' title='bbox 642 2065 821 2150; x_wconf 89' lang='lat' dir='ltr'><strong>imperatori</strong></span> <span class='ocrx_word' id='word_1_76' title='bbox 840 2072 872 2127; x_wconf 91' lang='lat' dir='ltr'><strong>et</strong></span> <span class='ocrx_word' id='word_1_77' title='bbox 885 2063 992 2137; x_wconf 86' lang='lat' dir='ltr'><strong>militi,</strong></span> <span class='ocrx_word' id='word_1_78' title='bbox 1017 2063 1102 2146; x_wconf 93' lang='lat' dir='ltr'><strong>qnod</strong></span> <span class='ocrx_word' id='word_1_79' title='bbox 1118 2063 1187 2146; x_wconf 90' lang='lat' dir='ltr'><strong>ipsa</strong></span> <span class='ocrx_word' id='word_1_80' title='bbox 1201 2062 1304 2126; x_wconf 84' lang='lat' dir='ltr'><strong>bonos</strong></span> <span class='ocrx_word' id='word_1_81' title='bbox 1318 2062 1459 2126; x_wconf 88' lang='lat' dir='ltr'><strong>laborem</strong></span> <span class='ocrx_word' id='word_1_82' title='bbox 1472 2063 1623 2128; x_wconf 86' lang='lat' dir='ltr'><strong>leviorem</strong></span> <span class='ocrx_word' id='word_1_83' title='bbox 1637 2062 1759 2127; x_wconf 81' lang='lat' dir='ltr'><strong>iaceret</strong></span> 
     </span>
     <span class='ocr_line' id='line_1_10' title="bbox 435 2156 1756 2247; baseline -0.004 -20"><span class='ocrx_word' id='word_1_84' title='bbox 435 2163 678 2247; x_wconf 88' lang='lat' dir='ltr'><strong>imperatorium.</strong></span> <span class='ocrx_word' id='word_1_85' title='bbox 713 2156 764 2224; x_wconf 90' lang='grc'><strong>63.</strong></span> <span class='ocrx_word' id='word_1_86' title='bbox 795 2158 857 2221; x_wconf 86' lang='lat' dir='ltr'><strong>Sed</strong></span> <span class='ocrx_word' id='word_1_87' title='bbox 891 2168 995 2221; x_wconf 90' lang='lat' dir='ltr'><strong>tamen</strong></span> <span class='ocrx_word' id='word_1_88' title='bbox 1026 2158 1088 2220; x_wconf 92' lang='lat' dir='ltr'><strong>boc</strong></span> <span class='ocrx_word' id='word_1_89' title='bbox 1117 2158 1237 2232; x_wconf 89' lang='lat' dir='ltr'><strong>evenit,</strong></span> <span class='ocrx_word' id='word_1_90' title='bbox 1269 2163 1305 2219; x_wconf 92' lang='lat' dir='ltr'><strong>ut</strong></span> <span class='ocrx_word' id='word_1_91' title='bbox 1331 2156 1364 2219; x_wconf 90' lang='lat' dir='ltr'><strong>in</strong></span> <span class='ocrx_word' id='word_1_92' title='bbox 1395 2156 1506 2240; x_wconf 71' lang='lat' dir='ltr'><strong>volgus</strong></span> <span class='ocrx_word' id='word_1_93' title='bbox 1531 2157 1756 2243; x_wconf 86' lang='lat' dir='ltr'><strong>insipientium</strong></span> 
     </span>
     <span class='ocr_line' id='line_1_11' title="bbox 399 2250 1759 2339; baseline -0.001 -23"><span class='ocrx_word' id='word_1_94' title='bbox 399 2270 427 2317; x_wconf 82' lang='lat' dir='ltr'><strong>so</strong></span> <span class='ocrx_word' id='word_1_95' title='bbox 437 2257 546 2339; x_wconf 91' lang='lat' dir='ltr'><strong>opinio</strong></span> <span class='ocrx_word' id='word_1_96' title='bbox 567 2255 670 2318; x_wconf 86' lang='lat' dir='ltr'><strong>valeat</strong></span> <span class='ocrx_word' id='word_1_97' title='bbox 689 2252 878 2327; x_wconf 86' lang='lat' dir='ltr'><strong>honestatis,</strong></span> <span class='ocrx_word' id='word_1_98' title='bbox 900 2271 971 2315; x_wconf 90' lang='lat' dir='ltr'><strong>oum</strong></span> <span class='ocrx_word' id='word_1_99' title='bbox 993 2251 1094 2333; x_wconf 81' lang='lat' dir='ltr'><strong>ipsam</strong></span> <span class='ocrx_word' id='word_1_100' title='bbox 1116 2250 1223 2313; x_wconf 83' lang='lat' dir='ltr'><strong>videre</strong></span> <span class='ocrx_word' id='word_1_101' title='bbox 1245 2269 1309 2312; x_wconf 94' lang='lat' dir='ltr'><strong>non</strong></span> <span class='ocrx_word' id='word_1_102' title='bbox 1331 2251 1462 2332; x_wconf 86' lang='lat' dir='ltr'><strong>possint.</strong></span> <span class='ocrx_word' id='word_1_103' title='bbox 1495 2250 1605 2335; x_wconf 87' lang='lat' dir='ltr'><strong>ltaque</strong></span> <span class='ocrx_word' id='word_1_104' title='bbox 1626 2250 1711 2315; x_wconf 84' lang='lat' dir='ltr'><strong>lama</strong></span> <span class='ocrx_word' id='word_1_105' title='bbox 1726 2258 1759 2315; x_wconf 87' lang='lat' dir='ltr'><strong>et</strong></span> 
     </span>
     <span class='ocr_line' id='line_1_12' title="bbox 436 2343 1759 2429; baseline -0.005 -14"><span class='ocrx_word' id='word_1_106' title='bbox 436 2349 645 2415; x_wconf 84' lang='lat' dir='ltr'><strong>multitudinis</strong></span> <span class='ocrx_word' id='word_1_107' title='bbox 667 2346 786 2410; x_wconf 93' lang='lat' dir='ltr'><strong>iudicio</strong></span> <span class='ocrx_word' id='word_1_108' title='bbox 809 2352 989 2419; x_wconf 86' lang='lat' dir='ltr'><strong>morentur,</strong></span> <span class='ocrx_word' id='word_1_109' title='bbox 1012 2365 1082 2407; x_wconf 91' lang='lat' dir='ltr'><strong>cum</strong></span> <span class='ocrx_word' id='word_1_110' title='bbox 1104 2343 1136 2406; x_wconf 93' lang='lat' dir='ltr'><strong>id</strong></span> <span class='ocrx_word' id='word_1_111' title='bbox 1158 2343 1328 2406; x_wconf 89' lang='lat' dir='ltr'><strong>honestum</strong></span> <span class='ocrx_word' id='word_1_112' title='bbox 1350 2350 1476 2425; x_wconf 92' lang='lat' dir='ltr'><strong>putent,</strong></span> <span class='ocrx_word' id='word_1_113' title='bbox 1501 2344 1589 2428; x_wconf 92' lang='lat' dir='ltr'><strong>quod</strong></span> <span class='ocrx_word' id='word_1_114' title='bbox 1609 2363 1628 2408; x_wconf 91' lang='lat' dir='ltr'><strong>a</strong></span> <span class='ocrx_word' id='word_1_115' title='bbox 1646 2345 1759 2429; x_wconf 90' lang='lat' dir='ltr'><strong>pleris-</strong></span> 
     </span>
     <span class='ocr_line' id='line_1_13' title="bbox 436 2436 1759 2528; baseline -0.002 -23"><span class='ocrx_word' id='word_1_116' title='bbox 436 2463 498 2528; x_wconf 86' lang='lat' dir='ltr'><strong>que</strong></span> <span class='ocrx_word' id='word_1_117' title='bbox 519 2442 675 2505; x_wconf 88' lang='lat' dir='ltr'><strong>laudetur.</strong></span> <span class='ocrx_word' id='word_1_118' title='bbox 714 2441 758 2502; x_wconf 89' lang='lat' dir='ltr'><strong>Te</strong></span> <span class='ocrx_word' id='word_1_119' title='bbox 786 2448 904 2514; x_wconf 89' lang='lat' dir='ltr'><strong>autem,</strong></span> <span class='ocrx_word' id='word_1_120' title='bbox 935 2439 960 2501; x_wconf 91' lang='lat' dir='ltr'><strong>si</strong></span> <span class='ocrx_word' id='word_1_121' title='bbox 990 2439 1023 2500; x_wconf 94' lang='lat' dir='ltr'><strong>in</strong></span> <span class='ocrx_word' id='word_1_122' title='bbox 1046 2436 1147 2500; x_wconf 87' lang='lat' dir='ltr'><strong>oculis</strong></span> <span class='ocrx_word' id='word_1_123' title='bbox 1175 2437 1219 2500; x_wconf 89' lang='lat' dir='ltr'><strong>sis</strong></span> <span class='ocrx_word' id='word_1_124' title='bbox 1240 2436 1466 2511; x_wconf 88' lang='lat' dir='ltr'><strong>multitudinis,</strong></span> <span class='ocrx_word' id='word_1_125' title='bbox 1489 2445 1594 2501; x_wconf 87' lang='lat' dir='ltr'><strong>tamen</strong></span> <span class='ocrx_word' id='word_1_126' title='bbox 1617 2438 1688 2502; x_wconf 90' lang='lat' dir='ltr'><strong>eius</strong></span> <span class='ocrx_word' id='word_1_127' title='bbox 1709 2441 1759 2502; x_wconf 90' lang='lat' dir='ltr'><strong>iu·</strong></span> 
     </span>
     <span class='ocr_line' id='line_1_14' title="bbox 437 2530 1758 2615; baseline -0.003 -16"><span class='ocrx_word' id='word_1_128' title='bbox 437 2536 519 2599; x_wconf 92' lang='lat' dir='ltr'><strong>dicio</strong></span> <span class='ocrx_word' id='word_1_129' title='bbox 541 2544 622 2598; x_wconf 87' lang='lat' dir='ltr'><strong>stare</strong></span> <span class='ocrx_word' id='word_1_130' title='bbox 644 2533 740 2596; x_wconf 93' lang='lat' dir='ltr'><strong>nolim</strong></span> <span class='ocrx_word' id='word_1_131' title='bbox 763 2553 822 2596; x_wconf 91' lang='lat' dir='ltr'><strong>neo</strong></span> <span class='ocrx_word' id='word_1_132' title='bbox 845 2532 930 2615; x_wconf 90' lang='lat' dir='ltr'><strong>quod</strong></span> <span class='ocrx_word' id='word_1_133' title='bbox 960 2532 1014 2595; x_wconf 93' lang='lat' dir='ltr'><strong>illa</strong></span> <span class='ocrx_word' id='word_1_134' title='bbox 1035 2537 1125 2613; x_wconf 90' lang='lat' dir='ltr'><strong>putet</strong></span> <span class='ocrx_word' id='word_1_135' title='bbox 1146 2530 1229 2593; x_wconf 91' lang='lat' dir='ltr'><strong>idem</strong></span> <span class='ocrx_word' id='word_1_136' title='bbox 1258 2538 1368 2612; x_wconf 88' lang='lat' dir='ltr'><strong>putare</strong></span> <span class='ocrx_word' id='word_1_137' title='bbox 1395 2530 1651 2613; x_wconf 89' lang='lat' dir='ltr'><strong>pulcherrimum.</strong></span> <span class='ocrx_word' id='word_1_138' title='bbox 1689 2533 1758 2596; x_wconf 86' lang='lat' dir='ltr'><strong>&#39;luo</strong></span> 
     </span>
     <span class='ocr_line' id='line_1_15' title="bbox 437 2624 1758 2707; baseline -0.005 -13"><span class='ocrx_word' id='word_1_139' title='bbox 437 2631 494 2695; x_wconf 92' lang='lat' dir='ltr'><strong>tibi</strong></span> <span class='ocrx_word' id='word_1_140' title='bbox 515 2629 632 2692; x_wconf 89' lang='lat' dir='ltr'><strong>iudicio</strong></span> <span class='ocrx_word' id='word_1_141' title='bbox 654 2636 703 2690; x_wconf 90' lang='lat' dir='ltr'><strong>est</strong></span> <span class='ocrx_word' id='word_1_142' title='bbox 723 2625 893 2688; x_wconf 87' lang='lat' dir='ltr'><strong>utendum:</strong></span> <span class='ocrx_word' id='word_1_143' title='bbox 915 2625 971 2688; x_wconf 92' lang='lat' dir='ltr'><strong>tibi</strong></span> <span class='ocrx_word' id='word_1_144' title='bbox 995 2626 1022 2687; x_wconf 91' lang='lat' dir='ltr'><strong>si</strong></span> <span class='ocrx_word' id='word_1_145' title='bbox 1043 2633 1129 2687; x_wconf 88' lang='lat' dir='ltr'><strong>recta</strong></span> <span class='ocrx_word' id='word_1_146' title='bbox 1151 2625 1295 2707; x_wconf 84' lang='lat' dir='ltr'><strong>probanti</strong></span> <span class='ocrx_word' id='word_1_147' title='bbox 1318 2624 1471 2707; x_wconf 91' lang='lat' dir='ltr'><strong>placebis,</strong></span> <span class='ocrx_word' id='word_1_148' title='bbox 1493 2634 1560 2689; x_wconf 88' lang='lat' dir='ltr'><strong>turn</strong></span> <span class='ocrx_word' id='word_1_149' title='bbox 1583 2645 1647 2689; x_wconf 91' lang='lat' dir='ltr'><strong>non</strong></span> <span class='ocrx_word' id='word_1_150' title='bbox 1664 2626 1758 2690; x_wconf 92' lang='lat' dir='ltr'><strong>modo</strong></span> 
     </span>
     <span class='ocr_line' id='line_1_16' title="bbox 400 2717 1759 2804; baseline -0.001 -20"><span class='ocrx_word' id='word_1_151' title='bbox 400 2738 428 2784; x_wconf 82' lang='lat' dir='ltr'><strong>ss</strong></span> <span class='ocrx_word' id='word_1_152' title='bbox 438 2733 501 2788; x_wconf 92' lang='lat' dir='ltr'><strong>tete</strong></span> <span class='ocrx_word' id='word_1_153' title='bbox 516 2723 640 2795; x_wconf 82' lang='lat' dir='ltr'><strong>viceris,</strong></span> <span class='ocrx_word' id='word_1_154' title='bbox 663 2720 746 2804; x_wconf 92' lang='lat' dir='ltr'><strong>quod</strong></span> <span class='ocrx_word' id='word_1_155' title='bbox 765 2720 860 2802; x_wconf 91' lang='lat' dir='ltr'><strong>paulo</strong></span> <span class='ocrx_word' id='word_1_156' title='bbox 876 2728 948 2782; x_wconf 91' lang='lat' dir='ltr'><strong>ante</strong></span> <span class='ocrx_word' id='word_1_157' title='bbox 972 2718 1217 2802; x_wconf 85' lang='lat' dir='ltr'><strong>praecipiebam,</strong></span> <span class='ocrx_word' id='word_1_158' title='bbox 1239 2717 1296 2782; x_wconf 91' lang='lat' dir='ltr'><strong>sed</strong></span> <span class='ocrx_word' id='word_1_159' title='bbox 1311 2720 1413 2781; x_wconf 91' lang='lat' dir='ltr'><strong>omnis</strong></span> <span class='ocrx_word' id='word_1_160' title='bbox 1428 2728 1460 2782; x_wconf 87' lang='lat' dir='ltr'><strong>et</strong></span> <span class='ocrx_word' id='word_1_161' title='bbox 1474 2720 1589 2784; x_wconf 90' lang='lat' dir='ltr'><strong>omnia.</strong></span> <span class='ocrx_word' id='word_1_162' title='bbox 1623 2717 1675 2782; x_wconf 67' lang='lat'><strong>64.</strong></span> <span class='ocrx_word' id='word_1_163' title='bbox 1690 2719 1759 2783; x_wconf 83' lang='lat' dir='ltr'><strong>Hoc</strong></span> 
     </span>
     <span class='ocr_line' id='line_1_17' title="bbox 438 2812 1760 2901; baseline -0.004 -19"><span class='ocrx_word' id='word_1_164' title='bbox 438 2819 534 2901; x_wconf 74' lang='lat' dir='ltr'><strong>igilur</strong></span> <span class='ocrx_word' id='word_1_165' title='bbox 555 2816 610 2878; x_wconf 92' lang='lat' dir='ltr'><strong>tibi</strong></span> <span class='ocrx_word' id='word_1_166' title='bbox 633 2834 791 2897; x_wconf 90' lang='lat' dir='ltr'><strong>propone:</strong></span> <span class='ocrx_word' id='word_1_167' title='bbox 813 2813 1048 2896; x_wconf 88' lang='lat' dir='ltr'><strong>amplitudinem</strong></span> <span class='ocrx_word' id='word_1_168' title='bbox 1070 2812 1167 2874; x_wconf 92' lang='lat' dir='ltr'><strong>animi</strong></span> <span class='ocrx_word' id='word_1_169' title='bbox 1190 2821 1221 2875; x_wconf 92' lang='lat' dir='ltr'><strong>et</strong></span> <span class='ocrx_word' id='word_1_170' title='bbox 1246 2812 1337 2897; x_wconf 89' lang='lat' dir='ltr'><strong>quasi</strong></span> <span class='ocrx_word' id='word_1_171' title='bbox 1360 2814 1517 2895; x_wconf 90' lang='lat' dir='ltr'><strong>quandam</strong></span> <span class='ocrx_word' id='word_1_172' title='bbox 1540 2815 1760 2897; x_wconf 76' lang='lat' dir='ltr'><strong>exaggeratio·</strong></span> 
     </span>
     <span class='ocr_line' id='line_1_18' title="bbox 439 2901 1760 2993; baseline -0.003 -19"><span class='ocrx_word' id='word_1_173' title='bbox 439 2933 510 2975; x_wconf 92' lang='lat' dir='ltr'><strong>nem</strong></span> <span class='ocrx_word' id='word_1_174' title='bbox 543 2929 637 2993; x_wconf 91' lang='lat' dir='ltr'><strong>quam</strong></span> <span class='ocrx_word' id='word_1_175' title='bbox 668 2908 852 2972; x_wconf 87' lang='lat' dir='ltr'><strong>altissimam</strong></span> <span class='ocrx_word' id='word_1_176' title='bbox 877 2901 1015 2990; x_wconf 93' lang='lat' dir='ltr'><strong>[animi],</strong></span> <span class='ocrx_word' id='word_1_177' title='bbox 1045 2925 1127 2989; x_wconf 90' lang='lat' dir='ltr'><strong>quae</strong></span> <span class='ocrx_word' id='word_1_178' title='bbox 1156 2906 1291 2969; x_wconf 87' lang='lat' dir='ltr'><strong>maxime</strong></span> <span class='ocrx_word' id='word_1_179' title='bbox 1320 2906 1438 2968; x_wconf 91' lang='lat' dir='ltr'><strong>eminet</strong></span> <span class='ocrx_word' id='word_1_180' title='bbox 1466 2908 1706 2971; x_wconf 84' lang='lat' dir='ltr'><strong>contemnendis</strong></span> <span class='ocrx_word' id='word_1_181' title='bbox 1728 2914 1760 2972; x_wconf 89' lang='lat' dir='ltr'><strong>et</strong></span> 
     </span>
     <span class='ocr_line' id='line_1_19' title="bbox 439 2999 1759 3087; baseline -0.002 -19"><span class='ocrx_word' id='word_1_182' title='bbox 439 3002 650 3087; x_wconf 89' lang='lat' dir='ltr'><strong>despiciendis</strong></span> <span class='ocrx_word' id='word_1_183' title='bbox 679 3001 855 3075; x_wconf 88' lang='lat' dir='ltr'><strong>doloribus,</strong></span> <span class='ocrx_word' id='word_1_184' title='bbox 888 3021 981 3064; x_wconf 91' lang='lat' dir='ltr'><strong>unam</strong></span> <span class='ocrx_word' id='word_1_185' title='bbox 1011 3020 1080 3063; x_wconf 88' lang='lat' dir='ltr'><strong>esse</strong></span> <span class='ocrx_word' id='word_1_186' title='bbox 1109 3001 1248 3063; x_wconf 90' lang='lat' dir='ltr'><strong>omnium</strong></span> <span class='ocrx_word' id='word_1_187' title='bbox 1280 3021 1347 3064; x_wconf 92' lang='lat' dir='ltr'><strong>rem</strong></span> <span class='ocrx_word' id='word_1_188' title='bbox 1379 2999 1622 3083; x_wconf 80' lang='lat' dir='ltr'><strong>pulcherrimam</strong></span> <span class='ocrx_word' id='word_1_189' title='bbox 1654 3021 1759 3086; x_wconf 85' lang='lat' dir='ltr'><strong>eoque</strong></span> 
     </span>
     <span class='ocr_line' id='line_1_20' title="bbox 438 3093 1761 3184; baseline -0.002 -22"><span class='ocrx_word' id='word_1_190' title='bbox 438 3098 659 3184; x_wconf 87' lang='lat' dir='ltr'><strong>pulchriorem,</strong></span> <span class='ocrx_word' id='word_1_191' title='bbox 682 3096 708 3157; x_wconf 91' lang='lat' dir='ltr'><strong>si</strong></span> <span class='ocrx_word' id='word_1_192' title='bbox 730 3104 818 3158; x_wconf 82' lang='lat' dir='ltr'><strong>vacet</strong></span> <span class='ocrx_word' id='word_1_193' title='bbox 841 3095 959 3178; x_wconf 91' lang='lat' dir='ltr'><strong>populo</strong></span> <span class='ocrx_word' id='word_1_194' title='bbox 981 3114 1087 3176; x_wconf 92' lang='lat' dir='ltr'><strong>neque</strong></span> <span class='ocrx_word' id='word_1_195' title='bbox 1109 3093 1253 3176; x_wconf 92' lang='lat' dir='ltr'><strong>plausum</strong></span> <span class='ocrx_word' id='word_1_196' title='bbox 1276 3102 1406 3176; x_wconf 87' lang='lat' dir='ltr'><strong>captans</strong></span> <span class='ocrx_word' id='word_1_197' title='bbox 1430 3115 1464 3157; x_wconf 86' lang='lat' dir='ltr'><strong>se</strong></span> <span class='ocrx_word' id='word_1_198' title='bbox 1485 3103 1590 3160; x_wconf 87' lang='lat' dir='ltr'><strong>tamen</strong></span> <span class='ocrx_word' id='word_1_199' title='bbox 1613 3096 1684 3180; x_wconf 90' lang='lat' dir='ltr'><strong>ipsa</strong></span> <span class='ocrx_word' id='word_1_200' title='bbox 1704 3097 1761 3160; x_wconf 80' lang='lat' dir='ltr'><strong>de·</strong></span> 
     </span>
     <span class='ocr_line' id='line_1_21' title="bbox 400 3186 1760 3273; baseline -0.002 -17"><span class='ocrx_word' id='word_1_201' title='bbox 400 3194 543 3256; x_wconf 81' lang='lat' dir='ltr'><strong>aelectet.</strong></span> <span class='ocrx_word' id='word_1_202' title='bbox 581 3191 665 3266; x_wconf 85' lang='lat' dir='ltr'><strong>Quin</strong></span> <span class='ocrx_word' id='word_1_203' title='bbox 688 3190 779 3252; x_wconf 89' lang='lat' dir='ltr'><strong>etiam</strong></span> <span class='ocrx_word' id='word_1_204' title='bbox 803 3188 879 3251; x_wconf 92' lang='lat' dir='ltr'><strong>mibi</strong></span> <span class='ocrx_word' id='word_1_205' title='bbox 904 3187 1031 3270; x_wconf 92' lang='lat' dir='ltr'><strong>quidem</strong></span> <span class='ocrx_word' id='word_1_206' title='bbox 1055 3186 1264 3250; x_wconf 90' lang='lat' dir='ltr'><strong>laudabiliora</strong></span> <span class='ocrx_word' id='word_1_207' title='bbox 1285 3188 1568 3263; x_wconf 88' lang='lat' dir='ltr'><strong>videntnromnia,</strong></span> <span class='ocrx_word' id='word_1_208' title='bbox 1591 3207 1675 3273; x_wconf 87' lang='lat' dir='ltr'><strong>quae</strong></span> <span class='ocrx_word' id='word_1_209' title='bbox 1690 3190 1760 3253; x_wconf 84' lang='lat' dir='ltr'><strong>sinc</strong></span> 
     </span>
     <span class='ocr_line' id='line_1_22' title="bbox 438 3278 1761 3367; baseline -0.004 -16"><span class='ocrx_word' id='word_1_210' title='bbox 438 3286 651 3351; x_wconf 84' lang='lat' dir='ltr'><strong>venditatione</strong></span> <span class='ocrx_word' id='word_1_211' title='bbox 674 3293 705 3347; x_wconf 89' lang='lat' dir='ltr'><strong>et</strong></span> <span class='ocrx_word' id='word_1_212' title='bbox 726 3284 795 3347; x_wconf 91' lang='lat' dir='ltr'><strong>sine</strong></span> <span class='ocrx_word' id='word_1_213' title='bbox 816 3283 934 3366; x_wconf 90' lang='lat' dir='ltr'><strong>populo</strong></span> <span class='ocrx_word' id='word_1_214' title='bbox 956 3290 1036 3345; x_wconf 89' lang='lat' dir='ltr'><strong>teste</strong></span> <span class='ocrx_word' id='word_1_215' title='bbox 1059 3278 1153 3355; x_wconf 89' lang='lat' dir='ltr'><strong>fiunt,</strong></span> <span class='ocrx_word' id='word_1_216' title='bbox 1176 3302 1241 3344; x_wconf 92' lang='lat' dir='ltr'><strong>non</strong></span> <span class='ocrx_word' id='word_1_217' title='bbox 1264 3302 1326 3367; x_wconf 93' lang='lat' dir='ltr'><strong>qno</strong></span> <span class='ocrx_word' id='word_1_218' title='bbox 1348 3281 1519 3365; x_wconf 76' lang='lat' dir='ltr'><strong>fugiendus</strong></span> <span class='ocrx_word' id='word_1_219' title='bbox 1540 3284 1582 3347; x_wconf 89' lang='lat' dir='ltr'><strong>sit</strong></span> <span class='ocrx_word' id='word_1_220' title='bbox 1598 3283 1761 3347; x_wconf 90' lang='lat' dir='ltr'><strong>-omnia</strong></span> 
     </span>
     <span class='ocr_line' id='line_1_23' title="bbox 438 3375 1761 3451; baseline -0.004 -5"><span class='ocrx_word' id='word_1_221' title='bbox 438 3383 521 3446; x_wconf 88' lang='lat' dir='ltr'><strong>enim</strong></span> <span class='ocrx_word' id='word_1_222' title='bbox 543 3381 624 3443; x_wconf 90' lang='lat' dir='ltr'><strong>bene</strong></span> <span class='ocrx_word' id='word_1_223' title='bbox 645 3379 727 3442; x_wconf 82' lang='lat' dir='ltr'><strong>sacta</strong></span> <span class='ocrx_word' id='word_1_224' title='bbox 749 3379 782 3441; x_wconf 91' lang='lat' dir='ltr'><strong>in</strong></span> <span class='ocrx_word' id='word_1_225' title='bbox 803 3377 875 3439; x_wconf 91' lang='lat' dir='ltr'><strong>luce</strong></span> <span class='ocrx_word' id='word_1_226' title='bbox 896 3396 931 3439; x_wconf 89' lang='lat' dir='ltr'><strong>se</strong></span> <span class='ocrx_word' id='word_1_227' title='bbox 954 3375 1113 3440; x_wconf 90' lang='lat' dir='ltr'><strong>conlocari</strong></span> <span class='ocrx_word' id='word_1_228' title='bbox 1130 3375 1239 3439; x_wconf 81' lang='lat' dir='ltr'><strong>volunt</strong></span> <span class='ocrx_word' id='word_1_229' title='bbox 1255 3412 1309 3451; x_wconf 93' lang='lat'><strong>-,</strong></span> <span class='ocrx_word' id='word_1_230' title='bbox 1333 3376 1389 3440; x_wconf 90' lang='lat' dir='ltr'><strong>sed</strong></span> <span class='ocrx_word' id='word_1_231' title='bbox 1411 3384 1516 3442; x_wconf 87' lang='lat' dir='ltr'><strong>tamen</strong></span> <span class='ocrx_word' id='word_1_232' title='bbox 1531 3377 1653 3443; x_wconf 91' lang='lat' dir='ltr'><strong>nullum</strong></span> <span class='ocrx_word' id='word_1_233' title='bbox 1672 3376 1761 3441; x_wconf 82' lang='lat' dir='ltr'><strong>thea-</strong></span> 
     </span>
     <span class='ocr_line' id='line_1_24' title="bbox 437 3470 1065 3539; baseline -0.013 0"><span class='ocrx_word' id='word_1_234' title='bbox 437 3484 519 3539; x_wconf 89' lang='lat' dir='ltr'><strong>trum</strong></span> <span class='ocrx_word' id='word_1_235' title='bbox 541 3474 648 3537; x_wconf 81' lang='lat' dir='ltr'><strong>virtuti</strong></span> <span class='ocrx_word' id='word_1_236' title='bbox 670 3470 864 3535; x_wconf 92' lang='lat' dir='ltr'><strong>conscientia</strong></span> <span class='ocrx_word' id='word_1_237' title='bbox 887 3470 985 3533; x_wconf 89' lang='lat' dir='ltr'><strong>maius</strong></span> <span class='ocrx_word' id='word_1_238' title='bbox 1008 3477 1065 3532; x_wconf 78' lang='lat' dir='ltr'><strong>est</strong></span> 
     </span>
     <span class='ocr_line' id='line_1_25' title="bbox 521 3563 1760 3649; baseline 0.001 -19"><span class='ocrx_word' id='word_1_239' title='bbox 521 3568 651 3630; x_wconf 77' lang='lat' dir='ltr'><strong>xxvii.</strong></span> <span class='ocrx_word' id='word_1_240' title='bbox 673 3563 724 3628; x_wconf 84' lang='lat'><strong>65.</strong></span> <span class='ocrx_word' id='word_1_241' title='bbox 746 3567 851 3648; x_wconf 81' lang='lat' dir='ltr'><strong>Atque</strong></span> <span class='ocrx_word' id='word_1_242' title='bbox 873 3564 906 3626; x_wconf 89' lang='lat' dir='ltr'><strong>in</strong></span> <span class='ocrx_word' id='word_1_243' title='bbox 928 3564 1036 3646; x_wconf 88' lang='lat' dir='ltr'><strong>primis</strong></span> <span class='ocrx_word' id='word_1_244' title='bbox 1059 3563 1247 3628; x_wconf 88' lang='lat' dir='ltr'><strong>meditemur</strong></span> <span class='ocrx_word' id='word_1_245' title='bbox 1266 3563 1358 3640; x_wconf 91' lang='lat' dir='ltr'><strong>illud,</strong></span> <span class='ocrx_word' id='word_1_246' title='bbox 1380 3572 1415 3629; x_wconf 90' lang='lat' dir='ltr'><strong>ut</strong></span> <span class='ocrx_word' id='word_1_247' title='bbox 1439 3566 1519 3629; x_wconf 88' lang='lat' dir='ltr'><strong>baec</strong></span> <span class='ocrx_word' id='word_1_248' title='bbox 1537 3566 1690 3649; x_wconf 87' lang='lat' dir='ltr'><strong>patientia</strong></span> <span class='ocrx_word' id='word_1_249' title='bbox 1704 3566 1760 3631; x_wconf 90' lang='lat' dir='ltr'><strong>do·</strong></span> 
     </span>
     <span class='ocr_line' id='line_1_26' title="bbox 400 3657 1758 3745; baseline 0.001 -24"><span class='ocrx_word' id='word_1_250' title='bbox 400 3664 557 3736; x_wconf 73' lang='lat' dir='ltr'><strong>talorum,</strong></span> <span class='ocrx_word' id='word_1_251' title='bbox 580 3680 672 3745; x_wconf 90' lang='lat' dir='ltr'><strong>quam</strong></span> <span class='ocrx_word' id='word_1_252' title='bbox 694 3679 789 3741; x_wconf 90' lang='lat' dir='ltr'><strong>saepe</strong></span> <span class='ocrx_word' id='word_1_253' title='bbox 810 3660 873 3722; x_wconf 91' lang='lat' dir='ltr'><strong>iam</strong></span> <span class='ocrx_word' id='word_1_254' title='bbox 895 3658 990 3721; x_wconf 91' lang='lat' dir='ltr'><strong>animi</strong></span> <span class='ocrx_word' id='word_1_255' title='bbox 1012 3659 1187 3721; x_wconf 90' lang='lat' dir='ltr'><strong>intentione</strong></span> <span class='ocrx_word' id='word_1_256' title='bbox 1209 3659 1276 3722; x_wconf 84' lang='lat' dir='ltr'><strong>dixi</strong></span> <span class='ocrx_word' id='word_1_257' title='bbox 1298 3678 1367 3723; x_wconf 90' lang='lat' dir='ltr'><strong>esse</strong></span> <span class='ocrx_word' id='word_1_258' title='bbox 1388 3657 1589 3735; x_wconf 86' lang='lat' dir='ltr'><strong>firmandam,</strong></span> <span class='ocrx_word' id='word_1_259' title='bbox 1617 3660 1650 3723; x_wconf 90' lang='lat' dir='ltr'><strong>in</strong></span> <span class='ocrx_word' id='word_1_260' title='bbox 1672 3660 1758 3725; x_wconf 90' lang='lat' dir='ltr'><strong>omni</strong></span> 
     </span>
     <span class='ocr_line' id='line_1_27' title="bbox 438 3751 1761 3841; baseline -0.003 -21"><span class='ocrx_word' id='word_1_261' title='bbox 438 3775 554 3841; x_wconf 75' lang='lat' dir='ltr'><strong>genere</strong></span> <span class='ocrx_word' id='word_1_262' title='bbox 583 3774 618 3817; x_wconf 90' lang='lat' dir='ltr'><strong>se</strong></span> <span class='ocrx_word' id='word_1_263' title='bbox 645 3752 843 3837; x_wconf 80' lang='lat' dir='ltr'><strong>aequabilem</strong></span> <span class='ocrx_word' id='word_1_264' title='bbox 869 3751 1027 3836; x_wconf 86' lang='lat' dir='ltr'><strong>praebeat.</strong></span> <span class='ocrx_word' id='word_1_265' title='bbox 1075 3751 1176 3834; x_wconf 89' lang='lat' dir='ltr'><strong>Saepe</strong></span> <span class='ocrx_word' id='word_1_266' title='bbox 1204 3753 1287 3816; x_wconf 90' lang='lat' dir='ltr'><strong>enim</strong></span> <span class='ocrx_word' id='word_1_267' title='bbox 1317 3752 1423 3830; x_wconf 89' lang='lat' dir='ltr'><strong>multi,</strong></span> <span class='ocrx_word' id='word_1_268' title='bbox 1455 3754 1512 3838; x_wconf 89' lang='lat' dir='ltr'><strong>qui</strong></span> <span class='ocrx_word' id='word_1_269' title='bbox 1548 3760 1602 3818; x_wconf 87' lang='lat' dir='ltr'><strong>aut</strong></span> <span class='ocrx_word' id='word_1_270' title='bbox 1632 3761 1761 3838; x_wconf 86' lang='lat' dir='ltr'><strong>propter</strong></span> 
     </span>
     <span class='ocr_line' id='line_1_28' title="bbox 437 3845 1760 3930; baseline -0.002 -17"><span class='ocrx_word' id='word_1_271' title='bbox 437 3849 585 3913; x_wconf 80' lang='lat' dir='ltr'><strong>victoriae</strong></span> <span class='ocrx_word' id='word_1_272' title='bbox 608 3846 809 3930; x_wconf 87' lang='lat' dir='ltr'><strong>cupiditatem</strong></span> <span class='ocrx_word' id='word_1_273' title='bbox 831 3852 887 3908; x_wconf 92' lang='lat' dir='ltr'><strong>aut</strong></span> <span class='ocrx_word' id='word_1_274' title='bbox 907 3851 1036 3929; x_wconf 85' lang='lat' dir='ltr'><strong>propter</strong></span> <span class='ocrx_word' id='word_1_275' title='bbox 1056 3845 1174 3928; x_wconf 78' lang='lat' dir='ltr'><strong>gloriae</strong></span> <span class='ocrx_word' id='word_1_276' title='bbox 1196 3848 1374 3924; x_wconf 89' lang='lat' dir='ltr'><strong>autetiam,</strong></span> <span class='ocrx_word' id='word_1_277' title='bbox 1396 3855 1432 3911; x_wconf 88' lang='lat' dir='ltr'><strong>ut</strong></span> <span class='ocrx_word' id='word_1_278' title='bbox 1446 3849 1496 3911; x_wconf 91' lang='lat' dir='ltr'><strong>ins</strong></span> <span class='ocrx_word' id='word_1_279' title='bbox 1511 3867 1603 3911; x_wconf 90' lang='lat' dir='ltr'><strong>suum</strong></span> <span class='ocrx_word' id='word_1_280' title='bbox 1619 3854 1651 3911; x_wconf 90' lang='lat' dir='ltr'><strong>et</strong></span> <span class='ocrx_word' id='word_1_281' title='bbox 1664 3846 1760 3911; x_wconf 87' lang='lat' dir='ltr'><strong>liber·</strong></span> 
     </span>
     <span class='ocr_line' id='line_1_29' title="bbox 437 3939 1760 4022; baseline -0.004 -14"><span class='ocrx_word' id='word_1_282' title='bbox 437 3952 532 4009; x_wconf 90' lang='lat' dir='ltr'><strong>tatem</strong></span> <span class='ocrx_word' id='word_1_283' title='bbox 555 3947 713 4014; x_wconf 88' lang='lat' dir='ltr'><strong>tenerent,</strong></span> <span class='ocrx_word' id='word_1_284' title='bbox 735 3939 865 4002; x_wconf 86' lang='lat' dir='ltr'><strong>volnera</strong></span> <span class='ocrx_word' id='word_1_285' title='bbox 886 3949 1077 4022; x_wconf 86' lang='lat' dir='ltr'><strong>exceperunt</strong></span> <span class='ocrx_word' id='word_1_286' title='bbox 1090 3939 1216 4003; x_wconf 78' lang='lat' dir='ltr'><strong>fortiter</strong></span> <span class='ocrx_word' id='word_1_287' title='bbox 1231 3950 1261 4006; x_wconf 93' lang='lat' dir='ltr'><strong>et</strong></span> <span class='ocrx_word' id='word_1_288' title='bbox 1273 3942 1429 4016; x_wconf 88' lang='lat' dir='ltr'><strong>tulerunt,</strong></span> <span class='ocrx_word' id='word_1_289' title='bbox 1452 3940 1537 4007; x_wconf 90' lang='lat' dir='ltr'><strong>idem</strong></span> <span class='ocrx_word' id='word_1_290' title='bbox 1554 3940 1671 4004; x_wconf 90' lang='lat' dir='ltr'><strong>omissa</strong></span> <span class='ocrx_word' id='word_1_291' title='bbox 1685 3959 1760 4004; x_wconf 89' lang='lat' dir='ltr'><strong>oon·</strong></span> 
     </span>
     <span class='ocr_line' id='line_1_30' title="bbox 437 4031 1759 4121; baseline -0.003 -20"><span class='ocrx_word' id='word_1_292' title='bbox 437 4037 579 4101; x_wconf 89' lang='lat' dir='ltr'><strong>tentione</strong></span> <span class='ocrx_word' id='word_1_293' title='bbox 606 4034 747 4098; x_wconf 90' lang='lat' dir='ltr'><strong>dolorem</strong></span> <span class='ocrx_word' id='word_1_294' title='bbox 775 4033 875 4095; x_wconf 93' lang='lat' dir='ltr'><strong>morbi</strong></span> <span class='ocrx_word' id='word_1_295' title='bbox 903 4031 985 4096; x_wconf 82' lang='lat' dir='ltr'><strong>ferre</strong></span> <span class='ocrx_word' id='word_1_296' title='bbox 1013 4053 1078 4096; x_wconf 94' lang='lat' dir='ltr'><strong>non</strong></span> <span class='ocrx_word' id='word_1_297' title='bbox 1108 4044 1258 4117; x_wconf 89' lang='lat' dir='ltr'><strong>possunt;</strong></span> <span class='ocrx_word' id='word_1_298' title='bbox 1290 4035 1502 4121; x_wconf 92' lang='lat' dir='ltr'><strong>nequeenim</strong></span> <span class='ocrx_word' id='word_1_299' title='bbox 1526 4032 1633 4107; x_wconf 88' lang='lat' dir='ltr'><strong>illurn,</strong></span> <span class='ocrx_word' id='word_1_300' title='bbox 1665 4053 1759 4117; x_wconf 89' lang='lat' dir='ltr'><strong>quem</strong></span> 
     </span>
     <span class='ocr_line' id='line_1_31' title="bbox 402 4128 1760 4218; baseline 0.001 -29"><span class='ocrx_word' id='word_1_301' title='bbox 402 4130 531 4194; x_wconf 78' lang='lat' dir='ltr'><strong>solacile</strong></span> <span class='ocrx_word' id='word_1_302' title='bbox 552 4129 705 4203; x_wconf 88' lang='lat' dir='ltr'><strong>tulerant,</strong></span> <span class='ocrx_word' id='word_1_303' title='bbox 727 4129 847 4192; x_wconf 91' lang='lat' dir='ltr'><strong>ratione</strong></span> <span class='ocrx_word' id='word_1_304' title='bbox 869 4133 924 4190; x_wconf 88' lang='lat' dir='ltr'><strong>aut</strong></span> <span class='ocrx_word' id='word_1_305' title='bbox 944 4128 1096 4209; x_wconf 89' lang='lat' dir='ltr'><strong>sapientia</strong></span> <span class='ocrx_word' id='word_1_306' title='bbox 1111 4128 1261 4205; x_wconf 88' lang='lat' dir='ltr'><strong>tulerant,</strong></span> <span class='ocrx_word' id='word_1_307' title='bbox 1285 4131 1340 4195; x_wconf 87' lang='lat' dir='ltr'><strong>sed</strong></span> <span class='ocrx_word' id='word_1_308' title='bbox 1354 4130 1460 4218; x_wconf 79' lang='lat' dir='ltr'><strong>studio</strong></span> <span class='ocrx_word' id='word_1_309' title='bbox 1477 4132 1583 4214; x_wconf 90' lang='lat' dir='ltr'><strong>potins</strong></span> <span class='ocrx_word' id='word_1_310' title='bbox 1598 4137 1631 4194; x_wconf 88' lang='lat' dir='ltr'><strong>et</strong></span> <span class='ocrx_word' id='word_1_311' title='bbox 1646 4128 1760 4211; x_wconf 76' lang='lat' dir='ltr'><strong>gloria.</strong></span> 
     </span>
     <span class='ocr_line' id='line_1_32' title="bbox 438 4221 1760 4309; baseline -0.002 -21"><span class='ocrx_word' id='word_1_312' title='bbox 438 4226 547 4309; x_wconf 86' lang='lat' dir='ltr'><strong>ltaque</strong></span> <span class='ocrx_word' id='word_1_313' title='bbox 576 4224 699 4286; x_wconf 91' lang='lat' dir='ltr'><strong>barbari</strong></span> <span class='ocrx_word' id='word_1_314' title='bbox 731 4221 858 4305; x_wconf 90' lang='lat' dir='ltr'><strong>qnidam</strong></span> <span class='ocrx_word' id='word_1_315' title='bbox 887 4228 919 4283; x_wconf 88' lang='lat' dir='ltr'><strong>et</strong></span> <span class='ocrx_word' id='word_1_316' title='bbox 947 4222 1090 4285; x_wconf 88' lang='lat' dir='ltr'><strong>inmanes</strong></span> <span class='ocrx_word' id='word_1_317' title='bbox 1119 4222 1203 4286; x_wconf 82' lang='lat' dir='ltr'><strong>ferro</strong></span> <span class='ocrx_word' id='word_1_318' title='bbox 1233 4226 1392 4289; x_wconf 89' lang='lat' dir='ltr'><strong>decertare</strong></span> <span class='ocrx_word' id='word_1_319' title='bbox 1425 4244 1585 4288; x_wconf 88' lang='lat' dir='ltr'><strong>acerrume</strong></span> <span class='ocrx_word' id='word_1_320' title='bbox 1615 4233 1760 4307; x_wconf 88' lang='lat' dir='ltr'><strong>possunt,</strong></span> 
     </span>
     <span class='ocr_line' id='line_1_33' title="bbox 439 4316 1761 4402; baseline -0.002 -20"><span class='ocrx_word' id='word_1_321' title='bbox 439 4328 600 4402; x_wconf 77' lang='lat' dir='ltr'><strong>aegrotare</strong></span> <span class='ocrx_word' id='word_1_322' title='bbox 623 4316 755 4381; x_wconf 82' lang='lat' dir='ltr'><strong>viriliter</strong></span> <span class='ocrx_word' id='word_1_323' title='bbox 775 4336 838 4379; x_wconf 92' lang='lat' dir='ltr'><strong>non</strong></span> <span class='ocrx_word' id='word_1_324' title='bbox 861 4324 991 4400; x_wconf 87' lang='lat' dir='ltr'><strong>queunt.</strong></span> <span class='ocrx_word' id='word_1_325' title='bbox 1018 4316 1257 4381; x_wconf 71' lang='lat' dir='ltr'><strong>Graecioautem</strong></span> <span class='ocrx_word' id='word_1_326' title='bbox 1272 4321 1428 4393; x_wconf 88' lang='lat' dir='ltr'><strong>homines,</strong></span> <span class='ocrx_word' id='word_1_327' title='bbox 1447 4340 1511 4383; x_wconf 91' lang='lat' dir='ltr'><strong>non</strong></span> <span class='ocrx_word' id='word_1_328' title='bbox 1526 4320 1601 4382; x_wconf 89' lang='lat' dir='ltr'><strong>satis</strong></span> <span class='ocrx_word' id='word_1_329' title='bbox 1615 4318 1761 4392; x_wconf 89' lang='lat' dir='ltr'><strong>animosi,</strong></span> 
     </span>
     <span class='ocr_line' id='line_1_34' title="bbox 439 4408 1761 4497; baseline -0.001 -22"><span class='ocrx_word' id='word_1_330' title='bbox 439 4412 625 4497; x_wconf 91' lang='lat' dir='ltr'><strong>prudentes,</strong></span> <span class='ocrx_word' id='word_1_331' title='bbox 646 4418 682 4473; x_wconf 86' lang='lat' dir='ltr'><strong>ul</strong></span> <span class='ocrx_word' id='word_1_332' title='bbox 703 4418 751 4473; x_wconf 92' lang='lat' dir='ltr'><strong>est</strong></span> <span class='ocrx_word' id='word_1_333' title='bbox 773 4417 883 4491; x_wconf 89' lang='lat' dir='ltr'><strong>captus</strong></span> <span class='ocrx_word' id='word_1_334' title='bbox 904 4409 1081 4484; x_wconf 91' lang='lat' dir='ltr'><strong>hominum,</strong></span> <span class='ocrx_word' id='word_1_335' title='bbox 1105 4411 1196 4484; x_wconf 87' lang='lat' dir='ltr'><strong>satis,</strong></span> <span class='ocrx_word' id='word_1_336' title='bbox 1219 4411 1342 4475; x_wconf 91' lang='lat' dir='ltr'><strong>bostem</strong></span> <span class='ocrx_word' id='word_1_337' title='bbox 1363 4408 1505 4492; x_wconf 86' lang='lat' dir='ltr'><strong>aspicere</strong></span> <span class='ocrx_word' id='word_1_338' title='bbox 1528 4431 1591 4472; x_wconf 94' lang='lat' dir='ltr'><strong>non</strong></span> <span class='ocrx_word' id='word_1_339' title='bbox 1613 4418 1761 4493; x_wconf 87' lang='lat' dir='ltr'><strong>possunt:</strong></span> 
     </span>
     <span class='ocr_line' id='line_1_35' title="bbox 440 4502 1760 4586; baseline -0.002 -18"><span class='ocrx_word' id='word_1_340' title='bbox 440 4507 542 4570; x_wconf 90' lang='lat' dir='ltr'><strong>eidem</strong></span> <span class='ocrx_word' id='word_1_341' title='bbox 572 4504 698 4570; x_wconf 90' lang='lat' dir='ltr'><strong>morbos</strong></span> <span class='ocrx_word' id='word_1_342' title='bbox 726 4503 896 4567; x_wconf 89' lang='lat' dir='ltr'><strong>toleranter</strong></span> <span class='ocrx_word' id='word_1_343' title='bbox 921 4511 1017 4586; x_wconf 88' lang='lat' dir='ltr'><strong>atque</strong></span> <span class='ocrx_word' id='word_1_344' title='bbox 1045 4503 1184 4566; x_wconf 84' lang='lat' dir='ltr'><strong>bumana</strong></span> <span class='ocrx_word' id='word_1_345' title='bbox 1204 4502 1318 4565; x_wconf 80' lang='lat' dir='ltr'><strong>lerunt</strong></span> <span class='ocrx_word' id='word_1_346' title='bbox 1356 4505 1397 4565; x_wconf 80' lang='lat' dir='ltr'><strong>At</strong></span> <span class='ocrx_word' id='word_1_347' title='bbox 1419 4502 1534 4565; x_wconf 86' lang='lat' dir='ltr'><strong>Cimbri</strong></span> <span class='ocrx_word' id='word_1_348' title='bbox 1557 4510 1588 4566; x_wconf 92' lang='lat' dir='ltr'><strong>et</strong></span> <span class='ocrx_word' id='word_1_349' title='bbox 1611 4503 1760 4566; x_wconf 86' lang='lat' dir='ltr'><strong>Celtiberi</strong></span> 
     </span>
     <span class='ocr_line' id='line_1_36' title="bbox 401 4597 1762 4681; baseline 0.001 -21"><span class='ocrx_word' id='word_1_350' title='bbox 401 4599 474 4661; x_wconf 80' lang='lat' dir='ltr'><strong>asin</strong></span> <span class='ocrx_word' id='word_1_351' title='bbox 495 4599 623 4681; x_wconf 91' lang='lat' dir='ltr'><strong>proeliis</strong></span> <span class='ocrx_word' id='word_1_352' title='bbox 646 4597 806 4672; x_wconf 86' lang='lat' dir='ltr'><strong>exultant,</strong></span> <span class='ocrx_word' id='word_1_353' title='bbox 829 4598 1038 4660; x_wconf 89' lang='lat' dir='ltr'><strong>lamentantur</strong></span> <span class='ocrx_word' id='word_1_354' title='bbox 1059 4598 1090 4660; x_wconf 90' lang='lat' dir='ltr'><strong>in</strong></span> <span class='ocrx_word' id='word_1_355' title='bbox 1113 4598 1231 4661; x_wconf 90' lang='lat' dir='ltr'><strong>morbo.</strong></span> <span class='ocrx_word' id='word_1_356' title='bbox 1267 4598 1352 4660; x_wconf 90' lang='lat' dir='ltr'><strong>Nihil</strong></span> <span class='ocrx_word' id='word_1_357' title='bbox 1374 4597 1456 4660; x_wconf 88' lang='lat' dir='ltr'><strong>enim</strong></span> <span class='ocrx_word' id='word_1_358' title='bbox 1486 4604 1684 4680; x_wconf 85' lang='lat' dir='ltr'><strong>potestesse</strong></span> <span class='ocrx_word' id='word_1_359' title='bbox 1709 4618 1762 4662; x_wconf 86' lang='lat' dir='ltr'><strong>ae·</strong></span> 
     </span>
     <span class='ocr_line' id='line_1_37' title="bbox 371 4690 1761 4777; baseline -0.002 -20"><span class='ocrx_word' id='word_1_360' title='bbox 371 4758 374 4766; x_wconf 46' lang='grc'><strong>.</strong></span> <span class='ocrx_word' id='word_1_361' title='bbox 440 4694 576 4777; x_wconf 91' lang='lat' dir='ltr'><strong>quabile,</strong></span> <span class='ocrx_word' id='word_1_362' title='bbox 599 4692 684 4777; x_wconf 94' lang='lat' dir='ltr'><strong>quod</strong></span> <span class='ocrx_word' id='word_1_363' title='bbox 707 4713 770 4755; x_wconf 94' lang='lat' dir='ltr'><strong>non</strong></span> <span class='ocrx_word' id='word_1_364' title='bbox 792 4713 810 4756; x_wconf 93' lang='lat' dir='ltr'><strong>a</strong></span> <span class='ocrx_word' id='word_1_365' title='bbox 830 4700 915 4756; x_wconf 90' lang='lat' dir='ltr'><strong>certa</strong></span> <span class='ocrx_word' id='word_1_366' title='bbox 936 4693 1059 4755; x_wconf 90' lang='lat' dir='ltr'><strong>ratione</strong></span> <span class='ocrx_word' id='word_1_367' title='bbox 1081 4692 1307 4775; x_wconf 88' lang='lat' dir='ltr'><strong>proficiscatur.</strong></span> <span class='ocrx_word' id='word_1_368' title='bbox 1331 4690 1381 4754; x_wconf 89' lang='grc'><strong>66.</strong></span> <span class='ocrx_word' id='word_1_369' title='bbox 1405 4692 1467 4755; x_wconf 87' lang='lat' dir='ltr'><strong>Sed</strong></span> <span class='ocrx_word' id='word_1_370' title='bbox 1483 4712 1555 4755; x_wconf 90' lang='lat' dir='ltr'><strong>cum</strong></span> <span class='ocrx_word' id='word_1_371' title='bbox 1571 4690 1679 4754; x_wconf 89' lang='lat' dir='ltr'><strong>rideas</strong></span> <span class='ocrx_word' id='word_1_372' title='bbox 1695 4711 1761 4766; x_wconf 89' lang='lat' dir='ltr'><strong>eos,</strong></span> 
     </span>
     <span class='ocr_line' id='line_1_38' title="bbox 440 4784 1763 4871; baseline -0.001 -22"><span class='ocrx_word' id='word_1_373' title='bbox 440 4787 494 4870; x_wconf 90' lang='lat' dir='ltr'><strong>qui</strong></span> <span class='ocrx_word' id='word_1_374' title='bbox 524 4794 579 4849; x_wconf 91' lang='lat' dir='ltr'><strong>aut</strong></span> <span class='ocrx_word' id='word_1_375' title='bbox 606 4786 711 4850; x_wconf 87' lang='lat' dir='ltr'><strong>studio</strong></span> <span class='ocrx_word' id='word_1_376' title='bbox 734 4796 787 4849; x_wconf 88' lang='lat' dir='ltr'><strong>aut</strong></span> <span class='ocrx_word' id='word_1_377' title='bbox 809 4786 959 4869; x_wconf 89' lang='lat' dir='ltr'><strong>opinione</strong></span> <span class='ocrx_word' id='word_1_378' title='bbox 981 4785 1152 4861; x_wconf 89' lang='lat' dir='ltr'><strong>ducantur,</strong></span> <span class='ocrx_word' id='word_1_379' title='bbox 1181 4788 1275 4850; x_wconf 91' lang='lat' dir='ltr'><strong>ineo</strong></span> <span class='ocrx_word' id='word_1_380' title='bbox 1298 4786 1519 4871; x_wconf 89' lang='lat' dir='ltr'><strong>persequendo</strong></span> <span class='ocrx_word' id='word_1_381' title='bbox 1541 4794 1637 4869; x_wconf 90' lang='lat' dir='ltr'><strong>atque</strong></span> <span class='ocrx_word' id='word_1_382' title='bbox 1659 4784 1763 4869; x_wconf 90' lang='lat' dir='ltr'><strong>adipi·</strong></span> 
     </span>
     <span class='ocr_line' id='line_1_39' title="bbox 441 4878 1762 4962; baseline -0.002 -19"><span class='ocrx_word' id='word_1_383' title='bbox 441 4882 556 4944; x_wconf 88' lang='lat' dir='ltr'><strong>scendo</strong></span> <span class='ocrx_word' id='word_1_384' title='bbox 579 4881 688 4944; x_wconf 89' lang='lat' dir='ltr'><strong>dolore</strong></span> <span class='ocrx_word' id='word_1_385' title='bbox 710 4900 774 4942; x_wconf 94' lang='lat' dir='ltr'><strong>non</strong></span> <span class='ocrx_word' id='word_1_386' title='bbox 796 4878 914 4962; x_wconf 79' lang='lat' dir='ltr'><strong>frangi,</strong></span> <span class='ocrx_word' id='word_1_387' title='bbox 938 4878 1053 4943; x_wconf 90' lang='lat' dir='ltr'><strong>debeas</strong></span> <span class='ocrx_word' id='word_1_388' title='bbox 1075 4880 1254 4943; x_wconf 85' lang='lat' dir='ltr'><strong>existimare</strong></span> <span class='ocrx_word' id='word_1_389' title='bbox 1277 4889 1415 4944; x_wconf 88' lang='lat' dir='ltr'><strong>autnon</strong></span> <span class='ocrx_word' id='word_1_390' title='bbox 1438 4899 1509 4944; x_wconf 86' lang='lat' dir='ltr'><strong>ease</strong></span> <span class='ocrx_word' id='word_1_391' title='bbox 1530 4879 1648 4943; x_wconf 91' lang='lat' dir='ltr'><strong>malum</strong></span> <span class='ocrx_word' id='word_1_392' title='bbox 1670 4878 1762 4942; x_wconf 93' lang='lat' dir='ltr'><strong>dolo·</strong></span> 
     </span>
     <span class='ocr_line' id='line_1_40' title="bbox 440 4970 1761 5058; baseline 0 -23"><span class='ocrx_word' id='word_1_393' title='bbox 440 4992 506 5035; x_wconf 90' lang='lat' dir='ltr'><strong>rem</strong></span> <span class='ocrx_word' id='word_1_394' title='bbox 528 4982 596 5047; x_wconf 87' lang='lat' dir='ltr'><strong>aut,</strong></span> <span class='ocrx_word' id='word_1_395' title='bbox 619 4974 712 5037; x_wconf 89' lang='lat' dir='ltr'><strong>etiam</strong></span> <span class='ocrx_word' id='word_1_396' title='bbox 735 4975 778 5048; x_wconf 88' lang='lat' dir='ltr'><strong>si,</strong></span> <span class='ocrx_word' id='word_1_397' title='bbox 801 4973 953 5056; x_wconf 91' lang='lat' dir='ltr'><strong>quicquid</strong></span> <span class='ocrx_word' id='word_1_398' title='bbox 971 4992 1117 5057; x_wconf 90' lang='lat' dir='ltr'><strong>asperum</strong></span> <span class='ocrx_word' id='word_1_399' title='bbox 1133 4974 1334 5058; x_wconf 90' lang='lat' dir='ltr'><strong>alienumque</strong></span> <span class='ocrx_word' id='word_1_400' title='bbox 1351 4983 1463 5037; x_wconf 89' lang='lat' dir='ltr'><strong>natura</strong></span> <span class='ocrx_word' id='word_1_401' title='bbox 1478 4973 1537 5049; x_wconf 87' lang='lat' dir='ltr'><strong>sit,</strong></span> <span class='ocrx_word' id='word_1_402' title='bbox 1560 4972 1592 5035; x_wconf 95' lang='lat' dir='ltr'><strong>id</strong></span> <span class='ocrx_word' id='word_1_403' title='bbox 1607 4970 1761 5055; x_wconf 87' lang='lat' dir='ltr'><strong>appellari</strong></span> 
     </span>
    </p>
   </div>
   <div class='ocr_carea' id='block_1_3' title="bbox 380 5266 1764 5931">
    <p class='ocr_par' dir='ltr' id='par_1_3' title="bbox 380 5266 1764 5931">
     <span class='ocr_line' id='line_1_41' title="bbox 380 5266 1761 5335; baseline -0.001 -16"><span class='ocrx_word' id='word_1_404' title='bbox 380 5297 385 5309; x_wconf 92' lang='lat'>·</span> <span class='ocrx_word' id='word_1_405' title='bbox 441 5268 554 5320; x_wconf 88' lang='lat' dir='ltr'><strong>conlerri</strong></span> <span class='ocrx_word' id='word_1_406' title='bbox 570 5272 658 5335; x_wconf 89' lang='lat' dir='ltr'><strong>potest</strong></span> <span class='ocrx_word' id='word_1_407' title='bbox 673 5270 688 5334; x_wconf 67' lang='grc' dir='ltr'><strong>ἓ</strong></span> <span class='ocrx_word' id='word_1_408' title='bbox 706 5270 733 5319; x_wconf 83' lang='grc'><strong>64</strong></span> <span class='ocrx_word' id='word_1_409' title='bbox 754 5276 781 5320; x_wconf 80' lang='lat' dir='ltr'><strong>ut</strong></span> <span class='ocrx_word' id='word_1_410' title='bbox 797 5271 853 5320; x_wconf 84' lang='lat' dir='ltr'><strong>ille</strong></span> <span class='ocrx_word' id='word_1_411' title='bbox 864 5271 1026 5331; x_wconf 77' lang='lat' dir='ltr'><strong>--iuquit</strong></span> <span class='ocrx_word' id='word_1_412' title='bbox 1050 5271 1093 5331; x_wconf 85' lang='lat' dir='ltr'><strong>lV,</strong></span> <span class='ocrx_word' id='word_1_413' title='bbox 1111 5269 1144 5321; x_wconf 76' lang='lat' dir='ltr'><strong>il</strong></span> <span class='ocrx_word' id='word_1_414' title='bbox 1160 5271 1265 5321; x_wconf 70' lang='lat' dir='ltr'><strong>measse</strong></span> <span class='ocrx_word' id='word_1_415' title='bbox 1285 5269 1368 5321; x_wconf 81' lang='lat' dir='ltr'><strong>Madv.</strong></span> <span class='ocrx_word' id='word_1_416' title='bbox 1383 5268 1417 5319; x_wconf 91' lang='lat' dir='ltr'><strong>ad</strong></span> <span class='ocrx_word' id='word_1_417' title='bbox 1435 5270 1488 5320; x_wconf 72' lang='lat' dir='ltr'><strong>fin.</strong></span> <span class='ocrx_word' id='word_1_418' title='bbox 1501 5266 1542 5328; x_wconf 87' lang='grc' dir='ltr'>ΙΙΙ,</span> <span class='ocrx_word' id='word_1_419' title='bbox 1555 5268 1587 5319; x_wconf 77' lang='grc' dir='ltr'><strong>ΙΙΙ</strong></span> <span class='ocrx_word' id='word_1_420' title='bbox 1599 5272 1705 5331; x_wconf 75' lang='lat' dir='ltr'><strong>poteu.·</strong></span> <span class='ocrx_word' id='word_1_421' title='bbox 1717 5268 1761 5319; x_wconf 86' lang='lat' dir='ltr'><strong>W.</strong></span> 
     </span>
     <span class='ocr_line' id='line_1_42' title="bbox 440 5342 1764 5409; baseline -0.002 -14"><span class='ocrx_word' id='word_1_422' title='bbox 440 5346 1011 5409; x_wconf 74' lang='lat' dir='ltr'><strong>-l.mopnosGet(superscr.uili-</strong></span> <span class='ocrx_word' id='word_1_423' title='bbox 1034 5344 1202 5394; x_wconf 61' lang='grc'><strong>661636-</strong></span> <span class='ocrx_word' id='word_1_424' title='bbox 1227 5345 1509 5396; x_wconf 71' lang='lat' dir='ltr'><strong>bctscurrcrinlO-</strong></span> <span class='ocrx_word' id='word_1_425' title='bbox 1533 5343 1645 5393; x_wconf 82' lang='lat' dir='ltr'><strong>bic-</strong></span> <span class='ocrx_word' id='word_1_426' title='bbox 1668 5342 1764 5405; x_wconf 66' lang='lat' dir='ltr'><strong>esdod</strong></span> 
     </span>
     <span class='ocr_line' id='line_1_43' title="bbox 439 5417 1763 5485; baseline -0.005 -14"><span class='ocrx_word' id='word_1_427' title='bbox 439 5420 500 5470; x_wconf 81' lang='lat' dir='ltr'><strong>boso</strong></span> <span class='ocrx_word' id='word_1_428' title='bbox 516 5418 582 5483; x_wconf 66' lang='lat' dir='ltr'><strong>(suli.</strong></span> <span class='ocrx_word' id='word_1_429' title='bbox 601 5420 634 5468; x_wconf 85' lang='lat' dir='ltr'><strong>od</strong></span> <span class='ocrx_word' id='word_1_430' title='bbox 651 5420 790 5482; x_wconf 87' lang='lat' dir='ltr'><strong>expuncta)</strong></span> <span class='ocrx_word' id='word_1_431' title='bbox 808 5422 828 5469; x_wconf 86' lang='lat' dir='ltr'><strong>G</strong></span> <span class='ocrx_word' id='word_1_432' title='bbox 843 5445 869 5455; x_wconf 88' lang='lat'><em>-</em></span> <span class='ocrx_word' id='word_1_433' title='bbox 888 5419 912 5468; x_wconf 76' lang='grc' dir='ltr'><strong>Ἰ.</strong></span> <span class='ocrx_word' id='word_1_434' title='bbox 931 5433 980 5469; x_wconf 82' lang='lat' dir='ltr'><strong>uon</strong></span> <span class='ocrx_word' id='word_1_435' title='bbox 996 5433 1046 5470; x_wconf 80' lang='lat' dir='ltr'><strong>esso</strong></span> <span class='ocrx_word' id='word_1_436' title='bbox 1062 5433 1142 5485; x_wconf 85' lang='lat' dir='ltr'><strong>oeque</strong></span> <span class='ocrx_word' id='word_1_437' title='bbox 1156 5422 1246 5485; x_wconf 59' lang='lat' dir='ltr'><strong>mauis</strong></span> <span class='ocrx_word' id='word_1_438' title='bbox 1262 5433 1311 5470; x_wconf 80' lang='lat' dir='ltr'><strong>csse</strong></span> <span class='ocrx_word' id='word_1_439' title='bbox 1328 5419 1418 5484; x_wconf 89' lang='lat' dir='ltr'><strong>C(sed</strong></span> <span class='ocrx_word' id='word_1_440' title='bbox 1436 5420 1461 5469; x_wconf 92' lang='lat' dir='ltr'><strong>ln</strong></span> <span class='ocrx_word' id='word_1_441' title='bbox 1479 5420 1499 5469; x_wconf 84' lang='lat' dir='ltr'><strong>li</strong></span> <span class='ocrx_word' id='word_1_442' title='bbox 1516 5418 1613 5482; x_wconf 88' lang='lat' dir='ltr'><strong>priore,</strong></span> <span class='ocrx_word' id='word_1_443' title='bbox 1631 5417 1658 5466; x_wconf 92' lang='lat' dir='ltr'><strong>ln</strong></span> <span class='ocrx_word' id='word_1_444' title='bbox 1676 5417 1695 5466; x_wconf 87' lang='grc' dir='ltr'><strong>Β</strong></span> <span class='ocrx_word' id='word_1_445' title='bbox 1712 5427 1763 5480; x_wconf 86' lang='lat' dir='ltr'><strong>po-</strong></span> 
     </span>
     <span class='ocr_line' id='line_1_44' title="bbox 440 5490 1763 5559; baseline -0.004 -15"><span class='ocrx_word' id='word_1_446' title='bbox 440 5495 551 5545; x_wconf 87' lang='lat' dir='ltr'><strong>steriore</strong></span> <span class='ocrx_word' id='word_1_447' title='bbox 569 5506 618 5543; x_wconf 83' lang='lat' dir='ltr'><strong>esse</strong></span> <span class='ocrx_word' id='word_1_448' title='bbox 633 5492 745 5556; x_wconf 85' lang='lat' dir='ltr'><strong>deleto);</strong></span> <span class='ocrx_word' id='word_1_449' title='bbox 768 5508 818 5543; x_wconf 81' lang='lat' dir='ltr'><strong>oon</strong></span> <span class='ocrx_word' id='word_1_450' title='bbox 834 5508 884 5544; x_wconf 83' lang='lat' dir='ltr'><strong>esse</strong></span> <span class='ocrx_word' id='word_1_451' title='bbox 900 5508 977 5556; x_wconf 84' lang='lat' dir='ltr'><strong>oeque</strong></span> <span class='ocrx_word' id='word_1_452' title='bbox 993 5508 1082 5559; x_wconf 80' lang='lat' dir='ltr'><strong>proces</strong></span> <span class='ocrx_word' id='word_1_453' title='bbox 1099 5496 1119 5545; x_wconf 93' lang='lat'>0</span> <span class='ocrx_word' id='word_1_454' title='bbox 1138 5519 1164 5530; x_wconf 97' lang='lat'><em>-</em></span> <span class='ocrx_word' id='word_1_455' title='bbox 1189 5495 1213 5545; x_wconf 81' lang='lat' dir='ltr'><strong>s.</strong></span> <span class='ocrx_word' id='word_1_456' title='bbox 1232 5495 1292 5545; x_wconf 84' lang='lat' dir='ltr'><strong>boec</strong></span> <span class='ocrx_word' id='word_1_457' title='bbox 1309 5497 1339 5544; x_wconf 88' lang='lat' dir='ltr'><strong>G¹</strong></span> <span class='ocrx_word' id='word_1_458' title='bbox 1359 5522 1385 5531; x_wconf 95' lang='lat'>-</span> <span class='ocrx_word' id='word_1_459' title='bbox 1408 5494 1568 5556; x_wconf 81' lang='lat' dir='ltr'><strong>insipientum</strong></span> <span class='ocrx_word' id='word_1_460' title='bbox 1588 5492 1672 5554; x_wconf 77' lang='lat' dir='ltr'><strong>opinio</strong></span> <span class='ocrx_word' id='word_1_461' title='bbox 1694 5490 1763 5540; x_wconf 83' lang='lat' dir='ltr'><strong>uolat</strong></span> 
     </span>
     <span class='ocr_line' id='line_1_45' title="bbox 441 5563 1762 5633; baseline -0.004 -14"><span class='ocrx_word' id='word_1_462' title='bbox 441 5565 471 5619; x_wconf 70' lang='lat'><strong>(³¹</strong></span> <span class='ocrx_word' id='word_1_463' title='bbox 490 5596 516 5605; x_wconf 97' lang='lat'><em>-</em></span> <span class='ocrx_word' id='word_1_464' title='bbox 536 5569 575 5619; x_wconf 80' lang='lat'><strong>⁴0.</strong></span> <span class='ocrx_word' id='word_1_465' title='bbox 588 5570 653 5631; x_wconf 72' lang='lat' dir='ltr'><strong>mun]</strong></span> <span class='ocrx_word' id='word_1_466' title='bbox 670 5583 747 5631; x_wconf 86' lang='lat' dir='ltr'><strong>quom</strong></span> <span class='ocrx_word' id='word_1_467' title='bbox 763 5571 831 5620; x_wconf 83' lang='lat' dir='ltr'><strong>Balre</strong></span> <span class='ocrx_word' id='word_1_468' title='bbox 850 5569 866 5620; x_wconf 86' lang='grc' dir='ltr'><strong>Ι.</strong></span> <span class='ocrx_word' id='word_1_469' title='bbox 879 5569 896 5619; x_wconf 94' lang='grc' dir='ltr'><strong>Ι.</strong></span> <span class='ocrx_word' id='word_1_470' title='bbox 916 5584 941 5633; x_wconf 90' lang='lat' dir='ltr'><strong>p.</strong></span> <span class='ocrx_word' id='word_1_471' title='bbox 955 5571 996 5620; x_wconf 87' lang='grc'><strong>86.</strong></span> <span class='ocrx_word' id='word_1_472' title='bbox 1011 5595 1037 5604; x_wconf 94' lang='grc'>-</span> <span class='ocrx_word' id='word_1_473' title='bbox 1057 5571 1097 5620; x_wconf 83' lang='lat' dir='ltr'><strong>to.</strong></span> <span class='ocrx_word' id='word_1_474' title='bbox 1116 5571 1197 5618; x_wconf 81' lang='lat' dir='ltr'><strong>uideri</strong></span> <span class='ocrx_word' id='word_1_475' title='bbox 1214 5571 1263 5619; x_wconf 84' lang='lat' dir='ltr'><strong>Gli</strong></span> <span class='ocrx_word' id='word_1_476' title='bbox 1277 5595 1302 5604; x_wconf 94' lang='lat'><em>-</em></span> <span class='ocrx_word' id='word_1_477' title='bbox 1324 5571 1363 5619; x_wconf 84' lang='lat' dir='ltr'><strong>ll.</strong></span> <span class='ocrx_word' id='word_1_478' title='bbox 1382 5582 1438 5619; x_wconf 70' lang='lat' dir='ltr'><strong>mom</strong></span> <span class='ocrx_word' id='word_1_479' title='bbox 1455 5569 1489 5618; x_wconf 87' lang='lat' dir='ltr'><strong>C:</strong></span> <span class='ocrx_word' id='word_1_480' title='bbox 1508 5572 1536 5617; x_wconf 85' lang='lat' dir='ltr'><strong>ut</strong></span> <span class='ocrx_word' id='word_1_481' title='bbox 1552 5568 1572 5617; x_wconf 92' lang='lat'>0</span> <span class='ocrx_word' id='word_1_482' title='bbox 1586 5592 1613 5602; x_wconf 92' lang='lat'><em>-</em></span> <span class='ocrx_word' id='word_1_483' title='bbox 1633 5566 1674 5615; x_wconf 79' lang='grc'><strong>46.</strong></span> <span class='ocrx_word' id='word_1_484' title='bbox 1693 5563 1762 5629; x_wconf 80' lang='lat' dir='ltr'><strong>[aci-</strong></span> 
     </span>
     <span class='ocr_line' id='line_1_46' title="bbox 440 5642 1759 5709; baseline -0.002 -16"><span class='ocrx_word' id='word_1_485' title='bbox 440 5642 482 5707; x_wconf 78' lang='lat' dir='ltr'><strong>mi]</strong></span> <span class='ocrx_word' id='word_1_486' title='bbox 501 5645 535 5701; x_wconf 81' lang='lat'><strong>03</strong></span> <span class='ocrx_word' id='word_1_487' title='bbox 558 5656 608 5707; x_wconf 76' lang='lat' dir='ltr'><strong>ego</strong></span> <span class='ocrx_word' id='word_1_488' title='bbox 625 5644 703 5693; x_wconf 72' lang='lat' dir='ltr'><strong>cubui</strong></span> <span class='ocrx_word' id='word_1_489' title='bbox 719 5645 745 5695; x_wconf 92' lang='lat' dir='ltr'><strong>in</strong></span> <span class='ocrx_word' id='word_1_490' title='bbox 766 5646 886 5709; x_wconf 83' lang='lat' dir='ltr'><strong>proximo</strong></span> <span class='ocrx_word' id='word_1_491' title='bbox 903 5646 989 5708; x_wconf 88' lang='lat' dir='ltr'><strong>potius</strong></span> <span class='ocrx_word' id='word_1_492' title='bbox 1007 5658 1085 5694; x_wconf 90' lang='lat' dir='ltr'><strong>versu</strong></span> <span class='ocrx_word' id='word_1_493' title='bbox 1104 5643 1247 5694; x_wconf 89' lang='lat' dir='ltr'><strong>delendum</strong></span> <span class='ocrx_word' id='word_1_494' title='bbox 1264 5645 1364 5694; x_wconf 88' lang='lat' dir='ltr'><strong>censui.</strong></span> <span class='ocrx_word' id='word_1_495' title='bbox 1384 5669 1410 5678; x_wconf 97' lang='lat'><em>-</em></span> <span class='ocrx_word' id='word_1_496' title='bbox 1431 5644 1471 5693; x_wconf 79' lang='grc'><strong>47.</strong></span> <span class='ocrx_word' id='word_1_497' title='bbox 1489 5642 1719 5705; x_wconf 74' lang='lat' dir='ltr'><strong>contempnendos</strong></span> <span class='ocrx_word' id='word_1_498' title='bbox 1733 5666 1759 5675; x_wconf 97' lang='lat'><em>-</em></span> 
     </span>
     <span class='ocr_line' id='line_1_47' title="bbox 442 5716 1762 5783; baseline -0.002 -16"><span class='ocrx_word' id='word_1_499' title='bbox 442 5719 481 5768; x_wconf 87' lang='lat' dir='ltr'><strong>l8.</strong></span> <span class='ocrx_word' id='word_1_500' title='bbox 499 5719 609 5769; x_wconf 71' lang='lat' dir='ltr'><strong>dolorm</strong></span> <span class='ocrx_word' id='word_1_501' title='bbox 626 5721 656 5769; x_wconf 88' lang='lat' dir='ltr'><strong>G¹</strong></span> <span class='ocrx_word' id='word_1_502' title='bbox 674 5745 700 5755; x_wconf 97' lang='lat'><em>-</em></span> <span class='ocrx_word' id='word_1_503' title='bbox 725 5719 764 5769; x_wconf 81' lang='grc'><strong>49.</strong></span> <span class='ocrx_word' id='word_1_504' title='bbox 782 5721 817 5782; x_wconf 81' lang='lat' dir='ltr'><strong>ss]</strong></span> <span class='ocrx_word' id='word_1_505' title='bbox 833 5722 874 5769; x_wconf 81' lang='lat' dir='ltr'><strong>sed</strong></span> <span class='ocrx_word' id='word_1_506' title='bbox 891 5717 921 5769; x_wconf 79' lang='grc' dir='ltr'><strong>6ι</strong></span> <span class='ocrx_word' id='word_1_507' title='bbox 940 5747 965 5757; x_wconf 92' lang='grc'>-</span> <span class='ocrx_word' id='word_1_508' title='bbox 990 5725 1072 5770; x_wconf 74' lang='lat' dir='ltr'><strong>temni</strong></span> <span class='ocrx_word' id='word_1_509' title='bbox 1090 5720 1124 5769; x_wconf 81' lang='lat' dir='ltr'><strong>C:</strong></span> <span class='ocrx_word' id='word_1_510' title='bbox 1148 5724 1245 5768; x_wconf 71' lang='lat' dir='ltr'><strong>mutum</strong></span> <span class='ocrx_word' id='word_1_511' title='bbox 1262 5720 1281 5768; x_wconf 95' lang='lat'>0</span> <span class='ocrx_word' id='word_1_512' title='bbox 1300 5744 1326 5753; x_wconf 97' lang='lat'><em>-</em></span> <span class='ocrx_word' id='word_1_513' title='bbox 1351 5719 1392 5768; x_wconf 77' lang='lat'><strong>20.</strong></span> <span class='ocrx_word' id='word_1_514' title='bbox 1410 5719 1471 5783; x_wconf 83' lang='lat' dir='ltr'><strong>quio</strong></span> <span class='ocrx_word' id='word_1_515' title='bbox 1490 5718 1684 5767; x_wconf 75' lang='lat' dir='ltr'><strong>ettun--csue</strong></span> <span class='ocrx_word' id='word_1_516' title='bbox 1698 5716 1762 5779; x_wconf 65' lang='lat' dir='ltr'><strong>flant</strong></span> 
     </span>
     <span class='ocr_line' id='line_1_48' title="bbox 441 5791 1761 5858; baseline -0.001 -17"><span class='ocrx_word' id='word_1_517' title='bbox 441 5792 539 5844; x_wconf 81' lang='lat' dir='ltr'><strong>Nonius</strong></span> <span class='ocrx_word' id='word_1_518' title='bbox 556 5806 583 5858; x_wconf 89' lang='lat' dir='ltr'><strong>p.</strong></span> <span class='ocrx_word' id='word_1_519' title='bbox 603 5794 658 5844; x_wconf 76' lang='grc'><strong>489.</strong></span> <span class='ocrx_word' id='word_1_520' title='bbox 678 5819 701 5829; x_wconf 90' lang='grc'>-</span> <span class='ocrx_word' id='word_1_521' title='bbox 729 5794 769 5844; x_wconf 75' lang='lat'><strong>28.</strong></span> <span class='ocrx_word' id='word_1_522' title='bbox 787 5795 862 5844; x_wconf 77' lang='lat' dir='ltr'><strong>iidem</strong></span> <span class='ocrx_word' id='word_1_523' title='bbox 879 5795 899 5844; x_wconf 93' lang='lat'>0</span> <span class='ocrx_word' id='word_1_524' title='bbox 918 5820 944 5828; x_wconf 96' lang='lat'>-</span> <span class='ocrx_word' id='word_1_525' title='bbox 968 5793 1008 5845; x_wconf 76' lang='lat' dir='ltr'><strong>al.</strong></span> <span class='ocrx_word' id='word_1_526' title='bbox 1032 5795 1098 5844; x_wconf 67' lang='lat' dir='ltr'><strong>iden</strong></span> <span class='ocrx_word' id='word_1_527' title='bbox 1112 5793 1210 5844; x_wconf 71' lang='lat' dir='ltr'><strong>nimbos</strong></span> <span class='ocrx_word' id='word_1_528' title='bbox 1226 5793 1361 5843; x_wconf 79' lang='lat' dir='ltr'><strong>toleranter</strong></span> <span class='ocrx_word' id='word_1_529' title='bbox 1378 5798 1452 5855; x_wconf 82' lang='lat' dir='ltr'><strong>utque</strong></span> <span class='ocrx_word' id='word_1_530' title='bbox 1468 5792 1575 5842; x_wconf 72' lang='lat' dir='ltr'><strong>bunum</strong></span> <span class='ocrx_word' id='word_1_531' title='bbox 1589 5791 1674 5854; x_wconf 71' lang='lat' dir='ltr'><strong>[cm</strong></span> <span class='ocrx_word' id='word_1_532' title='bbox 1690 5791 1761 5842; x_wconf 89' lang='lat' dir='ltr'><strong>Cha-</strong></span> 
     </span>
     <span class='ocr_line' id='line_1_49' title="bbox 441 5864 1761 5931; baseline 0.001 -17"><span class='ocrx_word' id='word_1_533' title='bbox 441 5865 519 5916; x_wconf 87' lang='lat' dir='ltr'><strong>risius</strong></span> <span class='ocrx_word' id='word_1_534' title='bbox 536 5879 562 5930; x_wconf 87' lang='lat' dir='ltr'><strong>p.</strong></span> <span class='ocrx_word' id='word_1_535' title='bbox 580 5868 638 5930; x_wconf 71' lang='lat'><strong>222,</strong></span> <span class='ocrx_word' id='word_1_536' title='bbox 655 5869 680 5919; x_wconf 81' lang='lat'><strong>8.</strong></span> <span class='ocrx_word' id='word_1_537' title='bbox 698 5892 724 5904; x_wconf 90' lang='lat'>-</span> <span class='ocrx_word' id='word_1_538' title='bbox 743 5869 818 5919; x_wconf 77' lang='lat' dir='ltr'><strong>iidem</strong></span> <span class='ocrx_word' id='word_1_539' title='bbox 834 5869 854 5919; x_wconf 91' lang='lat'>0</span> <span class='ocrx_word' id='word_1_540' title='bbox 873 5893 900 5902; x_wconf 93' lang='lat'>-</span> <span class='ocrx_word' id='word_1_541' title='bbox 923 5868 1006 5931; x_wconf 75' lang='lat' dir='ltr'><strong>[mot</strong></span> <span class='ocrx_word' id='word_1_542' title='bbox 1026 5868 1109 5920; x_wconf 85' lang='lat' dir='ltr'><strong>babet</strong></span> <span class='ocrx_word' id='word_1_543' title='bbox 1125 5869 1204 5920; x_wconf 85' lang='lat' dir='ltr'><strong>etlam</strong></span> <span class='ocrx_word' id='word_1_544' title='bbox 1221 5869 1250 5929; x_wconf 83' lang='lat' dir='ltr'><strong>li,</strong></span> <span class='ocrx_word' id='word_1_545' title='bbox 1269 5867 1317 5919; x_wconf 88' lang='lat' dir='ltr'><strong>sed</strong></span> <span class='ocrx_word' id='word_1_546' title='bbox 1335 5865 1455 5919; x_wconf 85' lang='lat' dir='ltr'><strong>ultimam</strong></span> <span class='ocrx_word' id='word_1_547' title='bbox 1471 5864 1601 5929; x_wconf 75' lang='lat' dir='ltr'><strong>syllabam</strong></span> <span class='ocrx_word' id='word_1_548' title='bbox 1617 5877 1667 5931; x_wconf 85' lang='lat' dir='ltr'><strong>per</strong></span> <span class='ocrx_word' id='word_1_549' title='bbox 1683 5876 1761 5916; x_wconf 89' lang='lat' dir='ltr'><strong>com·</strong></span> 
     </span>
    </p>
   </div>
   <div class='ocr_carea' id='block_1_4' title="bbox 441 5939 848 6006">
    <p class='ocr_par' dir='ltr' id='par_1_4' title="bbox 441 5939 848 6006">
     <span class='ocr_line' id='line_1_50' title="bbox 441 5939 848 6006; baseline 0.007 -16"><span class='ocrx_word' id='word_1_550' title='bbox 441 5939 577 6002; x_wconf 74' lang='lat' dir='ltr'><strong>paudum.</strong></span> <span class='ocrx_word' id='word_1_551' title='bbox 591 5966 618 5978; x_wconf 95' lang='lat'><em>-</em></span> <span class='ocrx_word' id='word_1_552' title='bbox 637 5940 678 5993; x_wconf 75' lang='lat'><strong>89.</strong></span> <span class='ocrx_word' id='word_1_553' title='bbox 695 5941 802 6006; x_wconf 64' lang='lat' dir='ltr'><strong>spaloti</strong></span> <span class='ocrx_word' id='word_1_554' title='bbox 818 5944 848 5993; x_wconf 77' lang='lat' dir='ltr'><strong>(t.</strong></span> 
     </span>
    </p>
   </div>
   <div class='ocr_carea' id='block_1_5' title="bbox 0 0 2189 7459">
    <p class='ocr_par' dir='ltr' id='par_1_5' title="bbox 0 0 2189 7459">
     <span class='ocr_line' id='line_1_51' title="bbox 0 0 2189 7459; baseline 0 0"><span class='ocrx_word' id='word_1_555' title='bbox 0 0 2189 7459; x_wconf 95' lang='lat' dir='ltr'><strong> </strong></span> 
     </span>
    </p>
   </div>
  </div>
 </body>
</html>
