4342 7459
708 1257 776 1321 Lm.
798 1257 823 1319 1.
853 1255 928 1321 Car.
949 1254 1197 1319 xxl-xxffl.
1224 1251 1271 1339 §S
1293 1250 1440 1319 til-63.
1681 1245 1745 1320 385

410 1417 483 1483 dico
511 1425 618 1482 tamen
648 1416 688 1480 de
717 1436 752 1481 re
779 1415 914 1479 obscura
947 1423 1044 1499 atque
1077 1412 1200 1478 difficili
1233 1435 1253 1479 a
1282 1421 1315 1478 te
1345 1413 1465 1479 dictum
1494 1433 1564 1478 esse
1592 1414 1745 1491 dilucide,

408 1532 515 1598 neque
537 1511 704 1576 sententiis
725 1511 829 1575 solum
852 1511 995 1594 copiose,
1027 1508 1084 1572 scd
1107 1510 1211 1572 verbis
1240 1510 1336 1573 etiam
1357 1509 1499 1572 ornatius
1521 1529 1617 1592 quam
1640 1511 1746 1574 solent

408 1607 516 1670 vestri.
558 1602 610 1669 59.
632 1607 809 1679 Zenonem,
838 1624 934 1687 quem
957 1603 1047 1667 Philo
1068 1612 1178 1667 noster
1200 1602 1416 1687 coryphaeum
1446 1602 1605 1687 appellare
1626 1604 1744 1688 Epicu·

407 1719 535 1764 reorum
557 1700 695 1776 solebat,
717 1720 789 1763 cum
804 1699 937 1762 Athenis
959 1719 1079 1773 essem,
1102 1699 1270 1763 audiebam
1283 1699 1467 1783 frequenter
1483 1707 1515 1762 et
1528 1698 1656 1783 quidem
1672 1699 1743 1781 ipso

408 1800 537 1858 auctore
558 1794 710 1869 Philone,
732 1794 837 1867 credo,
860 1801 895 1856 ut
915 1792 1041 1856 l'acilius
1062 1794 1245 1866 iudicarem,
1268 1811 1363 1876 quam
1385 1791 1442 1856 illa
1461 1792 1543 1855 bene
1560 1791 1769 1855 refellerens

407 1893 469 1962 tur,
490 1908 562 1952 cum
585 1907 604 1950 a
625 1888 770 1971 principe
792 1887 1021 1969 Epicureorum
1043 1887 1239 1970 accepissem
1261 1906 1358 1969 quem
1387 1885 1427 1948 ad
1451 1885 1579 1950 modum
1602 1884 1745 1948 diceren-

408 1988 470 2046 tur.
507 1985 578 2046 Non
599 1983 697 2064 igitur
717 1980 787 2055 ille,
810 1989 845 2043 ut
867 1981 1028 2064 plerique,
1058 1980 1115 2044 sed
1137 1980 1199 2044 isto
1221 1980 1332 2055 modo,
1358 1988 1394 2043 ut
1415 1988 1466 2055 tu,
1488 1978 1652 2054 distincte,
1675 1998 1745 2061 gra·

409 2076 504 2151 viter,
527 2083 647 2140 ornate.
685 2076 747 2139 Sed
771 2076 857 2159 quod
878 2076 912 2137 in
935 2075 991 2137 illo
1014 2075 1093 2138 mihi
1114 2095 1175 2139 usu
1198 2093 1294 2158 saepe
1315 2073 1418 2148 venit,
1440 2073 1525 2137 idem
1543 2073 1650 2148 modo,
1671 2091 1745 2135 cum

408 2178 440 2232 te
460 2172 620 2245 audirem,
642 2169 822 2243 accidebat,
845 2178 881 2231 ut
903 2169 1035 2233 moleste
1051 2168 1166 2232 ferrem
1182 2176 1302 2232 tantum
1319 2168 1481 2250 ingenium
1496 2202 1537 2213 -
1551 2167 1637 2230 hona
1652 2166 1745 2229 venio

408 2285 459 2328 me
481 2264 656 2328 audies-
677 2264 710 2325 iu
734 2270 797 2325 tam
819 2262 923 2336 leves,
946 2284 986 2325 ne
1009 2263 1112 2326 dicam
1127 2264 1161 2326 in
1176 2269 1239 2325 tam
1256 2263 1380 2346 ineptas
1396 2263 1569 2326 sententias
1584 2260 1783 2324 incidissem

408 2356 460 2421 60.
482 2359 547 2422 Nec
570 2378 630 2441 ego
651 2377 737 2421 nunc
758 2356 828 2439 ipse
849 2356 970 2440 aliquid
994 2357 1136 2421 adieram
1151 2356 1285 2433 melius;
1310 2364 1346 2419 ut
1359 2356 1445 2419 enim
1459 2354 1556 2419 modo
1573 2356 1655 2431 dixi,
1678 2376 1745 2419 om·

407 2452 502 2516 nibus
529 2450 597 2515 lere
626 2452 661 2514 in
682 2451 793 2523 rebus,
824 2450 880 2513 sed
904 2451 1041 2514 maxime
1063 2453 1096 2515 in
1118 2450 1261 2534 physicis
1284 2451 1360 2534 quid
1383 2469 1450 2513 non
1471 2451 1514 2513 sit
1535 2451 1627 2514 citius
1649 2469 1745 2534 quam

409 2545 486 2628 quid
516 2546 559 2609 sit
586 2544 731 2608 dixerim.
775 2544 1003 2626 xx11.noges
1030 2564 1099 2619 me,
1132 2544 1209 2627 quid
1232 2552 1288 2607 aut
1311 2544 1406 2628 quale
1427 2545 1469 2607 sit
1490 2542 1587 2620 deus,
1616 2551 1746 2608 auctore

408 2646 481 2702 utar
502 2639 682 2713 Simonide,
705 2638 746 2701 de
768 2657 833 2722 quo
856 2656 928 2700 cum
951 2637 1164 2720 quaesivisset
1183 2637 1247 2701 hoc
1269 2637 1354 2701 idem
1376 2645 1527 2722 tyrannus
1548 2636 1665 2712 Hiero,
1690 2635 1747 2700 de·

409 2731 566 2797 liberandi
594 2732 655 2796 sibi
684 2753 783 2796 unum
805 2730 889 2793 diem
919 2732 1112 2813 postularit3
1143 2730 1323 2795 cumidem
1346 2752 1448 2795 exeo
1471 2731 1626 2815 postridie
1649 2744 1783 2815 qnae-ts

407 2835 509 2900 reret,
536 2824 668 2889 biduum
699 2825 831 2909 petivit3
862 2844 935 2887 cum
957 2825 1084 2908 saepius
1108 2824 1287 2908 duplicaret
1307 2845 1476 2889 numerum
1499 2826 1622 2890 dierum
1644 2824 1746 2889 admi·

407 2938 548 3004 nosque
562 2920 661 2983 Hiero
676 2919 869 3003 requireret,
892 2938 948 2981 cur
962 2919 1008 2981 ita
1022 2918 1155 2992 laceret,
1179 2918 1278 2993 Quia,
1295 2926 1416 3001 quanto
1431 2918 1550 2984 diutius
1565 2920 1745 2996 considero,

408 3012 529 3097 inquit,
551 3020 638 3076 tanto
660 3012 738 3076 mihi
760 3032 811 3075 res
833 3009 961 3074 videtur
983 3012 1156 3075 obscurior.
1192 3010 1255 3073 Sed
1271 3010 1459 3076 Simoniden
1473 3011 1666 3077 arbitror-
1679 3032 1746 3076 non

409 3108 495 3171 enim
516 3113 612 3189 poeta
633 3107 738 3170 solum
761 3106 883 3179 suavis,
906 3124 1016 3167 rerum
1039 3106 1136 3169 etiam
1158 3105 1324 3189 ceteroqui
1341 3106 1455 3170 doctus
1474 3106 1668 3191 sapiensque
1683 3115 1747 3171 tra·

408 3199 495 3265 ditur
509 3233 566 3277 -,
589 3200 664 3285 quia
686 3201 786 3264 multa
801 3200 945 3263 venirent
962 3199 996 3262 in
1011 3207 1150 3264 mentem
1165 3208 1258 3265 acuta
1271 3210 1369 3286 atque
1383 3202 1524 3278 subtilia,
1539 3203 1746 3279 dubitantem,
1755 3212 1786 3262 tt

409 3293 489 3378 quid
510 3314 623 3358 corum
638 3302 722 3359 esset
735 3294 949 3367 verissimum,
972 3294 1160 3377 desperasse
1175 3314 1301 3359 omnem
1315 3296 1489 3361 veritatem.
1522 3293 1574 3360 ol.
1588 3297 1747 3381 Epicurus

409 3407 487 3452 vero
515 3396 589 3453 tuus
610 3422 652 3436 -
673 3408 747 3451 uam
777 3407 848 3451 cum
876 3388 933 3451 illo
960 3387 1045 3451 malo
1068 3387 1225 3453 disserere
1247 3409 1344 3473 wem
1371 3398 1476 3454 tecum
1498 3391 1638 3473 -quid
1661 3392 1747 3468 dicit,

410 3481 499 3567 quod
520 3502 585 3546 non
607 3480 704 3546 modo
727 3482 931 3565 philosophia
952 3483 1082 3565 dignum
1106 3492 1206 3557 esset,
1228 3481 1287 3546 sed
1307 3483 1458 3547 mediocri
1480 3483 1677 3567 prudentiat

494 3576 667 3652 Quaeritur
683 3578 826 3659 primum
855 3576 888 3638 in
911 3595 949 3640 ea
972 3576 1176 3658 quaestione,
1205 3596 1289 3661 quae
1319 3586 1369 3642 est
1395 3578 1436 3643 de
1465 3589 1579 3643 natura
1604 3577 1747 3656 deorum,

411 3670 517 3735 sintne
540 3671 573 3734 di
594 3689 696 3733 necue
718 3670 792 3733 sint
827 3666 963 3733 Difficile
985 3676 1035 3733 est
1056 3690 1184 3752 negare.
1216 3672 1330 3747 Credo,
1352 3673 1379 3736 si
1400 3674 1434 3737 iu
1450 3673 1599 3738 contione
1614 3694 1785 3759 quaere-so

408 3771 475 3841 tur,
498 3764 555 3829 sed
575 3765 610 3828 in
630 3765 726 3828 huius
748 3762 834 3826 modi
858 3783 1005 3827 sermone
1028 3769 1060 3826 et
1083 3784 1234 3828 consessu
1248 3766 1444 3831 facillimum.
1475 3767 1589 3852 Itaque
1603 3785 1663 3851 ego
1678 3768 1747 3852 ipse

408 3858 571 3942 pontifex,
594 3859 650 3943 qui
673 3858 882 3922 caerimonias
903 3858 1141 3941 religionesque
1163 3857 1307 3941 publicas
1329 3861 1524 3925 sanctissime
1546 3862 1680 3926 tuendas
1698 3881 1748 3925 ar-·

407 3953 525 4029 bitror,
554 3954 583 4017 is
604 3955 682 4027 boc,
705 3949 790 4036 qood
815 3951 952 4034 primum
974 3959 1039 4026 est,
1067 3972 1138 4015 esse
1161 3951 1255 4027 deos,
1284 3955 1469 4036 persuaderi
1492 3954 1569 4019 mihi
1592 3975 1656 4019 non
1678 3955 1749 4040 opi·

408 4045 507 4110 nioue
529 4046 650 4120 solum,
673 4046 729 4109 sed
752 4045 847 4109 etiam
868 4044 908 4107 ad
924 4046 1088 4110 rerimtem
1104 4045 1198 4128 plane
1213 4045 1320 4109 velim.
1353 4047 1453 4112 Multa
1468 4050 1553 4112 enim
1568 4055 1748 4125 occurrunt,

410 4160 494 4225 quoe
517 4141 722 4213 conturbent,
745 4146 780 4202 ut
801 4138 960 4202 interdum
983 4138 1063 4203 nulli
1084 4159 1156 4202 esse
1177 4140 1356 4204 videantur.
1393 4139 1444 4204 62.
1468 4142 1531 4205 Sed
1546 4141 1627 4218 vide,
1651 4161 1785 4226 quamso

410 4241 515 4297 tecum
537 4253 628 4317 agam
651 4234 843 4297 liberaliter:
866 4253 949 4316 quae
972 4235 1153 4296 communia
1174 4242 1249 4297 sunt
1264 4234 1353 4296 vobis
1377 4256 1449 4297 cum
1472 4236 1586 4300 ceteris
1608 4235 1749 4320 philoso-

410 4328 497 4410 phis,
526 4348 590 4391 uon
620 4330 789 4411 attingam,
819 4337 854 4390 ut
876 4327 936 4389 hoc
958 4329 1083 4410 ipsum3
1116 4325 1220 4410 placet
1242 4327 1327 4389 enim
1350 4328 1495 4393 omuibus
1517 4328 1584 4394 fere
1607 4332 1748 4416 mihique

409 4422 472 4504 ipsi
493 4423 527 4485 in
548 4424 659 4504 primis
682 4423 759 4486 deos
782 4443 870 4496 esse,
893 4424 1000 4505 itaque
1021 4442 1087 4484 non
1109 4441 1234 4504 pugno;
1257 4422 1411 4484 rationem
1434 4431 1538 4487 tamen
1562 4445 1641 4500 eam,
1663 4444 1748 4510 quae

410 4535 431 4578 a
451 4524 483 4577 te
505 4515 659 4591 adfertur,
680 4509 745 4580 non
768 4518 843 4580 satis
865 4516 987 4578 firmam
1010 4524 1099 4598 puto.
1144 4513 1261 4577 XXIll.
1284 4513 1380 4589 Quod
1401 4517 1487 4579 enim
1507 4520 1650 4583 omnium
1672 4538 1748 4603 qen-

410 4607 489 4671 tium
510 4595 728 4693 genciumque
748 4610 931 4673 hominibus
953 4610 996 4671 ita
1020 4608 1189 4683 rideretur,
1210 4607 1244 4671 id
1267 4608 1342 4672 sotis
1364 4628 1512 4693 magnum
1529 4621 1786 4695 argumentumas

411 4721 481 4765 esse
511 4702 632 4776 dixisti,
662 4724 719 4767 cur
747 4724 817 4768 csse
839 4703 917 4766 deos
945 4699 1176 4766 confiteremur.
1214 4702 1308 4778 Quod
1331 4724 1403 4766 cum
1426 4703 1496 4769 lere
1518 4725 1576 4788 per
1597 4727 1650 4780 se,
1681 4713 1747 4769 tum

411 4796 505 4858 etiam
527 4794 642 4859 falsum
665 4807 722 4861 est.
750 4799 888 4862 Primum
911 4801 994 4861 enim
1012 4797 1097 4860 unde
1112 4797 1168 4860 tibi
1184 4805 1278 4860 uotae
1295 4806 1367 4860 suot
1381 4798 1547 4880 opiniones
1563 4799 1747 4863 nationum?

410 4888 568 4973 Equidem
597 4892 733 4955 arbitror
762 4893 876 4957 multas
906 4911 978 4955 esse
1006 4900 1116 4975 gentes
1140 4892 1185 4954 sic
1209 4890 1395 4954 inmanitate
1418 4892 1580 4968 efferatas,
1603 4901 1639 4957 ut
1660 4892 1745 4976 opud

411 5002 466 5047 eas
486 4983 574 5048 nulla
594 4986 734 5070 suspicio
749 4987 881 5051 deorum
904 4986 955 5050 sit.
990 4982 1040 5047 63.
1061 4985 1171 5062 Quid?
1192 4985 1363 5068 Diagoras,
1385 4982 1485 5060 ἄθεος
1499 4986 1555 5070 qui
1570 4986 1674 5051 dictus
1689 4994 1747 5062 est,

478 5281 503 5333 l.
521 5283 617 5345 difficili
633 5283 653 5332 E
670 5286 697 5334 et
714 5280 783 5347 (eote
802 5295 922 5333 rasuram
939 5284 1019 5334 unios
1036 5281 1148 5344 litterae,
1168 5296 1238 5347 quae
1255 5282 1360 5333 uldetur
1377 5282 1458 5335 luisse
1474 5284 1499 5347 a)
1516 5284 1566 5335 ΑΒ
1577 5286 1597 5337 C
1609 5300 1614 5335 :
1634 5286 1747 5349 dimedio

412 5355 445 5416 l’;
464 5356 650 5421 dimiono
671 5385 696 5393 -
715 5372 766 5409 esse
782 5359 912 5409 cadmo
927 5361 963 5418 Α;
982 5371 1032 5409 esse
1049 5358 1159 5410 deludas
1176 5361 1235 5409 P-
1255 5357 1279 5409 l.
1298 5362 1358 5410 essct
1374 5360 1425 5410 ΑΕ
1437 5360 1577 5421 (luttest
1589 5362 1745 5426 superruo.)

413 5456 443 5469 ·-
461 5432 486 5482 9.
504 5434 632 5483 occideras
648 5434 729 5484 ACE
748 5461 774 5470 -
795 5434 835 5483 st.
853 5434 895 5483 sed
911 5431 951 5484 a:
970 5439 994 5484 et
1011 5435 1031 5484 0
1049 5459 1078 5470 -
1098 5436 1138 5485 te.
1157 5435 1420 5497 uomrpmtulaaero.
1440 5434 1502 5485 dum
1520 5436 1580 5485 P-
1599 5436 1638 5485 ld.
1655 5436 1746 5499 petiuit

412 5514 483 5556 corr.
502 5518 534 5556 en
550 5509 650 5569 potavit
663 5509 682 5558 ll
697 5536 724 5546 -
743 5509 783 5558 ll.
796 5513 956 5571 requiesceret
972 5512 1032 5560 Ρ-
1051 5515 1147 5573 quanto
1163 5511 1256 5559 diutim
1267 5509 1395 5560 considero
1406 5509 1623 5572 ioquitABCE:
1642 5516 1746 5573 quanto,

412 5581 508 5644 tuqus,
525 5583 620 5633 diutior
636 5584 764 5634 considero
780 5584 858 5646 Pt‘llo
872 5609 898 5618 -
919 5584 959 5635 48.
977 5584 1025 5650 res]
1042 5598 1096 5647 spes
1107 5582 1138 5636 u.
1158 5585 1196 5635 cl.
1208 5582 1258 5634 vol.
1270 5586 1292 5634 ll
1304 5598 1330 5650 p.
1341 5586 1383 5646 80,
1393 5585 1435 5635 23.
1450 5611 1477 5621 —
1491 5584 1628 5635 simoniden
1644 5586 1744 5636 ABG:

412 5656 566 5708 mosmos
583 5659 660 5710 Ero
673 5685 700 5695 -
721 5660 903 5721 taedereque
919 5656 942 5710 a
956 5686 984 5697 -
1002 5660 1044 5711 20.
1057 5660 1162 5722 suptilia
1179 5660 1230 5710 Β-
1248 5661 1290 5711 lt.
1303 5660 1410 5711 motloh
1425 5686 1451 5696 -
1470 5659 1511 5710 23.
1524 5662 1591 5710 seta
1604 5685 1631 5695 -
1645 5661 1686 5710 25.
1698 5661 1748 5711 dot

412 5733 790 5785 socomexstncnecn-
811 5733 1311 5795 cts¹zcetnr;atc;dst130-
1333 5734 1748 5786 consume-tomos-

411 5816 480 5856 κου
496 5806 644 5858 llanutius:
668 5815 691 5859 et
707 5810 734 5858 to
749 5822 869 5858 cessem
884 5805 922 5866 ’λς
946 5815 969 5860 st
985 5810 1012 5859 lo
1027 5822 1142 5860 cossura
1158 5810 1179 5860 0
1197 5836 1225 5847 -
1244 5811 1285 5861 st.
1303 5812 1462 5862 sanctitatum
1478 5812 1620 5874 (superscr.
1639 5811 1660 5872 e)
1678 5811 1698 5860 Β
1718 5839 1745 5849 -

412 5879 454 5931 ¹8.
472 5880 581 5933 incorr.
600 5883 627 5934 in
644 5886 675 5934 tte
691 5885 726 5945 B,
743 5884 781 5935 bis
798 5885 818 5935 c
839 5910 866 5921 -
888 5882 929 5935 ³2.
948 5884 1080 5949 adlapsos
1096 5884 1148 5936 ltC
1168 5912 1195 5922 -
1217 5885 1258 5937 3³.
1277 5898 1343 5948 qaas
1359 5891 1417 5936 onte
1433 5884 1548 5949 colmar
1564 5885 1607 5946 too
1623 5886 1685 5935 anto
1702 5898 1748 5935 ra-

412 5956 1005 6027 sumis-aemarmamo-
1030 5958 1485 6025 summoto-aarum
1505 5985 1532 5995 -
1552 5955 1745 6016 ibatheoel.

378 6048 382 6053 ’
466 6056 556 6107 omo
573 6059 602 6108 r.
614 6059 653 6109 rr.
1507 6050 1549 6119 25
