4342 7459
822 1292 892 1357 lna.
914 1292 954 1355 ll.
984 1291 1058 1357 Car.
1079 1294 1132 1358 lV.
1159 1289 1205 1377 §5
1228 1288 1354 1358 8-11.
1720 1286 1741 1350 5

414 1478 507 1546 mam
528 1458 774 1538 adamaverunt,
795 1462 1028 1546 pugnacissime
1051 1461 1221 1526 defendere
1244 1482 1339 1547 quam
1360 1463 1429 1527 sine
1451 1464 1639 1548 pertinacia,
1662 1466 1741 1550 quid

412 1554 665 1619 constantissime
686 1556 825 1631 dicatur,
846 1557 1023 1642 exquirere.
1057 1558 1183 1633 Quibus
1205 1558 1244 1621 de
1266 1559 1360 1622 rebus
1383 1568 1415 1624 et
1435 1559 1514 1623 alias
1537 1578 1632 1644 saepe
1646 1560 1740 1624 nobis

411 1647 509 1711 multa
531 1650 678 1733 quaesita
699 1659 730 1715 et
752 1650 912 1734 disputata
933 1659 1008 1715 sunt
1029 1659 1062 1714 et
1082 1651 1242 1734 quondam
1265 1652 1298 1714 in
1316 1652 1465 1716 Hortensi
1480 1652 1571 1727 silla,
1594 1660 1741 1735 quaeest

410 1744 450 1806 ad
471 1742 603 1819 Baulos,
625 1764 698 1807 cum
720 1764 759 1809 eo
784 1745 912 1809 Catulus
935 1752 967 1809 et
990 1744 1140 1808 Lucullus
1155 1765 1279 1828 nosque
1295 1746 1357 1828 ipsi
1373 1746 1526 1829 postridie
1542 1745 1739 1811 venissemus

409 1855 504 1920 quam
533 1836 620 1921 apud
651 1836 795 1902 Catulum
822 1838 1005 1903 fuissemus.
1042 1839 1114 1914 Quo
1138 1838 1267 1922 quidem
1295 1841 1387 1902 etiam
1411 1840 1563 1904 maturius
1585 1841 1763 1917 venimus,s

409 1929 496 2016 quod
518 1937 585 1995 erat
605 1934 827 2008 constitutum,
857 1933 884 1997 si
906 1939 1019 1996 ventus
1041 1939 1141 2007 esset,
1172 1931 1305 1995 Lucullo
1327 1934 1360 1995 iu
1381 1931 1640 2016 Neapolitanum,
1661 1935 1741 1999 mihi

407 2025 441 2087 in
468 2026 696 2111 Pompeianum
725 2030 884 2111 navigare.
929 2028 1007 2091 Cum
1036 2027 1134 2111 igitur
1160 2045 1262 2109 pauca
1294 2026 1328 2088 in
1350 2032 1443 2111 xysto
1466 2026 1564 2091 locuti
1586 2047 1739 2104 essemus,

408 2125 475 2182 tum
496 2121 609 2184 eodem
631 2121 665 2184 in
687 2124 790 2204 spatio
812 2121 1023 2185 consedimus.

471 2210 679 2279 lv.t0.11ic
702 2215 850 2279 Catulus:
880 2215 947 2278 Etsi
976 2215 1062 2292 beri,
1092 2216 1213 2300 inquit,
1241 2214 1274 2278 id
1297 2214 1382 2299 quod
1406 2215 1618 2299 quaerebatur
1638 2236 1739 2300 paone

408 2306 602 2391 explicatum
626 2316 690 2383 est,
720 2316 756 2371 ut
777 2316 844 2372 tota
865 2309 931 2372 lere
953 2312 1098 2394 quaestio
1121 2318 1251 2375 tractata
1272 2310 1432 2385 videatur,
1457 2319 1563 2374 tamen
1586 2319 1777 2394 exspectato

408 2421 462 2475 ea,
485 2420 569 2485 quac
592 2409 623 2466 te
645 2401 808 2485 pollicitus
831 2423 876 2477 es,
899 2403 1045 2479 Luculle,
1067 2405 1106 2467 ab
1130 2404 1285 2468 Antiocho
1306 2403 1415 2468 audita
1439 2402 1606 2468 dicturum.
1642 2405 1740 2489 Equi-

407 2495 497 2570 dem,
519 2494 626 2579 inquit
645 2496 846 2570 Hortensius,
866 2496 927 2559 leci
949 2498 1021 2580 plus
1044 2518 1139 2581 quam
1156 2498 1285 2572 vellem;
1309 2504 1406 2560 totam
1423 2496 1507 2560 enim
1522 2516 1589 2560 rem
1604 2498 1739 2562 Lucullo

407 2593 560 2674 integram
582 2597 737 2655 serratam
761 2591 911 2675 oportuit
954 2593 994 2654 Et
1016 2601 1120 2655 tamen
1143 2590 1277 2655 tortasse
1300 2596 1424 2654 servata
1447 2596 1512 2654 est:
1541 2609 1560 2653 a
1581 2611 1631 2656 me
1654 2592 1739 2656 onim

408 2705 460 2761 ea,
489 2705 573 2769 quac
601 2685 635 2749 iu
663 2695 812 2770 promptu
835 2692 941 2761 erant,
973 2685 1169 2761 dictasunt,
1201 2683 1375 2748 aLucullo
1397 2691 1502 2747 autem
1525 2684 1741 2750 reconditiora

407 2779 566 2844 desidero.
610 2782 691 2843 'l'um
713 2781 785 2844 ille:
813 2783 885 2845 Non
908 2800 1001 2855 sanc,
1033 2782 1152 2864 inquit,
1174 2778 1343 2853 Hortensi,
1365 2777 1532 2842 conturbat
1553 2798 1603 2842 me
1626 2796 1778 2863 exspe-ss

407 2873 503 2938 statio
524 2881 597 2953 tua,
620 2877 680 2939 etsi
702 2875 783 2938 nihil
805 2876 928 2948 estiis,
953 2874 1008 2958 qui
1031 2875 1156 2957 placere
1178 2872 1309 2946 solunt,
1339 2879 1402 2936 mm
1426 2870 1659 2936 adversarium:
1681 2870 1738 2935 sed

407 2968 482 3051 quia
504 2988 570 3032 nou
590 2969 718 3044 laboro,
741 2990 836 3054 quam
858 2968 950 3032 valde
973 2988 1026 3042 ea,
1051 2988 1134 3052 quae
1157 2968 1244 3041 dico,
1269 2966 1458 3049 probaturus
1480 2966 1550 3040 sim,
1573 2984 1611 3028 eo
1634 2963 1739 3027 minus

407 3062 588 3126 conturbor.
630 3063 739 3126 Dicam
767 3063 850 3125 enim
878 3082 938 3125 nec
966 3082 1036 3126 mea
1069 3083 1128 3126 uec
1157 3082 1211 3136 ea,
1245 3059 1278 3122 iu
1305 3059 1439 3143 quibus,
1471 3060 1498 3124 si
1525 3078 1590 3122 aon
1610 3057 1739 3134 fuerint,

406 3154 491 3218 vinci
520 3174 585 3218 non
614 3154 720 3217 malim
750 3175 845 3239 quam
873 3156 1010 3219 vincere.
1055 3156 1117 3218 Sed
1141 3154 1360 3230 mehercule,
1389 3161 1424 3217 ut
1446 3153 1576 3237 quidem
1598 3172 1682 3216 nunc
1704 3170 1739 3215 se

406 3267 502 3312 ausa
523 3247 636 3323 babet,
667 3249 727 3312 etsi
749 3249 898 3313 hesterno
920 3268 1066 3313 sermone
1089 3247 1274 3312 labefactata
1296 3254 1361 3321 est,
1388 3246 1467 3310 mibi
1488 3256 1593 3311 tammr
1615 3237 1778 3314 videturso

407 3363 478 3407 esse
506 3343 681 3407 verissima.
723 3344 823 3425 Agam
852 3343 965 3426 igitur,
993 3344 1074 3407 sicut
1096 3341 1268 3406 Antiochus
1297 3342 1430 3425 agebat3
1458 3347 1535 3405 uota
1556 3342 1640 3405 eninr
1661 3340 1739 3405 mihi

407 3458 458 3502 res
480 3443 538 3501 est.
583 3438 660 3500 llam
683 3443 715 3500 et
737 3457 837 3500 vacuo
858 3437 965 3500 animo
987 3437 1076 3502 illum
1099 3435 1266 3500 audiebam
1289 3442 1321 3498 et
1342 3454 1456 3517 magno
1479 3435 1601 3511 studio,
1627 3435 1739 3500 eadem

407 3533 447 3597 da
468 3554 504 3597 re
527 3533 622 3596 ctiam
645 3533 789 3614 saepius,
811 3540 847 3596 nt
868 3533 963 3596 etiam
987 3530 1137 3594 maiorem
1153 3529 1424 3614 exspectationem
1438 3528 1500 3593 mei
1513 3528 1627 3595 faciam
1643 3549 1739 3615 quam

408 3625 503 3690 modo
530 3623 607 3689 iecit
633 3625 830 3689 Hortensius.
875 3626 953 3691 Cum
980 3626 1026 3688 ita
1052 3631 1137 3687 esset
1161 3643 1312 3699 exorsus,
1339 3623 1378 3687 ad
1400 3621 1594 3688 audiendum
1616 3625 1739 3689 animos

408 3719 577 3785 ereximus.
621 3715 672 3782 ll.
694 3720 735 3782 At
756 3719 828 3783 ille:
856 3720 934 3785 Cum
955 3718 1167 3781 Alexandriae
1189 3738 1246 3801 pro
1268 3724 1452 3800 quaestore,
1483 3719 1602 3801 iuquit,
1625 3736 1776 3794 essem,ss

406 3814 466 3878 fuit
486 3811 663 3877 Antiochus
685 3831 823 3887 mecum,
846 3822 878 3877 et
900 3823 966 3877 erat
988 3811 1051 3875 iam
1073 3820 1167 3876 antea
1181 3811 1392 3875 Alexandriae
1409 3811 1573 3877 familiaris
1587 3813 1738 3878 Antiochi

406 3906 585 3971 Heraclitus
607 3906 736 3990 Tyrius,
760 3908 814 3989 qui
836 3914 867 3970 ct
890 3906 1118 3972 Clitomachum
1141 3907 1258 3969 multos
1280 3926 1379 3970 annos
1395 3913 1427 3970 et
1445 3906 1612 3971 Philonem
1628 3907 1738 3972 audie·

408 4011 471 4077 rat,
492 4000 589 4064 bomo
612 4020 689 4063 sane
711 4002 745 4064 in
767 4002 826 4064 ista
848 4000 1065 4085 philosophia,
1089 4020 1171 4086 quae
1194 4021 1279 4063 nunc
1302 4020 1400 4085 prope
1416 4000 1547 4065 dimissa
1560 4007 1737 4076 revocatur,

408 4098 557 4183 probatus
586 4102 617 4158 et
645 4096 776 4159 nobilis:
807 4117 876 4160 curn
908 4116 971 4181 quo
994 4095 1182 4159 Antiochum
1207 4114 1303 4178 saepe
1325 4096 1538 4178 disputantem
1559 4096 1737 4171 audiebam,

408 4192 460 4255 sed
485 4199 655 4274 utrumque
677 4190 800 4251 leniter.
836 4192 876 4253 Et
898 4190 1026 4275 quidem
1051 4191 1103 4253 isti
1126 4190 1198 4252 libri
1222 4189 1285 4252 duo
1307 4190 1458 4263 Philonis,
1480 4190 1520 4251 de
1535 4190 1652 4273 quibus
1667 4190 1775 4254 berito

408 4288 526 4349 dictum
549 4302 568 4345 a
592 4283 701 4346 Catulo
729 4290 793 4358 est,
821 4293 886 4346 tum
915 4294 1004 4347 erant
1026 4283 1123 4346 adlati
1145 4284 1368 4347 Alexandriam
1391 4292 1523 4369 tumque
1547 4286 1680 4368 primum
1703 4285 1737 4348 in

408 4378 554 4443 Antiochi
575 4398 686 4440 manus
709 4387 877 4440 venerant:
901 4389 932 4441 et
953 4379 1047 4440 homo
1071 4387 1183 4441 natura
1206 4380 1454 4443 lenissumus-
1471 4378 1550 4441 nibil
1573 4379 1656 4440 enim
1679 4398 1737 4461 po-

408 4482 486 4538 terat
510 4472 579 4536 fieri
608 4471 665 4534 illo
695 4472 800 4534 mitius
822 4505 864 4519 -
886 4472 1074 4535 stomachari
1106 4481 1209 4536 tamen
1232 4474 1346 4556 coepit.
1390 4474 1542 4536 Mirabar:
1571 4491 1630 4535 nec
1652 4471 1736 4533 enim

408 4585 558 4651 nmquam
580 4573 654 4628 ante
676 4566 827 4628 videram.
864 4568 905 4629 At
926 4567 995 4638 ille,
1019 4566 1168 4629 lleracliti
1185 4568 1368 4630 memoriam
1383 4567 1559 4650 inplorans,
1583 4585 1736 4649 quaerere

409 4682 448 4725 ex
470 4681 525 4734 eo,
550 4658 774 4723 viderenturne
797 4660 851 4722 illa
874 4660 1015 4723 Philonis
1038 4668 1092 4722 aut
1113 4680 1150 4722 ea
1172 4682 1247 4724 num
1269 4661 1318 4723 vel
1341 4682 1358 4724 e
1381 4661 1511 4725 Philone
1533 4661 1583 4724 vel
1607 4681 1648 4723 ex
1669 4659 1774 4727 urinas

408 4754 596 4818 Academico
627 4753 801 4817 audivisset
833 4754 1032 4838 aliquando?
1069 4756 1218 4837 Negabat.
1271 4755 1413 4820 Philonis
1445 4762 1550 4820 tamen
1584 4754 1735 4837 scriptum

472 5021 495 5069 4.
512 5019 651 5081 pertinatia
668 5019 717 5068 AB
737 5044 763 5054 -
788 5020 854 5080 qaod
871 5018 894 5065 V
913 5046 940 5056 -
963 5020 986 5069 2.
1006 5020 1060 5069 alia
1076 5018 1106 5069 13¹
1126 5048 1152 5056 -
1175 5020 1245 5071 nobis
1261 5021 1325 5071 AB:
1348 5034 1366 5070 a
1382 5018 1451 5069 cobis
1467 5018 1575 5075 Lamb.;
1594 5018 1664 5068 nobis
1679 5031 1735 5070 cm.

408 5095 458 5145 VO
477 5121 503 5130 -
523 5094 539 5144 3
566 5095 673 5143 condam
689 5095 708 5144 Β
730 5120 755 5129 -
774 5092 798 5143 4.
815 5095 945 5156 posttridie
961 5096 1050 5144 AB·
1071 5096 1095 5144 5.
1116 5096 1381 5157 qaam--saissemus
1396 5106 1450 5143 om.
1464 5090 1495 5141 V¹
1509 5119 1535 5129 -
1555 5094 1579 5142 6.
1597 5093 1624 5142 io
1640 5094 1736 5155 neapol.

409 5175 442 5228 A,
460 5170 486 5219 ia
502 5169 582 5232 capot.
602 5168 633 5216 V¹
646 5194 674 5205 —
693 5170 717 5219 t.
735 5170 801 5218 aista
818 5170 871 5218 AV
885 5196 910 5205 -
930 5169 954 5218 9.
973 5170 1061 5230 inquid
1077 5170 1140 5218 Β-
1159 5172 1198 5220 to.
1218 5170 1337 5231 totadscrc
1354 5168 1373 5218 Β
1387 5195 1414 5204 -
1433 5172 1538 5230 capacia
1554 5167 1738 5229 1³¹(espcctare

409 5248 434 5295 in
450 5247 499 5296 AB
516 5258 626 5309 semper
642 5245 770 5308 scriptum
789 5245 841 5306 est)
857 5271 882 5281 —
904 5246 942 5293 44.
961 5250 984 5294 te
1001 5247 1025 5293 in
1044 5245 1063 5294 Β
1078 5258 1139 5309 sup.
1153 5243 1197 5295 lin.
1213 5269 1239 5280 -
1260 5245 1300 5294 ta.
1313 5244 1414 5294 bacato
1431 5244 1567 5294 hParisini
1578 5245 1606 5306 [4)
1623 5245 1735 5295 Davisii:

409 5322 535 5371 mtuVoC
559 5345 587 5355 -
616 5318 656 5369 44.
672 5324 775 5381 promtu
796 5321 815 5369 Β
838 5345 865 5355 -
894 5320 933 5369 ti.
953 5333 1108 5382 quamquam
1129 5319 1204 5369 aatdc
1221 5321 1240 5369 C
1258 5346 1290 5355 -
1317 5318 1357 5369 48.
1375 5331 1420 5367 occ
1435 5331 1466 5367 ca
1483 5318 1509 5368 in
1526 5319 1545 5367 B
1562 5331 1621 5382 sup.
1641 5316 1685 5369 lin.
1710 5345 1734 5355 -

409 5410 455 5447 noa
472 5398 493 5446 si
508 5397 527 5460 s.
546 5396 566 5446 Β
587 5421 614 5431 -
634 5397 655 5444 si
670 5409 733 5445 ocra
750 5410 799 5444 acc
814 5395 907 5456 [nerim
923 5396 1019 5444 Davies
1037 5408 1069 5444 ex
1091 5395 1106 5443 t
1125 5394 1203 5445 codd.
1222 5395 1277 5444 suis
1295 5395 1322 5443 et
1338 5393 1360 5441 V
1377 5406 1446 5443 corr.
1465 5406 1501 5443 m.
1519 5394 1544 5443 t.
1565 5418 1593 5429 -
1613 5393 1653 5444 49.
1671 5392 1738 5443 cinci

408 5486 455 5521 sos
466 5472 554 5521 naon
565 5471 658 5535 scripsi
670 5484 675 5519 :
694 5472 761 5519 ainsi
773 5472 909 5520 mensatim
921 5472 955 5524 C:
975 5486 1024 5519 aaa
1034 5471 1101 5520 cinci
1111 5484 1149 5519 mc
1160 5470 1247 5519 malim
1259 5468 1320 5520 edd.
1330 5493 1356 5506 -
1375 5469 1471 5519 mian
1488 5467 1517 5519 A¹
1527 5468 1558 5516 14Ι
1572 5493 1599 5505 -·
1611 5467 1738 5518 macuta

409 5547 427 5596 Β
440 5572 465 5582 -
479 5545 519 5595 2⁰.
533 5544 686 5606 msactata
696 5545 727 5595 13²
736 5546 803 5595 V²r:
823 5545 948 5608 tabefacta
960 5546 1020 5603 CO:
1041 5545 1073 5595 cl.
1088 5544 1119 5607 ἐς
1130 5545 1168 5595 46.
1180 5546 1219 5595 34.
1239 5545 1319 5596 Acad.
1334 5550 1403 5610 post.
1417 5547 1436 5605 l,
1450 5544 1464 5608 5
1476 5544 1517 5595 33.
1532 5569 1559 5579 -
1578 5544 1619 5593 22.
1631 5556 1738 5606 mopsos

409 5620 438 5666 V¹
451 5646 476 5655 -
495 5620 537 5670 td.
556 5621 579 5670 ei
596 5620 617 5668 V
638 5645 665 5656 -
684 5620 725 5670 st.
743 5623 812 5669 anim
829 5622 858 5671 Β1
877 5646 903 5656 --
928 5621 969 5669 25.
988 5624 1106 5683 quaestor
1121 5620 1217 5669 Davies
1241 5646 1263 5655 -
1283 5621 1354 5670 issem
1371 5620 1404 5679 C;
1424 5618 1654 5668 Alexandrinas·-
1665 5617 1738 5666 hcm

409 5699 526 5747 Goerens
546 5723 572 5733 -
591 5695 633 5746 26.
651 5697 796 5746 anthiochus
812 5700 833 5747 A
853 5723 879 5733 -
903 5696 1022 5746 antiochii
1038 5695 1155 5745 eraclitus
1172 5697 1192 5745 A
1211 5720 1237 5730 -
1264 5696 1304 5745 27.
1323 5695 1457 5745 eracblitas
1473 5695 1546 5744 tirius
1562 5693 1581 5741 Β
1597 5719 1630 5728 -
1645 5690 1738 5752 philio-

410 5785 462 5822 sen
479 5772 510 5831 V,
525 5772 626 5836 pionem
643 5771 662 5820 Β
682 5796 709 5806 -
729 5772 769 5821 29.
788 5786 837 5835 quo
854 5776 877 5821 ct
892 5772 949 5821 Act.
968 5767 1027 5820 A²li
1047 5796 1074 5806 -
1101 5770 1141 5818 30.
1160 5769 1247 5818 leuiter
1264 5783 1279 5818 v
1298 5795 1325 5805 -
1345 5771 1385 5821 34.
1404 5769 1476 5819 allati
1493 5768 1543 5819 CO
1561 5766 1633 5828 (acti
1650 5766 1686 5830 3¹)
1706 5793 1734 5803 -

410 5848 542 5897 &madri
563 5842 593 5898 Α1
612 5871 641 5883 -
667 5845 707 5895 34.
726 5847 859 5895 anthiocbii
881 5850 900 5895 A
921 5872 947 5881 -
971 5844 1164 5895 34444441-
1188 5847 1339 5894 stbomacori
1355 5848 1376 5895 A
1395 5870 1421 5880 -
1444 5844 1509 5894 caim
1525 5843 1544 5891 Β
1562 5853 1621 5907 sup.
1639 5838 1685 5891 lin.
1703 5868 1737 5879 —

409 5922 448 5973 si.
459 5923 556 5974 crastin
571 5925 592 5973 A
603 5922 624 5970 V
636 5948 669 5959 -
680 5921 721 5972 35.
734 5923 879 5971 uiderentur
894 5935 937 5971 aec
949 5920 994 5969 itta
1006 5918 1034 5970 ΒΙ
1049 5947 1076 5957 -
1095 5934 1155 5969 nam
1172 5921 1234 5970 aeus
1249 5921 1372 5983 phitonem
1384 5920 1427 5984 W·
1441 5919 1499 5980 ΑΒ]
1513 5918 1547 5979 C,
1565 5916 1615 5967 sed
1627 5917 1652 5966 in
1664 5916 1686 5965 V
1697 5917 1738 5967 uel

408 5998 530 6061 amam
546 5995 607 6052 ead.
621 6010 657 6049 m.
672 6010 741 6048 corr.
757 6025 784 6035 -
803 5996 844 6050 36,
858 5997 1003 6048 sorduisset
1012 5996 1056 6055 A¹;
1077 5996 1203 6049 aaaaac
1214 5997 1242 6059 Β,
1259 5995 1309 6049 aed
1320 6008 1333 6046 e
1345 5997 1411 6048 extr.
1424 6006 1457 6047 cx
1469 6006 1538 6045 corr.
1552 6018 1580 6029 -
1593 5992 1686 6059 plionia
1697 5991 1735 6043 ΒΙ.
