4342 7459
439 1230 502 1301 202
728 1242 782 1305 DE
802 1232 961 1306 FlNlBUS
983 1242 1180 1307 cottonius
1201 1242 1254 1305 ET
1276 1242 1475 1308 hthOlthl

438 1406 518 1491 quit.
553 1408 624 1471 Non
645 1416 753 1492 potes,
774 1410 835 1473 nisi
857 1412 1031 1473 retexueris
1051 1410 1123 1473 illa:
1146 1418 1311 1492 paupertas
1334 1413 1360 1474 si
1381 1411 1496 1474 malum
1512 1420 1576 1487 eet,
1598 1415 1763 1480 mendicus

438 1521 510 1564 esee
532 1502 642 1566 heatus
664 1523 757 1566 nemo
780 1511 899 1587 potest,
929 1505 1072 1587 quamvis
1095 1504 1136 1566 sit
1158 1504 1293 1586 sapiens.
1336 1506 1377 1566 At
1398 1510 1482 1567 Zeno
1505 1526 1579 1569 eum
1600 1528 1666 1570 non
1686 1509 1762 1573 hea-

438 1603 503 1657 tum
525 1597 636 1670 modo,
667 1595 840 1661 sedetiam
863 1598 988 1661 divitem
1012 1598 1236 1660 dicereausus
1259 1604 1315 1660 est.
1358 1598 1473 1661 Dolere
1496 1599 1612 1662 malum
1634 1610 1699 1664 est:
1728 1602 1763 1665 in

437 1706 563 1751 crucem
585 1691 639 1772 qui
661 1690 765 1772 agitvn
785 1690 896 1753 heatus
919 1711 989 1754 esse
1005 1712 1068 1754 non
1084 1698 1196 1773 potest
1229 1691 1350 1754 Bonum
1366 1690 1473 1766 liberi,
1496 1692 1611 1755 misera
1626 1694 1763 1759 orbitas:

415 1780 555 1845 iihonum
576 1784 694 1864 patria,
724 1784 874 1847 miserum
896 1784 1062 1847 exsilium:
1093 1784 1210 1846 bonnm
1228 1783 1397 1857 valetudo,
1421 1785 1517 1848 miser
1539 1786 1685 1851 morbus:
1706 1789 1763 1852 ho·

437 1894 513 1936 num
534 1875 698 1958 integritas
712 1880 867 1961 corporis,
890 1879 1003 1941 misera
1018 1877 1180 1940 debilitas:
1204 1877 1321 1940 bonum
1341 1878 1507 1941 incolumis
1522 1880 1624 1953 acies,
1647 1883 1764 1945 misera

437 1969 577 2032 accitas.
616 1970 704 2046 Quae
728 1973 754 2035 si
778 1980 882 2053 potest
904 1972 1028 2054 singula
1050 1970 1245 2034 consolando
1268 1970 1390 2044 levare,
1415 1971 1564 2036 universa
1578 1994 1643 2056 quo
1667 1975 1763 2039 modo

438 2062 625 2147 sustinebit?
656 2064 703 2127 Sit
731 2066 818 2129 enim
843 2066 926 2128 idem
955 2084 1082 2138 caecus,
1113 2065 1243 2138 debilis,
1273 2065 1382 2128 morbo
1414 2067 1599 2148 gravissimo
1621 2070 1764 2144 allectus,

438 2155 544 2229 exsul,
574 2158 684 2233 orbus,
711 2179 822 2241 egens,
853 2167 1035 2242 torqueatur
1063 2158 1190 2220 eculeo:
1222 2177 1317 2240 quem
1348 2158 1433 2220 hunc
1462 2160 1623 2241 appellas,
1653 2164 1763 2226 Zenot

401 2257 428 2301 ⁴⁰
437 2248 577 2323 Beatum,
599 2252 713 2335 inquit.
741 2252 844 2316 Etiam
858 2253 1096 2316 beatissimum?
1119 2251 1254 2334 Quippe,
1277 2251 1410 2334 inquiet,
1432 2273 1503 2315 cum
1519 2253 1682 2318 docuerim
1694 2276 1764 2339 gra·

437 2341 497 2403 dus
521 2342 611 2406 istam
634 2364 698 2408 rem
721 2366 784 2408 non
805 2348 903 2426 mogi:
923 2346 1039 2408 bahem
1059 2366 1154 2429 quam
1174 2346 1331 2418 virtutem,
1353 2346 1464 2429 inqua
1487 2347 1528 2410 sit
1549 2349 1651 2431 ipsun
1668 2352 1763 2414 etiam

436 2435 573 2500 beatum.
606 2435 658 2501 85.
680 2440 750 2503 Tibi
772 2440 833 2504 hoc
855 2440 1056 2513 incredibile,
1080 2439 1165 2523 quod
1188 2439 1413 2503 beatissimum.
1450 2440 1559 2516 Quid:
1585 2449 1673 2508 tuum
1695 2464 1764 2508 ere-

438 2529 559 2593 dibile‘l
591 2532 624 2594 Si
646 2535 731 2596 enim
752 2534 792 2598 ad
815 2534 966 2617 populum
989 2554 1039 2596 me
1062 2553 1172 2606 vocas,
1203 2552 1291 2606 eum,
1314 2533 1369 2613 qni
1392 2534 1436 2595 ita
1457 2535 1500 2597 sit
1521 2537 1668 2610 allectus,
1690 2537 1765 2601 hea-

439 2631 506 2687 tum
528 2645 598 2689 esse
620 2648 791 2712 numquam
813 2627 978 2711 probahis:
1006 2628 1033 2690 si
1055 2627 1095 2690 ad
1119 2627 1307 2708 prudentes,
1329 2626 1462 2690 alterum
1484 2627 1619 2692 sortasse
1640 2630 1765 2693 dubita·

400 2717 532 2793 tithoni,
554 2721 637 2783 sitne
659 2728 778 2784 tantum
802 2722 835 2783 in
856 2722 989 2794 virtute,
1011 2729 1046 2783 ut
1067 2740 1105 2784 ea
1120 2720 1254 2803 praediti
1272 2720 1319 2782 vel
1336 2721 1368 2782 in
1385 2721 1561 2785 Phalaridis
1576 2731 1665 2787 tauro
1680 2724 1764 2787 beati

438 2812 514 2886 sint,
536 2813 668 2877 alterum
691 2833 754 2877 non
778 2814 979 2888 dubitabunt,
1002 2814 1080 2897 quin
1104 2824 1136 2877 et
1158 2812 1256 2875 Stoici
1279 2815 1502 2877 convenientia
1523 2816 1584 2878 sihi
1606 2816 1714 2880 dicant
1733 2825 1766 2880 et

439 2924 495 2965 vos
523 2907 743 2988 repugnantia.
787 2907 998 2989 Theophrasti
1027 2907 1141 2989 igitur,
1176 2907 1297 2989 inquit,
1332 2908 1388 2970 tihi
1419 2907 1499 2970 liber
1523 2909 1577 2972 ille
1599 2910 1703 2992 placet
1725 2911 1764 2974 de

437 2996 529 3061 beata
550 3000 636 3063 vitai
659 3002 779 3063 Tamen
800 3001 982 3063 aberramus
1004 3022 1022 3065 a
1045 3001 1222 3083 proposito,
1245 3009 1294 3073 et,
1317 3022 1357 3063 ne
1380 3001 1524 3083 longius,
1547 3023 1694 3085 prorsus,
1716 3004 1765 3066 in·

438 3110 551 3174 qoam,
582 3093 671 3168 Piso,
701 3094 727 3156 si
750 3094 812 3157 ista
833 3095 915 3158 mala
937 3104 1028 3169 sent,
1050 3095 1165 3178 placet.
1208 3092 1258 3157 86.
1282 3096 1393 3158 Nonne
1415 3095 1526 3176 igitur,
1555 3097 1678 3180 inquit,
1707 3097 1765 3160 tihi

400 3183 586 3248 ”delentur
613 3187 717 3250 malai
753 3187 787 3250 ld
809 3189 952 3271 quaeris,
973 3190 1119 3272 inquam,
1141 3188 1175 3250 in
1198 3209 1277 3270 quo,
1299 3197 1404 3251 utrum
1425 3191 1636 3271 respondero,
1658 3210 1764 3254 verses

438 3284 470 3340 te
491 3278 554 3341 huc
575 3287 672 3363 atque
699 3283 774 3345 illuc
797 3302 927 3345 necesse
949 3291 1006 3345 est.
1051 3281 1123 3357 Quo
1156 3280 1284 3343 tandem
1315 3283 1429 3344 modo‘l
1459 3284 1571 3366 inquit.
1608 3285 1709 3359 Quia,
1738 3284 1764 3347 si

398 3421 404 3433 .
438 3370 520 3433 mala
542 3380 634 3448 sunt,
656 3378 700 3450 is,
724 3378 779 3459 qui
802 3378 862 3440 erit
883 3378 915 3439 in
938 3378 993 3450 iis,
1015 3377 1126 3439 heatus
1148 3395 1213 3437 non
1235 3377 1311 3438 erit:
1335 3376 1362 3438 si
1384 3376 1465 3439 mala
1487 3397 1551 3439 nou
1574 3386 1662 3452 sunt,
1684 3380 1765 3442 iacet

439 3467 541 3528 omnis
562 3468 644 3531 ratio
667 3471 954 3554 Peripateticorum.
1000 3471 1041 3533 Ει
1062 3470 1116 3532 ille
1138 3470 1262 3541 ridens,
1286 3468 1400 3543 Video,
1428 3469 1551 3553 inquit,
1574 3472 1648 3554 quid
1672 3491 1764 3554 agas:

439 3577 479 3621 ue
501 3559 692 3643 discipulum
713 3563 884 3636 abducam,
912 3564 1014 3626 times.
1057 3565 1105 3624 Tu
1128 3581 1219 3634 vero,
1242 3562 1386 3643 inquam,
1419 3564 1515 3627 ducas
1544 3564 1634 3639 licet,
1665 3566 1692 3627 ei
1716 3584 1761 3628 ee

402 3658 570 3734 sequetur:
593 3655 653 3717 erit
674 3657 757 3719 enim
780 3676 918 3730 mecum,
942 3658 969 3719 si
991 3666 1094 3720 tecum
1117 3657 1187 3718 erit.

524 3749 640 3811 xxix.
658 3749 740 3812 Audi
756 3751 861 3832 igitur,
883 3752 1001 3833 inquit,
1024 3751 1119 3812 Lusi:
1142 3759 1244 3812 tecum
1261 3750 1343 3811 enim
1361 3749 1436 3811 mihi
1452 3750 1647 3813 instituenda
1662 3752 1764 3815 oratio

440 3848 499 3904 est.
544 3842 653 3905 Omnis
682 3844 852 3906 auctoritas
881 3843 1116 3927 philosophiae,
1149 3851 1183 3905 ut
1210 3846 1253 3905 ait
1280 3842 1531 3924 Theophrastus,
1560 3845 1704 3907 consistit
1733 3846 1764 3908 in

439 3934 531 3997 beata
553 3937 616 3999 vita
638 3936 864 4018 comparanda:
887 3936 978 3999 beate
1000 3938 1084 3999 enim
1106 3937 1229 3999 vivendi
1253 3936 1425 4018 cupiditate
1447 3938 1567 4000 incensi
1588 3958 1699 4001 omnes
1714 3959 1766 4001 su·

441 4048 521 4090 mus.
563 4027 615 4091 87.
639 4031 705 4092 lloc
727 4031 802 4093 mihi
824 4052 893 4093 cum
918 4039 971 4092 tuo
994 4030 1090 4093 iratre
1112 4031 1271 4093 convenit.
1309 4030 1413 4106 Quare
1436 4031 1497 4092 hoc
1518 4031 1689 4095 videndum
1708 4042 1764 4105 est,

401 4128 430 4175 ³⁰
441 4123 582 4203 possitne
605 4124 697 4187 nobis
718 4124 779 4186 hoc
797 4125 878 4189 ratio
894 4124 1153 4206 philosophorum
1169 4124 1254 4187 dare.
1288 4126 1458 4187 Pollicetur
1472 4132 1565 4186 certe.
1599 4125 1665 4186 Nisi
1682 4126 1764 4188 enim

440 4216 472 4277 id
502 4215 631 4290 iaceret,
663 4239 719 4281 cur
744 4219 832 4281 Plato
859 4223 1034 4301 Aegyptum
1066 4219 1257 4300 peragravit,
1288 4227 1363 4280 uta
1385 4216 1601 4280 sacerdotibus
1623 4217 1764 4281 barbaris

441 4330 589 4373 numeros
618 4320 651 4374 et
672 4313 819 4375 caelestia
847 4313 1027 4393 acciperet?
1058 4332 1114 4373 cur
1144 4322 1217 4394 post
1238 4315 1408 4374 Tarentum
1431 4312 1470 4374 ad
1493 4312 1688 4393 Archytam?
1710 4330 1767 4372 cur

440 4403 480 4467 ad
509 4404 650 4487 reliquos
672 4406 903 4488 Pythagoreos,
934 4406 1153 4479 Echecratem,
1179 4408 1354 4478 Timaeum,
1383 4404 1533 4466 Arionem
1556 4405 1691 4477 locros,
1720 4412 1765 4476 ut,

506 4649 529 4695 t.
547 4653 615 4710 potes
632 4650 651 4696 G
670 4650 697 4697 et
713 4647 848 4697 Davisius:
866 4652 943 4709 polest
960 4648 1040 4696 ceteri
1059 4646 1138 4697 codd.
1158 4650 1185 4697 et
1202 4648 1255 4697 ΜΟ
1277 4674 1302 4682 -
1321 4646 1345 4694 b.
1364 4645 1428 4709 eom]
1446 4659 1503 4694 cum
1520 4645 1568 4694 BE
1589 4671 1614 4679 -
1640 4644 1663 4693 3.
1683 4645 1765 4695 dolere

354 4764 356 4767 ,
441 4722 502 4781 (ιιοιι
514 4723 604 4783 dolore)
616 4724 695 4773 etiam
708 4723 728 4771 E
741 4748 767 4757 -
787 4722 882 4771 mnam
899 4728 933 4770 est
951 4723 1045 4771 BCD:
1065 4729 1099 4770 est
1111 4735 1163 4772 om.
1178 4724 1197 4771 0
1216 4749 1239 4757 -
1261 4721 1276 4771 ι
1289 4723 1332 4785 qni
1350 4722 1436 4783 opiter
1448 4722 1466 4769 C
1477 4721 1514 4769 D:
1534 4720 1594 4780 qnia
1610 4720 1689 4783 scitor
1705 4721 1761 4769 Β-

439 4798 531 4847 mieern
547 4798 599 4846 orb.
619 4798 712 4848 codd:
734 4799 852 4847 miserum
868 4796 921 4846 orb.
940 4799 960 4845 0
980 4811 1041 4847 cum
1060 4799 1165 4848 Davisio
1186 4825 1209 4833 -
1235 4799 1259 4847 5.
1278 4799 1352 4845 miser
1374 4795 1474 4844 morbis
1491 4795 1648 4857 Madvigius:
1667 4793 1767 4844 ηιονόιιι

441 4871 502 4932 lom.
515 4872 598 4932 ιιιιισνι
613 4872 646 4928 e;
663 4873 781 4921 mucram
792 4871 893 4921 morbos
904 4873 986 4921 ceteri
998 4872 1067 4921 codd
1089 4877 1115 4921 et
1127 4874 1146 4920 0
1161 4899 1187 4908 -
1200 4873 1224 4921 6.
1238 4874 1330 4921 misera
1342 4899 1356 4908 -
1367 4873 1483 4919 -misern
1496 4869 1584 4919 codd:
1603 4870 1722 4918 :niumm
1731 4896 1744 4906 -
1753 4894 1768 4905 ·

438 4946 556 4996 miseram
573 4948 593 4996 0
611 4961 672 4997 cum
689 4949 803 4999 [invisio.
820 4974 844 4981 -
865 4948 888 4996 7.
908 4960 957 5008 ooo
973 4946 1053 5010 modo]
1073 4945 1170 5009 quoE:
1189 4949 1222 4997 cl.
1236 4947 1269 4997 ed
1283 4962 1307 5011 p.
1322 4947 1378 5005 too,
1394 4947 1434 4995 ιθ.
1452 4972 1478 4981 -
1497 4945 1523 4994 8.
1535 4945 1663 4994 antiochis
1674 4945 1723 4995 BE
1738 4973 1764 4981 -

439 5022 464 5070 9.
483 5022 568 5071 oculeo
584 5023 633 5073 ΒΕ
651 5048 678 5058 -
698 5024 738 5073 ιιι.
757 5036 813 5072 com
829 5021 956 5070 docuerim
967 5046 1004 5057 ·-
1015 5036 1064 5070 non
1080 5024 1162 5086 magis
1178 5022 1267 5072 bebere
1284 5021 1427 5082 Madvigius
1446 5020 1479 5082 (in
1496 5019 1692 5082 adnotationel:
1710 5033 1768 5069 caea

438 5096 672 5146 docnemmucoo
694 5097 783 5146 bebere
803 5098 866 5154 Βῢς
896 5110 955 5145 caen
976 5100 1029 5144 tem
1049 5099 1283 5146 docuerim--noo
1306 5095 1394 5144 babere
1417 5095 1471 5143 ΜΟ
1497 5120 1523 5129 -
1548 5095 1588 5143 it.
1608 5096 1673 5156 guod
1694 5092 1768 5144 llad-

439 5173 524 5234 vigius
547 5173 583 5232 (in
601 5171 799 5229 adnotetiouei:
823 5172 883 5233 quid
900 5172 933 5228 li:
956 5172 1017 5232 quio
1035 5170 1124 5219 Ello.
1152 5172 1297 5229 «Quoniam
1321 5183 1373 5219 non
1394 5171 1496 5218 tantum
1519 5170 1628 5231 propter
1650 5167 1703 5217 hoc
1727 5169 1768 5217 in·

439 5244 572 5297 credibilis
595 5248 707 5296 Zenonis
728 5247 857 5296 sententie
882 5249 935 5303 est,
959 5244 1007 5295 sed
1029 5244 1080 5293 hoc
1102 5246 1188 5307 ipsum
1213 5246 1237 5293 in
1261 5243 1302 5293 illa
1320 5244 1452 5293 sententia
1469 5241 1623 5292 incredibile
1642 5251 1694 5300 est,
1719 5257 1768 5306 po-

329 5342 331 5348 *
440 5326 507 5373 terM
524 5324 617 5373 Cicero
634 5322 752 5372 scribere
768 5326 794 5371 et
809 5323 961 5385 scripsisset
977 5320 1088 5370 tortasse
1107 5322 1218 5370 rectius:
1238 5319 1387 5378 incredibile,
1406 5317 1649 5379 quodbeatissimnm
1660 5318 1766 5379 (dicit).-

440 5399 522 5448 Manv.
540 5423 565 5433 —
586 5395 625 5446 ll.
643 5410 693 5446 esse
709 5397 743 5445 B:
761 5398 848 5446 om.0
870 5423 893 5430 -
915 5397 954 5444 ib.
974 5396 1014 5443 uel
1032 5398 1092 5454 (non
1104 5397 1139 5456 ιιι)
1153 5396 1233 5444 etium
1247 5393 1264 5442 E
1280 5420 1305 5428 -
1322 5394 1360 5442 t6.
1374 5394 1461 5441 soatB
1477 5419 1501 5427 —
1517 5394 1557 5443 49.
1571 5394 1658 5455 igitur,
1677 5393 1767 5455 ingerit,

438 5472 482 5522 tibi
497 5472 612 5521 videntur
629 5474 663 5521 G:
683 5472 763 5531 inquit
779 5471 857 5531 igitur
873 5470 916 5518 tibi
932 5470 1092 5524 videntur&
1111 5472 1188 5533 igitur
1199 5469 1242 5516 tibi
1253 5468 1376 5527 videniur,
1400 5468 1480 5529 inquit
1491 5468 1554 5516 ΕΟ.
1574 5466 1612 5517 Cl.
1626 5466 1658 5530 §5
1670 5467 1710 5516 69.
1723 5466 1765 5516 83.

439 5547 480 5597 85.
507 5575 533 5584 -
555 5548 595 5598 ao.
616 5547 715 5609 ponem
734 5545 878 5594 Manutius:
903 5557 1008 5605 quom:
1025 5544 1104 5594 codd.
1130 5571 1151 5582 -
1174 5550 1259 5592 etrum
1276 5544 1424 5603 respondero
1442 5541 1597 5592 Lambinus:
1619 5541 1769 5604 respondebo

439 5628 525 5671 ιιινιιιιι
536 5623 597 5680 ΒΕ;
615 5627 702 5671 utrum
712 5620 860 5681 respondeto
872 5619 953 5668 ceteri
967 5618 1043 5668 codd.
1058 5648 1080 5655 -
1098 5621 1138 5669 tt.
1151 5620 1195 5680 eps
1207 5620 1225 5668 B
1235 5634 1241 5674 ;
1259 5618 1296 5666 bis
1307 5620 1326 5666 0
1343 5644 1367 5651 -
1387 5616 1427 5667 al.
1440 5623 1555 5678 sequetur
1566 5618 1599 5666 B:
1618 5616 1768 5678 sequnturO

443 5720 470 5732 —
485 5697 524 5746 26.
544 5703 625 5746 tecmn
641 5698 706 5745 enlm
721 5693 876 5745 Lambinus:
896 5698 976 5743 emm
991 5696 1066 5754 enirn,
1084 5701 1112 5742 ut
1128 5696 1164 5742 ott
1179 5694 1354 5755 theophrastus
1371 5693 1448 5743 codd.
1464 5693 1521 5741 etO
1535 5721 1560 5729 -
1575 5693 1617 5741 at.
1636 5693 1769 5741 Omnis·-

441 5772 613 5831 compornodn
630 5773 728 5822 Nouius
746 5784 771 5833 p.
790 5770 847 5818 tte.
869 5795 894 5804 -
919 5774 946 5816 ιιι
962 5770 999 5816 nit
1018 5769 1194 5829 Theophrastus
1211 5767 1368 5818 Leruhinus:
1393 5780 1445 5816 om.
1465 5765 1554 5824 codd..
1572 5769 1685 5824 Nonius,
1704 5768 1765 5816 0-

441 5845 549 5894 ooestitit
561 5847 668 5897 Nonius.
682 5872 715 5883 -
731 5845 770 5895 ιιι.
784 5845 850 5895 esim
864 5844 965 5894 vivendi
975 5845 1040 5893 enim
1050 5858 1108 5905 cop.
1122 5844 1170 5893 ΒΕ
1185 5870 1210 5880 -
1229 5844 1325 5893 uiuendi
1335 5868 1369 5879 --
1381 5844 1492 5893 convenit
1509 5843 1608 5892 Nonius
1626 5855 1652 5907 p.
1665 5842 1723 5892 iil.
1737 5866 1765 5877 -

442 5918 483 5969 tt.
496 5919 555 5982 Hoc]
567 5926 643 5983 atqu
652 5921 698 5972 too
708 5921 816 5972 Nonius.
826 5945 860 5957 -
868 5918 909 5970 33.
920 5919 1048 5969 amonem
1057 5919 1092 5977 B:
1104 5918 1235 5967 Actionem
1246 5919 1306 5968 Mo.
1325 5916 1364 5968 ct.
1375 5916 1470 5982 Kompt
1479 5915 1513 5966 nd
1523 5914 1578 5967 Vel.
1588 5917 1656 5967 ilex.
1669 5928 1697 5980 p.
1708 5915 1765 5967 dit.
