4342 7459
713 1237 782 1301 nn.
804 1238 844 1301 n
873 1237 949 1302 cn.
972 1239 1210 1304 xant-xav.
1238 1238 1285 1324 §t
1307 1238 1452 1307 ss-ot.
1683 1239 1747 1306 nto

410 1400 570 1466 fortunam
593 1398 783 1483 plemmque
803 1398 974 1483 disparem.
1017 1401 1144 1465 Procles
1166 1407 1199 1464 et
1219 1399 1452 1486 Eurystheum,
1476 1404 1745 1472 lacedaemoni&

410 1517 480 1560 rum
503 1514 614 1577 repes,
643 1491 761 1576 gemini
790 1493 903 1557 iratres
924 1494 1074 1559 inerunt:
1107 1503 1141 1559 at
1167 1495 1190 1557 ii
1217 1515 1278 1558 nec
1299 1496 1432 1560 totidem
1454 1516 1556 1563 annos
1578 1498 1743 1575 vixerunta

409 1609 494 1652 anno
516 1589 601 1651 enim
616 1587 719 1651 llrocli
742 1588 806 1651 vita
829 1588 955 1651 brevior
975 1588 1051 1664 tuit,
1075 1589 1274 1673 multumque
1295 1589 1322 1654 is
1344 1589 1434 1656 fratri
1455 1613 1561 1656 rerum
1583 1601 1742 1674 gestarum

409 1683 511 1765 gloria
533 1683 700 1766 praestitit.
745 1677 797 1744 9t.
825 1683 866 1746 At
893 1702 952 1763 ego
979 1683 1011 1745 id
1040 1684 1163 1766 ipsum,
1193 1683 1280 1768 quod
1309 1685 1358 1748 vir
1379 1695 1543 1768 optumus,
1572 1687 1741 1770 Diogenes,

410 1776 578 1841 Chaldaeis
605 1774 697 1859 quasi
726 1774 864 1857 quadam
887 1775 1157 1858 praevaricatione
1179 1776 1340 1853 concedit,
1369 1797 1451 1862 nego
1473 1801 1567 1862 posse
1588 1780 1766 1863 intellegis!

407 1872 535 1934 Etenim
557 1891 645 1943 cum,
675 1874 710 1932 ut
731 1869 792 1951 ipsi
815 1870 940 1943 dicunt,
971 1878 1058 1932 ortus
1088 1871 1286 1934 nascentium
1316 1871 1390 1935 luna
1413 1872 1610 1948 moderetur,
1639 1891 1741 1957 eaque

408 1965 661 2029 animadvertant
687 1971 719 2027 et
748 1972 861 2027 notent
890 1963 994 2027 sidera
1024 1964 1172 2027 natalicia
1200 1964 1368 2042 Chaldaei,
1397 1987 1619 2051 quaecumque
1646 1968 1742 2032 lunae

408 2060 516 2124 iuncta
537 2058 724 2132 videantur,
747 2058 913 2121 oculorum
936 2057 1140 2121 fallacissimo
1163 2077 1259 2122 sensu
1280 2060 1423 2124 iudicant
1443 2079 1491 2134 ea,
1513 2065 1742 2145 quaeratione

408 2163 503 2235 atque
525 2154 631 2215 animo
655 2152 765 2215 videre
787 2150 954 2214 debebant.
987 2153 1089 2215 Docet
1110 2154 1194 2216 enim
1217 2153 1296 2216 ratio
1317 2154 1621 2231 matbematicomm,
1643 2171 1739 2239 quana

407 2248 478 2312 istis
500 2255 606 2310 notum
629 2266 700 2310 esse
723 2246 899 2329 oportebat,
921 2254 1040 2330 quanta
1062 2245 1242 2309 bumilitate
1262 2245 1339 2309 luna
1359 2246 1481 2312 feratur
1500 2256 1615 2312 terram
1637 2259 1778 2331 paensto

408 2340 609 2422 contingens,
631 2349 783 2425 quantum
806 2340 927 2403 absita
950 2359 1106 2422 proxuma
1127 2340 1262 2403 blercuri
1285 2339 1393 2416 stella,
1423 2342 1522 2405 multo
1544 2352 1650 2407 autem
1670 2342 1740 2407 lon·

408 2435 479 2519 qius
500 2455 519 2496 a
541 2435 695 2509 Veneris,
723 2435 839 2498 deinde
860 2433 924 2498 alio
947 2434 1116 2497 intervallo
1139 2434 1235 2497 distet
1255 2451 1275 2496 a
1295 2434 1379 2510 sole,
1408 2436 1499 2500 cuius
1521 2436 1641 2499 lumine
1664 2455 1740 2500 cou-

407 2529 533 2592 lustrari
556 2538 704 2612 putatur3
727 2530 851 2613 reliqua
874 2548 948 2592 vero
970 2528 1031 2591 tria
1053 2528 1220 2592 intervalla
1242 2525 1364 2593 infinita
1386 2538 1418 2594 et
1439 2531 1599 2605 inmensa,
1630 2551 1648 2595 a
1671 2530 1739 2594 sole

408 2624 447 2687 ad
469 2625 592 2698 blattis,
621 2624 696 2686 inde
722 2624 762 2687 ad
790 2624 888 2697 lovis,
916 2622 956 2685 ab
984 2641 1023 2685 eo
1050 2624 1091 2685 ad
1120 2623 1246 2686 Satumi
1274 2623 1414 2699 stellam,
1442 2625 1519 2688 inde
1546 2626 1585 2688 ad
1616 2625 1739 2689 caelum

407 2718 529 2800 ipsum,
560 2718 644 2801 quod
674 2726 850 2782 extremum
880 2726 976 2802 atque
1004 2717 1160 2780 ultumum
1191 2718 1300 2780 mundi
1328 2725 1387 2780 est.
1438 2716 1489 2781 92.
1516 2719 1607 2796 Quas
1633 2725 1777 2805 potestas

406 2811 503 2894 igitur
536 2812 685 2894 contagio
721 2831 762 2875 ex
794 2807 918 2874 infinito
953 2829 1054 2892 paerm
1091 2810 1259 2873 intervallo
1292 2811 1451 2894 pertinere
1482 2812 1522 2876 sd
1550 2813 1658 2877 lunam
1684 2806 1739 2875 'vel

406 2907 513 2989 potius
534 2905 574 2967 ad
597 2908 739 2968 terram?

491 2999 604 3065 xttv.
637 3001 749 3077 Quian
778 3019 849 3063 cum
873 2999 982 3063 dicunt
1003 2997 1053 3070 id,
1084 2996 1170 3081 qnod
1193 2998 1232 3060 iis
1255 2997 1360 3061 dicere
1386 3016 1520 3063 necesse
1541 3008 1607 3077 eat,
1636 3001 1740 3066 omnia

407 3095 549 3161 omnium
571 3100 670 3167 onus,
692 3094 884 3176 quicumque
907 3093 1077 3175 gignantur
1098 3092 1131 3153 in
1154 3092 1240 3153 omni
1263 3100 1361 3162 terra,
1382 3112 1465 3176 quas
1480 3092 1652 3169 incolatur,
1667 3111 1740 3159 soe

408 3190 479 3254 dem
502 3206 588 3261 esse,
615 3186 791 3272 eademque
813 3186 976 3260 omnibus,
1004 3186 1058 3269 qui
1086 3183 1199 3248 eodem
1228 3193 1311 3249 statu
1334 3184 1413 3249 caeli
1436 3192 1468 3249 et
1489 3186 1651 3251 atetlanum
1673 3190 1778 3252 natiso

409 3284 489 3357 sint,
512 3279 657 3345 accidere
679 3300 811 3344 necesse
834 3300 923 3354 esse,
945 3299 1052 3343 nonne
1074 3278 1251 3343 eiusmodi
1274 3287 1364 3354 aunt,
1386 3287 1422 3343 nt
1442 3299 1483 3342 ne
1506 3279 1586 3344 caeli
1609 3282 1740 3365 quidem

408 3385 554 3442 naturam
583 3377 773 3457 interpretes
801 3375 879 3438 istos
907 3370 985 3437 caeli
1016 3393 1111 3436 nosse
1138 3376 1316 3456 appareat?
1360 3373 1438 3437 Cum
1461 3375 1545 3438 enim
1567 3374 1614 3437 illi
1636 3376 1741 3451 orbes,

409 3474 464 3558 qui
486 3470 608 3537 caelum
631 3470 723 3554 quasi
745 3467 883 3532 medium
906 3468 1051 3531 dividunt
1077 3475 1109 3529 et
1136 3476 1300 3551 aspectum
1326 3476 1470 3531 nostrum
1491 3466 1662 3545 deliniunt,
1683 3470 1741 3555 qai

408 3563 578 3630 aGraecis
604 3566 763 3647 ὁρίζοντες
790 3563 1009 3636 nominantur,
1036 3560 1172 3624 anobis
1199 3557 1345 3624 finientes
1370 3562 1557 3625 rectissume
1584 3565 1741 3627 nominari

408 3667 560 3744 possunt,
587 3660 769 3721 varietatem
798 3675 975 3719 maxumam
1007 3654 1147 3718 babeant
1172 3655 1290 3739 aliique
1320 3656 1353 3718 in
1375 3656 1448 3719 aliia
1469 3655 1548 3719 locis
1570 3656 1651 3732 unt,
1684 3669 1779 3721 ns-aa

408 3772 498 3818 cesse
519 3759 569 3816 est
589 3761 678 3815 ortus
700 3770 898 3835 occasusque
918 3750 1060 3813 siderum
1077 3768 1142 3812 non
1159 3745 1226 3812 beri
1241 3750 1353 3813 eodem
1369 3757 1513 3833 tempore
1527 3751 1611 3833 apud
1626 3754 1740 3816 omnis.

407 3844 458 3909 93.
487 3847 581 3923 Quod
611 3847 638 3908 si
666 3864 776 3908 eornm
803 3844 833 3907 vi
861 3845 985 3909 caelum
1012 3844 1109 3907 modo
1130 3843 1193 3907 boc
1223 3843 1318 3908 modo
1339 3844 1395 3907 illo
1419 3843 1514 3908 modo
1537 3852 1740 3928 temperatur,

408 3943 465 4027 qui
486 3949 592 4023 potest
613 3939 723 4003 eadem
746 3941 794 4003 vis
816 3959 887 4002 esse
909 3937 1121 4013 nascentium,
1144 3956 1215 4001 cum
1239 3938 1320 4001 caeli
1335 3944 1421 4001 tanta
1436 3938 1478 4001 ait
1493 3936 1742 4003 dissimilitudo?

408 4037 444 4099 ln
466 4036 515 4098 bis
537 4035 633 4108 locis,
661 4051 743 4117 quae
766 4053 824 4095 nos
847 4032 1035 4105 incolimus,
1062 4038 1135 4114 post
1156 4031 1328 4093 solstitium
1350 4030 1501 4094 Canicula
1522 4032 1682 4106 exoritur,
1710 4041 1743 4097 et

408 4129 535 4212 quidem
558 4128 679 4211 aliquot
701 4128 833 4203 diebus3
868 4136 900 4190 at
921 4125 1006 4208 apud
1029 4125 1261 4209 Troglodytas,
1291 4130 1327 4187 ut
1348 4124 1511 4198 scribitur,
1540 4133 1614 4188 ante
1635 4126 1781 4189 solati-ao

408 4226 502 4295 tium,
526 4230 561 4285 ut
583 4224 608 4286 si
632 4224 694 4285 iam
717 4224 927 4286 concedamus
950 4221 1071 4303 aliquid
1095 4221 1157 4282 vim
1181 4218 1349 4282 caelestem
1371 4217 1411 4281 ad
1434 4238 1504 4293 eos,
1527 4219 1582 4302 qui
1604 4220 1637 4281 in
1659 4226 1742 4282 terra

408 4319 590 4400 gignuntur,
613 4317 781 4399 pertinere,
804 4313 1015 4378 confitendum
1038 4314 1080 4376 sit
1102 4312 1165 4374 illis
1188 4331 1253 4385 eos,
1277 4314 1331 4395 qni
1347 4321 1520 4398 nasouqtur
1534 4312 1645 4375 eodem
1663 4320 1743 4374 tem-

408 4431 496 4495 pore,
518 4430 612 4493 posse
634 4411 667 4471 in
690 4411 855 4473 dissimilis
878 4409 1019 4471 incidere
1041 4414 1169 4470 naturas
1186 4415 1321 4487 ‚propter
1341 4406 1420 4469 caeli
1441 4406 1742 4480 dissimilitudinem,

411 4505 497 4589 quod
522 4504 650 4567 minime
673 4504 738 4565 illis
762 4504 872 4587 placet.
905 4503 1025 4565 Volunt
1048 4501 1133 4564 enim
1155 4501 1202 4562 illi
1224 4500 1328 4564 omnis
1350 4500 1463 4563 eodem
1485 4508 1628 4584 tempore
1643 4509 1741 4576 ortos,

409 4599 464 4682 qui
488 4599 605 4681 ubique
628 4599 691 4661 sint
713 4600 793 4670 nati,
817 4597 927 4661 eadem
950 4596 1134 4659 conditione
1157 4594 1255 4659 nasci.
1749 4608 1779 4657 at

494 4693 589 4755 XLV.
618 4689 668 4756 ut.
702 4693 763 4755 Sed
791 4712 872 4777 quae
901 4699 986 4754 tanta
1016 4690 1176 4754 dementia
1206 4698 1272 4764 est,
1305 4698 1340 4752 ut
1366 4690 1399 4753 in
1425 4688 1583 4753 maxumis
1604 4687 1741 4753 motibus

585 4926 601 4957 tt
763 4925 779 4956 tt
1721 4919 1725 4926 ’

432 4970 434 4975 ’
473 4976 497 5023 t.
514 4972 610 5034 proctaa
627 4973 655 5029 a.
674 4972 721 5022 sed
740 4972 788 5021 ctsa
804 4971 830 5019 in
848 4983 900 5021 res.
923 4997 950 5007 -
968 4971 994 5019 2.
1013 4971 1032 5019 ii
1051 4971 1084 5030 C,
1104 4969 1151 5020 sed
1170 4970 1196 5019 in
1214 4981 1266 5019 ras.
1287 4970 1313 5018 in
1332 4969 1365 5018 a:
1383 4968 1409 5015 bi
1426 4968 1446 5017 0
1465 4992 1493 5005 -·
1513 4967 1538 5018 3.
1557 4968 1651 5017 Proelia
1666 4968 1740 5019 l*-

408 5050 490 5099 l’rocli
506 5051 562 5097 utto
580 5049 611 5105 Β,
631 5048 680 5097 sed
697 5049 729 5097 cti
746 5049 781 5095 uit
799 5048 824 5095 tn
843 5058 894 5095 ras.
924 5069 949 5080 -
977 5042 1000 5094 i.
1020 5045 1054 5093 od
1070 5046 1111 5105 Αἱ,
1131 5050 1158 5093 ut
1175 5044 1196 5090 V
1215 5068 1241 5079 ·-
1267 5043 1283 5091 6
1313 5056 1369 5093 cum
1387 5040 1548 5093 Lambinus:
1566 5043 1649 5094 curC
1669 5068 1697 5079 -
1716 5043 1741 5094 'l.

408 5124 481 5174 bana
497 5123 517 5172 0
534 5135 626 5172 errore
644 5122 835 5185 typographico
854 5146 880 5156 -·
902 5120 941 5169 40.
959 5132 1037 5180 poene
1052 5119 1073 5168 Α
1091 5145 1124 5156 -
1142 5119 1181 5169 tt.
1195 5120 1306 5167 mercuri
1323 5120 1352 5177 C,
1371 5117 1420 5168 ssd
1439 5119 1464 5168 ln
1477 5119 1496 5168 B
1510 5131 1562 5169 ras.
1576 5118 1677 5182 aliquot
1693 5116 1740 5170 litt.

408 5203 470 5249 ante
488 5198 539 5247 boc
556 5197 684 5246 verbum:
703 5196 822 5245 uermrtt
839 5195 859 5243 0
878 5220 905 5230 -·
926 5195 965 5243 ts.
984 5195 1059 5241 distat
1076 5206 1108 5242 ex
1127 5192 1186 5242 cod.
1201 5194 1283 5243 Oxou.
1304 5194 1475 5255 ilottingerus
1492 5219 1519 5230 -
1545 5190 1584 5243 tt.
1603 5194 1744 5241 tndsuat

409 5268 449 5330 ΑΕ
467 5273 524 5320 inde
540 5276 568 5319 ot
585 5267 656 5319 v¹-
677 5271 716 5320 to.
733 5271 848 5332 possen
869 5297 893 5307 -
916 5269 1013 5330 l8.qui
1028 5282 1086 5317 cum
1103 5267 1177 5318 d¹-
1195 5269 1271 5318 iiall:
1290 5268 1384 5327 atus,
1403 5269 1454 5318 tsu
1475 5295 1499 5305 -
1520 5269 1644 5325 moeso.
1663 5270 1744 5319 onmis

409 5348 436 5397 to
453 5348 474 5395 V
494 5373 520 5382 -
539 5346 581 5395 to.
600 5347 653 5394 noti
670 5351 727 5394 aunt
745 5343 847 5408 Erlang.
869 5370 896 5381 -
919 5343 958 5393 334
979 5346 1069 5405 aspa
1088 5372 1119 5382 -
1136 5344 1177 5396 al.
1196 5346 1357 5395 orizontesC
1377 5370 1405 5381 -
1422 5345 1538 5408 petendu
1552 5344 1606 5404 AV,
1623 5346 1745 5409 putandas

408 5419 461 5472 Eri.
482 5446 508 5456 -
527 5420 568 5469 26.
588 5433 671 5468 omnes
687 5421 707 5469 0
725 5447 757 5457 -
774 5420 814 5469 27.
833 5422 879 5469 boc
895 5421 968 5468 modo
984 5420 1027 5469 itto
1043 5421 1117 5468 modo
1134 5420 1160 5469 in
1178 5432 1260 5481 marg.
1281 5418 1342 5469 bab.
1357 5422 1379 5470 Α
1397 5431 1431 5470 m.
1446 5432 1501 5470 sec.
1514 5418 1576 5468 sdd.
1598 5447 1625 5456 -
1644 5419 1686 5469 28.
1704 5420 1743 5470 otr

409 5509 459 5547 assa
475 5498 501 5543 ta
517 5501 645 5544 comentes
662 5494 702 5545 vel
720 5497 774 5545 otto
790 5509 840 5545 esse
856 5496 1009 5544 noscentiae»
1027 5496 1147 5545 Davisius
1165 5494 1257 5545 maluit
1268 5521 1295 5531 -
1314 5495 1356 5545 29.
1370 5497 1396 5542 in
1408 5495 1461 5545 ΒΑ
1476 5522 1502 5532 -
1521 5493 1697 5543 lautomia
1711 5518 1737 5529 -

409 5572 449 5623 30.
468 5576 496 5619 ot
512 5572 580 5634 opud
596 5572 665 5620 ΑΒὶε
685 5571 719 5619 od
735 5572 803 5632 opud
819 5565 893 5630 ΒΨ,
911 5571 980 5631 opud
997 5571 1053 5619 V²0
1078 5596 1100 5606 -
1121 5569 1295 5634 troqoditoaC
1315 5595 1341 5605 -
1364 5570 1547 5618 aoliattciaand
1567 5593 1593 5604 -
1619 5566 1659 5616 32.
1679 5566 1739 5617 lort.

408 5648 556 5709 ptpscntor,
574 5648 603 5693 ut
621 5642 698 5707 paulo
715 5650 776 5709 post
786 5646 830 5705 qut
840 5652 980 5694 sumantur
992 5646 1127 5696 Ernestius
1138 5649 1211 5695 recte
1223 5644 1382 5695 emendasse
1395 5644 1458 5694 mthi
1470 5642 1575 5693 videtur
1588 5667 1614 5676 -
1634 5640 1675 5691 33.
1688 5643 1742 5692 dia·

409 5722 501 5771 similas
511 5720 552 5769 VO
567 5746 592 5756 -
606 5720 786 5770 incedereA¹B
798 5745 825 5757 ·-
840 5720 879 5770 aa.
891 5720 984 5781 surm,
997 5720 1045 5768 tttts
1058 5720 1078 5766 V
1094 5746 1119 5756 -
1133 5722 1199 5769 omni
1212 5719 1250 5777 Ψ,
1263 5733 1346 5769 onmes
1357 5720 1377 5768 0
1389 5746 1414 5756 -
1429 5719 1469 5768 36.
1482 5724 1519 5780 ut,
1531 5730 1588 5767 cuns
1598 5717 1625 5765 ts
1637 5716 1740 5767 Schne-

410 5797 490 5850 taius;
509 5793 668 5854 Madvigium
686 5796 750 5845 scite
769 5795 802 5844 de
822 5798 877 5844 toto
894 5795 946 5844 hoo
963 5793 1021 5845 loco
1039 5794 1218 5858 disputantem
1231 5793 1342 5856 (Emend
1363 5795 1388 5843 in
1398 5794 1452 5843 Cic.
1466 5791 1482 5842 l.
1496 5790 1558 5856 phil.
1573 5805 1598 5856 p.
1607 5790 1647 5852 ³6)
1659 5804 1741 5843 secu-

409 5872 452 5922 tus
468 5870 579 5922 Orellius
596 5869 727 5920 distinxit:
746 5870 836 5931 obtqua
851 5868 903 5919 ait?
919 5870 1039 5932 (quarm
1050 5869 1298 5933 rerum-matium)
1314 5870 1374 5918 boec
1385 5869 1464 5932 tpttar
1474 5872 1531 5928 stc,
1543 5880 1559 5917 a
1571 5879 1623 5929 qus
1637 5867 1739 5917 ratione

408 5946 485 5999 nobis
509 5947 623 5999 lectione
647 5946 726 5996 codd.
745 5947 787 5995 BV
809 5947 859 5996 atat
874 5945 992 5998 admissa
1009 5943 1192 5996 recedendum
1210 5944 1273 6005 tutt;
1300 5956 1334 5996 eo
1350 5944 1436 6009 magia
1452 5944 1542 5995 autem
1558 5941 1656 5995 modus
1672 5954 1740 5996 con·
