4342 7459
691 1270 759 1333 ns.
780 1271 819 1333 v.
848 1269 923 1334 cn».
944 1270 1210 1336 xxix-xxx.
1238 1270 1284 1355 §s
1306 1269 1450 1337 se-so.
1665 1258 1727 1332 2⁰3

408 1459 480 1502 cnm
498 1440 659 1503 Socratem
674 1440 899 1521 expressisset,
921 1439 1107 1522 adiungeret
1121 1440 1388 1523 Pythagoreorum
1404 1440 1601 1523 disciplinam
1618 1458 1729 1520 eaque,

408 1554 493 1618 quae
515 1535 662 1596 Socrates
685 1532 887 1617 repudiabat,
909 1533 1107 1596 addisceret?
1130 1554 1186 1596 aur
1207 1535 1276 1615 ipse
1296 1536 1486 1617 Pythagoras
1507 1543 1540 1597 et
1554 1537 1729 1616 Aegyptum

406 1629 555 1692 lustravit
582 1635 614 1690 et
640 1628 803 1689 Persarum
826 1646 933 1709 magos
954 1627 1054 1690 adiit?
1079 1647 1137 1690 cur
1159 1635 1261 1690 tantas
1282 1628 1429 1710 regiones
1450 1629 1654 1691 barbarorum
1675 1647 1731 1709 pe·

407 1722 502 1785 dibus
525 1721 620 1795 obiit,
652 1727 700 1782 tot
720 1721 818 1781 maria
839 1721 1033 1783 transmisit?
1060 1740 1117 1783 cur
1137 1721 1216 1783 baec
1238 1720 1349 1784 eadem
1370 1722 1589 1784 Democritus?
1613 1720 1668 1803 qui
1688 1752 1730 1765 -

406 1836 482 1879 vere
510 1813 649 1886 ialsone,
675 1832 735 1875 non
764 1833 952 1895 quaeremus
981 1847 1022 1859 —
1053 1815 1167 1876 dicitur
1194 1833 1228 1877 se
1258 1814 1359 1877 oculis
1379 1814 1539 1897 privasse,
1565 1822 1667 1886 certe,
1695 1820 1754 1875 ute

407 1929 502 1992 quam
526 1908 656 1971 minime
670 1907 793 1968 animus
808 1925 826 1967 a
841 1907 1084 1985 cogitationibus
1099 1907 1322 1982 abduceretur,
1344 1910 1565 1990 patrimonium
1581 1905 1730 1986 neglexit,

407 2022 500 2085 agros
523 1999 664 2062 deseruit
685 1999 839 2072 incultos,
862 2000 938 2081 quid
961 2020 1117 2082 quaerens
1139 2000 1225 2063 aliud
1248 2002 1309 2063 nisi
1331 2002 1427 2065 vitmn
1450 2002 1594 2063 benum?
1627 1998 1731 2073 Quam

408 2099 435 2160 si
459 2096 553 2158 etiarn
575 2093 609 2154 in
631 2112 735 2155 rerum
758 2094 938 2174 cognitione
961 2093 1115 2175 ponebat,
1145 2103 1249 2157 tamen
1272 2115 1312 2157 ex
1335 2095 1388 2158 illa
1411 2094 1654 2176 investigatione
1676 2111 1731 2154 na·

407 2200 497 2254 turae
525 2186 678 2268 consequi
706 2186 832 2247 valebat
869 2187 953 2250 bono
981 2196 1016 2250 ut
1044 2197 1128 2251 esset
1156 2189 1271 2251 animo.
1318 2189 1353 2250 ld
1382 2189 1465 2251 enim
1493 2187 1548 2249 ille
1574 2207 1730 2250 summum

407 2285 526 2346 bonum
555 2282 713 2360 εὐθυμίαν
742 2289 774 2342 et
802 2299 898 2362 saepe
924 2283 1099 2363 eibaprsstaa
1125 2282 1279 2364 appellat,
1311 2283 1344 2344 id
1374 2291 1421 2345 est
1451 2284 1588 2345 animum
1612 2290 1768 2343 terroreto
1807 2286 1813 2298 ·

408 2376 552 2440 liberum.
595 2370 646 2434 88.
670 2374 731 2435 Sed
754 2374 833 2436 baec
855 2376 912 2436 etsi
935 2376 1111 2457 praeclare,
1133 2376 1274 2438 nandum
1297 2384 1401 2438 umen
1430 2377 1603 2458 perpolita3
1632 2394 1732 2457 pauca

408 2471 508 2541 enim,
536 2487 642 2550 neque
674 2487 711 2529 ea
740 2468 808 2549 ipsa
833 2467 1012 2542 enucleate,
1040 2468 1163 2531 abhoc
1186 2469 1225 2532 de
1247 2470 1360 2532 virtute
1382 2471 1508 2553 quidem
1530 2469 1623 2532 dicte.
1659 2469 1732 2531 Post

408 2565 493 2627 enim
515 2563 594 2625 baec
616 2562 647 2622 in
670 2561 730 2623 bac
752 2560 830 2622 urbe
851 2563 988 2642 primum
1010 2562 1172 2625 aSocrate
1194 2564 1304 2645 quaeri
1319 2570 1447 2646 coepta,
1468 2563 1585 2626 deinde
1600 2563 1632 2624 in
1646 2561 1732 2623 bunc

407 2658 514 2719 lacum
542 2654 646 2717 delata
673 2662 763 2728 sunt,
793 2675 852 2717 nec
880 2656 1056 2718 dubitatum
1079 2658 1157 2739 quin
1186 2658 1219 2718 in
1242 2658 1357 2719 virtute
1380 2659 1483 2720 omnis
1504 2665 1540 2719 nt
1560 2656 1658 2728 bene,
1684 2654 1731 2717 sie

408 2752 502 2813 etiam
524 2751 615 2812 beate
638 2750 763 2812 vivendi
786 2769 859 2831 spes
882 2758 1061 2830 poneretur.
1101 2750 1191 2825 Quae
1205 2770 1276 2813 cum
1295 2754 1380 2813 Zeno
1394 2751 1558 2815 didicisset
1572 2770 1591 2812 a
1606 2749 1769 2822 nostriqin

382 2886 388 2894 ·
407 2851 442 2907 nt
462 2846 495 2906 in
519 2842 698 2905 actionibus
720 2843 891 2924 praescribi
913 2843 1010 2918 solet,
1031 2864 1072 2905 ns
1095 2863 1205 2906 sensu
1227 2864 1267 2905 ns
1290 2864 1363 2906 anio
1378 2864 1476 2907 nono.
1512 2844 1581 2906 Hoc
1597 2851 1631 2905 tu
1647 2835 1732 2905 nunc

406 2938 441 3000 in
460 2937 518 3000 illo
538 2937 664 3018 probas.
700 2937 826 2999 Scilicet
848 2936 1008 2999 vocabulis
1030 2957 1134 2998 rerum
1157 2938 1283 2999 mantis
1301 2937 1530 3000 inconstantiae
1544 2937 1661 3000 crimen
1677 2936 1731 2998 ille

408 3031 528 3112 elingit,
559 3049 619 3091 nos
642 3030 778 3112 effugere
802 3050 864 3092 non
893 3032 1078 3112 possumus?
1106 3031 1162 3093 llle
1185 3032 1304 3093 Metelli
1327 3032 1422 3094 utam
1445 3040 1540 3113 negat
1560 3031 1731 3094 beatiorem

410 3142 505 3207 quam
528 3123 655 3205 Reguli,
677 3124 932 3206 praeponendam
956 3133 1077 3197 tamen,
1107 3145 1165 3187 nec
1188 3126 1286 3206 magis
1309 3124 1532 3208 expetendam,
1554 3125 1610 3187 sed
1633 3125 1731 3205 magis

410 3216 596 3280 sumendam
613 3225 658 3290 et,
681 3217 708 3278 si
726 3218 814 3299 aptio
830 3226 928 3291 esset,
947 3218 1124 3299 eligendam
1140 3219 1276 3291 Metelli,
1298 3219 1411 3301 Reguli
1431 3217 1640 3280 reiciendum:
1663 3228 1769 3298 egeno

411 3330 506 3395 quam
536 3310 591 3373 ille
619 3311 874 3394 praeponendam
897 3319 929 3373 et
950 3313 1050 3392 magis
1072 3313 1265 3394 eligendam,
1296 3313 1468 3376 beatiorem
1490 3314 1571 3375 bane
1593 3311 1731 3393 appello,

408 3424 465 3468 nec
493 3404 561 3467 ullo
592 3404 723 3467 minimo
746 3413 905 3467 momento
927 3405 998 3487 plus
1020 3406 1049 3468 ei
1071 3407 1155 3469 vitae
1177 3407 1280 3469 tribuo
1303 3426 1396 3490 quam
1421 3407 1528 3469 Stoici.
1571 3403 1623 3468 89.
1646 3406 1730 3482 Quid

409 3501 554 3570 interest,
575 3501 636 3563 nisi
661 3499 748 3583 quod
772 3520 831 3582 ego
853 3520 904 3562 res
926 3507 1016 3562 notas
1038 3501 1121 3563 notis
1144 3501 1247 3564 verbis
1269 3501 1409 3584 appello,
1430 3501 1478 3563 illi
1501 3500 1630 3563 nomina
1650 3519 1731 3562 aava

408 3598 581 3677 quaerunt,
610 3592 726 3677 quibus
748 3593 832 3655 idem
856 3592 987 3655 dicant?
1022 3596 1067 3657 lta
1090 3595 1245 3676 quemad
1268 3593 1396 3656 modum
1418 3594 1453 3656 in
1475 3603 1585 3658 senatu
1607 3602 1732 3675 semper

408 3696 454 3750 est
474 3688 609 3772 aliquis,
639 3688 694 3770 qui
725 3688 926 3772 interpretem
949 3688 1107 3771 postulet,
1136 3689 1181 3751 sic
1202 3689 1255 3751 isti
1278 3688 1368 3751 nobis
1390 3707 1461 3750 cum
1484 3688 1653 3769 interprete
1675 3697 1767 3750 aad?

408 3781 516 3845 diendi
544 3789 627 3844 sunt.
669 3782 792 3843 Renum
823 3782 967 3864 appello,
999 3782 1151 3867 quicquid
1179 3782 1353 3846 secundum
1382 3791 1527 3845 naturam
1553 3790 1615 3855 est,
1644 3783 1730 3865 quod

408 3884 534 3949 conus,
557 3875 691 3947 malum,
713 3895 772 3937 nec
795 3895 854 3955 ego
878 3876 981 3950 solus,
1004 3878 1060 3940 sed
1083 3887 1117 3939 tu
1133 3878 1243 3950 etiam,
1267 3876 1456 3960 Chrysippe,
1478 3877 1510 3937 in
1526 3876 1609 3950 loro,
1631 3875 1730 3945 dorni:

406 3969 439 4031 in
461 3968 570 4031 scbola
592 3970 720 4032 desinis.
759 3970 843 4044 Quid
866 3974 965 4050 ergo?
993 3972 1084 4034 aliter
1105 3971 1266 4044 homines,
1294 3970 1385 4033 aliter
1411 3970 1619 4053 philosophos
1641 3970 1730 4053 loqui

410 4072 500 4143 putas
523 4067 695 4144 oportere?
726 4062 844 4137 Quanti
871 4064 1014 4146 quidque
1036 4064 1093 4137 sit,
1122 4066 1214 4127 aliter
1236 4063 1319 4126 docti
1349 4072 1381 4126 et
1403 4065 1531 4126 indocti.
1574 4062 1636 4125 Sed
1660 4084 1729 4125 cum

407 4157 583 4219 constiterit
613 4159 693 4218 inter
720 4157 844 4229 doctos,
873 4158 983 4239 quanti
1010 4176 1060 4219 res
1093 4177 1238 4240 quaeque
1268 4158 1369 4219 sit-
1393 4158 1419 4219 si
1447 4158 1592 4219 homines
1614 4165 1767 4228 essentis)

408 4250 521 4311 usitate
545 4250 753 4331 loquerentur
774 4283 832 4322 —,
856 4250 929 4312 dum
952 4272 1002 4312 res
1026 4260 1190 4325 maneant,
1213 4253 1308 4314 verba
1330 4249 1448 4332 lingant
1468 4251 1617 4313 arbitratu
1642 4270 1709 4312 suo.

491 4345 591 4405 XXX.
616 4342 666 4404 90.
690 4341 750 4406 Sed
777 4346 869 4405 venio
892 4346 930 4405 ad
955 4345 1186 4407 inconstantiae
1209 4347 1345 4417 crimen,
1369 4365 1409 4406 ne
1431 4348 1557 4428 saepius
1580 4344 1666 4405 dicas
1682 4364 1731 4404 me

407 4438 568 4500 aberrare:
592 4459 686 4520 quam
710 4448 742 4500 tn
767 4439 859 4519 ponis
883 4440 915 4499 in
939 4436 1061 4509 verbis,
1085 4457 1142 4518 ego
1166 4440 1297 4518 positam
1316 4439 1347 4499 in
1364 4438 1572 4521 reputabam.
1607 4438 1639 4499 Si
1656 4438 1731 4499 satis

407 4534 465 4594 erit
486 4532 547 4594 boc
570 4540 768 4614 perceptum,
790 4533 822 4593 in
847 4553 911 4614 quo
935 4531 1096 4593 adiutores
1121 4532 1242 4592 Stoicos
1265 4533 1402 4614 optimos
1424 4531 1591 4605 babemus,
1615 4539 1730 4594 unum

407 4627 467 4687 vim
491 4645 561 4686 esse
583 4627 723 4697 virtutis,
752 4634 786 4687 ut
808 4627 928 4698 omnia,
958 4626 984 4686 si
1008 4646 1048 4686 ex
1069 4626 1168 4686 altera
1190 4633 1278 4707 parte
1301 4632 1471 4705 ponantur,
1499 4643 1538 4686 ne
1560 4633 1768 4708 appareantss

407 4719 552 4800 quidem,
582 4740 653 4781 cum
683 4720 802 4791 amnia,
834 4739 915 4802 quae
945 4720 989 4782 illi
1011 4720 1174 4781 commoda
1197 4727 1281 4780 certe
1305 4719 1414 4780 dicunt
1435 4740 1504 4780 esse
1527 4727 1558 4781 ct
1580 4718 1732 4780 sumenda

408 4821 439 4874 et
468 4812 615 4894 eligenda
645 4821 677 4874 et
707 4814 885 4895 praeposita
912 4847 947 4857 -
973 4833 1054 4895 quae
1084 4814 1128 4874 ita
1150 4808 1322 4884 deliniunt,
1350 4820 1386 4874 ut
1406 4814 1480 4874 satis
1503 4832 1616 4893 magno
1639 4812 1731 4874 aesti-

408 4904 519 4968 manda
543 4907 607 4967 sint
628 4939 685 4979 —,
717 4906 794 4968 baec
826 4905 921 4988 igitur
942 4927 1013 4968 cnm
1037 4926 1096 4987 ega
1120 4915 1167 4969 tot
1188 4905 1368 4968 nominibus
1390 4924 1408 4967 a
1430 4906 1542 4968 Stoicis
1565 4905 1731 4989 appellata,

471 5131 496 5178 5.
514 5142 565 5177 oon
582 5129 716 5178 Davisius:
736 5141 790 5178 om.
810 5128 888 5178 codd.
908 5132 935 5178 et
952 5131 971 5178 0
986 5156 1011 5164 -
1032 5143 1179 5191 quaeremus
1195 5132 1227 5179 G:
1249 5143 1424 5191 quaererem
1440 5131 1474 5186 Β;
1493 5132 1511 5192 †
1528 5131 1732 5192 qaaereruneuo

408 5229 435 5242 -
455 5217 480 5252 se
496 5205 573 5252 acutis
591 5204 624 5251 Β;
644 5203 762 5251 oculisve
779 5205 799 5251 0
820 5230 845 5238 -
865 5204 889 5252 Ἰ.
908 5205 986 5252 vitam
1004 5205 1100 5252 beatam
1119 5206 1151 5253 B:
1171 5205 1269 5253 beatam
1285 5206 1363 5253 eitam
1380 5207 1399 5254 0
1417 5231 1441 5240 -
1463 5206 1487 5255 9.
1505 5206 1541 5266 ld]
1558 5206 1613 5254 ideo
1629 5206 1687 5261 ΒΟ,
1707 5207 1731 5255 in

406 5292 457 5341 qua
480 5279 610 5341 scriptura
630 5278 696 5326 baec
713 5278 853 5339 significari
872 5279 978 5327 videtur
996 5278 1139 5339 bladvigio:
1165 5279 1197 5326 id
1213 5285 1258 5327 est
1274 5280 1339 5327 cuim
1355 5279 1408 5327 illi
1424 5280 1666 5334 seminandorum
1685 5274 1733 5330 εὐ-

406 5353 515 5416 dopa'av
532 5354 583 5401 cet.
605 5379 629 5389 -
655 5353 694 5399 tt.
713 5358 795 5399 tamen
815 5354 877 5401 BG:
902 5361 985 5401 tarrren
1002 5361 1024 5401 et
1042 5352 1122 5401 codd.
1142 5352 1221 5409 deur
1240 5358 1322 5402 tamea
1342 5356 1359 5415 l
1376 5354 1434 5403 etO
1455 5382 1479 5389 -
1505 5355 1544 5403 ts.
1563 5354 1655 5402 abbae
1670 5368 1732 5403 ena-

406 5428 482 5476 eleale
499 5428 546 5476 BE
566 5425 657 5486 (lalsus
675 5430 715 5475 cst
730 5426 883 5487 Madvigius)
898 5453 924 5461 -
945 5427 1051 5489 quidem]
1070 5440 1146 5486 qaam
1163 5428 1217 5475 B·
1245 5427 1284 5477 tl.
1303 5429 1351 5475 siat
1368 5428 1387 5476 Β
1407 5454 1432 5464 -
1455 5442 1499 5477 nee
1514 5428 1646 5478 dubitarat)
1663 5456 1686 5463 -
1707 5429 1733 5475 in
1761 5469 1765 5474 .

406 5516 459 5552 em.
479 5504 497 5551 Β
518 5528 544 5538 -
572 5503 610 5550 ia.
631 5503 660 5549 de
676 5503 760 5550 eaden
777 5516 805 5550 re
821 5503 854 5551 B:
881 5503 939 5562 'Tde
956 5515 984 5551 re
1001 5503 1123 5550 eadanO
1148 5527 1174 5535 —
1200 5502 1250 5550 alia
1267 5503 1338 5551 mado
1356 5504 1498 5552 Manutius:
1521 5504 1579 5565 [ecit
1595 5504 1645 5552 atio
1661 5504 1733 5551 modo

407 5578 484 5628 codd.
504 5582 531 5627 et
549 5579 581 5635 0;
609 5577 682 5639 [serit]
700 5578 750 5625 atio
766 5580 839 5626 moda
856 5578 889 5626 M.
915 5577 952 5626 Cl.
974 5578 1038 5639 Epp.
1057 5576 1091 5624 ad
1110 5577 1181 5625 Fam.
1200 5577 1269 5636 lilil,
1287 5578 1328 5636 it,
1348 5578 1371 5625 t.
1392 5602 1418 5613 ·-
1444 5578 1483 5626 tl.
1502 5577 1606 5639 Scilicet]
1627 5578 1647 5625 ri
1665 5578 1683 5626 E
1703 5604 1729 5612 -

406 5652 447 5701 20.
466 5653 527 5715 Ego]
545 5654 576 5700 Bt
595 5653 612 5700 Β
633 5679 660 5688 -
683 5653 722 5700 22.
742 5652 853 5714 minima]
871 5655 971 5701 omnino
988 5653 1006 5701 Β
1027 5679 1051 5687 -
1078 5652 1119 5701 il.
1138 5653 1203 5700 idem
1219 5651 1312 5715 dicam]
1330 5653 1374 5700 illa
1391 5653 1567 5713 appellarim
1586 5652 1630 5699 illa
1647 5653 1733 5713 appel-

407 5726 491 5776 ?th
512 5754 538 5763 -
558 5728 598 5775 ²5.
617 5740 674 5774 cam
691 5728 848 5788 interpretem
866 5728 913 5776 BE
934 5755 958 5763 -
979 5728 1019 5775 sa.
1039 5728 1115 5790 qaod]
1134 5740 1209 5787 qaam
1227 5728 1245 5776 Β
1262 5754 1288 5762 -
1308 5727 1349 5776 29.
1368 5729 1499 5787 opertere?
1517 5729 1609 5788 Quanti
1626 5728 1733 5790 quidque

407 5802 449 5857 sit,
473 5802 549 5849 aliter
565 5803 629 5849 docti
646 5808 668 5850 et
689 5804 780 5850 indocti
799 5805 816 5852 Β
835 5808 862 5851 et
880 5803 1036 5853 Lambinus:
1062 5809 1191 5864 oportere,
1211 5800 1308 5863 [quanti
1324 5802 1431 5861 quidque
1447 5803 1477 5849 sit
1484 5799 1505 5863 l]
1523 5801 1596 5850 aliter
1612 5803 1694 5850 doctas
1709 5810 1733 5851 et

407 5877 534 5925 Macies?
552 5878 614 5925 0-
634 5876 674 5924 30.
693 5877 777 5940 ment]
795 5879 816 5924 si
834 5879 867 5935 B;
886 5892 911 5927 se
928 5879 987 5927 E-
1008 5877 1048 5926 3⁴.
1067 5883 1169 5928 maneat
1185 5879 1244 5927 Β-
1264 5877 1305 5927 32.
1324 5876 1362 5942 aa]
1379 5877 1406 5925 al
1422 5878 1455 5932 Β;
1473 5883 1501 5925 at
1517 5876 1551 5935 E;
1570 5883 1597 5924 ut
1613 5890 1644 5927 oe
1660 5880 1729 5927 Goe-

409 5952 512 6002 renzius
532 5978 558 5989 -
578 5950 619 6000 36.
638 5951 744 6016 quiden]
762 5953 822 6012 qaid
839 5953 867 6000 Β.
