4342 7459
767 1226 836 1289 sn.
859 1227 897 1291 v.
926 1226 1002 1291 or».
1024 1226 1160 1295 u1-v.
1188 1224 1234 1310 §s
1256 1223 1384 1293 7-42.
1679 1222 1740 1293 tro

408 1395 503 1458 missa
529 1394 581 1459 sit.
626 1394 711 1469 Quia
738 1395 848 1469 etiam,
879 1416 950 1459 cum
978 1396 1018 1459 de
1046 1418 1153 1461 rerum
1182 1397 1282 1461 initiis
1311 1399 1462 1480 omnique
1493 1397 1612 1462 mundo
1641 1398 1739 1462 locuti

407 1495 531 1562 essent,
563 1495 598 1550 ut
620 1488 717 1552 multa
739 1510 805 1552 non
827 1489 923 1553 modo
945 1492 1100 1574 probabili
1123 1494 1413 1574 argumentatione,
1436 1492 1492 1556 sed
1514 1494 1609 1556 etiam
1633 1514 1741 1557 neces·

407 1583 491 1645 saria
511 1582 807 1647 mathematicorum
823 1585 946 1648 ratione
962 1584 1205 1659 concluderent,
1228 1586 1397 1650 maximam
1413 1588 1574 1651 materiam
1590 1609 1631 1651 ex
1646 1589 1741 1651 rehus

407 1696 464 1757 per
484 1697 519 1739 se
542 1676 741 1758 investigatis
763 1676 803 1739 ad
822 1698 927 1741 rerum
943 1678 1136 1742 occultarum
1153 1680 1367 1761 cognitionem
1383 1681 1565 1744 attulerunt.
1603 1677 1652 1741 tu.
1670 1683 1742 1744 Per-

406 1776 536 1831 secutus
558 1776 606 1831 cst
628 1770 814 1834 Aristoteles
835 1771 1043 1835 animantium
1060 1774 1201 1837 omnium
1218 1780 1322 1847 ortus,
1346 1773 1463 1849 victus,
1484 1774 1617 1856 figuras,
1640 1776 1764 1838 Theo-⁶

407 1862 556 1943 phrastus
585 1871 691 1926 autem
722 1866 867 1946 stirpium
897 1874 1023 1929 naturas
1046 1867 1253 1949 omniumque
1276 1866 1342 1930 fere
1364 1887 1486 1942 rerum,
1514 1889 1596 1951 quae
1619 1876 1742 1933 eterra

407 1956 628 2038 gignerentur,
656 1978 767 2020 causas
789 1967 885 2041 atquc
907 1961 1062 2033 rationes,
1093 1980 1156 2042 qua
1178 1982 1219 2022 ex
1242 1962 1420 2043 cognitione
1441 1960 1567 2026 facilior
1589 1962 1672 2027 lacta
1694 1969 1742 2026 est

407 2051 610 2134 investigatio
632 2072 736 2115 rerum
760 2053 1055 2116 occultissimarum.
1099 2054 1345 2137 Disserendique
1367 2055 1407 2116 ab
1431 2053 1533 2117 isdem
1556 2076 1621 2119 non
1644 2056 1742 2118 diale-

408 2144 488 2207 ctice
511 2145 632 2219 solum,
655 2146 712 2208 sed
735 2146 828 2226 etiam
847 2147 1001 2219 oratorie,
1024 2156 1192 2229 praecepta
1209 2157 1284 2210 sunt
1300 2148 1430 2221 tradita,
1452 2148 1493 2212 ab
1506 2149 1741 2233 Aristoteleque

408 2238 552 2321 principe
585 2238 624 2330 de
654 2240 787 2322 singulis
818 2240 913 2304 rebus
941 2242 973 2303 in
1005 2249 1171 2323 utramque
1194 2250 1315 2324 partem
1338 2241 1464 2306 dicendi
1487 2243 1672 2306 exercitatio
1694 2250 1779 2306 sna

409 2332 571 2405 instituta,
594 2340 630 2396 ut
652 2353 715 2397 non
731 2342 841 2397 contra
857 2335 964 2397 omnia
979 2354 1120 2416 semper,
1143 2335 1224 2396 sicut
1239 2334 1412 2409 Arcesilas,
1435 2336 1568 2410 diceret,
1590 2345 1624 2400 et
1637 2345 1741 2399 tamen

409 2425 498 2488 utin
520 2427 669 2490 omnibus
691 2427 787 2490 rebus
811 2428 963 2511 quicquid
988 2449 1028 2503 ex
1051 2437 1186 2511 utraque
1208 2437 1297 2511 parte
1320 2429 1383 2491 dici
1405 2437 1515 2513 posset
1534 2437 1741 2513 expromeret.

410 2513 459 2580 ll.
482 2518 562 2581 Cum
584 2529 691 2583 autem
715 2523 807 2585 tertia
829 2542 903 2603 pars
926 2522 1006 2611 hene
1021 2523 1149 2584 vivendi
1172 2511 1340 2606 praec'epta
1355 2530 1537 2605 quaereret,
1560 2542 1599 2585 ea
1614 2543 1742 2606 quoque

408 2618 456 2674 est
477 2612 518 2675 ah
541 2613 644 2677 isdem
666 2635 732 2678 non
754 2615 857 2679 solum
881 2616 921 2678 ad
944 2616 1084 2698 privatae
1105 2616 1187 2678 vitae
1211 2616 1380 2689 rationem,
1403 2615 1458 2679 sed
1473 2618 1568 2680 etiam
1583 2614 1622 2678 ad
1638 2635 1743 2678 rerum

407 2706 607 2788 publicarum
638 2709 812 2774 rectionem
834 2710 942 2772 relata.
986 2709 1136 2772 Omnium
1157 2708 1224 2771 fere
1248 2709 1410 2773 civitatum
1433 2729 1496 2773 uon
1519 2709 1669 2773 Graeciae
1691 2728 1780 2773 sors

407 2797 489 2874 lum,
518 2800 575 2864 aed
598 2803 692 2866 etiam
715 2804 895 2877 har-hariae,
921 2805 961 2866 ah
983 2801 1152 2865 Aristotele
1175 2823 1292 2876 mores,
1321 2803 1481 2878 instituta,
1503 2802 1702 2886 disciplinas,
1723 2822 1743 2865 a

407 2892 629 2977 Theophrasto
653 2896 738 2978 leges
762 2897 857 2959 etiarn
879 2897 1099 2978 cognorimus.
1137 2896 1279 2979 Cumque
1297 2904 1431 2978 uterque
1446 2916 1556 2959 eorum
1570 2896 1743 2969 docuisset,

406 2986 534 3068 qualem
556 2990 591 3051 in
613 3010 648 3052 re
671 2990 799 3073 publica
821 2991 996 3073 principem
1018 3010 1078 3052 csse
1100 2990 1300 3063 conveniret,
1323 2989 1468 3072 pluribus
1490 2997 1652 3072 praeterea
1667 3010 1743 3053 con·

408 3080 605 3162 scripsisset,
628 3085 684 3166 qui
706 3091 791 3147 esset
805 3084 943 3165 optimus
965 3084 1011 3147 rei
1033 3082 1179 3166 publicae
1195 3090 1310 3157 status,
1332 3083 1394 3146 hoc
1409 3082 1544 3166 amplios
1559 3082 1743 3165 Theophra·

408 3180 493 3248 stus,
517 3196 600 3258 quae
623 3185 730 3240 essent
751 3178 783 3240 in
807 3198 840 3239 re
868 3176 993 3259 publica
1014 3197 1119 3240 rerum
1142 3176 1364 3240 inclinationes
1388 3184 1420 3239 et
1440 3183 1599 3239 momenta
1620 3182 1780 3258 tempo-so

407 3288 493 3343 rum,
517 3271 635 3353 quihus
657 3280 741 3334 esset
764 3271 1006 3344 moderandum,
1030 3279 1203 3352 utcumque
1226 3289 1276 3332 res
1297 3269 1483 3352 postularet.
1525 3269 1615 3333 Vitae
1636 3275 1742 3332 autem

407 3361 572 3445 degendae
601 3365 683 3427 ratio
714 3364 850 3428 maxime
878 3363 941 3427 illis
967 3363 1097 3447 quidem
1128 3362 1247 3443 placuit
1269 3363 1392 3445 quieta,
1421 3362 1454 3424 in
1477 3361 1742 3446 contemplatione

407 3464 440 3518 et
461 3456 643 3539 cognitione
665 3458 771 3541 posita
792 3478 913 3530 rerum,
943 3477 1026 3540 quae
1049 3457 1124 3540 quia
1147 3455 1278 3519 deorum
1300 3456 1383 3518 vitae
1407 3462 1474 3519 crat
1496 3454 1671 3529 simillima,
1692 3473 1742 3517 sa·

405 3548 514 3634 piante
536 3552 605 3615 risa
627 3558 678 3616 est
699 3550 894 3633 dignissima.
938 3553 1040 3635 Atque
1068 3550 1118 3612 his
1141 3547 1181 3612 de
1204 3549 1297 3612 rebus
1320 3557 1352 3612 et
1374 3547 1540 3633 splendida
1562 3555 1611 3611 cst
1631 3566 1741 3611 eorum

407 3649 439 3705 et
460 3642 596 3707 illustris
619 3646 731 3708 oratio.
1378 3680 1381 3686 ν
1750 3664 1779 3710 aa

494 3737 530 3800 V.
553 3732 604 3802 ld.
626 3741 673 3803 lle
696 3759 818 3803 summo
841 3746 945 3802 autern
960 3739 1047 3801 hono
1062 3737 1139 3820 quia
1156 3735 1218 3799 duo
1235 3756 1352 3818 genera
1366 3736 1517 3800 librorum
1532 3744 1621 3812 sunt,
1644 3756 1742 3801 unum

314 3861 320 3880 ·
407 3831 609 3915 populariter
640 3833 809 3918 scriptum,
843 3833 931 3917 quod
960 3830 1149 3917 ἐξωτερικόν
1176 3829 1394 3913 appellabant,
1422 3829 1556 3892 alterum
1586 3829 1741 3903 limatius,

407 3926 494 4008 quod
522 3925 556 3988 in
585 3928 820 3991 commentariis
849 3926 1065 4009 reliquerunt,
1094 3944 1159 3988 non
1181 3943 1308 4005 semper
1338 3922 1422 3986 idam
1451 3922 1557 3987 dicere
1584 3921 1742 3998 videntur,

346 4018 355 4031 '
408 4038 468 4083 aec
491 4020 526 4084 in
549 4040 671 4085 summa
693 4029 799 4086 umen
821 4023 892 4106 ipsa
913 4029 970 4085 aut
990 4019 1124 4082 varietas
1146 4026 1195 4080 cst
1217 4016 1281 4080 ulla
1304 4016 1388 4099 apud
1410 4016 1471 4079 hos
1493 4015 1638 4100 quidem,
1660 4035 1742 4099 quos

408 4113 589 4188 nominavi,
610 4122 666 4177 aut
687 4117 770 4179 inter
791 4116 879 4200 ipsos
902 4113 1069 4178 dissensio.
1107 4109 1169 4172 Sed
1185 4131 1255 4172 cum
1274 4110 1367 4173 hesta
1382 4110 1446 4172 vita
1461 4116 1630 4192 quaeratur
1644 4110 1779 4192 idqueao

408 4204 450 4267 sit
472 4226 590 4280 unum,
614 4208 701 4290 quod
724 4209 927 4291 philosophia
948 4216 1091 4291 spectare
1115 4214 1146 4268 et
1168 4204 1259 4287 sequi
1283 4204 1412 4277 dehent,
1434 4203 1516 4266 sitne
1539 4224 1577 4267 ea
1598 4211 1665 4267 tota
1680 4205 1742 4266 sita

408 4298 440 4361 in
472 4309 629 4383 potestate
651 4303 803 4385 sapientis
826 4324 865 4364 an
894 4303 996 4384 possit
1019 4309 1074 4362 aut
1096 4298 1277 4362 labefactari
1299 4306 1352 4360 aut
1374 4297 1452 4380 eripi
1475 4297 1569 4361 rehus
1591 4297 1742 4372 adversis,

409 4393 442 4455 in
465 4415 505 4458 eo
528 4416 592 4458 non
614 4416 787 4478 numquam
811 4396 926 4459 variari
949 4396 1032 4458 inter
1054 4410 1109 4455 cns
1128 4402 1159 4455 et
1175 4392 1311 4454 dubitari
1326 4392 1461 4454 videtur.
1497 4390 1591 4466 Quod
1606 4390 1741 4453 maxime

408 4483 503 4551 elhait
525 4488 737 4572 Theophrasti
762 4490 916 4553 debeata
940 4490 1002 4552 vita
1024 4489 1119 4561 liber,
1150 4488 1181 4548 in
1205 4505 1269 4568 quo
1297 4485 1430 4549 multum
1452 4482 1622 4547 admodum
1644 4482 1742 4547 l'ortu·

409 4599 468 4643 nae
497 4581 600 4645 datur.
646 4582 740 4657 Quod
772 4584 799 4646 si
830 4584 872 4646 ita
894 4604 928 4646 se
950 4581 1080 4655 haheat,
1110 4600 1173 4642 non
1196 4579 1296 4662 possit
1317 4579 1441 4641 beatam
1463 4578 1558 4642 vitam
1580 4584 1778 4660 praeclarens

408 4676 576 4757 sapientia.
620 4677 706 4741 llaec
729 4678 807 4740 mihi
830 4678 955 4741 videtur
977 4675 1157 4746 delicatior,
1181 4681 1215 4736 ut
1237 4674 1281 4735 ita
1303 4671 1423 4745 dicam,
1446 4670 1638 4753 molliorque
1659 4670 1740 4732 ratio

410 4788 505 4851 qaam
527 4770 651 4834 virtrdm
673 4771 722 4832 ris
750 4772 950 4854 gravitasque
980 4768 1129 4853 postulat.
1169 4766 1275 4842 Quare
1299 4772 1463 4828 teneamus
1485 4764 1687 4828 Aristotelem
1710 4771 1742 4826 et

409 4862 479 4926 eius
499 4860 600 4927 filium
622 4864 870 4938 Nicomachum,
894 4864 983 4927 cuius
1005 4870 1151 4926 accurate
1174 4860 1281 4942 scripti
1296 4859 1335 4921 de
1350 4858 1491 4921 moribus
1506 4857 1579 4919 lihri
1594 4857 1742 4920 dicuntur

408 4953 456 5017 illi
478 4954 609 5039 quidem
631 4977 702 5020 esse
723 4958 904 5032 Aristoteli,
927 4957 984 5021 scd
1003 4977 1066 5019 non
1082 4956 1190 5029 video,
1213 4972 1268 5016 cur
1283 4973 1348 5016 non
1362 4952 1502 5035 potuerit
1515 4950 1614 5033 patris
1629 4950 1742 5014 similis

475 5243 499 5292 3.
518 5244 735 5293 mmmmm
753 5245 785 5302 Ε;
805 5247 831 5293 in
847 5246 1065 5295 achademicorum
1082 5245 1101 5292 Β
1123 5271 1148 5279 -
1169 5243 1267 5291 ratione
1283 5252 1336 5288 om.
1351 5240 1372 5288 D
1388 5265 1414 5275 -
1434 5237 1458 5288 l.
1477 5239 1743 5303 Panacatas--ttpa-

409 5330 454 5366 ras
469 5319 570 5368 Nouius
587 5317 726 5369 Marcellus
745 5333 771 5383 p.
790 5320 847 5370 2³2.
866 5347 892 5356 -
913 5322 936 5370 5.
956 5326 990 5371 est
1007 5333 1061 5369 om.
1080 5320 1099 5367 Β
1117 5321 1145 5369 at
1162 5318 1270 5367 Nonius.
1291 5340 1316 5349 -
1335 5316 1440 5377 piparas.
1461 5313 1742 5376 theophrastus-wa·

408 5393 495 5443 tiaass.
515 5395 572 5456 Qua
588 5393 608 5443 0
626 5418 653 5427 -
674 5394 698 5443 6.
717 5407 731 5443 c
748 5407 801 5443 om.
821 5395 840 5443 Β
862 5422 886 5430 -
907 5396 931 5443 7.
950 5410 983 5445 ar
999 5394 1153 5457 cogitacianc
1170 5393 1188 5440 B
1205 5417 1230 5427 -
1251 5391 1274 5440 8.
1293 5390 1393 5449 iusdcm
1410 5389 1443 5446 B3
1463 5390 1552 5439 eudem
1567 5391 1587 5439 0
1602 5416 1628 5426 -
1649 5387 1687 5438 44.
1706 5388 1742 5435 is-

409 5468 465 5516 dess
482 5467 516 5516 B:
535 5468 659 5519 eisdam
674 5495 701 5505 -
720 5470 754 5517 ad
771 5483 856 5519 raram
868 5496 903 5506 --
917 5472 958 5519 sad
974 5468 1148 5520 etiamom.13
1164 5494 1189 5502 -
1211 5467 1250 5516 til.
1265 5478 1315 5514 csse
1327 5464 1369 5513 ed.
1383 5463 1570 5514 Cratandrina:
1590 5476 1643 5513 om.
1663 5460 1741 5511 codd.

413 5568 438 5577 -
459 5542 501 5592 49.
518 5546 647 5592 statsss·-
659 5543 686 5592 in
702 5544 846 5607 republica
864 5558 916 5594 om.
937 5546 955 5594 Β
975 5573 1001 5581 -
1026 5544 1067 5592 ΒΟ.
1086 5556 1172 5592 renam
1189 5541 1361 5590 inclinationes
1378 5540 1410 5588 B:
1434 5539 1605 5590 inclinationes
1620 5551 1707 5587 renna
1723 5537 1743 5585 0

413 5643 439 5653 -
458 5617 500 5666 st,
519 5622 648 5681 etcum
664 5619 713 5669 BE
727 5644 753 5655 -
768 5621 809 5670 22.
829 5621 960 5685 degendae]
977 5619 1106 5682 eligendae
1123 5618 1141 5665 Β
1153 5619 1171 5665 C
1193 5644 1217 5651 -
1238 5616 1286 5664 illis
1303 5616 1401 5677 quidam
1418 5615 1452 5663 B:
1472 5615 1570 5676 quidem
1586 5615 1636 5664 illis
1653 5612 1704 5661 llo
1714 5637 1741 5646 -

409 5692 450 5742 Β.
469 5694 521 5744 siu
535 5698 592 5744 erat
608 5694 642 5743 h:
665 5700 721 5744 nat
738 5698 805 5744 citae
824 5695 877 5744 ΙΙΟ
899 5722 924 5732 -
948 5695 989 5744 28.
1008 5695 1142 5743 intueantur
1159 5693 1177 5741 E
1198 5719 1222 5727 -
1243 5693 1283 5742 30.
1302 5693 1376 5741 dissic
1394 5690 1440 5740 ΒΕ
1461 5718 1487 5727 -
1507 5689 1548 5739 tt.
1565 5685 1744 5750 philosophiam

411 5767 429 5815 Β
450 5793 477 5804 -
496 5767 538 5819 31.
556 5773 602 5819 asst
617 5768 702 5833 labat]
720 5784 755 5820 an
772 5769 845 5831 tahal
862 5770 881 5820 Β
897 5796 923 5806 -
942 5769 983 5819 345.
1002 5770 1080 5817 vitam
1094 5774 1225 5830 praestare
1242 5768 1276 5816 B:
1294 5773 1425 5829 praestare
1446 5765 1525 5813 mtam
1541 5763 1561 5811 0
1583 5789 1607 5796 -
1628 5760 1669 5810 39.
1685 5759 1744 5808 Ari-

409 5842 488 5892 stoteli
509 5843 543 5894 a:
566 5844 704 5896 canuti
726 5846 746 5894 0
765 5870 792 5880 -
816 5846 898 5906 patris
914 5843 1072 5893 Lambinus:
1094 5844 1164 5905 patri
1186 5841 1262 5891 codd.
1283 5845 1310 5891 et
1333 5841 1396 5893 hl0.
1425 5839 1464 5889 Cl.
1484 5840 1538 5888 Cic.
1558 5839 1583 5886 in
1601 5836 1675 5887 Verr.
1696 5835 1742 5894 ΙΙΙ,

410 5915 493 5978 1460
510 5918 538 5968 at
554 5918 612 5970 ldl.
637 5919 669 5983 V,
688 5918 703 5983 8
720 5919 761 5970 30.
780 5921 858 5971 Tusc.
878 5920 897 5980 l,
916 5918 931 5982 5
948 5919 989 5969 84.
1009 5918 1042 5969 de
1060 5918 1134 5968 otte.
1155 5918 1177 5977 Ι,
1197 5917 1212 5981 5
1231 5918 1288 5967 sat.
