4342 7459
442 1259 484 1324 88
731 1259 785 1324 ΒΕ
806 1257 964 1324 FleBUS
986 1257 1185 1326 BONORUM
1205 1258 1258 1323 ET
1279 1257 1480 1324 Maeotim

440 1436 625 1511 contentus,
654 1430 723 1494 sine
751 1429 950 1513 aegritudine
977 1429 1078 1513 possit
1105 1437 1137 1492 et
1162 1428 1231 1492 sine
1260 1433 1346 1492 metu
1373 1427 1490 1493 virere.
1532 1423 1584 1490 45.
1607 1427 1697 1506 Quae
1719 1441 1769 1496 est

438 1526 523 1590 enim
549 1530 605 1588 aut
632 1524 736 1588 utilior
763 1529 818 1587 aut
845 1523 885 1587 ad
907 1524 988 1587 bene
1015 1522 1187 1587 vivendum
1208 1522 1313 1605 aptior
1333 1522 1461 1607 partitio
1484 1543 1581 1606 quam
1601 1524 1674 1602 illa,
1689 1547 1769 1609 <qua
1794 1546 1797 1552 ·

438 1629 487 1684 est
511 1639 587 1684 usus
615 1619 794 1703 Epicurus?
826 1618 881 1702 qui
908 1638 1008 1681 unum
1036 1638 1136 1701 genus
1165 1617 1271 1700 posuit
1299 1637 1411 1683 earum*
1433 1618 1656 1702 cupiditatum,
1683 1639 1767 1704 quae

438 1721 546 1779 essent
566 1721 598 1777 et
617 1713 776 1777 naturales
799 1719 830 1776 et
850 1713 1064 1786 necessariae,
1091 1712 1241 1787 alterum,
1270 1731 1352 1796 quae
1380 1713 1539 1776 naturales
1568 1721 1675 1780 essent
1708 1736 1768 1779 nec

414 1816 543 1872 atamen
563 1807 777 1881 necessariae,
799 1808 942 1882 tertium,
966 1826 1048 1890 quae
1070 1826 1130 1870 nec
1150 1806 1309 1871 naturales
1323 1828 1383 1871 neo
1397 1808 1612 1873 necessariae:
1635 1828 1767 1891 quarum

438 1923 477 1967 ea
504 1902 585 1967 ratio
616 1909 680 1977 est,
707 1907 744 1965 ut
773 1902 968 1965 necessariae
999 1920 1059 1964 nec
1081 1919 1178 1984 opera
1199 1900 1297 1964 multa
1317 1920 1377 1965 nec
1399 1902 1542 1985 impensa
1555 1902 1768 1986 ,expleantur3

437 2017 479 2060 ne
502 1993 661 2061 naturales
684 1993 814 2079 quidem
837 1995 937 2060 multa
958 1994 1158 2071 desiderant,
1179 2004 1349 2079 propterea
1371 1996 1456 2080 quod
1477 1998 1547 2081 ipsa
1561 2003 1673 2066 natura
1687 1996 1769 2062 divi·

437 2091 515 2166 tias,
549 2089 665 2173 quibus
694 2097 841 2154 contenta
870 2089 927 2165 sit,
960 2098 992 2154 et
1021 2089 1180 2172 parabiles
1213 2098 1256 2153 et·
1274 2091 1455 2155 terminatas
1484 2092 1596 2170 habet;
1627 2092 1768 2157 inanium

438 2192 544 2249 autem
566 2183 773 2268 cupiditatum
795 2203 854 2246 nec
874 2182 989 2246 modus
1011 2183 1095 2247 ullus
1117 2204 1177 2248 nce
1197 2183 1272 2248 finis
1293 2185 1428 2249 inveniri
1450 2193 1569 2270 potest.

402 2297 431 2344 so
523 2279 606 2342 xlv.
628 2274 681 2341 46.
711 2276 803 2354 Quod
835 2276 862 2340 si
891 2278 986 2343 vitam
1015 2299 1141 2342 ornnem
1170 2278 1346 2362 perturbari
1372 2280 1517 2344 videmus
1539 2299 1646 2344 errore
1668 2285 1701 2344 et
1721 2280 1770 2345 in-

440 2372 586 2447 scientia,
614 2371 866 2456 sapientiamque
897 2391 967 2435 esse
989 2372 1104 2448 solam,
1137 2393 1221 2457 quae
1242 2391 1302 2438 nos
1322 2394 1343 2437 a
1364 2374 1533 2439 libidinum
1553 2375 1676 2457 impetu
1698 2383 1770 2439 eta

439 2466 643 2531 formidinum
672 2474 792 2530 terrore
819 2464 960 2530 vindicet
985 2476 1018 2531 et
1048 2468 1150 2551 ipsius
1172 2467 1317 2531 fortunae
1339 2469 1462 2533 modice
1483 2468 1565 2532 ferre
1588 2469 1702 2532 doceat
1721 2469 1771 2532 in-

439 2562 537 2625 iurias
560 2568 591 2623 et
612 2561 715 2624 omnis
737 2566 890 2625 monstret
910 2561 989 2635 vias,
1011 2581 1094 2645 quae
1118 2559 1160 2626 ad
1182 2562 1322 2644 quietem
1338 2570 1369 2626 et
1385 2562 1644 2646 tranquillitatem
1658 2564 1771 2639 ferant,

441 2659 519 2742 quid
549 2661 599 2720 est
627 2675 685 2719 cnr
710 2654 890 2719 dubitemus
917 2657 1038 2732 dicere,
1061 2664 1093 2721 et
1114 2657 1301 2740 sapientiam
1323 2665 1454 2741 propter
1474 2657 1652 2742 voluptates
1674 2678 1772 2741 expe·

404 2751 569 2817 attendam
591 2755 624 2814 et
644 2750 859 2833 insipientiam
882 2758 1013 2834 propter
1034 2751 1195 2814 molestias
1211 2770 1281 2814 esse
1295 2749 1499 2833 fugiendam?
1521 2747 1571 2813 47.
1587 2751 1772 2836 Eademque

441 2846 566 2910 ratione
592 2865 634 2907 ne
664 2844 905 2928 temperantiam
927 2845 1056 2928 quidem
1085 2854 1214 2929 propter
1235 2865 1271 2908 se
1293 2845 1505 2927 expetendam
1525 2865 1597 2909 esse
1618 2846 1772 2922 dicemus,

442 2941 499 3005 sed
522 2940 598 3023 quia
619 2958 731 3022 pacem
752 2939 865 3003 animis
887 2940 999 3003 afferat
1021 2947 1053 3003 et
1074 2960 1130 3002 eos
1154 2938 1245 3023 quasi
1269 2937 1438 3001 concordia
1452 2939 1587 3024 quadam
1610 2940 1714 3024 placet
1733 2960 1771 3005 ac

441 3036 549 3099 leniat
585 3032 807 3115 Temperantia
828 3040 876 3095 est
897 3034 996 3108 enim,
1019 3054 1102 3117 quae
1124 3033 1157 3095 in
1180 3032 1273 3095 rebus
1295 3039 1351 3094 aut
1371 3032 1558 3115 expetendis
1576 3042 1631 3096 aut
1646 3033 1772 3117 fngien-

442 3128 490 3191 dis
517 3135 553 3191 ut
580 3127 734 3191 rationem
765 3145 936 3209 sequamur
965 3135 1083 3190 monet.
1124 3129 1190 3189 Nec
1220 3125 1305 3188 enim
1333 3127 1410 3189 satis
1438 3132 1486 3191 est
1511 3127 1667 3204 iudicare,
1695 3129 1771 3210 quid

405 3222 620 3287 ”faciendum
642 3243 706 3287 non
727 3221 948 3286 faciendumve
970 3223 1025 3296 sit,
1049 3221 1104 3286 sed
1128 3228 1210 3284 stare
1233 3221 1326 3284 etiarn
1342 3227 1468 3305 oportet
1489 3222 1523 3284 in
1545 3242 1599 3299 eo,
1622 3223 1708 3307 quod
1731 3224 1773 3287 sit

441 3317 624 3382 iudicatum.
664 3316 813 3400 Plerique
842 3325 962 3392 autem,
998 3315 1083 3400 quod
1114 3324 1222 3379 tenere
1252 3322 1348 3398 atque
1370 3335 1495 3379 servare
1517 3316 1567 3394 id,
1601 3316 1689 3401 quod
1711 3319 1773 3402 ipsi

442 3418 637 3486 statuerunt,
659 3430 723 3475 non
745 3418 895 3493 possunt,
918 3411 993 3475 victi
1015 3418 1047 3474 et
1067 3409 1225 3474 debilitati
1247 3409 1371 3472 obiecta
1393 3411 1498 3492 specie
1519 3411 1688 3495 voluptatis
1711 3420 1774 3476 tra-

443 3506 524 3570 dunt
544 3525 579 3569 se
599 3502 784 3567 libidinibus
807 3503 1069 3586 constringendos
1092 3525 1168 3578 nec,
1198 3504 1275 3588 quid
1298 3511 1483 3567 eventurum
1507 3505 1563 3580 sit,
1593 3505 1772 3588 provident,

443 3601 483 3665 ob
506 3619 640 3683 eamque
662 3616 789 3661 causam
810 3605 941 3680 propter
962 3598 1157 3679 voluptatem
1179 3602 1212 3660 et
1233 3616 1362 3680 parvam
1384 3605 1416 3660 et
1438 3618 1500 3661 non
1517 3601 1725 3663 necessariam
1742 3610 1775 3666 et

405 3709 525 3776 eaquae
547 3692 597 3754 vel
620 3691 713 3754 aliter
734 3699 896 3774 pararetur
926 3699 958 3754 et
980 3711 1044 3774 qua
1066 3692 1160 3755 etiam
1183 3709 1291 3754 carere
1319 3698 1448 3774 possent
1475 3692 1544 3754 sine
1573 3693 1684 3757 dolore
1707 3703 1773 3759 tum

442 3788 475 3848 in
504 3786 630 3850 morbos
661 3786 780 3867 gravis,
813 3793 879 3847 tum
909 3785 943 3847 in
966 3785 1097 3861 damna,
1131 3793 1196 3849 tum
1227 3783 1261 3848 in
1284 3785 1441 3850 dedecora
1464 3787 1641 3860 incurrunt,
1676 3807 1772 3870 saepe

442 3880 536 3943 etiam
562 3878 668 3962 legum
698 3878 952 3960 iudiciorumque
982 3881 1093 3963 poenis
1123 3880 1314 3962 obligantur.
1357 3876 1409 3942 48.
1432 3879 1496 3954 Qui
1518 3887 1624 3944 autem
1646 3882 1689 3945 ita
1710 3882 1773 3946 frui

441 3974 554 4038 volunt
581 3974 815 4057 voluptatibus,
844 3981 879 4036 ut
900 3973 981 4036 nulli
1003 3982 1133 4057 propter
1154 3992 1208 4037 eas
1230 3980 1464 4058 consequantur
1487 3973 1633 4049 dolores,
1663 3977 1773 4060 etqui

442 4087 532 4131 suum
555 4066 708 4133 indicium
728 4072 883 4143 retinent,
905 4088 945 4131 ne
967 4068 1128 4151 voluptate
1150 4068 1224 4132 victi
1247 4069 1364 4131 faciant
1385 4066 1433 4142 id,
1456 4067 1542 4149 quod
1557 4069 1696 4134 sentiant
1710 4091 1774 4135 non

405 4181 514 4229 acesse
541 4160 737 4236 faciendum,
766 4163 789 4225 ii
822 4163 1015 4244 voluptatem
1045 4163 1214 4227 maximam
1247 4161 1466 4246 adipiscuntur
1495 4163 1773 4244 praetermittenda

443 4256 614 4339 voluptate.
655 4255 742 4319 Idem
769 4256 864 4319 etiam
894 4255 1037 4318 dolorem
1060 4276 1155 4338 saepe
1184 4257 1418 4340 perpetiuntur,
1446 4275 1502 4331 ne,
1533 4256 1560 4320 si
1582 4256 1615 4319 id
1637 4278 1702 4321 non
1727 4253 1774 4323 fa-

443 4352 545 4425 ciant,
579 4350 719 4413 incidant
745 4350 778 4412 in
806 4351 972 4413 maioremc
1006 4369 1135 4433 exque
1170 4351 1364 4432 intellegitur
1400 4368 1458 4411 nec
1496 4351 1771 4434 intemperantiam

442 4451 573 4527 propter
593 4463 629 4506 se
651 4464 720 4507 esse
741 4443 926 4526 fugiendam
948 4445 1253 4528 temperantiamque
1275 4444 1505 4527 expetendam,
1529 4463 1595 4507 non
1619 4447 1696 4529 quia
1716 4466 1772 4510 vo·

443 4539 580 4623 luptates
601 4537 718 4621 fugiat,
740 4537 797 4602 sed
820 4538 894 4619 quia
916 4538 1051 4601 maiores
1074 4547 1298 4621 consequatur.

405 4653 434 4700 as
527 4633 595 4697 XV.
624 4628 675 4694 49.
704 4632 823 4695 Eadem
849 4631 1044 4695 fortitudinis
1074 4633 1154 4695 ratio
1176 4634 1359 4715 reperietur.
1402 4634 1481 4695 Nam
1502 4651 1608 4716 neque
1630 4631 1773 4696 laborum

442 4726 620 4810 perfunctio
642 4746 748 4811 neque
769 4725 935 4810 perpessio
958 4725 1105 4789 dolorum
1127 4746 1184 4808 per
1204 4747 1238 4789 se
1254 4727 1323 4808 ipsa
1338 4726 1452 4801 allicit,
1474 4746 1533 4790 nec
1547 4727 1700 4810 patientia
1714 4747 1774 4790 nec

443 4822 611 4886 assiduitas
639 4841 699 4885 nec
719 4820 845 4904 vigiliae
867 4841 927 4884 nec
948 4820 1032 4904 ipsa,
1063 4839 1147 4904 quae
1169 4819 1333 4896 landatur,
1362 4820 1537 4896 industria,
1559 4840 1600 4883 ne
1621 4820 1772 4885 fortitudo

444 4915 588 4999 quidem,
617 4916 674 4980 sed
695 4917 757 4978 ista
778 4915 954 4998 sequimur,
985 4923 1021 4979 ut
1042 4916 1110 4977 sinc
1132 4934 1207 4977 cura
1228 4923 1381 4999 metuque
1404 4916 1546 4980 vivamus
1568 4915 1772 4999 animumque

444 5017 476 5072 et
489 5029 613 5093 corpus,
637 5017 789 5093 quantum
805 5010 931 5074 efficere
947 5011 1118 5094 possimus,
1134 5009 1280 5073 molestia
1296 5009 1475 5073 liberemus.
1510 5009 1549 5072 Ut
1563 5008 1648 5073 enim
1663 5009 1773 5073 mortis

507 5271 533 5321 2.
551 5284 598 5334 que
613 5283 628 5320 e
642 5283 690 5321 sou
705 5265 737 5321 A*
755 5296 782 5307 -
805 5270 829 5321 3.
847 5270 938 5334 posuit]
954 5273 1031 5334 possit
1047 5273 1067 5322 E
1087 5299 1114 5308 -
1138 5270 1163 5323 l.
1182 5277 1205 5322 et
1222 5273 1284 5322 ante
1301 5277 1354 5322 not.
1375 5285 1427 5322 om.
1447 5272 1466 5322 Β
1483 5298 1517 5308 —-
1537 5286 1588 5321 ooo
1604 5272 1723 5322 tomeoB
1743 5297 1771 5306 -

443 5348 483 5398 to.
497 5348 562 5410 Quid
572 5347 593 5396 si
604 5349 634 5398 Α1
647 5372 675 5382 -
694 5344 734 5398 tt.
746 5346 887 5409 uoluptates
896 5350 918 5397 Α
926 5348 958 5396 B:
977 5349 1129 5409 voluptatem
1142 5349 1167 5398 M
1180 5349 1222 5410 (cf.
1237 5350 1325 5398 tamen
1338 5347 1420 5411 praet.
1433 5358 1459 5410 p.
1469 5347 1554 5409 XLlll)
1568 5348 1588 5396 0
1600 5372 1627 5382 -
1647 5347 1688 5396 tr.
1700 5349 1775 5410 offert

442 5424 462 5472 B
477 5449 504 5458 -
523 5421 564 5472 49.
576 5426 604 5471 ut
620 5422 742 5472 rationem
754 5423 817 5472 AB:
838 5427 882 5472 cut
898 5424 1022 5473 rationem
1034 5425 1067 5484 Ε;
1086 5424 1211 5474 rationem
1226 5427 1254 5472 ut
1266 5423 1285 5472 0
1298 5447 1325 5458 -
1345 5423 1531 5471 amocete-
1550 5423 1772 5488 203001009-

442 5516 502 5568 on.
515 5530 540 5579 q.
553 5521 588 5568 et
603 5517 656 5567 sea.
668 5541 697 5554 -
716 5517 757 5566 ss.
775 5517 823 5580 spe
839 5517 902 5568 se:
925 5518 1012 5567 omo
1032 5544 1059 5553 -
1078 5518 1119 5568 se.
1137 5518 1224 5580 oeae]
1241 5496 1289 5579 ³136
1303 5515 1366 5575 nn,
1390 5514 1463 5577 quon
1486 5515 1677 5579 compendium
1694 5515 1773 5578 spese

442 5591 582 5656 significat,
601 5605 654 5644 non
671 5605 739 5654 spem
758 5619 785 5628 -
808 5593 850 5644 29.
868 5593 902 5657 se]
919 5593 940 5641 si
957 5590 987 5642 A¹
1007 5620 1034 5629 -
1052 5591 1094 5643 24.
1112 5607 1162 5642 eon
1179 5605 1233 5643 orn.
1252 5588 1285 5643 A¹
1303 5617 1331 5626 -
1358 5591 1398 5639 25.
1414 5591 1455 5639 oet
1472 5591 1551 5640 etiam
1570 5591 1589 5640 E
1609 5593 1670 5653 (non
1689 5591 1725 5654 ct)
1744 5616 1772 5627 -

442 5669 483 5719 28.
498 5669 581 5719 nullm
596 5669 615 5719 Β
630 5695 657 5705 -
675 5673 860 5732 consequentur
876 5668 972 5718 dotores
982 5669 1016 5717 A:
1034 5673 1219 5732 consequentur
1230 5669 1293 5730 (cm.
1307 5667 1410 5726 mores)
1425 5665 1458 5725 B;
1477 5665 1573 5716 dolores
1589 5673 1775 5731 consequentur

442 5745 542 5796 ΜΟ·
566 5743 947 5794 2⁹.setttcetx13:senctcnt
969 5744 1024 5793 ΜΟ
1049 5769 1076 5778 -
1100 5743 1140 5794 30.
1159 5744 1178 5792 s's'
1195 5741 1238 5793 Ab
1263 5744 1290 5791 io
1306 5743 1373 5799 BE;
1396 5742 1421 5790 lsi
1438 5742 1498 5792 A²0
1517 5765 1545 5777 -
1565 5743 1606 5792 3⁴.
1625 5743 1690 5793 idem
1707 5745 1773 5794 AB:

442 5820 519 5869 tideo
534 5819 589 5870 llo
608 5845 636 5857 -
658 5833 778 5871 nouom.
796 5818 828 5871 l¹
848 5846 875 5857 -
894 5819 935 5870 33.
954 5821 1245 5884 delegendorum:
1268 5819 1515 5882 (comdemesseo
1535 5844 1562 5854 -
1581 5818 1622 5869 37.
1641 5820 1775 5868 assiduitas

442 5896 506 5946 BE:
530 5895 724 5946 mddmmtesd
743 5921 770 5933 -
794 5910 839 5947 nos
855 5897 912 5959 ipso
928 5898 960 5948 B:
985 5896 1088 5958 scipso
1104 5899 1140 5954 A;
1161 5909 1205 5947 osc
1221 5909 1252 5946 eo
1269 5896 1325 5959 ipso
1342 5895 1362 5944 0
1380 5919 1407 5929 -
1427 5894 1468 5944 38.
1486 5895 1593 5961 quiden]
1611 5894 1775 5958 qucsoB-

443 5969 494 6035 aed]
510 5975 533 6020 ct
549 5970 598 6021 BE
615 5995 643 6006 -
663 5968 703 6021 99.
719 5983 850 6036 possumus
865 5972 895 6022 Β.
