4342 7459
675 1232 744 1297 m.
765 1233 806 1296 n.
834 1232 909 1299 cn.
931 1232 1200 1299 xum-mn.
1226 1231 1273 1317 ti
1296 1229 1485 1300 iii-ui.
1684 1231 1746 1300 tea

417 1391 516 1456 Cuius
537 1399 668 1476 propter
687 1392 812 1458 lacrum
835 1415 918 1478 genu

670 1488 879 1571 Vergilias
900 1489 1018 1553 tenni
1041 1511 1125 1554 cnm
1147 1489 1236 1553 luce
1258 1488 1432 1553 videbis.

522 1582 620 1645 lude
643 1582 760 1645 Fides
783 1581 932 1645 leviter
953 1584 1091 1666 posita
1113 1591 1150 1647 et
1171 1602 1352 1647 convexa
1373 1583 1549 1646 videtur.

520 1676 617 1738 lnde
640 1683 700 1738 est
723 1676 807 1739 ales
829 1676 923 1739 Avis
946 1676 1028 1739 lato
1050 1678 1123 1740 suh
1146 1678 1318 1760 tegmine
1340 1677 1456 1741 caeli.

416 1767 517 1852 Capiti
537 1779 643 1833 autem
658 1771 740 1851 Equi
757 1770 902 1852 proxima
916 1778 965 1833 est
978 1771 1109 1856 Aquarii
1124 1771 1234 1834 dextra
1248 1778 1399 1856 totusque
1414 1769 1562 1852 deinceps
1576 1769 1744 1852 Aquarius.
1767 1776 1783 1823 ⁸

521 1865 616 1926 Tum
639 1863 815 1946 gelidum
838 1864 981 1927 valido
1005 1865 1048 1926 de
1069 1872 1235 1946 pectore
1257 1863 1389 1947 irigus
1410 1862 1607 1928 anhelans

522 1957 700 2039 Corpore
724 1957 919 2022 semifero
941 1976 1082 2040 magno
1106 1956 1375 2041 Capricornus
1397 1958 1437 2020 in
1459 1958 1571 2032 orhe,

522 2050 642 2126 Quem
664 2072 749 2115 cum
771 2059 969 2135 perpetuo
992 2050 1156 2113 vestivit
1177 2050 1326 2114 lumine
1348 2051 1480 2125 Titan,

518 2145 693 2209 Brumali
715 2145 887 2210 flectens
909 2151 1153 2226 contorquet
1174 2152 1349 2229 tempore
1372 2164 1533 2208 currum.

415 2234 488 2302 443.
509 2239 592 2302 Hinc
615 2246 722 2303 autem
742 2240 911 2321 aspicitur,

521 2332 569 2396 Ut
589 2353 681 2397 sese
703 2332 927 2396 ostendens
949 2332 1124 2414 emergit
1145 2332 1342 2417 Scorpios
1365 2334 1451 2398 alte

519 2426 760 2491 Posteriora
783 2426 949 2490 trahens
970 2424 1128 2508 plexum
1150 2427 1186 2489 vi
1208 2428 1396 2510 corporis
1417 2447 1568 2504 arcum,

520 2520 640 2595 Quem
663 2528 834 2604 propter
855 2521 995 2584 nitens
1018 2520 1154 2601 pinnis
1176 2521 1428 2585 convolvitur
1448 2521 1553 2593 Ales.

518 2617 566 2677 at
586 2623 746 2700 propter
767 2636 807 2679 se
829 2613 972 2700 Aquila
992 2612 1156 2677 ardenti
1179 2635 1262 2678 cum
1285 2634 1455 2698 corpore
1477 2626 1627 2702 portat.

411 2707 537 2772 Deinde
558 2709 754 2791 Delphinus,
1754 2715 1783 2762 ⁴⁵

517 2803 676 2866 Exinde
699 2802 822 2867 Orion
843 2802 1011 2887 ohliquo
1033 2821 1199 2884 corpore
1221 2802 1369 2878 nitens,

414 2888 487 2958 lll.
508 2915 603 2981 quem
626 2898 823 2980 subsequens

519 2990 712 3054 Fervidus
734 2991 805 3054 ille
829 2991 943 3056 Canis
965 2992 1175 3056 stellarum
1202 2990 1287 3054 luce
1310 2990 1490 3074 refulget

413 3080 487 3146 l‘ost
507 3083 614 3166 Lepus
635 3084 840 3167 subsequitur

521 3175 773 3242 Curriculum
794 3199 1003 3264 numquam
1026 3180 1191 3244 defesso
1213 3198 1377 3263 corpore
1399 3178 1550 3244 sedans.
1751 3185 1781 3234 ²⁰

517 3272 565 3333 At
588 3270 705 3335 Canis
726 3272 773 3335 ad
796 3274 958 3338 caudam
981 3294 1144 3357 serpens
1166 3272 1402 3358 prolabitur
1423 3277 1539 3358 Argo.
1560 3308 1603 3319 -
1623 3308 1666 3323 -

519 3364 627 3428 lianc
647 3366 764 3429 Aries
788 3368 893 3450 tegit
914 3376 953 3432 et
973 3387 1185 3451 squamoso
1207 3386 1377 3450 corpore
1399 3368 1557 3444 Pisces,

518 3458 719 3523 Fluminis
742 3459 910 3524 inlustri
934 3468 1166 3545 tangentem
1188 3480 1361 3546 corpore
1382 3462 1506 3546 ripas.

414 3552 516 3629 Quem
538 3553 633 3636 longe
656 3563 835 3637 serpentem
857 3563 889 3619 et
911 3564 1091 3620 manantem
1112 3556 1247 3639 aspicies

877 3684 920 3695 -
942 3669 1199 3733 proceraque
1220 3649 1369 3713 Vincla
1391 3650 1571 3726 videbis,
1750 3654 1780 3703 ²³

519 3741 625 3818 Quae
647 3743 828 3808 retinent
848 3745 991 3808 Pisces
1013 3743 1222 3809 caudarum
1243 3762 1262 3806 a
1283 3751 1398 3827 purte
1420 3742 1558 3808 locata.
1574 3778 1671 3794 -—

519 3837 615 3900 lnde
636 3838 769 3921 Nepae
792 3857 934 3902 cernes
955 3846 1124 3922 propter
1145 3836 1351 3921 fulgentis
1373 3856 1535 3901 acumen

517 3932 647 4005 Aram,
671 3951 781 4014 quum
803 3931 910 3994 ilatu
931 3933 1155 4018 permulcet
1175 3932 1350 4016 spiritus
1371 3931 1509 3995 austri.

414 4024 611 4108 Propterque
635 4024 810 4089 Centaurus

519 4118 634 4182 Cedit
654 4119 754 4204 Equi
777 4121 903 4203 partis
926 4140 1149 4203 properans
1172 4119 1418 4202 subiungere
1440 4120 1576 4185 chelis.
1750 4124 1779 4171 ³⁰

477 4428 500 4476 4.
519 4425 742 4476 cuiur··oidchis
758 4429 846 4477 omi>
867 4453 893 4461 -
912 4428 983 4476 cuius
997 4432 1102 4489 propter
1118 4426 1219 4476 4444444
1234 4439 1300 4489 qens
1317 4428 1395 4490 (corr.
1414 4425 1473 4477 end.
1492 4440 1528 4478 m.
1548 4442 1581 4480 ex
1597 4431 1681 4480 444444
1696 4444 1742 4495 ps-

410 4513 471 4549 sum
488 4500 518 4560 V)
535 4502 656 4563 4444444444
669 4501 736 4551 CV:
755 4503 826 4551 cuius
840 4508 945 4564 propter
960 4502 1043 4551 tecum
1057 4515 1148 4566 genum
1164 4502 1286 4565 4444444444
1296 4503 1331 4560 Ας
1349 4499 1423 4565 ot(iu
1436 4514 1542 4567 rasura,
1559 4507 1741 4571 superscripto

411 4576 438 4623 et
454 4586 547 4625 rursus
565 4574 652 4624 deleto
669 4576 751 4636 cuius)
771 4582 875 4638 propter
895 4577 997 4627 4444444
1012 4591 1089 4642 penus
1106 4578 1174 4627 omni
1189 4590 1223 4626 44
1237 4581 1312 4638 porte
1327 4577 1424 4628 4444444
1442 4592 1542 4642 paruos
1556 4581 1677 4644 serpillus
1693 4584 1742 4644 tter

406 4659 507 4711 ponor
522 4662 568 4699 uer
585 4651 610 4698 ln
621 4652 749 4713 margine)
767 4652 803 4708 Β;
821 4655 892 4700 cuius
905 4658 1009 4714 proptor
1023 4652 1108 4702 lcitum
1123 4666 1188 4715 geon
1205 4655 1272 4702 moni
1289 4665 1322 4703 cu
1336 4658 1412 4715 parte
1427 4654 1524 4704 4444444
1535 4668 1636 4717 pomae
1651 4669 1742 4721 uerge-
1780 4706 1785 4717 ,

409 4724 458 4773 4444
478 4724 507 4774 Β.
527 4725 678 4789 interpolati
700 4729 761 4776 sunt
782 4728 830 4775 ΒΒ
849 4740 881 4776 ex
898 4729 1001 4778 Arateis
1018 4741 1043 4779 v.
1058 4730 1099 4778 47.
1121 4754 1148 4766 -
1167 4730 1192 4778 4.
1211 4729 1279 4778 tenui
1295 4741 1353 4778 cion
1369 4742 1438 4779 corr.
1458 4743 1490 4780 ex
1507 4729 1586 4779 uouit
1601 4734 1653 4779 tarn
1671 4730 1691 4775 v
1710 4755 1737 4767 -

409 4798 435 4850 Β.
453 4802 541 4850 ieviter
555 4803 638 4863 posito
653 4806 676 4851 et
693 4805 788 4851 Aratea
807 4803 844 4864 (v.
856 4803 909 4863 lii:
926 4804 1010 4866 posito
1026 4803 1115 4852 lauder
1130 4807 1154 4852 et
1170 4800 1193 4854 ti
1211 4804 1245 4860 lin
1257 4805 1278 4852 Α
1290 4806 1313 4852 44
1325 4807 1488 4867 expunctum
1505 4807 1559 4861 est;
1578 4805 1603 4854 ln
1622 4806 1640 4854 B
1658 4805 1740 4869 signis

409 4875 507 4927 additis
528 4877 618 4925 4444444
639 4880 699 4926 anie
720 4879 804 4939 posita
826 4879 1029 4942 transponitur),
1055 4879 1139 4939 posito
1160 4882 1183 4927 44
1203 4878 1292 4928 lecim
1312 4878 1346 4936 0;
1373 4878 1460 4927 4444444
1472 4880 1557 4940 positu
1578 4877 1688 4931 Orellius
1705 4879 1740 4931 ad

409 4952 520 5006 Atatem
536 4952 620 5012 positu
632 4952 719 5001 ociter
735 4951 946 5003 Schoemannus.
969 4951 1008 5003 Ci.
1027 4953 1060 5002 44.
1075 4954 1162 5017 llaupt
1179 4952 1213 5003 ad
1230 4951 1304 5002 Ovid.
1324 4951 1435 5003 Halieut.
1455 4966 1481 5017 p.
1494 4952 1558 5003 xix.
1579 4979 1607 4990 -
1626 4967 1741 5005 44444444

409 5025 548 5077 ABCPV:
567 5040 682 5077 4444444
694 5028 727 5081 Β;
746 5041 866 5077 cuonem
878 5028 1000 5078 Bouhier.
1020 5052 1048 5063 -
1068 5029 1092 5077 5.
1106 5031 1181 5089 nequi
1198 5030 1219 5077 Α
1239 5054 1266 5063 -
1282 5028 1405 5089 prosimu
1416 5031 1453 5077 ert
1464 5025 1591 5077 Klotzius:
1607 5030 1741 5090 prooeimct

409 5096 446 5159 13
463 5101 614 5163 procimco
628 5127 654 5137 -
668 5104 843 5163 cquariABC
859 5129 885 5139 ·-
900 5103 924 5153 7.
935 5103 1155 5165 Corpore--orhc
1167 5104 1317 5153 Priscianus
1327 5103 1368 5163 Vl,
1379 5101 1404 5161 4,
1415 5102 1456 5152 40.
1469 5127 1496 5139 -
1514 5103 1555 5152 40.
1567 5102 1740 5155 hicBCEPV

410 5201 438 5211 -
452 5182 537 5226 444444
548 5177 669 5238 aspicitur
679 5178 705 5227 in
719 5179 737 5227 B
750 5191 826 5227 erasa
838 5181 909 5229 sunt.
923 5205 949 5216 -
970 5180 1010 5227 tt.
1023 5183 1052 5227 nt
1062 5191 1115 5228 om.
1126 5176 1158 5228 u.
1172 5176 1211 5227 Cl.
1222 5180 1316 5227 Aratea
1330 5188 1356 5225 v.
1367 5176 1408 5226 77.
1423 5202 1450 5212 -
1469 5178 1579 5239 scorpios
1589 5175 1654 5227 av¹:
1674 5192 1741 5229 scor·

406 5250 479 5313 phiec
490 5251 523 5305 Β;
536 5254 647 5314 uomitu
659 5254 741 5303 CEV²
752 5281 778 5290 -
799 5254 837 5303 44.
849 5254 953 5317 piscino
966 5252 1105 5315 (litteraep
1119 5265 1154 5301 m.
1168 5265 1223 5302 sec.
1237 5251 1372 5316 superscr.
1382 5252 1405 5313 s)
1418 5252 1465 5302 ΑΒ
1480 5280 1508 5290 -
1526 5252 1566 5302 te.
1576 5254 1696 5315 poentio
1712 5279 1737 5291 -

409 5326 450 5377 44.
463 5330 492 5375 ct
503 5339 637 5391 superscr.
652 5329 677 5377 in
690 5330 708 5377 Β
723 5355 750 5364 -
764 5328 910 5391 aquilomv
925 5353 950 5365 -
972 5329 1011 5378 46.
1025 5328 1134 5378 ohlicoC
1155 5354 1183 5363 -
1202 5328 1242 5379 48.
1255 5327 1305 5392 iile]
1317 5327 1403 5376 indoli
1423 5352 1450 5364 -·
1473 5327 1513 5377 49.
1532 5326 1689 5390 misequitur
1700 5326 1738 5380 ii:

408 5402 553 5465 scqoitsro
572 5427 599 5438 -
622 5404 662 5452 20.
681 5406 748 5454 Ante
766 5404 836 5454 huuc
853 5416 963 5454 versum
981 5402 1110 5453 excidisse
1129 5400 1261 5465 quaedem
1274 5399 1410 5459 videntur,
1430 5414 1493 5451 cum
1505 5402 1531 5451 in
1542 5403 1645 5452 Arateis
1656 5402 1740 5453 verba

408 5477 565 5527 4444444444
576 5504 612 5514 -·
624 5479 711 5528 sednon
728 5492 781 5529 non
798 5480 832 5528 ad
849 5480 994 5544 Leporem,
1016 5478 1065 5530 sed
1082 5477 1116 5527 ed
1134 5478 1250 5535 Canem,
1269 5476 1314 5540 qui
1332 5477 1462 5540 Leporem
1480 5475 1636 5538 insequitur,
1658 5476 1741 5540 perti·

409 5554 500 5601 neant.
522 5579 549 5588 -
567 5552 608 5603 44.
627 5552 666 5616 At]
684 5554 719 5602 od
735 5555 772 5610 Ας
797 5567 828 5603 nc
844 5554 864 5603 Β
884 5581 910 5591 -
930 5555 1001 5603 lnior
1018 5564 1060 5602 vv.
1074 5552 1103 5601 44
1124 5554 1151 5601 44
1167 5552 1199 5601 44
1217 5552 1316 5601 omissa
1333 5552 1396 5601 sunt
1412 5562 1480 5614 quae
1499 5549 1533 5599 de
1551 5549 1659 5599 Pistrice
1676 5548 1742 5600 dixit

410 5627 521 5689 Aratus,
540 5627 574 5677 ad
593 5641 673 5691 quam
691 5629 804 5679 retertur
820 5642 968 5693 pronomen
985 5628 1058 5678 hooc.
1073 5654 1101 5665 -
1120 5627 1161 5676 44.
1177 5627 1254 5688 pixis
1269 5628 1289 5676 i>
1302 5651 1329 5662 —
1346 5626 1387 5676 43.
1406 5629 1547 5689 4444444444
1563 5636 1632 5675 corr.
1644 5626 1671 5675 in
1682 5630 1742 5674 toc-

410 5706 509 5765 pontu,
533 5705 589 5752 tum
612 5716 704 5754 rursus
727 5704 753 5754 in
774 5699 890 5767 tcopcoti
909 5703 928 5753 B
949 5730 975 5739 -
999 5716 1105 5765 corpore
1121 5699 1160 5752 u:
1179 5700 1316 5764 pretereo
1336 5727 1363 5738 -
1387 5698 1427 5750 44.
1447 5712 1523 5762 qnam
1539 5698 1633 5761 (erasis
1651 5698 1740 5750 verbis

411 5782 547 5839 oerpcntcm
567 5783 590 5827 44
611 5779 766 5842 mnemon)
784 5780 921 5841 uspicierB
942 5804 969 5815 -
991 5778 1032 5827 47.
1050 5790 1112 5839 nepe
1133 5776 1183 5825 AC
1204 5801 1231 5812 -
1251 5774 1368 5839 [44444444
1389 5785 1510 5823 corner
1530 5771 1692 5836 [mantica
1712 5798 1739 5809 -

412 5848 454 5900 49.
469 5856 574 5914 propter
590 5866 655 5918 quus
672 5855 691 5903 Β
711 5879 737 5889 -
757 5854 798 5904 30.
815 5853 963 5917 &cogere
977 5866 1047 5903 corr.
1061 5864 1094 5901 ex
1110 5851 1239 5915 sublapsus
1255 5852 1291 5910 Al
1314 5848 1472 5911 4444444444
1487 5850 1548 5898 Ρ-
1561 5845 1634 5897 444444
1650 5847 1742 5912 (supra

414 5929 530 5989 versum)
548 5926 585 5977 B:
606 5930 666 5978 cetis
682 5927 806 5988 AEPV;
824 5927 884 5999 cqtis
900 5927 929 5977 C.

459 6015 550 6065 &cuno
570 6018 595 6066 τ.
611 6017 651 6068 lv.
1443 6014 1485 6084 28
