4342 7459
438 1264 500 1330 ela
896 1234 901 1260 '
937 1266 991 1328 nn
1012 1263 1281 1328 nivrulnoun

440 1428 503 1491 alia
525 1428 557 1492 iu
579 1426 751 1490 furentium
774 1425 914 1488 vocibus.
951 1426 997 1486 Ea
1019 1424 1136 1507 quibus
1158 1424 1240 1487 bene
1262 1428 1413 1507 percepta
1435 1429 1518 1498 snut,
1540 1424 1564 1487 ii
1585 1443 1652 1487 non
1673 1442 1771 1507 saepe

439 1520 602 1583 i'ailuntur.
645 1519 728 1582 liaie
758 1518 902 1581 coniecta
931 1518 1078 1600 maleque
1106 1518 1312 1599 interpretata
1340 1517 1421 1580 falsa
1449 1525 1543 1593 sunt,
1574 1536 1641 1580 non
1666 1534 1771 1596 renim

440 1614 536 1688 vitiu,
570 1612 626 1676 sed
656 1614 865 1694 interpretum
894 1612 1073 1675 inscientia.
1117 1610 1186 1673 linc
1215 1618 1321 1674 autem
1349 1612 1453 1694 posito
1481 1619 1578 1696 atque
1609 1627 1772 1687 concesso,

440 1729 511 1772 esse
541 1708 701 1792 quandam
728 1707 793 1769 vim
821 1704 960 1768 divinam
983 1706 1148 1768 bominum
1171 1706 1267 1767 vitam
1290 1706 1525 1781 continentem,
1554 1725 1619 1770 non
1641 1705 1772 1770 diiiiciie

417 1810 497 1875 aest,
520 1822 602 1886 quae
625 1798 692 1863 beri
714 1808 800 1862 certe
821 1798 981 1874 videmus,
1004 1820 1041 1862 ea
1064 1817 1128 1880 qua
1150 1798 1272 1861 ratione
1295 1795 1371 1861 fiant
1392 1798 1557 1881 suspicari.
1590 1801 1669 1862 liam
1686 1808 1718 1864 et
1732 1800 1772 1863 ed

439 1898 573 1960 hostiam
596 1893 786 1977 diligendam
810 1900 916 1976 potest
938 1892 1004 1955 dux
1026 1913 1096 1956 esse
1120 1894 1166 1956 vis
1189 1891 1344 1976 quaedam
1368 1894 1518 1967 sentiens,
1541 1911 1625 1977 quae
1640 1901 1773 1958 esttoto

439 1988 569 2053 confusa
593 1986 727 2061 mundo,
750 1995 782 2049 et
803 1996 868 2049 tum
891 1988 994 2071 ipsum
1017 2007 1088 2050 cum
1111 1987 1275 2049 immolare
1298 1986 1388 2060 velis,
1411 1993 1556 2049 extorum
1579 1986 1650 2051 lieri
1671 1996 1775 2051 muta·

439 2084 485 2148 tio
508 2089 621 2166 potest,
643 2090 680 2144 ut
700 2089 756 2143 aut
776 2080 859 2142 absit
880 2079 999 2163 aliquid
1019 2088 1074 2142 aut
1092 2082 1246 2162 supersit3
1271 2081 1376 2164 parvis
1392 2080 1476 2144 enim
1492 2082 1661 2144 momentis
1676 2081 1776 2146 multe

439 2186 551 2240 natura
571 2183 626 2239 aut
648 2171 779 2256 adfingit
799 2182 854 2236 aut
875 2181 976 2237 mutat
996 2183 1052 2236 aut
1073 2175 1220 2237 detrahit.
1257 2172 1329 2238 llo.
1353 2175 1448 2251 Quod
1471 2195 1510 2237 ne
1533 2174 1678 2239 dubitare
1700 2194 1776 2259 pos·

401 2272 554 2342 sosimus,
579 2269 717 2331 maximo
739 2275 788 2330 est
811 2276 996 2350 argumento
1020 2268 1106 2349 quod
1130 2269 1225 2351 paulo
1247 2279 1322 2332 ante
1346 2270 1508 2332 interitum
1532 2269 1677 2333 Caesaris
1699 2289 1776 2333 con·

440 2364 519 2446 tigit.
557 2363 622 2437 Qui
645 2382 717 2426 cum
740 2360 918 2423 immolaret
939 2361 994 2424 iiio
1016 2363 1083 2436 die,
1110 2381 1174 2443 quo
1198 2363 1333 2444 primurn
1360 2364 1393 2426 in
1419 2363 1498 2426 sella
1519 2382 1616 2427 aurea
1639 2363 1723 2427 sedit
1744 2372 1777 2427 et

439 2478 511 2522 cum
533 2476 693 2541 purpurea
715 2463 803 2517 veste
826 2456 995 2537 processit,
1017 2455 1050 2517 in
1074 2457 1155 2518 extis
1177 2457 1266 2519 bovis
1290 2458 1389 2541 opimi
1414 2477 1469 2520 cor
1492 2456 1648 2521 nonfuit.
1691 2459 1775 2522 Num

439 2552 536 2636 igitur
563 2570 674 2615 censes
704 2549 802 2613 ullum
832 2549 968 2622 animal,
1002 2549 1087 2632 quod
1118 2551 1303 2633 sanguinem
1326 2552 1459 2626 habeat,
1493 2551 1562 2614 sine
1584 2551 1682 2615 corde
1702 2570 1774 2615 esse

439 2649 559 2731 posset
593 2643 662 2718 Qua
684 2644 738 2706 iiie
760 2645 806 2706 rei
827 2644 967 2705 novitate
989 2642 1164 2725 perculsus,
1187 2665 1257 2708 cum
1273 2647 1433 2728 Spurinna
1455 2646 1576 2709 diceret
1597 2645 1774 2709 timendum

402 2754 510 2803 lecese
532 2760 572 2802 ne
595 2746 627 2801 et
649 2737 818 2800 consilium
848 2743 880 2798 et
909 2736 973 2799 rita
999 2737 1166 2812 deiiceret;
1197 2759 1305 2802 earum
1329 2740 1414 2803 enirn
1437 2760 1543 2802 rerum
1566 2748 1734 2823 utramque
1755 2759 1774 2802 a

439 2833 536 2898 corde
559 2828 768 2915 proficisci**.
800 2831 930 2893 Postero
947 2830 1000 2894 die
1016 2838 1111 2914 caput
1127 2832 1158 2893 in
1174 2833 1279 2896 iecore
1295 2834 1442 2896 nonfuit.
1473 2832 1564 2908 Quae
1578 2832 1708 2917 quidem
1724 2832 1773 2895 illi

439 2925 709 3012 portendebantur
731 2944 750 2986 a
773 2924 822 2986 dis
844 2924 1085 2999 immortalibus,
1109 2933 1143 2988 ut
1166 2926 1288 2989 videret
1308 2928 1486 3001 interitum,
1508 2947 1573 2989 non
1589 2934 1773 2990 utcaveret

441 3022 519 3086 Cum
543 3022 638 3103 igitur
661 3038 717 3081 eae
740 3026 845 3099 partes
868 3018 900 3079 in
924 3019 1006 3081 extis
1030 3039 1094 3081 non
1117 3021 1328 3102 reperiuntur,
1350 3021 1419 3083 sine
1435 3021 1551 3102 quibus
1567 3020 1704 3083 victuma
1719 3020 1775 3084 illa

439 3116 546 3179 vivere
568 3114 748 3195 nequisset,
777 3110 1028 3193 intellegendum
1058 3120 1107 3176 cst
1133 3113 1166 3175 in
1197 3114 1265 3196 ipso
1296 3114 1522 3177 immolationis
1551 3121 1696 3197 tempore
1719 3131 1773 3176 eas

401 3218 561 3294 iopartes,
596 3224 678 3290 quae
706 3205 827 3277 absint,
860 3205 1016 3267 interisse.
1072 3206 1150 3269 Llil.
1181 3204 1252 3269 lali.
1275 3207 1460 3292 Eademque
1490 3204 1586 3270 efficit
1606 3207 1638 3269 in
1661 3206 1772 3268 avibus

440 3304 547 3366 divina
570 3319 674 3373 mens,
700 3307 736 3361 ut
757 3308 823 3361 tum
847 3296 925 3370 huc,
951 3307 1016 3360 tum
1039 3299 1116 3363 illuc
1138 3299 1245 3365 volent
1265 3300 1376 3375 alites,
1403 3309 1468 3365 tum
1491 3301 1524 3363 in
1548 3301 1624 3374 bac,
1651 3299 1772 3362 lumin

439 3399 496 3462 iila
519 3405 607 3481 parte
629 3413 664 3456 se
686 3392 858 3466 occultent,
881 3398 946 3454 tum
965 3411 984 3454 a
1002 3392 1129 3461 dextra,
1147 3402 1210 3457 tum
1228 3396 1388 3458 asinistra
1403 3404 1491 3478 parte
1506 3403 1621 3457 canant
1636 3394 1771 3457 oscines.

439 3496 518 3557 llam
541 3491 567 3554 si
589 3486 705 3552 animal
729 3505 833 3558 omne,
855 3494 890 3547 ut
911 3483 992 3559 ruit,
1012 3487 1055 3548 ita
1076 3488 1177 3550 utitur
1198 3498 1286 3551 motu
1308 3490 1356 3551 sui
1380 3489 1538 3572 corporis,
1561 3507 1671 3570 prono,
1693 3487 1773 3549 obii·

440 3607 522 3669 quo,
552 3584 683 3664 supino,
714 3580 919 3660 membraque
942 3598 1147 3663 quocumque
1169 3582 1237 3643 vult
1259 3583 1373 3655 flectit,
1401 3590 1604 3663 contorquet,
1626 3582 1772 3663 porrigit,

400 3678 610 3750 recontrabit,
634 3692 735 3756 eaque
759 3682 829 3735 ante
852 3670 951 3734 eiiicit
973 3692 1072 3757 paene
1096 3692 1190 3755 quarn
1213 3677 1346 3758 cogitat:
1369 3684 1489 3759 quanto
1510 3675 1540 3737 id
1557 3673 1618 3735 deo
1633 3673 1772 3737 estiaci·

440 3774 519 3844 lius,
547 3770 637 3833 cuius
659 3767 780 3829 numini
804 3773 916 3849 parent
939 3767 1069 3828 omnia‘i
1122 3763 1194 3830 lul.
1227 3769 1378 3851 idemque
1401 3771 1495 3831 mittit
1516 3775 1548 3831 et
1569 3768 1658 3850 signa
1679 3767 1770 3830 nobis

440 3871 509 3929 eius
536 3862 681 3947 generis,
717 3860 824 3943 qualia
853 3859 1011 3941 permulta
1040 3859 1172 3922 historia
1203 3862 1352 3937 tradidit,
1386 3863 1480 3945 quale
1510 3863 1662 3944 scriptum
1692 3859 1770 3924 iilud

440 3959 599 4022 videmus:
622 3956 648 4018 si
671 3955 747 4016 iuna
769 3953 864 4036 paulo
887 3963 960 4016 ante
983 3954 1060 4015 solis
1082 3964 1183 4017 ortum
1208 3956 1375 4021 deiecisset
1396 3958 1429 4020 in
1446 3957 1537 4038 signo
1554 3956 1680 4028 Leonis,
1701 3954 1770 4019 iore

439 4060 475 4116 ut
496 4052 591 4115 aruris
613 4051 735 4111 Dareus
758 4058 790 4109 et
811 4049 925 4110 Persae
954 4049 994 4109 ab
1017 4048 1196 4111 Alexandro
1220 4059 1251 4111 el
1274 4051 1497 4114 Macedonibus
1525 4046 1673 4135 [proelio]
1705 4053 1772 4114 cin·

401 4156 588 4210 nocerentur
610 4145 795 4223 Dareusque
819 4151 1006 4214 moreretur,
1035 4151 1082 4214 et,
1113 4145 1137 4203 si
1163 4145 1267 4225 puella
1291 4154 1362 4207 nata
1385 4146 1492 4228 biceps
1515 4153 1616 4218 esset,
1642 4144 1771 4208 seditio·

439 4242 566 4305 nemin
590 4236 707 4322 populo
731 4236 814 4308 iore,
837 4237 1046 4317 corruptelam
1070 4243 1102 4297 et
1125 4237 1312 4300 adulterium
1337 4240 1434 4311 domi,
1457 4249 1497 4311 et,
1521 4239 1546 4300 si
1570 4240 1685 4301 mulier
1708 4241 1772 4302 ieo-

439 4356 512 4399 nem
536 4334 698 4418 peperisse
721 4332 787 4391 visa
811 4339 908 4401 esset,
937 4330 1005 4391 iore
1029 4340 1063 4392 ut
1085 4332 1124 4393 ab
1148 4334 1264 4394 exteris
1289 4335 1434 4413 gentibus
1458 4334 1635 4395 vinceretur
1662 4354 1699 4396 ea
1722 4352 1771 4396 res

440 4431 583 4514 publica,
615 4428 646 4488 in
670 4445 730 4507 qua
754 4426 784 4487 id
809 4425 1004 4505 contigisset.
1048 4426 1197 4487 Eiusdem
1222 4427 1347 4507 generis
1370 4428 1463 4488 etiarn
1487 4427 1566 4488 iilud
1589 4436 1655 4502 est,
1684 4427 1772 4510 quod

440 4525 548 4588 scribit
569 4522 747 4583 Herodotus
771 4519 878 4582 Croesi
903 4518 1016 4590 lilium,
1040 4539 1111 4580 cnm
1135 4528 1218 4580 esset
1240 4520 1353 4592 inians,
1376 4521 1533 4594 locutum;
1556 4541 1621 4603 quo
1644 4531 1770 4584 ostento

401 4638 571 4699 aaregrrum
595 4615 690 4698 patris
714 4622 745 4674 et
768 4613 896 4674 domum
912 4613 1055 4673 funditus
1071 4613 1256 4674 concidisse.
1297 4614 1394 4695 Caput
1409 4615 1524 4677 arsisse
1541 4616 1649 4677 Servio
1665 4616 1770 4679 Tullio

441 4709 621 4783 dormienti,
649 4727 730 4792 quae
758 4708 891 4770 historia
919 4727 984 4768 non
1015 4706 1180 4788 prodidit?
1225 4706 1264 4769 Ut
1293 4708 1388 4789 igitur
1418 4709 1471 4790 qui
1494 4728 1528 4770 se
1551 4710 1647 4771 tradit
1671 4710 1770 4793 quieti

507 4999 531 5047 t.
549 4996 651 5045 coelom
665 4995 802 5052 lucentium
819 4994 841 5044 H
861 5020 888 5029 -
907 5007 920 5043 e
936 4994 1024 5053 quibus
1043 4996 1073 5053 Η,
1092 5008 1122 5043 ea
1139 5007 1156 5043 u
1173 4995 1262 5054 quibus
1279 4994 1353 5045 llelm
1374 5022 1401 5031 -
1420 4996 1445 5044 ll
1462 4996 1519 5054 BV,
1538 4996 1573 5045 ill
1590 4997 1621 5056 ll,
1639 5011 1693 5049 om.
1707 5002 1728 5049 Α
1743 5028 1769 5038 -

440 5075 464 5125 3.
482 5070 755 5134 interprnelnntiumll
783 5095 810 5104 -
837 5070 968 5118 inscissilis
990 5071 1023 5119 C:
1052 5073 1156 5119 inscitia
1177 5071 1196 5119 0
1227 5097 1253 5105 -
1285 5070 1309 5120 l.
1334 5071 1434 5132 difflaite
1454 5085 1505 5120 esse
1528 5086 1592 5132 quus
1613 5074 1706 5136 silleri
1723 5088 1772 5127 esse

439 5150 552 5197 uidemus
570 5148 590 5195 Η
612 5172 637 5181 -
657 5147 681 5194 o.
701 5150 845 5205 coqueret.
867 5146 887 5193 ll
907 5172 933 5180 -
954 5146 988 5192 nd
1005 5158 1058 5193 orn.
1080 5147 1099 5194 ll
1121 5171 1147 5180 -
1175 5146 1199 5195 ti.
1219 5146 1370 5209 diligendum
1388 5146 1453 5194 liii:
1472 5147 1628 5209 deliquentem
1645 5150 1724 5201 BVO
1744 5178 1770 5189 -

440 5227 465 5276 i.
483 5226 565 5286 ipsum
582 5222 614 5272 C:
634 5223 715 5283 ipram
732 5222 767 5276 0;
787 5227 839 5268 lum
856 5233 912 5268 cum
929 5221 1009 5282 ipsum
1027 5220 1120 5270 Lamb.
1142 5248 1168 5257 -
1192 5221 1217 5271 8.
1236 5230 1264 5269 ul
1281 5221 1344 5270 absit
1362 5221 1383 5270 H
1401 5248 1433 5258 —
1452 5222 1490 5271 i3.
1509 5223 1589 5271 oiim
1606 5222 1645 5283 Ψ,
1663 5225 1734 5274 ilium
1751 5226 1772 5277 il

443 5326 470 5337 -
490 5299 560 5348 iubet
579 5298 598 5347 ii
620 5323 645 5332 -
672 5296 711 5345 lt.
730 5297 767 5344 rei
786 5296 816 5353 B,
835 5296 882 5344 sed
902 5311 910 5343 s
927 5297 952 5344 in
972 5309 1024 5345 ras.
1046 5324 1072 5332 -
1095 5296 1226 5358 perculsus
1243 5298 1277 5346 C:
1296 5310 1427 5358 percuteres
1445 5297 1547 5346 Ernesti
1565 5300 1592 5346 et
1609 5299 1643 5355 0:
1663 5313 1715 5364 quc
1730 5302 1773 5351 iilo

442 5378 481 5427 rei
495 5377 574 5428 nouit.
590 5371 703 5435 perculso
722 5372 854 5426 Davisius,
878 5384 929 5433 quo
946 5373 983 5419 rei
999 5374 1079 5422 novit.
1096 5374 1225 5434 perculsus
1242 5373 1388 5434 llotlinger‚
1413 5385 1465 5436 qua
1481 5374 1526 5422 iiic
1542 5386 1571 5422 re
1586 5387 1655 5422 cova
1671 5389 1721 5425 eon
1736 5379 1774 5427 ita

443 5457 477 5502 est
492 5449 621 5513 peccabas
637 5449 739 5506 iioser,
764 5460 815 5508 qao
830 5448 871 5496 ilie
887 5449 924 5495 ret
940 5448 1017 5496 uouit.
1037 5462 1086 5496 aon
1103 5450 1232 5508 perculsus
1251 5448 1388 5506 i'oertsob,
1408 5450 1470 5497 item
1491 5448 1574 5509 lliotz,
1599 5450 1647 5499 sed
1665 5452 1774 5502 hicnon

442 5533 478 5578 eet
494 5538 560 5587 perc.
577 5551 604 5561 -
626 5526 663 5571 ln.
682 5525 737 5572 aila
754 5524 860 5583 elpram
878 5522 907 5570 v¹
921 5549 947 5557 -
967 5537 1052 5572 rerum
1070 5523 1157 5573 om.0
1175 5536 1317 5587 operarum
1337 5536 1428 5572 errore
1446 5551 1470 5559 -
1490 5528 1625 5587 utramque
1637 5527 1655 5575 Α
1666 5525 1757 5577 B¹li²i¹

440 5607 576 5661 umorque
593 5595 675 5647 ii¹li¹0
693 5624 721 5633 -
742 5600 780 5648 ll.
800 5605 827 5647 ul
844 5600 939 5647 uideret
955 5600 1082 5647 interilum
1100 5612 1153 5648 orn.
1172 5599 1193 5646 V
1213 5626 1239 5634 -
1267 5600 1305 5648 lli.
1324 5601 1376 5660 ene]
1395 5612 1446 5648 esse
1463 5594 1494 5648 ll¹
1512 5625 1539 5635 -
1558 5604 1773 5661 repperiunt-ri

444 5704 471 5714 -
490 5681 602 5724 stateem
618 5675 716 5723 l¹ltvz
734 5674 839 5722 uictima
852 5672 935 5723 i²ll0
954 5699 980 5708 -
1001 5675 1042 5722 ao.
1055 5676 1213 5724 iuterrtsseA
1230 5701 1252 5709 -
1274 5675 1316 5722 tl.
1328 5676 1408 5723 uetant
1421 5674 1451 5721 li¹
1464 5700 1490 5709 -
1510 5674 1551 5723 ἢ.
1565 5677 1692 5726 occultunt
1704 5679 1770 5725 Vl·-

1765 5552 1771 5563 ο

1765 5574 1771 5586 0

327 5756 331 5763 '
440 5756 583 5813 purteom.
605 5749 917 5807 ll,ulltall1volult-
941 5750 1141 5800 insciueaABV
1161 5776 1184 5784 -
1214 5749 1254 5799 23.
1274 5752 1312 5798 sai
1330 5763 1388 5813 sup.
1409 5749 1443 5800 lin
1471 5752 1539 5799 Α-
1563 5751 1603 5801 25.
1623 5754 1723 5814 eltciti
1744 5777 1771 5789 -

443 5827 483 5877 28.
502 5825 657 5887 palliolum
677 5825 733 5873 B-
755 5826 853 5872 marsei
872 5825 933 5873 li-
953 5825 994 5874 29.
1008 5828 1088 5874 annis
1104 5824 1209 5885 orello,
1224 5825 1321 5887 proelio
1339 5826 1442 5875 Davisio
1460 5824 1604 5875 delendum
1623 5826 1770 5886 videbatur,

443 5902 537 5951 Arbelis
554 5900 679 5952 Foertscb
699 5925 725 5934 -
744 5902 833 5949 durius
851 5898 934 5949 B²ii0
951 5926 984 5936 -
1000 5900 1032 5949 30
1060 5902 1197 5963 mnusque
1214 5900 1298 5951 lello
1318 5928 1343 5936 —
1364 5900 1486 5959 bicebsli,
1504 5901 1599 5950 bicerll
1613 5927 1638 5937 -
1659 5902 1698 5953 35.
1712 5916 1772 5952 con·

444 5978 541 6027 misael
556 5979 577 6028 ll
590 6003 617 6013 -
637 5976 678 6027 36.
696 5977 775 6026 tradit
791 5977 868 6038 quieti
883 5976 989 6041 scripsi:
1009 5977 1092 6025 tradet
1107 5978 1145 6026 itu
1162 5977 1238 6041 quieti
1254 5977 1289 6038 C,
1307 5977 1390 6026 trudet
1406 5978 1483 6039 quieti
1500 5974 1578 6028 codd.
1591 5975 1656 6027 dett.
1670 5980 1697 6027 et
1708 5977 1738 6027 0.
