4342 7459
455 1230 497 1300 94
737 1233 791 1305 ΒΕ
812 1233 970 1302 uulnus
992 1231 1191 1303 BONORUM
1210 1231 1264 1307 ΕΤ
1283 1233 1486 1307 ‘umatum

453 1402 600 1467 dolemus
620 1402 802 1485 angoribus.
838 1399 889 1465 68.
912 1402 1069 1478 Quocirca
1090 1403 1203 1469 eodem
1224 1404 1320 1469 modo
1343 1403 1468 1488 sapiens
1482 1404 1545 1470 erit
1558 1405 1689 1472 auectus
1703 1423 1780 1493 erga

452 1497 605 1572 amicum,
633 1516 698 1578 quo
728 1496 761 1558 in
789 1515 823 1560 se
850 1496 970 1579 ipsum,
1000 1515 1146 1580 quosque
1176 1498 1299 1562 labores
1320 1506 1450 1580 propter
1471 1517 1559 1563 suam
1582 1499 1779 1583 voluptatem

452 1591 643 1672 susciperet,
665 1589 794 1655 eosdem
816 1588 969 1671 suscipiet
988 1599 1120 1674 propter
1139 1594 1231 1657 amici
1252 1591 1463 1674 voluptatem
1483 1614 1631 1679 quaeque
1653 1595 1694 1659 de
1715 1595 1781 1660 vir-

450 1684 570 1750 tutibus
590 1682 675 1749 dicta
695 1690 782 1757 sunt,
803 1701 900 1766 quem
920 1681 961 1745 ad
983 1686 1112 1749 modum
1126 1706 1183 1765 eae
1198 1705 1321 1770 semper
1335 1687 1551 1769 voluptatibus
1563 1688 1780 1762 inhaererent,

430 1778 565 1844 eeadem
593 1777 634 1841 de
660 1775 800 1841 amicitia
826 1774 960 1842 dicenda
986 1784 1070 1842 sant
1113 1780 1276 1845 Praeclare
1304 1778 1390 1843 enim
1418 1780 1574 1862 Epicurus
1603 1781 1779 1865 hispasus

452 1872 571 1946 verbis,
601 1868 763 1944 Eadem,
800 1868 922 1953 inquit,
955 1873 1172 1937 sententia
1204 1871 1470 1938 confirmavit
1500 1875 1694 1951 animum,
1727 1895 1779 1940 ne

448 1967 556 2051 quod
575 1972 640 2030 aut
660 1964 944 2045 sempiternum
965 1972 1033 2027 aut
1052 1965 1290 2031 diuturnum
1313 1966 1475 2030 timeret
1497 1968 1656 2044 malum,
1679 1990 1779 2053 quae

448 2058 670 2146 perspexit
697 2057 737 2119 in
763 2057 838 2121 hoc
865 2058 956 2138 ipso
985 2059 1095 2124 vitae
1122 2060 1260 2143 spatio
1288 2058 1500 2123 amicitiae
1525 2062 1779 2145 praesidium

449 2174 538 2220 essa
557 2150 845 2217 firmissimum.
880 2147 935 2213 69.
955 2152 1039 2217 Sunt
1052 2160 1159 2217 autem
1174 2152 1306 2236 quidam
1325 2152 1472 2235 Epicurei
1486 2153 1666 2221 timidiores
1680 2157 1778 2242 paulo

410 2257 558 2313 toooutra
579 2253 684 2313 sesua
704 2246 857 2321 convitia,
888 2245 945 2308 sed
966 2254 1073 2310 nmen
1094 2247 1171 2316 satis
1192 2247 1292 2321 acuti,
1320 2245 1374 2329 qui
1396 2255 1545 2311 verentur
1565 2269 1621 2324 ne,
1648 2251 1676 2313 si
1699 2252 1780 2316 ami·

447 2343 554 2408 citiam
579 2348 708 2426 propter
734 2347 874 2403 nostram
896 2338 1092 2421 voluptatem
1114 2340 1324 2422 expetendam
1355 2347 1519 2422 mamus,
1549 2350 1616 2408 tota
1637 2345 1780 2412 amicilia

448 2437 540 2521 quasi
559 2433 740 2500 claudicare
761 2432 915 2497 uideatur.
950 2433 1064 2516 ltaque
1085 2434 1206 2517 primos
1227 2452 1417 2515 congressus
1439 2436 1723 2520 copulationesque
1746 2446 1780 2501 et

448 2528 714 2595 consuetudinum
734 2526 1000 2591 instituendarum
1020 2527 1201 2591 voluntates
1223 2522 1291 2593 lieri
1312 2535 1444 2609 propter
1464 2528 1673 2613 voluptatem,
1703 2550 1778 2596 eum

447 2632 555 2688 autem
577 2641 654 2685 usus
674 2619 881 2703 progrediens
901 2618 1147 2684 familiaritatem
1163 2621 1317 2694 effecerit,
1339 2623 1406 2683 tuln
1422 2641 1562 2685 amorem
1577 2622 1778 2687 efflorescere

409 2726 580 2793 sumntum,
601 2723 652 2791 ut,
674 2715 770 2779 etiam
791 2714 820 2777 si
842 2712 930 2778 nulla
951 2714 993 2777 sit
1013 2714 1133 2779 utilitas
1157 2733 1198 2777 ex
1219 2714 1366 2789 amicitia,
1388 2721 1494 2778 tamen
1514 2716 1577 2798 ipsi
1593 2716 1687 2780 amici
1702 2736 1778 2799 pro·

446 2820 519 2897 pter
538 2832 574 2875 se
595 2812 683 2893 ipsos
705 2816 859 2872 amentur.
901 2809 1027 2874 Etenim
1049 2811 1076 2872 si
1098 2810 1183 2885 loca,
1212 2809 1239 2871 si
1260 2807 1348 2882 lana,
1371 2808 1398 2871 si
1420 2809 1531 2886 urbes,
1551 2808 1580 2875 si
1600 2810 1776 2893 gymnasia,

446 2906 475 2969 si
496 2925 658 2987 campum,
681 2903 708 2967 si
729 2921 840 2978 canes,
861 2902 889 2965 si
912 2922 1013 2987 equos
1035 2901 1157 2966 ludicra
1179 2903 1348 2965 exercendi
1370 2910 1424 2967 aut
1445 2902 1582 2967 venandi
1604 2909 1777 2968 consuetu—

446 2998 521 3065 dine
542 2998 690 3062 adamare
711 2996 868 3071 solemus,
890 3005 1009 3080 quanto
1030 2996 1065 3060 id
1088 2997 1122 3059 in
1143 2997 1308 3061 hominum
1323 2995 1553 3061 consuetudine
1565 2997 1691 3064 facilius
1704 2998 1776 3061 fieri

443 3092 585 3177 patuerit
606 3098 639 3156 et
664 3090 805 3154 iustius?
848 3087 900 3151 70.
921 3090 1004 3153 Sunt
1024 3098 1148 3166 autem,
1176 3091 1232 3173 qui
1254 3090 1361 3154 dicant
1386 3089 1501 3153 foedus
1523 3110 1591 3154 esse
1614 3092 1775 3175 quoddam

405 3185 652 3271 ”sapientium
673 3190 710 3248 ut
731 3204 772 3247 ne
793 3183 899 3250 minus
920 3184 1039 3249 amicos
1060 3204 1155 3266 quam
1178 3204 1213 3247 se
1235 3183 1323 3267 ipsos
1345 3183 1488 3265 diligant
1525 3183 1618 3259 Quod
1634 3194 1666 3249 et
1679 3206 1775 3269 posse

444 3277 514 3344 fieri
543 3279 756 3362 intellegimus
787 3285 819 3342 et
849 3298 945 3361 saepe
966 3278 1093 3358 †enim
1115 3277 1259 3342 videmus
1286 3284 1319 3340 et
1340 3277 1541 3360 perspicuum
1564 3287 1612 3343 est
1633 3279 1713 3344 nihil
1734 3279 1775 3343 ad

444 3374 584 3439 iucunde
614 3372 784 3437 vivendum
814 3373 947 3455 reperiri
978 3391 1089 3454 pesse,
1123 3373 1209 3455 quod
1240 3372 1466 3435 coniunctione
1499 3371 1554 3435 tali
1582 3373 1624 3436 sit
1652 3374 1772 3457 aptius.

446 3467 569 3543 Quibus
596 3486 638 3529 ex
663 3467 808 3532 omnihus
835 3465 970 3529 iudicari
997 3471 1119 3548 potest,
1148 3485 1214 3529 non
1244 3466 1339 3528 modo
1362 3483 1427 3527 uon
1448 3464 1595 3549 impediri
1616 3467 1774 3532 rationem

444 3560 617 3634 amicitiae,
644 3560 673 3624 si
696 3580 852 3623 summum
871 3559 992 3622 bonum
1014 3559 1048 3622 in
1070 3558 1232 3641 voluptate
1255 3567 1404 3641 ponatur,
1432 3558 1490 3622 sed
1511 3560 1579 3623 siue
1600 3558 1661 3623 hoc
1683 3561 1775 3624 insti·

405 3654 597 3721 eudonem
618 3653 748 3717 omnino
770 3652 930 3716 amicitiae
951 3672 1017 3714 non
1038 3672 1133 3736 posse
1154 3652 1297 3735 reperiri.

527 3747 615 3810 xxi.
636 3741 688 3809 il.
712 3746 914 3829 Quapropter
934 3746 964 3809 si
985 3764 1037 3819 ea,
1067 3766 1150 3829 quae
1172 3746 1255 3821 dixi,
1277 3745 1344 3809 sole
1365 3746 1436 3828 ipso
1457 3745 1633 3810 illustriora
1654 3754 1687 3811 et
1709 3747 1773 3811 cln-

441 3843 527 3907 riora
547 3849 640 3919 sunt,
659 3841 688 3907 si
711 3841 817 3907 omnia
838 3840 953 3904 hausta
972 3839 1095 3904 elcale
1110 3848 1259 3917 naturae,
1280 3841 1307 3903 si
1324 3846 1390 3903 totu
1405 3840 1507 3903 aratio
1523 3850 1631 3906 nostra
1644 3862 1772 3907 omnem

440 3937 503 4002 sibi
524 3932 619 4000 fidem
640 3935 787 3999 sensibus
808 3931 990 4010 confirmat,
1014 3933 1048 3998 id
1069 3941 1119 3997 est
1139 3934 1328 4018 incorruptis
1350 3942 1447 4018 atque
1468 3935 1601 4018 integris
1622 3935 1771 4012 testibus,

437 4031 470 4095 si
489 4030 628 4096 imaum
650 4029 758 4113 pueri,
779 4036 886 4093 mutae
908 4029 1005 4094 etiam
1024 4029 1147 4092 besuae
1169 4048 1271 4112 paene
1291 4029 1439 4095 locuntur
1457 4030 1609 4112 magistra
1630 4048 1667 4096 ae
1689 4029 1772 4094 duce

400 4131 570 4201 sammua,
596 4124 678 4191 nihil
699 4143 768 4188 esse
790 4143 978 4206 prosperum
999 4123 1063 4186 nisi
1084 4122 1298 4204 voluptatem,
1323 4123 1405 4185 nihil
1427 4142 1576 4206 asperum
1596 4124 1659 4190 nisi
1680 4124 1773 4189 dolo-

440 4238 522 4293 rem,
542 4218 584 4283 de
604 4217 721 4301 qarihus
741 4237 847 4301 neque
867 4217 1040 4299 depravate
1061 4215 1204 4282 iudicant
1223 4236 1330 4300 neque
1349 4225 1517 4299 corrupte,
1538 4237 1646 4281 nonne
1661 4220 1689 4282 ei
1704 4238 1772 4283 ma·

440 4313 559 4379 ximam
585 4313 718 4396 gratiam
746 4311 862 4375 habere
892 4310 1062 4387 debenms,
1089 4309 1145 4393 qui
1172 4308 1232 4373 hac
1253 4310 1404 4375 exaudita
1425 4311 1518 4394 quasi
1541 4330 1617 4375 voce
1639 4319 1771 4377 naturae

437 4405 487 4469 sie
508 4425 578 4469 eam
598 4403 688 4471 firme
709 4406 910 4488 graviterque
932 4403 1222 4487 comprehenderit,
1243 4413 1281 4469 ut
1303 4425 1413 4468 omnes
1427 4405 1511 4469 bene
1527 4425 1621 4469 sanos
1635 4406 1669 4469 in
1685 4407 1770 4472 mam

438 4499 597 4583 placatae
626 4498 833 4583 tranquillae,
866 4498 1009 4582 quietae,
1039 4498 1151 4562 beatae
1179 4499 1263 4563 vitae
1282 4498 1478 4564 deduceret?
1515 4499 1579 4575 Qui
1601 4499 1689 4583 quod
1711 4500 1770 4564 tihi

502 4798 529 4852 d.
545 4798 759 4862 maumetis:
776 4797 1175 4861 usurpatio-euscium:
1193 4798 1378 4861 muium&
1395 4798 1496 4861 recipiet
1514 4800 1574 4850 0·-
1593 4798 1677 4861 misia]
1694 4811 1770 4850 mun

437 4872 503 4926 Β-
519 4874 645 4926 isael:
663 4873 769 4931 daecB3
786 4873 904 4922 dan-
920 4872 1352 4937 iatereutBtnouE)—t5.eadcm
1369 4875 1492 4937 turpem
1508 4873 1659 4925 audult-
1675 4874 1767 4939 paene]

435 4951 585 5014 puerulo)
597 4944 641 5007 t¹;
655 4962 720 5011 prae
730 4946 837 4999 Α’-ὂ,
848 4949 969 4998 emamus
985 4949 1017 4999 B:
1037 4950 1142 4999 edecta
1152 4951 1181 4999 Α.
1200 4947 1239 4999 Cl.
1252 4961 1308 4998 var.
1322 4947 1382 4999 lect.
1396 4963 1423 5013 p.
1436 4949 1558 5012 uuele·
1572 4952 1595 5000 7.
1610 4950 1766 5012 dimumssn]

436 5023 537 5076 litteras
553 5031 613 5076 trem
629 5026 655 5075 iu
672 5035 765 5074 rasura
782 5021 864 5072 hebet
879 5024 900 5072 Α
913 5047 940 5057 -
959 5022 984 5072 8.
1001 5023 1131 5085 prospexit
1148 5022 1166 5072 Β
1182 5049 1209 5059 -
1229 5023 1252 5073 9.
1266 5023 1324 5085 esse]
1342 5029 1377 5074 ert
1394 5025 1439 5074 BE
1451 5050 1484 5060 —
1502 5026 1541 5076 ⁴0.
1554 5030 1640 5075 uestra
1655 5025 1769 5074 coouuta

435 5102 471 5151 A:
489 5102 706 5151 meuieiaeottra
722 5098 755 5157 Β;
772 5103 856 5147 cerua
872 5096 1097 5148 comiciallo-
1117 5097 1292 5159 quiveremur
1309 5099 1435 5148 omit·
1454 5105 1556 5149 ueretur
1573 5098 1643 5151 A¹-
1662 5101 1703 5151 tt.
1720 5115 1768 5151 oo-

435 5173 588 5240 luptatesltz
606 5187 660 5226 om.
671 5174 733 5223 Β-
751 5171 791 5223 tl.
804 5172 913 5235 strue-is
927 5169 959 5223 Β
972 5198 1000 5209 -
1021 5173 1061 5221 td.
1079 5172 1117 5234 ut]
1136 5176 1181 5220 out
1197 5172 1216 5221 Β
1230 5173 1292 5235 (non
1303 5172 1331 5235 E)
1346 5198 1374 5209 -
1393 5173 1433 5223 46.
1450 5173 1595 5235 saeml-
1615 5177 1655 5226 t'l.
1667 5175 1768 5227 ludicro

434 5250 506 5303 Bake
518 5249 561 5313 (ed
574 5246 933 5313 Cle.del.egg.p.ld³sq.):
950 5246 1083 5297 attudicra
1095 5246 1202 5305 s¹uu;
1219 5246 1363 5297 aitudicroe
1373 5244 1473 5298 A²0-
1487 5254 1533 5298 aut
1549 5252 1562 5314 ΙΙ
1577 5252 1768 5301 acta-eoo·

434 5327 563 5378 mtudtee
577 5326 613 5377 B:
630 5322 816 5374 consuetudines
832 5323 883 5373 AO
897 5349 923 5360 -
943 5322 985 5373 ta.
1002 5322 1088 5373 aeuo
1105 5322 1166 5371 E-
1185 5334 1235 5373 etse
1251 5323 1376 5386 quoddam
1391 5325 1427 5373 A:
1446 5322 1765 5388 ercalom.puoddam)ll;

435 5402 562 5464 quoddam
581 5412 633 5451 esse
654 5399 674 5450 0
693 5424 721 5435 -
744 5398 786 5449 20,
803 5398 954 5460 supinatum
972 5398 1037 5448 AB:
1060 5397 1202 5459 aopimtum
1222 5398 1242 5448 0
1262 5425 1290 5435 -
1311 5398 1395 5447 micus
1416 5399 1510 5449 oottcoa
1525 5413 1603 5462 quam
1618 5400 1764 5451 nanuum:

433 5477 518 5527 minua
532 5489 610 5541 quam
626 5473 721 5524 ammos
730 5472 764 5532 B;
781 5473 864 5522 miuus
880 5472 978 5537 quidem
995 5472 1089 5522 amieos
1105 5484 1182 5534 quam
1192 5472 1223 5522 A.
1243 5471 1385 5536 (librarius
1402 5471 1534 5525 codicisB
1549 5474 1766 5537 frequentissimo

433 5563 527 5602 errore
549 5546 678 5616 pamcnla
698 5548 797 5611 qseidem
818 5547 845 5596 in
865 5558 942 5608 quam
963 5550 1064 5597 mutata
1086 5559 1163 5610 quam
1183 5548 1244 5611 post
1264 5548 1358 5598 amicas
1380 5548 1486 5611 omisit.)
1504 5574 1538 5585 ·-
1555 5548 1587 5597 sti
1603 5549 1668 5610 ipsos
1684 5545 1716 5599 Α*
1735 5572 1763 5586 -

431 5638 505 5688 pesae
517 5626 574 5690 fleri
588 5629 625 5676 A:
644 5624 702 5689 fleri
716 5635 788 5686 posse
802 5622 857 5675 uu
875 5648 903 5659 -
925 5623 966 5672 at.
984 5634 1057 5685 saepe
1078 5623 1154 5672 etiam
1172 5623 1283 5673 memus
1298 5622 1434 5683 Davisius3
1456 5635 1634 5684 saepenumero
1653 5622 1766 5673 videratur

437 5701 611 5761 Goereusius3
628 5712 702 5761 saepe
716 5711 767 5749 esse
780 5698 876 5762 sactum
889 5696 1000 5746 videmia
1016 5695 1131 5747 Klotzius
1148 5694 1207 5747 coll.
1220 5696 1256 5757 11,
1274 5694 1290 5759 5
1307 5695 1353 5754 83;
1371 5709 1445 5759 saepe
1460 5698 1557 5748 semim
1572 5697 1684 5747 ememus
1701 5695 1765 5747 ilal-

436 5774 507 5824 mius
525 5800 554 5810 -
576 5774 617 5828 ti.
634 5774 759 5837 repperiri
774 5774 810 5831 lt3
831 5771 943 5835 reperire
963 5771 1012 5822 BE
1030 5797 1058 5807 -
1080 5771 1123 5821 td.
1141 5771 1241 5821 omniuo
1257 5770 1383 5820 amicitiae
1398 5772 1492 5822 ABE:
1516 5772 1642 5823 amicitiae
1663 5773 1765 5823 maleo

435 5848 491 5900 lto
509 5872 536 5883 -
555 5847 597 5898 2⁴1.
615 5849 701 5901 mnata
716 5848 764 5898 Th.
776 5846 923 5899 Bentleius:
942 5848 1027 5897 comta
1045 5846 1101 5896 dici
1118 5844 1197 5897 codd.
1216 5846 1244 5894 et
1260 5845 1293 5906 03
1311 5847 1397 5895 mama
1414 5846 1486 5913 [dici]
1502 5847 1529 5901 ll
1547 5874 1574 5885 -
1593 5847 1686 5910 oratio]
1702 5860 1764 5898 era·

435 5915 563 5973 ctos-¹·
581 5920 1136 5989 tteostmratomB-stqueletB-
1155 5918 1392 5974 tuciacumu.
