4342 7459
440 1262 502 1334 l3l
732 1272 786 1335 DE
807 1270 963 1334 lllNlBUS
985 1268 1182 1334 BONOllllhl
1202 1269 1255 1331 ET
1278 1253 1478 1333 Minodum

440 1441 567 1504 virtutis
593 1442 699 1504 lumen
726 1441 917 1504 exstinxeris
947 1446 979 1503 et
1006 1439 1154 1501 virtutem
1180 1439 1307 1521 penitus
1334 1436 1495 1500 everteris.
1538 1429 1590 1499 ll.
1611 1435 1766 1501 Dicuntur

438 1536 512 1609 ista,
536 1537 629 1611 Cato,
660 1535 841 1618 magnifice,
870 1538 1014 1620 inquam,
1038 1534 1094 1596 sed
1116 1534 1247 1596 videsne
1268 1532 1437 1594 verborum
1458 1529 1591 1614 gloriam
1612 1530 1671 1594 tibi
1693 1551 1765 1595 curn

439 1630 601 1715 Pyrrhone
623 1634 748 1694 etcum
771 1630 934 1705 Aristone,
958 1629 1013 1711 qui
1036 1628 1141 1690 omnia
1163 1636 1357 1710 exaequant,
1380 1645 1450 1688 esse
1471 1627 1695 1687 communem?
1723 1625 1765 1689 do

439 1724 555 1807 quibus
577 1729 667 1811 cupio
690 1725 770 1788 scire
792 1724 869 1808 quid
893 1725 1019 1786 sentias.
1061 1723 1172 1803 Egone
1195 1720 1339 1804 quaeris,
1367 1720 1483 1803 inquit,
1507 1717 1585 1802 quid
1606 1718 1764 1782 sentiam?

415 1831 523 1900 sqnos
542 1819 642 1885 bonos
663 1819 765 1891 viros,
786 1816 902 1892 fortes,
924 1818 1039 1888 iustos,
1063 1813 1242 1876 moderatos
1257 1821 1311 1877 aut
1326 1813 1505 1876 andivimus
1527 1812 1560 1875 in
1582 1832 1617 1875 re
1639 1813 1766 1896 publiea

438 1911 537 1976 fuisse
566 1925 621 1977 aut
649 1913 710 1995 ipsi
736 1910 890 1984 vidimus,
924 1911 978 1994 qui
1009 1908 1078 1971 sine
1108 1907 1175 1970 ulla
1197 1907 1342 1970 doctrina
1370 1914 1514 1968 naturam
1539 1906 1642 1989 ipsam
1664 1906 1765 1971 secuti

439 2007 537 2070 multa
565 2006 736 2071 laudabilia
762 2004 918 2078 lecerunt,
949 2023 1003 2067 eos
1031 2001 1143 2064 melius
1166 2021 1184 2063 a
1206 2008 1316 2064 natura
1345 2001 1503 2063 institutos
1525 1998 1640 2075 luisse,
1669 2020 1766 2085 quam

439 2100 559 2163 institui
578 2102 789 2184 potuissenta
805 2097 1019 2181 philosophia,
1042 2097 1068 2158 si
1085 2095 1182 2156 ullam
1197 2096 1290 2158 aliam
1307 2093 1527 2177 probavissent
1541 2101 1668 2177 praeter
1682 2114 1762 2169 eam,

440 2215 520 2279 qnae
542 2195 619 2258 nihil
641 2194 728 2258 aliud
751 2193 899 2255 inbonis
921 2191 1016 2255 habet
1037 2190 1099 2251 nisi
1121 2189 1305 2261 honestum,
1328 2188 1407 2250 nihil
1423 2188 1483 2250 nisi
1500 2196 1591 2272 turpe
1606 2189 1638 2251 in
1655 2188 1764 2252 malis:

403 2299 430 2346 to
440 2296 562 2352 ceterae
590 2288 850 2372 pbilosophorum
883 2286 1087 2368 disciplinae,
1117 2282 1246 2347 omnino
1269 2282 1333 2344 alia
1355 2282 1453 2363 magis
1475 2281 1552 2355 alia,
1581 2281 1637 2345 sed
1659 2291 1766 2345 tamen

439 2402 564 2457 omnes,
587 2402 669 2465 quae
691 2402 757 2444 rem
779 2380 876 2443 ullam
898 2379 1023 2442 virtutis
1046 2378 1096 2411 *³*
1118 2384 1280 2459 expertem
1303 2376 1409 2439 autin
1432 2376 1525 2438 honis
1547 2383 1601 2439 aut
1623 2375 1656 2439 in
1673 2377 1767 2440 malis

439 2484 622 2551 numerent,
645 2496 699 2538 eas
721 2494 784 2538 non
808 2473 903 2536 modo
925 2471 1005 2534 nihil
1027 2471 1174 2534 adiuvare
1196 2470 1332 2533 arbitror
1350 2490 1455 2552 neque
1471 2472 1493 2549 ’ς
1509 2468 1675 2543 affirmare,
1699 2490 1767 2553 quo

439 2569 587 2632 meliores
616 2569 730 2644 simus,
760 2567 814 2631 sed
838 2567 940 2649 ipsam
962 2566 1134 2647 depravare
1157 2572 1310 2626 naturam.
1354 2564 1433 2626 Nam
1454 2563 1517 2625 nisi
1539 2563 1599 2626 hoc
1620 2563 1767 2648 optinea-

439 2670 505 2738 tur,
537 2664 570 2726 id
598 2663 702 2725 solum
731 2661 850 2724 bonum
878 2680 965 2733 esse,
996 2657 1083 2741 quod
1113 2657 1282 2719 honestum
1304 2656 1362 2729 sit,
1396 2655 1484 2718 nullo
1512 2657 1608 2719 modo
1637 2657 1766 2740 probari

402 2770 430 2815 so
438 2758 538 2842 possit
566 2757 689 2819 beatam
711 2756 807 2818 vitam
829 2754 944 2817 virtute
967 2752 1060 2816 effici.
1107 2751 1201 2827 Quod
1225 2752 1251 2812 si
1277 2751 1320 2813 ita
1342 2751 1399 2823 sit,
1428 2770 1484 2813 cur
1506 2769 1603 2834 opera
1623 2750 1766 2833 pbiloso-

439 2851 531 2933 phiae
555 2852 596 2913 sit
618 2849 739 2923 danda,
762 2850 877 2912 nescio.
922 2848 955 2910 Si
977 2847 1062 2909 enim
1085 2846 1212 2927 sapiens
1235 2845 1349 2927 aliquis
1372 2844 1468 2907 miser
1490 2864 1560 2907 esse
1581 2846 1701 2928 possit,
1724 2865 1766 2908 ne

439 2962 499 3026 ego
530 2943 622 3007 istam
655 2942 826 3026 gloriosam
858 2940 1156 3023 memorabilemque
1186 2939 1334 3003 virtutem
1360 2958 1425 3002 non
1454 2957 1568 3021 magno
1596 2941 1767 3005 aestiman-

440 3035 512 3100 dam
534 3045 652 3119 putem.

523 3132 575 3193 lv.
598 3126 648 3192 ln.
672 3131 761 3205 Quae
783 3130 903 3202 adbuc,
927 3130 1019 3202 Cato,
1043 3149 1061 3191 a
1082 3136 1115 3190 te
1132 3124 1318 3200 dictasunt,
1342 3127 1468 3201 eadem,
1491 3128 1638 3213 inquam,
1660 3126 1766 3191 dicere

401 3241 566 3309 aoposses,
595 3223 621 3287 si
653 3243 824 3306 sequerere
853 3222 1047 3307 Pyrrhonem
1077 3229 1131 3285 aut
1152 3221 1342 3283 Aristonem.
1386 3223 1450 3283 Nec
1471 3225 1555 3285 enim
1577 3224 1703 3305 ignoras
1726 3223 1768 3285 iis

439 3319 525 3382 istud
547 3317 713 3381 honestum
738 3337 802 3380 non
825 3338 981 3381 summum
1005 3317 1115 3391 modo,
1138 3315 1194 3378 sed
1217 3316 1327 3388 etiam,
1350 3323 1433 3378 uttn
1449 3316 1508 3391 ris,
1530 3317 1766 3381 solumbonum

439 3411 560 3477 rideri:
582 3412 668 3496 quod
692 3412 719 3474 si
741 3413 786 3474 ita
808 3419 872 3485 est,
898 3411 1043 3494 sequitur
1064 3409 1097 3471 id
1120 3410 1239 3493 ipsum,
1263 3408 1349 3491 quod
1371 3415 1402 3472 te
1424 3409 1506 3475 velle
1529 3411 1633 3484 video,
1656 3429 1767 3474 omnes

439 3524 565 3588 semper
584 3504 695 3568 beatos
719 3524 789 3567 esse
812 3504 980 3587 sapientes.
1017 3505 1125 3566 Hosne
1153 3504 1250 3585 igitur
1274 3504 1383 3565 laudas
1405 3510 1437 3566 et
1457 3504 1539 3567 hanc
1560 3524 1687 3580 eorum,
1718 3506 1767 3568 in·

439 3619 548 3682 quarn,
570 3599 759 3661 sententiam
783 3598 874 3680 sequi
897 3617 955 3659 nos
978 3617 1088 3664 censes
1111 3599 1281 3680 oporteret
1303 3596 1432 3660 Minime
1449 3618 1523 3661 vero
1546 3599 1680 3662 istorum
1696 3598 1767 3683 qui-

402 3693 526 3767 mdem,
548 3694 662 3776 inquit.
702 3692 779 3754 Cum
802 3691 886 3753 enim
909 3692 1033 3754 virtutis
1055 3691 1116 3753 hoe
1140 3690 1303 3773 proprium
1326 3693 1382 3765 sit,
1405 3711 1513 3754 earum
1535 3712 1658 3767 rerum,
1682 3713 1766 3777 quae

439 3786 612 3849 secundum
634 3791 777 3848 naturam
799 3794 888 3860 sunt,
910 3785 1027 3847 habere
1043 3784 1215 3858 delectum,
1238 3784 1292 3867 qni
1312 3785 1420 3847 omnia
1438 3786 1483 3848 sie
1497 3795 1765 3870 exaequaverunt,

441 3880 528 3943 utin
553 3888 719 3962 utramque
741 3889 860 3962 partem
884 3881 925 3941 ita
949 3880 1036 3960 paria
1057 3878 1244 3952 redderent,
1267 3879 1313 3940 uti
1336 3880 1423 3942 nulla
1442 3879 1614 3943 selectione
1636 3889 1766 3944 uteren-

439 3981 506 4046 tur,
529 3973 551 4035 ii
573 3973 720 4035 virtutem
743 3974 843 4055 ipsam
866 3973 1070 4035 sustulerunt.
1115 3966 1165 4033 ⁴3.
1187 3973 1274 4035 lstud
1299 3974 1443 4055 quidem,
1473 3973 1620 4057 inquam,
1643 3975 1765 4057 optime

439 4068 533 4139 dicis,
555 4066 611 4128 sed
634 4085 770 4149 quaero,
793 4087 899 4129 nonne
922 4066 979 4129 tibi
1001 4066 1179 4129 laciendum
1202 4066 1286 4128 idem
1309 4068 1365 4141 sit,
1391 4068 1470 4130 nibil
1494 4069 1611 4131 dicenti
1633 4068 1764 4145 bonum,

401 4159 522 4244 eoquod
552 4179 616 4220 non
646 4168 765 4223 rectum
794 4160 1027 4243 honestumque
1050 4161 1107 4234 sit,
1136 4162 1330 4243 reliquarum
1352 4182 1455 4224 rerum
1479 4161 1646 4226 discrimen
1670 4184 1765 4229 omne

439 4253 585 4316 tollenti‘l
609 4254 641 4315 Si
666 4255 813 4337 quidem,
836 4254 955 4337 inquit,
978 4254 1135 4327 tollerem,
1159 4254 1213 4316 sed
1229 4256 1386 4340 relinquo.
1420 4250 1471 4317 ll.
1487 4255 1632 4332 Quonam
1649 4259 1765 4321 modo?

438 4350 580 4430 inquam.
624 4347 656 4410 si
680 4368 742 4409 una
764 4350 879 4422 virtus,
907 4367 1005 4409 unum
1029 4348 1130 4420 istud,
1153 4350 1237 4430 quod
1261 4348 1429 4412 honestum
1452 4349 1608 4433 appellas,
1631 4360 1764 4426 rectum,

438 4442 612 4515 laudabile,
644 4442 794 4504 decorum
815 4475 858 4486 -
880 4441 940 4503 erit
961 4441 1044 4503 enim
1067 4443 1174 4503 notius
1197 4443 1291 4526 quale
1314 4445 1354 4506 sit
1376 4443 1520 4525 pluribus
1542 4451 1686 4507 notatum
1709 4467 1765 4509 vo·

438 4535 556 4599 cabulis
578 4536 662 4598 idem
685 4534 915 4598 declarantibus
938 4566 996 4607 -,
1024 4534 1056 4597 id
1078 4538 1192 4617 igitur,
1222 4540 1368 4620 inquam,
1392 4538 1416 4598 si
1440 4537 1541 4599 solum
1565 4545 1613 4599 est
1633 4538 1764 4613 bonnm,

400 4630 514 4714 soquid
548 4628 678 4692 habebis
707 4635 868 4712 praeterea
896 4628 984 4712 quod
1013 4632 1171 4713 sequare?
1201 4639 1269 4703 aut,
1301 4631 1328 4692 si
1351 4629 1429 4692 nibil
1451 4630 1568 4693 malum
1591 4632 1653 4694 nisi
1676 4635 1763 4717 quod

437 4734 543 4809 turpe,
565 4725 787 4798 inhonestum,
809 4723 1008 4798 indecorum,
1030 4744 1179 4807 pravum,
1203 4724 1410 4806 flagitiosum,
1432 4722 1562 4785 foedum
1584 4756 1626 4772 -
1643 4732 1681 4789 ut
1701 4726 1764 4790 hoc

500 4990 526 5039 ἰ.
543 4989 626 5052 plorio
641 4989 662 5038 Α
676 5013 703 5023 -
722 4988 746 5037 3.
763 5001 874 5051 parrone
890 4989 947 5047 AB,
966 4990 1029 5039 item
1047 5004 1072 5039 v,
1086 4991 1128 5039 20.
1143 5016 1169 5025 -
1190 4994 1332 5050 aaronem
1348 5002 1398 5039 esse
1415 5001 1477 5038 nos:
1497 4994 1648 5049 exequantes
1664 5003 1689 5040 so
1699 4992 1761 5050 nn;

434 5070 572 5125 ocooqoent
588 5076 638 5112 osse
653 5063 707 5113 blo
723 5091 749 5100 -
768 5062 973 5126 l.1390ne?bi0
988 5091 1014 5100 -
1034 5062 1151 5128 [quoeris]
1164 5065 1184 5113 0
1197 5077 1257 5113 curn
1271 5065 1416 5113 Goerenzio
1430 5090 1456 5099 -
1475 5064 1580 5125 inquom
1598 5065 1647 5114 ΑΒ
1665 5093 1688 5104 -
1703 5068 1763 5127 quid

433 5141 538 5190 sontium
555 5140 649 5189 ABD:
667 5140 731 5188 scire
747 5140 807 5201 quid
822 5141 927 5188 sentiam
944 5138 1021 5188 codd.
1041 5139 1118 5195 dett.;
1138 5140 1220 5203 [scire,
1239 5139 1446 5203 quidusdam]
1464 5140 1558 5188 Ocnm
1572 5140 1718 5188 Goerenzio
1733 5167 1758 5176 -

434 5216 460 5266 o.
471 5214 551 5279 babet]
562 5215 662 5263 baberet
673 5215 720 5264 ΑΒ
734 5240 760 5249 -
775 5216 814 5263 ll.
827 5216 927 5262 uirtutis
937 5215 974 5246 ⁴¹*
987 5220 1113 5274 reportem
1125 5215 1258 5263 Brennus:
1278 5216 1378 5263 uirtutis
1388 5219 1513 5276 asperum
1526 5214 1616 5273 nsi03
1636 5220 1763 5276 apportem

434 5292 493 5341 uirt.
512 5293 572 5349 (non
589 5294 703 5350 wpetrre
717 5290 787 5350 oiri.)
800 5290 857 5348 BE;
876 5290 976 5339 uirtutis
990 5296 1035 5338 aut
1051 5291 1106 5338 uitii
1120 5304 1176 5352 erp.
1192 5292 1323 5350 Davisius;
1341 5293 1399 5339 virt.
1413 5296 1458 5339 aut
1473 5290 1635 5350 turpitudinis
1646 5301 1704 5350 sep.
1719 5289 1762 5340 alii

435 5391 462 5401 -
476 5370 521 5439 out⁸
532 5363 605 5412 molis
616 5366 678 5424 (orn.
692 5365 759 5421 ints
775 5389 801 5401 -
819 5366 857 5414 ti.
870 5364 996 5413 arbitrare
1006 5365 1115 5428 aequali
1130 5392 1156 5399 -
1173 5365 1311 5429 estimare]
1323 5368 1415 5429 offerro
1426 5365 1486 5415 cod.
1501 5364 1650 5419 Leidensis;
1669 5367 1763 5431 conflr-

433 5442 536 5489 mareG
551 5441 578 5489 et
589 5438 713 5497 ursinum
730 5443 834 5503 flnnore
851 5440 995 5503 Madvigius
1010 5464 1036 5475 -
1058 5440 1097 5490 ⁴3.
1116 5441 1165 5489 uisi
1180 5441 1225 5489 boc
1242 5442 1335 5491 ABG:
1354 5443 1376 5490 si
1392 5442 1436 5489 boo
1451 5454 1501 5489 uon
1518 5440 1585 5489 0-
1602 5440 1642 5489 lb.
1661 5452 1708 5487 cur
1725 5443 1759 5489 A:

434 5515 561 5565 omli·
581 5515 779 5564 turandus
797 5543 821 5551 -
841 5517 945 5565 uelli:
964 5516 1118 5564 oooth-
1134 5516 1204 5565 isa
1221 5517 1351 5578 idumea
1368 5541 1394 5552 -
1414 5516 1521 5577 20.aur1
1539 5520 1562 5565 et
1579 5515 1638 5563 B-
1658 5514 1762 5577 tonores

433 5591 464 5638 os
480 5588 638 5651 nauvsgrus:
658 5591 761 5653 spinas
776 5591 819 5638 ssu
833 5595 869 5641 a:
887 5591 990 5652 quoru
1006 5592 1026 5638 s·
1044 5593 1077 5649 n;
1096 5592 1210 5655 aporos,
1231 5580 1361 5654 [oderim]
1377 5592 1414 5640 lo
1430 5593 1490 5641 ο-
1509 5593 1549 5640 na.
1569 5588 1637 5651 sequi
1653 5590 1679 5637 u
1697 5588 1716 5637 a
1732 5617 1758 5626 -

338 5665 341 5673 '
433 5666 474 5714 2⁵.
488 5664 559 5727 quoe]
572 5666 646 5726 quib
661 5688 688 5700 -
707 5665 747 5715 26.
765 5670 821 5713 sant
833 5666 865 5713 G:
884 5666 932 5714 sint
949 5666 1052 5715 ΑΒΜΟ
1068 5693 1093 5701 -
1114 5666 1164 5730 qui]
1178 5681 1242 5727 quoe
1259 5669 1306 5717 AB
1322 5694 1347 5703 -
1366 5669 1407 5717 27.
1426 5669 1461 5729 ot]
1479 5673 1502 5717 ei
1520 5666 1565 5716 ΒΕ
1577 5691 1610 5701 -
1626 5666 1663 5713 oti
1680 5664 1760 5731 nullo]

433 5745 459 5788 ut
476 5740 503 5788 io
519 5740 589 5789 nulla
605 5740 715 5790 ARCE
736 5766 761 5775 -
784 5740 824 5789 28.
843 5741 861 5787 ii
879 5742 1011 5789 Bremius:
1036 5739 1068 5800 bu
1084 5741 1118 5791 B:
1137 5741 1161 5788 lu'
1180 5742 1218 5794 M:
1236 5741 1308 5789 taius
1326 5743 1390 5795 AC;
1416 5742 1467 5790 elas
1484 5740 1525 5791 vel
1543 5741 1662 5790 eiusmodi
1679 5742 1757 5792 codd.

434 5814 516 5870 dett:
538 5828 590 5865 our.
610 5817 630 5866 0
650 5841 676 5849 —
695 5815 736 5864 29.
755 5816 805 5876 fac.
824 5816 898 5863 nichil
915 5817 978 5865 idem
994 5816 1025 5863 sit
1041 5817 1089 5863 dic.
1109 5816 1127 5864 Β
1147 5840 1172 5851 -
1193 5816 1289 5864 duratii
1305 5815 1381 5865 ΑΒΕ
1399 5842 1431 5852 -
1454 5815 1494 5866 30.
1513 5828 1599 5865 reram
1615 5828 1669 5865 om.
1689 5818 1709 5866 Α
1730 5842 1757 5853 -

434 5889 474 5937 dt.
493 5890 627 5940 tollendih
649 5916 674 5926 ·-
693 5891 784 5939 modo?
800 5892 912 5951 inquom.
931 5891 959 5939 Si
976 5891 1110 5940 Bromius:
1135 5892 1220 5952 modo,
1242 5892 1359 5951 inquom,
1377 5890 1398 5939 si
1416 5892 1435 5941 0
1455 5917 1482 5927 -
1501 5889 1541 5940 33.
1557 5890 1683 5953 pluribus]
1696 5890 1758 5954 plu·

433 5965 513 6013 rimas
528 5970 547 6014 Α
568 5991 595 6001 -
614 5963 655 6016 st.
673 5965 752 6029 ipitur
767 5969 802 6017 A:
821 5979 881 6030 erpo
898 5965 980 6016 nno
1000 5990 1025 6004 -
1046 5966 1087 6016 35.
1104 5966 1161 6031 nin]
1178 5966 1240 6015 nibil
1256 5969 1290 6024 A,
1309 5966 1345 6014 nil
1362 5966 1390 6015 B.
