4342 7459
730 1284 858 1350 sen.
889 1278 1417 1366 cmxv-xviralem.
1672 1269 1728 1339 nr

407 1455 600 1542 quibasdam
632 1460 682 1518 est
712 1474 807 1537 saepe
837 1453 1019 1528 iucundius,
1052 1463 1159 1518 tamen
1187 1452 1347 1536 expetitur
1374 1457 1504 1534 propter
1530 1449 1735 1531 voluptatem.

406 1548 461 1620 49.
482 1551 639 1623 Videsne,
662 1567 757 1632 quam
780 1550 821 1612 sit
843 1568 955 1631 magna
976 1549 1156 1612 dissensio?
1178 1546 1389 1630 Philosophus
1403 1544 1536 1617 nobilis,
1557 1560 1655 1626 aquo
1670 1560 1737 1603 non

408 1645 513 1709 solum
534 1643 668 1707 Graecia
689 1651 722 1707 et
744 1643 850 1717 ltalia,
879 1643 934 1706 sed
958 1643 1053 1706 etiam
1076 1642 1178 1705 omnis
1203 1640 1347 1703 barbaria
1368 1645 1524 1702 commota
1546 1643 1609 1709 est,
1636 1635 1737 1698 hone-

408 1748 492 1802 stum
515 1736 594 1821 quid
618 1738 676 1811 sit,
698 1739 723 1800 si
746 1737 778 1800 id
801 1758 865 1799 non
887 1737 928 1800 sit
942 1738 976 1799 in
992 1737 1169 1818 voluptate,
1193 1742 1287 1817 negat
1302 1753 1336 1796 se
1357 1732 1557 1815 intellegere,
1578 1732 1640 1794 nisi
1654 1729 1737 1793 forte

409 1832 506 1906 illud,
529 1831 615 1915 quod
638 1831 852 1895 multitudinis
874 1851 999 1894 rumore
1029 1828 1186 1893 laudetur.
1228 1830 1424 1911 Egoautem
1446 1826 1507 1890 hoe
1528 1828 1624 1891 etiam
1645 1834 1761 1907 turpet

409 1945 481 1989 csse
502 1945 598 2007 saepe
621 1925 728 1989 iudico
752 1934 797 1999 et,
820 1927 846 1988 si
869 1925 995 2007 quando
1018 1931 1112 2005 turpe
1134 1923 1275 1995 nonsit,
1297 1929 1364 1984 tum
1378 1939 1449 1983 esse
1464 1940 1528 1983 uon
1543 1929 1645 2002 turpe,
1667 1940 1738 1982 cum

409 2018 445 2082 id
466 2038 485 2082 a
507 2018 707 2082 multitudine
736 2019 896 2092 laudetur,
927 2018 1014 2102 quod
1043 2019 1083 2080 sit
1112 2019 1213 2101 ipsum
1236 2034 1293 2099 per
1313 2034 1348 2078 se
1370 2020 1492 2076 rectum
1513 2022 1611 2098 atque
1632 2012 1739 2077 lauda·

409 2112 491 2185 bile‚
512 2131 580 2174 non
602 2112 643 2175 ob
666 2133 737 2177 eam
759 2133 884 2177 cansam
907 2122 1011 2175 tamen
1032 2112 1113 2175 illud
1127 2112 1190 2175 dici
1207 2129 1278 2173 esse
1295 2110 1480 2183 honestum,
1502 2110 1579 2193 quia
1592 2109 1740 2172 laudetur

410 2224 431 2268 a
453 2204 575 2278 multis,
599 2206 656 2269 sed
679 2208 752 2290 quia
775 2207 837 2270 tale
859 2207 918 2278 sit,
946 2214 994 2279 ut,
1016 2205 1066 2270 vel
1089 2206 1116 2270 si
1139 2206 1322 2288 ignorarent
1342 2202 1375 2265 id
1396 2201 1542 2266 homines
1563 2203 1614 2267 vel
1636 2203 1663 2266 si
1684 2202 1739 2265 ob-

412 2300 618 2374 mutuissent,
646 2320 704 2364 sna
732 2309 837 2364 tamen
866 2299 1101 2382 pulchritudine
1124 2306 1208 2362 esset
1229 2297 1399 2381 specieque
1421 2297 1590 2362 laudabile.
1626 2298 1776 2380 itaquae

412 2391 499 2455 idem
520 2400 633 2456 natura
653 2395 770 2468 victus,
793 2396 842 2457 cui
866 2393 977 2457 obsisti
998 2414 1061 2457 non
1083 2399 1206 2476 potest,
1229 2392 1306 2455 dicit
1327 2391 1390 2455 alio
1412 2391 1483 2454 loco
1498 2390 1550 2466 id,
1572 2390 1659 2475 quod
1675 2411 1694 2454 a
1708 2398 1739 2453 ts

413 2486 510 2550 etiam
531 2488 628 2570 paulo
649 2496 723 2551 ante
746 2487 864 2550 dictum
887 2494 951 2560 est,
972 2507 1037 2549 non
1059 2506 1154 2570 posse
1175 2485 1313 2549 iucunde
1327 2485 1390 2554 vivi
1405 2485 1468 2548 nisi
1483 2486 1576 2548 etiam
1596 2485 1739 2550 honeste.

413 2578 466 2642 50.
482 2580 566 2656 Quid
581 2601 667 2644 nnnc
687 2580 858 2644 honeste
880 2582 980 2644 dicit‘t
1002 2580 1144 2653 idemne,
1167 2578 1254 2663 quod
1276 2580 1466 2644 iucunde?
1497 2580 1581 2662 Ergo
1594 2580 1654 2655 ita,
1675 2599 1741 2643 non

413 2694 510 2758 posse
531 2674 665 2739 honeste
687 2677 768 2750 rivi,
795 2676 856 2738 nisi
877 2674 1010 2738 honeste
1032 2677 1163 2739 vivatur.
1206 2676 1256 2737 Au
1277 2675 1339 2738 nisi
1360 2673 1507 2757 populari
1527 2673 1632 2737 iamai
1664 2674 1739 2737 Sine

379 2812 383 2817 ·
413 2787 452 2830 ea
479 2768 576 2849 igitur
603 2769 741 2831 iocunde
771 2779 866 2851 negat
893 2789 988 2852 posse
1009 2771 1188 2833 revivere?
1218 2768 1303 2843 Quid
1325 2770 1449 2850 turpius
1471 2787 1567 2851 quam
1589 2768 1778 2853 sapientiem

411 2861 510 2924 vitam
538 2881 580 2924 ex
601 2862 819 2944 insipientium
841 2883 987 2926 sermone
1008 2862 1171 2945 penderet
1205 2862 1291 2937 Quid
1313 2882 1388 2943 ergo
1409 2859 1563 2925 hocloco
1584 2861 1742 2944 intellegit

411 2954 606 3020 honestum?
641 2955 732 3019 Certe
760 2957 841 3020 nihil
870 2958 931 3021 nisi
954 2956 1040 3039 quod
1066 2957 1168 3039 possit
1188 2957 1291 3038 ipsum
1313 2962 1441 3038 propter
1460 2974 1495 3017 se
1516 2954 1586 3017 iure
1607 2955 1741 3020 laudari.

412 3048 493 3110 llam
522 3048 549 3111 si
577 3058 709 3131 propter
730 3051 937 3132 voluptatem,
970 3070 1052 3133 quae
1074 3058 1122 3112 est
1144 3051 1206 3113 ista
1225 3048 1309 3122 laus,
1338 3068 1422 3131 quae
1443 3048 1546 3130 possit
1568 3069 1586 3111 e
1608 3048 1740 3113 macello

412 3140 504 3223 petit
531 3141 601 3203 Non
623 3142 650 3204 is
672 3143 721 3205 vir
748 3151 812 3218 est,
842 3151 892 3217 ut,
921 3165 992 3207 cum
1020 3143 1219 3206 honestatem
1241 3161 1280 3204 eo
1303 3142 1375 3205 loco
1396 3141 1527 3216 babeat,
1555 3151 1591 3207 ut
1612 3144 1682 3207 sine
1704 3162 1741 3205 ea

413 3232 553 3297 iucunde
575 3241 670 3317 neget
691 3257 784 3319 posse
807 3238 886 3311 vivi,
908 3237 989 3301 illud
1012 3236 1192 3310 honestum,
1214 3234 1302 3319 quod
1323 3234 1477 3317 populare
1498 3237 1555 3310 sit,
1577 3238 1694 3300 sentiat
1711 3244 1779 3300 etto

414 3328 484 3392 sine
507 3347 546 3392 eo
568 3337 663 3410 neget
683 3329 820 3394 iucunde
836 3331 899 3394 vivi
915 3351 1019 3413 posse,
1040 3338 1097 3393 aut
1110 3328 1281 3413 quicquam
1296 3328 1384 3393 aliud
1397 3329 1567 3393 honestum
1581 3331 1744 3413 intellegat

414 3422 477 3485 nisi
499 3422 587 3505 quod
609 3424 651 3485 sit
671 3433 791 3486 rectum
812 3425 981 3508 ipsumque
1003 3443 1134 3507 perse,
1163 3443 1222 3486 sua
1242 3425 1292 3499 vi,
1323 3442 1381 3489 sua
1401 3432 1531 3507 sponte,
1552 3443 1611 3487 sua
1630 3431 1743 3487 natura

414 3514 586 3581 laudabile.

499 3611 585 3673 XVI.
606 3606 659 3673 5t.
689 3612 817 3695 ltaque,
846 3614 1020 3695 Torquate,
1051 3634 1124 3677 cnm
1154 3613 1279 3678 diceres
1313 3613 1449 3677 clamare
1477 3611 1648 3695 Epicurum
1678 3631 1743 3676 nou

414 3724 512 3787 posse
532 3705 671 3767 iucunde
692 3705 772 3779 vivi,
793 3706 856 3768 uisi
875 3706 1009 3770 honeste
1032 3714 1065 3769 et
1085 3707 1246 3789 sapienter
1266 3714 1299 3770 et
1319 3707 1401 3770 iuste
1420 3706 1596 3780 viveretur,
1618 3713 1653 3769 tu
1675 3706 1781 3789 ipses

415 3798 495 3861 mibi
516 3797 645 3880 gloriari
667 3798 826 3861 videbare.
863 3800 963 3863 Tanta
984 3800 1033 3863 vis
1055 3801 1159 3864 inerat
1178 3801 1212 3864 in
1226 3801 1330 3864 verbis
1351 3807 1482 3882 propter
1503 3819 1611 3864 earum
1625 3818 1744 3873 rerum,

415 3909 500 3976 quae
521 3889 782 3972 significabantur
802 3892 852 3955 bis
874 3894 995 3967 verbis,
1018 3893 1220 3976 dignitatem,
1242 3901 1278 3957 ut
1297 3893 1394 3957 altior
1407 3890 1514 3968 heres,
1536 3902 1572 3957 ut
1585 3893 1744 3957 interdum

415 3984 598 4058 insisteres,
628 3992 663 4047 ut
684 4004 743 4047 nos
766 3986 893 4048 intuens
915 3988 1008 4069 quasi
1029 3985 1248 4062 testificarere,
1275 3985 1399 4052 laudari
1419 3986 1621 4050 honestatem
1643 3995 1676 4050 et
1695 3987 1744 4050 iu·

415 4076 534 4139 stitiam
563 4077 735 4160 aliquando
763 4080 803 4141 ab
829 4080 976 4161 Epicuro.
1019 4080 1123 4155 Quam
1152 4089 1183 4145 te
1204 4080 1337 4144 decebat
1356 4082 1397 4143 iis
1418 4080 1523 4144 verbis
1544 4082 1607 4155 uti,
1629 4081 1744 4164 quibus

416 4171 442 4233 si
466 4172 651 4254 philosophi
675 4193 738 4235 non
759 4181 938 4247 uterentur,
961 4173 1164 4256 philosophia
1179 4175 1310 4238 omnino
1325 4194 1389 4236 nou
1403 4194 1578 4255 egeremus.
1610 4175 1782 4237 lstorumto

417 4265 502 4327 enim
526 4266 692 4329 verborum
715 4286 839 4342 amore,
862 4288 944 4351 quae
967 4288 1094 4351 perraro
1117 4268 1369 4352 appellanturab
1386 4269 1538 4350 Epicuro,
1561 4267 1745 4351 sapientiae,

417 4356 627 4432 fortitudinis,
649 4360 802 4435 iustitiae,
826 4364 1069 4443 temperantiae,
1091 4363 1367 4444 praestantissimis
1389 4363 1524 4445 ingeniis
1544 4362 1689 4426 homines
1711 4381 1745 4422 se

419 4450 459 4513 ad
481 4450 704 4534 philosophiae
727 4457 867 4518 studium
889 4456 1100 4518 contulerunt.
1143 4454 1195 4519 52.
1218 4456 1407 4532 Oculorum,
1435 4456 1540 4539 inquit
1565 4456 1670 4530 Plato,
1699 4461 1748 4518 est

419 4544 452 4606 in
473 4546 566 4607 nobis
589 4566 701 4610 sensus
723 4551 913 4624 acerrimus,
936 4549 1050 4632 quibus
1072 4551 1261 4632 sapientiam
1283 4572 1348 4615 non
1363 4552 1533 4615 cernimus.
1566 4551 1670 4626 Quam
1692 4549 1748 4612 illa

420 4638 559 4701 ardentis
581 4660 706 4704 amores
729 4644 881 4706 excitaret
902 4644 967 4717 sui,
998 4645 1025 4706 si
1056 4644 1231 4708 videreturl
1269 4646 1331 4708 Cur
1353 4645 1504 4709 taudem?
1532 4662 1573 4707 au
1595 4644 1682 4728 quod
1704 4644 1786 4707 itaet

420 4732 533 4795 callida
555 4742 621 4808 est,
643 4743 678 4797 ut
699 4737 818 4818 optime
840 4737 941 4819 possit
961 4738 1158 4802 architectari
1180 4739 1379 4824 voluptates?
1413 4740 1476 4802 Cur
1497 4738 1616 4802 iustitia
1638 4736 1749 4800 lauda-

485 4997 509 5045 4.
529 4995 618 5056 quihus
635 5010 687 5046 om.
707 4998 726 5045 B
746 5023 772 5034 -
795 4998 820 5048 Β.
839 4998 934 5062 nobilis]
952 5000 1022 5049 nobis
1037 5001 1082 5062 bys
1098 5002 1117 5050 B
1138 5028 1165 5037 -
1190 5003 1214 5052 3.
1233 5003 1257 5052 lt.
1277 5002 1343 5065 quod
1359 5002 1390 5050 sit
1407 5001 1426 5049 Β
1445 5027 1473 5036 -
1492 5000 1517 5051 l.
1535 5016 1585 5051 noo
1601 5002 1632 5051 ιιι
1648 5002 1750 5053 Madvi-

422 5072 491 5132 gius:
511 5087 562 5121 nor
579 5078 614 5122 cst
631 5073 709 5122 codd.
730 5076 756 5122 et
773 5074 793 5122 0
813 5101 840 5109 -
863 5076 887 5124 r.
907 5076 1023 5124 laudatur
1039 5077 1105 5126 AB:
1131 5077 1251 5126 badacar
1268 5078 1288 5126 0
1306 5102 1333 5112 -
1359 5077 1382 5126 6.
1402 5089 1452 5127 erse
1469 5089 1523 5127 om.
1541 5078 1560 5126 B
1581 5104 1608 5113 -
1631 5084 1684 5127 tam
1700 5091 1751 5128 esse

422 5147 516 5196 ABE:
535 5154 589 5196 tam
605 5160 722 5197 maesse
739 5149 799 5195 0-
819 5149 843 5198 7.
862 5150 928 5211 qaod
945 5150 1052 5199 arae:
1075 5152 1182 5213 Quodsi
1199 5153 1301 5201 rito-
1321 5151 1345 5202 8.
1364 5166 1414 5201 aon
1431 5152 1532 5202 obeam
1549 5160 1750 5203 ccuscmtcmcn

424 5225 456 5270 A:
475 5228 559 5270 torm
577 5235 626 5270 son
643 5220 673 5271 ob
689 5235 746 5270 ecm
762 5235 784 5271 c.
798 5223 895 5271 ΒΜ-
911 5237 961 5273 erse
977 5226 1001 5273 b.
1016 5230 1051 5274 A:
1069 5227 1246 5276 b.crscBbl0
1260 5253 1285 5263 -
1305 5227 1429 5275 laudatur
1443 5227 1463 5276 B
1478 5253 1505 5263 -
1525 5229 1565 5279 40.
1583 5229 1623 5279 lta
1639 5230 1751 5291 mmonc

425 5295 483 5345 li-
503 5298 545 5345 tt.
564 5295 637 5359 quod]
656 5297 715 5357 qaid
732 5297 751 5346 B
766 5323 793 5333 —
814 5297 853 5347 ⁴2.
872 5304 930 5348 onte
943 5298 1023 5361 poulo
1040 5301 1075 5359 Β;
1094 5302 1289 5363 crtcpoputoss
1304 5328 1331 5338 -
1349 5304 1425 5353 etlam
1441 5304 1502 5366 post
1517 5304 1566 5352 sisi
1581 5306 1644 5355 AB:
1663 5305 1750 5354 om.0

426 5394 452 5407 -
466 5372 506 5421 43.
521 5371 598 5434 Ergo]
618 5371 692 5434 caoB
707 5396 734 5407 -
755 5373 794 5420 45.
811 5386 882 5432 posse
898 5386 923 5422 sc
938 5375 1021 5423 υιυονο
1037 5389 1099 5426 nos:
1115 5390 1186 5439 posse
1197 5380 1282 5427 uiuere
1293 5377 1382 5436 codd.;
1397 5390 1470 5439 porse
1480 5378 1532 5427 civi
1548 5391 1609 5429 cum
1623 5378 1750 5429 lambino

425 5450 451 5495 et
472 5446 520 5495 Tb.
537 5444 656 5495 Bentleio
679 5445 741 5495 440.
767 5448 800 5495 st
822 5447 848 5496 b.
867 5445 883 5498 l.
907 5461 958 5498 non
980 5451 1103 5500 universe
1121 5451 1172 5501 dici
1190 5454 1362 5512 sententiam,
1387 5453 1435 5503 sed
1453 5453 1487 5502 ad
1505 5454 1647 5517 Epicurum
1664 5455 1751 5518 ipsum

425 5522 592 5584 (sapientem)
611 5519 745 5581 adhiberi,
769 5520 868 5572 docent
889 5526 1009 5587 proxima
1027 5524 1118 5574 verba.
1140 5553 1166 5563 -
1189 5527 1228 5576 46.
1247 5528 1288 5588 cc]
1306 5533 1329 5577 et
1345 5528 1365 5576 B
1385 5553 1413 5563 -
1431 5528 1539 5588 pondos
1553 5542 1665 5579 remoue
1682 5528 1700 5576 Β
1718 5554 1751 5563 -

427 5597 466 5647 48.
484 5598 542 5646 ltloo
557 5597 579 5645 εἰ
596 5598 615 5645 Β
632 5622 665 5631 -
683 5596 722 5644 49.
738 5597 834 5657 petitur
850 5600 868 5647 Β
888 5624 915 5634 -
935 5604 958 5648 et
974 5612 1031 5647 cum
1047 5601 1066 5649 B
1082 5627 1109 5637 -
1128 5601 1169 5650 ιι).
1188 5603 1253 5662 qaod
1266 5602 1390 5664 populare
1406 5604 1445 5664 sit]
1461 5610 1564 5666 propter
1576 5604 1700 5667 populare
1716 5604 1751 5652 ric

427 5670 445 5718 Β
465 5696 492 5707 -
510 5672 553 5720 st.
571 5675 642 5733 neget
658 5671 761 5720 iocunda
778 5673 841 5720 AB:
860 5674 967 5723 iucunde
982 5680 1051 5738 neget
1068 5676 1120 5725 blO
1134 5703 1160 5711 -
1180 5677 1220 5725 ΒΞ.
1239 5683 1398 5740 susspecta,
1416 5684 1574 5729 moraturo
1590 5684 1623 5729 A:
1642 5693 1689 5729 saco
1705 5693 1752 5728 nn-

427 5751 485 5795 tnro
500 5759 548 5795 raso
563 5751 649 5807 sponte
665 5746 749 5796 etto
769 5772 794 5784 -
814 5748 855 5797 25.
875 5743 902 5798 tic
916 5751 967 5811 ipsc
983 5751 1003 5799 Β
1023 5778 1049 5787 -
1073 5752 1114 5804 28.
1133 5753 1291 5815 testificarere
1307 5751 1350 5803 sti:
1373 5755 1503 5818 ustificcre
1519 5756 1563 5815 A¹;
1587 5755 1714 5817 testificari
1730 5756 1749 5805 Β

431 5846 456 5858 -
474 5821 515 5871 29.
535 5821 636 5870 docebat
653 5817 696 5871 A²z
716 5822 811 5871 dicebat
828 5821 885 5873 lt¹B
901 5851 928 5860 -
947 5824 986 5889 iis]
1003 5827 1040 5876 bis
1057 5829 1175 5877 aeo-
1195 5828 1235 5878 30.
1253 5843 1303 5878 uon
1319 5831 1381 5879 ante
1398 5835 1527 5879 atermtnr
1543 5843 1596 5880 om.
1609 5830 1643 5891 B,
1662 5843 1715 5880 non
1730 5831 1750 5881 E

430 5919 455 5930 —
474 5895 515 5947 34.
533 5897 666 5946 cerninus
686 5894 716 5947 A¹
734 5923 760 5932 -
785 5899 825 5948 ιιι.
843 5900 865 5948 ri
885 5900 1011 5951 uideretur
1031 5915 1084 5952 om.
1103 5903 1167 5959 Assr
1190 5904 1211 5951 ri
1231 5909 1374 5955 commtar
1395 5904 1512 5956 llalmius
1532 5931 1560 5943 —
1580 5918 1614 5955 oa
1635 5905 1750 5968 qaod--

428 5972 566 6033 murtam
581 5972 682 6022 Nonius
698 5985 726 6037 p.
744 5973 786 6023 40.
806 6000 833 6011 -
851 5966 1003 6026 ³6.'cctttdc
1018 5975 1062 6040 cst]
1078 5977 1197 6028 ctcsrtdca
1212 5978 1320 6030 Nonius.
