4342 7459
818 1269 892 1335 cn.
914 1271 1081 1335 vr-vn.
1108 1267 1155 1354 §s
1177 1267 1325 1335 ao-sr.
1669 1266 1732 1333 444

410 1428 510 1504 tinet;
541 1448 672 1513 quoquo
692 1436 723 1492 te
746 1429 875 1493 verteris
897 1439 1024 1513 praesto
1046 1439 1108 1505 est,
1137 1431 1226 1493 nullo
1247 1432 1318 1495 loco
1341 1430 1536 1504 excluditur,
1559 1450 1731 1515 numquam

410 1523 647 1606 intempestiva,
676 1543 848 1607 numquam
878 1525 1009 1588 molesta
1037 1533 1096 1587 est.
1139 1527 1249 1609 ltaque
1276 1543 1341 1587 non
1368 1543 1469 1607 aqua,
1499 1544 1564 1588 non
1586 1525 1668 1607 igni,
1696 1531 1733 1588 ut

409 1617 508 1689 aiunt,
530 1615 674 1697 pluribus
696 1617 775 1680 locis
796 1620 914 1682 utimur
935 1638 1030 1701 quam
1051 1618 1200 1682 amicitia.
1237 1620 1348 1701 Neque
1370 1636 1428 1699 ego
1450 1637 1540 1681 nunc
1556 1618 1596 1681 de
1610 1616 1732 1700 vulgari
1764 1628 1768 1636 '

408 1717 463 1772 ant
485 1709 524 1771 de
547 1711 716 1785 mediocri,
746 1731 828 1794 quae
854 1719 960 1774 tamen
988 1712 1058 1796 ipsa
1081 1719 1112 1775 et
1134 1712 1269 1774 delectat
1290 1720 1323 1774 et
1345 1710 1488 1795 prodest,
1517 1712 1573 1775 sed
1596 1712 1637 1773 de
1659 1730 1732 1775 vera

409 1809 440 1865 et
462 1800 601 1884 perfecta
623 1803 751 1887 loquor,
775 1806 879 1888 qualis
903 1825 1029 1879 eorum,
1054 1807 1108 1889 qui
1132 1806 1224 1887 pauci
1247 1806 1460 1878 nominantur,
1483 1805 1554 1868 suit.
1600 1808 1678 1868 Nam
1701 1811 1756 1867 etr

408 1895 562 1958 secundas
583 1916 634 1959 res
655 1897 887 1979 splendidiores
909 1898 985 1962 facit
1006 1900 1144 1962 amicitia
1171 1907 1203 1960 et
1224 1897 1373 1961 adversas
1396 1900 1536 1979 partiens
1558 1898 1734 1962 communi·

408 2009 546 2074 carasque
569 1989 715 2054 leviores.

490 2084 558 2145 Vll.
580 2080 632 2146 23.
656 2085 798 2167 Cumque
819 2085 971 2168 plurimas
998 2093 1031 2149 et
1058 2087 1211 2148 maximas
1237 2085 1476 2148 commoditates
1498 2087 1636 2150 amicitia
1658 2107 1734 2151 cou-

407 2179 520 2252 tineat,
543 2186 608 2240 tum
631 2177 686 2240 illa
708 2179 855 2241 nimirum
878 2189 1015 2262 praestat
1036 2180 1194 2253 omnibns,
1218 2179 1304 2263 qnod
1326 2179 1440 2242 bonam
1464 2199 1551 2263 spem
1573 2183 1733 2265 praelucet

407 2272 439 2334 in
468 2280 631 2355 posterum
660 2292 719 2334 nec
749 2272 906 2334 debilitari
935 2274 1057 2336 animos
1089 2280 1144 2336 aut
1176 2272 1290 2335 cadere
1323 2273 1450 2355 patitur.
1502 2274 1618 2339 Verum
1648 2277 1770 2340 enim⁴⁰

407 2368 539 2430 amicum
569 2367 622 2449 qui
654 2367 807 2437 intuetur,
835 2375 994 2449 tamquam
1022 2367 1184 2449 exemplar
1210 2367 1341 2450 aliquod
1369 2368 1510 2430 intuetur
1537 2369 1597 2431 sni.
1646 2368 1734 2443 Quo-

407 2460 491 2522 circa
511 2469 544 2523 et
565 2460 710 2521 absentes
732 2458 848 2523 adsunt
869 2468 899 2522 et
922 2467 1051 2542 egentes
1073 2457 1236 2523 abundant
1256 2469 1288 2522 et
1310 2459 1450 2523 inbecilli
1465 2461 1570 2524 valent
1585 2469 1631 2534 et,
1648 2460 1732 2545 quod
1788 2499 1794 2506 .

408 2550 568 2618 difficilius
590 2552 677 2615 dictu
700 2559 757 2627 est,
783 2554 899 2617 mortui
921 2555 1049 2617 vivunt:
1078 2563 1182 2617 tantus
1205 2574 1260 2616 cos
1284 2554 1394 2628 bonos,
1418 2556 1585 2628 memoria,
1609 2553 1734 2617 deside·

407 2649 489 2712 rium
511 2648 712 2730 prosequitur
734 2648 923 2710 amicornm:
946 2668 988 2710 ex
1010 2668 1076 2731 quo
1098 2648 1224 2710 illorum
1248 2648 1339 2711 beata
1361 2668 1444 2711 mors
1468 2650 1603 2721 videtur,
1618 2649 1731 2711 borum

408 2743 473 2806 rita
493 2740 672 2805 laudabilis.
716 2740 809 2817 Quod
832 2741 858 2803 si
881 2742 1036 2804 exemeris
1064 2761 1105 2804 ex
1132 2760 1237 2804 rerum
1260 2751 1371 2805 natura
1394 2740 1633 2806 benevolentiae
1657 2749 1771 2804 con-15

409 2837 618 2908 iunctionem,
648 2854 707 2896 nec
733 2831 845 2897 domus
872 2834 938 2897 nlla
967 2855 1026 2898 nec
1056 2835 1131 2898 urbs
1161 2842 1244 2898 stare
1274 2835 1406 2919 poterit,
1437 2854 1477 2897 ne
1507 2838 1573 2917 agri
1603 2835 1732 2919 quidem

409 2923 512 2995 cultus
535 2928 741 3013 permanebit.
787 2929 820 2990 ld
848 2929 874 2991 si
903 2928 1008 2992 minus
1034 2928 1241 3011 intellegitur,
1270 2937 1388 3011 quanta
1410 2929 1457 2991 ris
1478 2929 1633 2993 amicitiae
1655 2949 1732 2991 con·

409 3023 598 3106 cordiaeque
631 3023 692 3094 sit,
725 3041 765 3084 ex
792 3021 1043 3085 dissensionibus
1076 3030 1172 3104 atque
1206 3042 1245 3084 ex
1275 3022 1443 3084 discordiis
1471 3023 1590 3105 percipi
1619 3032 1732 3106 potest.

409 3117 499 3194 Quae
528 3120 612 3180 cuim
641 3114 754 3177 domus
783 3123 845 3178 tam
873 3116 1010 3188 stabilis,
1040 3134 1122 3199 quae
1152 3123 1214 3177 tam
1240 3114 1330 3177 firma
1359 3116 1468 3177 civitas
1496 3124 1545 3178 est
1565 3135 1645 3197 quae
1668 3135 1733 3180 non

408 3212 490 3274 odiis
519 3218 552 3273 et
579 3207 720 3273 discidiis
748 3207 892 3272 funditus
922 3210 1022 3292 possit
1050 3209 1173 3271 everti?
1206 3228 1246 3270 ex
1275 3228 1337 3289 quo
1366 3215 1518 3290 qnantum
1540 3209 1614 3272 boni
1638 3212 1679 3273 sit
1699 3211 1771 3273 into

408 3305 542 3368 amicitia
574 3302 707 3366 iudicari
739 3310 852 3383 potest.
911 3299 962 3364 94.
993 3302 1233 3384 Agrigentinum
1261 3301 1391 3384 quidem
1420 3300 1545 3363 doctum
1575 3304 1733 3384 quendam

407 3399 509 3461 virum
532 3397 721 3459 carminibus
737 3395 866 3458 Graecis
889 3396 1094 3459 vaticinatum
1117 3415 1188 3458 esse
1211 3393 1325 3469 ierunt,
1348 3415 1431 3478 quae
1454 3396 1485 3456 in
1501 3415 1605 3459 rerum
1622 3405 1733 3459 natura

408 3500 538 3574 totoque
561 3489 678 3552 mundo
700 3497 881 3552 constarent
902 3509 1047 3573 quaeque
1071 3498 1282 3562 moverentur,
1298 3509 1334 3552 ea
1350 3489 1537 3551 contrahere
1552 3490 1733 3565 amicitiam,

409 3585 565 3668 dissipare
587 3582 785 3645 discordiam.
829 3587 932 3667 Atque
954 3583 1015 3645 boc
1037 3582 1166 3665 quidem
1189 3602 1300 3645 omnes
1323 3581 1472 3645 mortales
1495 3590 1527 3645 et
1544 3584 1734 3666 intellegunt

409 3688 441 3742 et
461 3698 495 3741 re
517 3677 661 3761 probant.
705 3677 826 3759 ltaque,
849 3678 875 3740 si
899 3676 1025 3760 qnando
1046 3675 1176 3758 aliquod
1200 3673 1341 3739 cilicium
1365 3676 1471 3738 extitit
1492 3677 1584 3740 amici
1605 3678 1637 3740 in
1653 3678 1771 3760 peri-st

408 3771 487 3834 culis
515 3778 571 3832 ant
598 3768 752 3832 adeundis
782 3779 837 3832 aut
865 3769 1153 3842 communicandis,
1183 3770 1255 3852 quis
1284 3779 1332 3832 est
1359 3770 1412 3852 qni
1440 3768 1474 3831 id
1504 3789 1566 3832 oon
1591 3773 1734 3834 maximis

410 3865 520 3927 ederat
541 3863 710 3925 laudibus?
753 3863 816 3939 Qui
844 3863 995 3926 clamores
1023 3871 1089 3925 tota
1116 3881 1212 3926 cavea
1239 3883 1341 3946 nuper
1368 3865 1401 3926 iu
1430 3863 1565 3945 hospitis
1588 3874 1620 3928 et
1641 3865 1733 3927 amici

408 3959 470 4020 mei
498 3957 540 4019 ld.
564 3957 689 4018 Pacuvii
717 3976 798 4019 nova
827 3956 955 4018 sabulal
1000 3975 1071 4018 cnm
1101 3956 1263 4038 ignorante
1291 3977 1364 4039 rege
1395 3963 1467 4019 uter
1488 3959 1615 4021 Orestes
1641 3965 1734 4031 esset,

408 4052 541 4134 Pylades
564 4049 706 4112 Orestem
729 4070 763 4111 se
785 4069 855 4112 esse
878 4048 1013 4122 diceret,
1045 4059 1078 4112 ut
1101 4070 1158 4131 pro
1182 4051 1238 4113 illo
1262 4058 1443 4124 necaretur,
1466 4050 1595 4115 Orestes
1618 4061 1733 4126 autem,

409 4145 452 4209 ita
473 4153 509 4208 ut
530 4152 612 4216 erat,
629 4142 772 4206 Orestem
795 4163 829 4205 se
852 4163 922 4205 esse
944 4152 1169 4226 perseveraret.
1199 4144 1324 4207 Stantes
1341 4144 1534 4227 plaudebant
1548 4147 1580 4207 in
1596 4167 1629 4208 re
1645 4144 1771 4208 bctatso

409 4240 485 4322 qnid
514 4239 702 4300 arbitramur
730 4238 762 4298 in
791 4256 863 4298 vera
890 4236 1028 4299 facturos
1057 4236 1182 4298 fuisset
1226 4238 1330 4300 Facile
1351 4237 1511 4300 indicabat
1531 4240 1601 4321 ipsa
1623 4249 1735 4303 natura

409 4334 470 4395 vim
495 4352 603 4404 suam,
634 4351 703 4392 cum
731 4330 894 4402 homines,
923 4328 1010 4412 qnod
1034 4328 1138 4391 lacere
1161 4330 1222 4413 ipsi
1244 4350 1308 4392 non
1332 4338 1474 4411 possent,
1503 4330 1536 4391 id
1560 4341 1643 4396 recte
1665 4333 1733 4395 lieri

409 4427 442 4489 in
465 4428 565 4490 altero
588 4425 773 4487 iudicarent.
817 4424 977 4487 Hactenus
1008 4422 1084 4485 mibi
1111 4423 1223 4487 videor
1248 4424 1288 4487 de
1310 4425 1449 4486 amicitia
1472 4425 1549 4507 quid
1572 4429 1733 4500 sentirem,

1288 4619 1734 4637 —-———-

701 4722 732 4755 scr

475 4774 497 4823 4.
516 4771 585 4820 nullo
602 4783 634 4819 coe
650 4769 703 4817 loco
719 4769 830 4818 cluditur
846 4770 866 4817 G
886 4793 913 4804 -
937 4768 961 4817 2.
980 4768 1037 4831 igne
1053 4768 1152 4817 BDSV
1173 4794 1198 4805 -
1217 4773 1245 4817 ut
1262 4768 1334 4818 munt
1350 4782 1404 4819 om.
1417 4770 1486 4819 BSV
1503 4798 1536 4807 -
1558 4770 1583 4821 3.
1602 4771 1662 4820 locis
1676 4772 1735 4834 pln-

408 4849 477 4899 ribus
493 4847 541 4897 DE
561 4872 586 4881 -
607 4858 650 4894 nec
666 4859 711 4907 epo
729 4844 797 4893 RSV
816 4869 842 4879 -
862 4858 930 4893 nurse
946 4844 1030 4893 om.S
1048 4870 1079 4879 -
1097 4842 1121 4893 l.
1140 4844 1182 4892 scd
1198 4844 1228 4893 de
1243 4858 1272 4894 re
1288 4858 1350 4894 uera
1368 4845 1416 4894 DG
1436 4869 1462 4880 —
1486 4844 1510 4893 9.
1529 4851 1582 4896 tum
1598 4849 1652 4910 ipso
1669 4849 1685 4894 S
1703 4874 1735 4884 -

409 4923 499 4972 bonum
509 4934 576 4981 spem
594 4922 704 4970 BGSV:
723 4919 788 4969 0444
804 4933 845 4981 spe
862 4919 908 4970 DE
923 4943 949 4955 -
970 4920 1010 4967 40.
1023 4932 1068 4967 acc
1084 4921 1111 4967 444
1129 4919 1193 4969 Ε-
1209 4917 1338 4968 debilitare
1354 4920 1370 4968 S
1385 4944 1411 4954 -
1430 4932 1519 4969 acrum
1534 4924 1611 4973 etium
1627 4927 1736 4973 44444444

409 4997 533 5048 Boosv
554 5020 580 5030 -
605 4998 644 5044 44.
664 4995 785 5044 inbecilles
803 4996 847 5044 DS
865 5021 895 5030 -
922 4994 961 5043 43.
976 4995 1125 5043 desideum
1142 5007 1196 5043 orn.
1211 4995 1241 5052 V,
1260 5007 1319 5057 sup.
1334 4993 1377 5042 lin.
1393 4995 1457 5042 mi
1475 4995 1517 5044 BS
1538 5023 1563 5033 -
1588 4997 1627 5047 tt.
1641 5001 1736 5048 444444-

407 5087 466 5122 rum
481 5073 640 5133 prosequitur
661 5072 682 5119 D
708 5094 742 5107 -
766 5071 866 5119 uidetur
882 5082 950 5117 mors
972 5070 991 5118 l)
1019 5094 1045 5104 -
1075 5071 1114 5119 lb.
1133 5070 1282 5117 lunationem
1304 5070 1337 5128 G,
1359 5069 1406 5118 sed
1425 5082 1471 5117 coo
1487 5071 1603 5134 suplin.
1623 5074 1685 5125 add.
1706 5101 1733 5111 -

410 5149 449 5198 46.
469 5160 512 5195 nec
529 5146 586 5207 apri
605 5145 727 5194 BDGSV
741 5169 769 5181 -
789 5145 918 5207 ibatque
934 5156 968 5191 44
984 5143 1017 5191 G:
1036 5157 1069 5192 ec
1086 5156 1138 5192 om.
1153 5143 1301 5193 BDESVO
1317 5170 1342 5179 ·-
1361 5145 1468 5205 perspici
1486 5145 1589 5208 iladvig
1607 5154 1689 5208 recte,
1707 5153 1736 5198 ut

408 5222 526 5276 videtum
546 5234 571 5269 v.
586 5220 642 5268 eins
654 5221 750 5282 opusc.
765 5219 795 5277 11,
808 5218 856 5266 040
869 5242 896 5252 -
917 5219 957 5266 20.
973 5221 994 5264 44
1013 5218 1045 5266 C:
1065 5219 1171 5278 atqueO
1185 5244 1211 5254 —
1232 5219 1338 5267 dissidiis
1351 5219 1421 5269 4)Εο
1434 5243 1461 5255 -
1481 5220 1522 5269 tt.
1536 5224 1735 5285 apripentiumG

410 5322 436 5332 -
451 5298 491 5345 at.
506 5296 644 5343 seminibus
661 5297 720 5343 0-
741 5307 791 5342 4444
808 5296 839 5343 G:
860 5306 914 5341 om.
929 5292 1093 5346 BDESVO.
1113 5293 1160 5342 sed
1181 5294 1205 5342 in
1224 5294 1243 5343 Ε
1260 5306 1319 5356 sup.
1333 5292 1377 5342 lin.
1393 5320 1419 5328 —
1439 5296 1479 5343 25.
1493 5308 1522 5344 rc
1538 5309 1581 5346 orn
1606 5298 1633 5354 E,
1652 5298 1735 5346 remV

411 5398 437 5408 -
451 5372 492 5420 26.
512 5372 554 5430 qut
571 5370 604 5431 id]
623 5369 683 5430 quid
700 5370 720 5416 0
739 5394 764 5403 -
786 5368 825 5416 44.
845 5366 974 5429 clamores]
993 5365 1093 5416 addin
1113 5367 1182 5415 EGV
1201 5380 1259 5431 sup.
1274 5368 1317 5417 lin.
1336 5382 1355 5417 4.
1369 5369 1431 5431 sacti
1447 5375 1505 5418 suut
1523 5396 1549 5406 -
1570 5377 1592 5420 44
1609 5385 1662 5421 om.
1676 5373 1693 5420 S
1706 5396 1732 5408 -

409 5445 440 5495 28
468 5446 527 5493 noui
545 5444 639 5493 BESV
658 5468 684 5478 -
704 5449 760 5492 uter
771 5443 866 5491 Orestes
882 5448 951 5502 essct,
968 5442 1071 5502 Pntodes
1083 5442 1191 5491 Orestem
1209 5456 1269 5493 nos:
1288 5449 1345 5492 uter
1361 5450 1463 5494 orestem
1481 5446 1526 5496 BE
1542 5447 1593 5507 (bic
1605 5447 1736 5509 sineutcrl

410 5520 490 5580 GSV,
514 5519 562 5569 sed
581 5520 640 5568 inS
662 5525 718 5567 uter
733 5524 793 5568 44444
810 5524 900 5569 4444444
914 5518 1009 5580 pilades
1030 5520 1054 5566 in
1075 5531 1157 5578 marg.
1178 5530 1213 5568 ns.
1232 5518 1262 5576 2,
1287 5518 1313 5567 in
1337 5519 1370 5576 E,
1393 5522 1422 5567 ut
1438 5519 1556 5579 videtur,
1579 5526 1635 5570 uter
1651 5535 1737 5571 444444

409 5600 470 5646 esset
486 5597 581 5644 Orestes
599 5594 701 5654 0444444
718 5607 867 5657 superscr.,
891 5595 953 5643 item
971 5605 1005 5641 44
1025 5593 1093 5641 inter
1111 5593 1206 5641 Orestes
1223 5597 1249 5642 et
1266 5594 1383 5654 Pylades,
1407 5595 1463 5654 qais
1478 5600 1538 5643 44444
1554 5600 1652 5655 orestes,
1667 5596 1736 5658 pito-

410 5672 451 5719 dss
473 5684 498 5720 44
517 5675 620 5719 orestem
644 5671 681 5727 D;
712 5677 769 5719 uter
789 5674 849 5719 44444
870 5670 980 5728 Orestes,
1001 5668 1105 5727 Pylades
1122 5668 1231 5717 Orestem
1252 5669 1289 5724 0;
1322 5668 1482 5716 mutavimus
1505 5668 1530 5717 in
1553 5668 1655 5730 vulgata
1676 5676 1737 5719 44444

411 5746 506 5794 Orestes
524 5743 666 5793 verborum
686 5746 857 5806 positionem,
877 5746 938 5807 quia
956 5745 1107 5807 praeposito
1125 5743 1234 5794 demum
1252 5745 1348 5793 Orestes
1368 5743 1476 5793 lacunae
1496 5745 1568 5805 origo
1586 5744 1614 5791 tit
1631 5746 1736 5807 perspi-

411 5833 460 5869 cua
482 5847 508 5855 -
533 5820 573 5868 49.
592 5832 643 5868 4444
658 5833 684 5867 44
701 5819 729 5876 E,
748 5819 836 5868 om.D
857 5846 883 5855 -
902 5820 1019 5868 diceret-
1030 5844 1043 5855 -
1055 5824 1158 5867 orestem
1174 5832 1200 5868 44
1216 5833 1265 5869 esse
1282 5821 1301 5868 G
1320 5820 1345 5868 in
1365 5831 1447 5879 marg.
1467 5817 1588 5882 suppleta
1607 5818 1688 5868 babet
1705 5844 1732 5856 -

408 5908 457 5957 pro
473 5895 540 5944 col)
562 5921 585 5930 -
606 5894 647 5943 30.
664 5893 895 5955 persuadeantur
914 5916 941 5929 -
961 5894 1000 5944 04.
1015 5895 1081 5956 quod
1099 5894 1180 5959 Vper
1197 5906 1285 5957 comp.
1306 5922 1332 5932 -
1352 5893 1488 5943 arbitraris
1503 5894 1521 5943 S
1539 5917 1567 5929 -
1586 5895 1613 5941 44
1628 5907 1657 5943 rs
1673 5907 1736 5944 44444

411 5966 1332 6033 D-indicobntD,indicobitE-33.uidsorblsG-qaodli.
