4342 7459
350 1230 414 1300 708
891 1227 945 1294 llll
968 1226 1139 1294 osricus

351 1397 488 1481 quisque
513 1399 619 1455 teneat
647 1398 679 1456 et
699 1410 805 1474 neque
826 1389 988 1453 tenuiores
1010 1397 1140 1473 propter
1161 1385 1370 1451 humilitatem
1392 1388 1688 1452 circumveniantur

352 1508 459 1571 neque
486 1484 695 1569 locupletibus
721 1485 761 1548 ad
789 1503 848 1546 sua
875 1483 927 1546 vel
953 1484 1090 1546 tenenda
1119 1483 1170 1548 vel
1196 1482 1416 1565 recuperanda
1443 1481 1529 1545 obsit
1548 1482 1685 1557 invidia,

352 1590 532 1666 praeterea,
555 1579 806 1662 quibuscumque
827 1578 921 1641 rebus
946 1577 995 1641 vel
1017 1578 1094 1641 belli
1117 1577 1167 1642 vel
1189 1576 1276 1639 domi
1299 1583 1462 1659 poterunt,
1483 1594 1552 1640 rena
1574 1575 1686 1659 publi·

353 1695 421 1739 mm
449 1680 586 1756 augeant
614 1673 765 1756 imperio,
794 1673 895 1754 agria,
925 1671 1144 1752 vectigalibus.
1194 1671 1281 1734 llaec
1309 1689 1492 1754 magnorum
1513 1668 1684 1735 bominum

329 1778 444 1843 esunt,
471 1768 551 1832 baec
579 1767 663 1849 apud
692 1767 827 1829 maiores
849 1772 974 1828 nostros
995 1763 1155 1839 factitata,
1181 1763 1261 1827 baec
1282 1782 1398 1848 genera
1419 1760 1601 1829 officiorum
1625 1765 1684 1849 spui

353 1870 561 1947 persecuntur
582 1879 653 1923 cum
676 1879 798 1923 summa
820 1859 957 1922 utilitate
978 1859 1023 1921 rei
1046 1858 1192 1940 publicae
1214 1876 1359 1941 magnam
1382 1858 1442 1942 ipsi
1463 1857 1686 1942 adipiscentur

353 1966 385 2019 et
399 1956 537 2038 ¹gratiam
560 1962 594 2018 et
614 1954 758 2036 gloriam.

437 2046 491 2110 86.
523 2050 560 2112 lu
588 2047 637 2110 bis
667 2054 772 2110 autem
804 2046 972 2108 utilitatum
995 2044 1173 2128 praeceptis
1195 2045 1361 2129 Antipater
1382 2045 1514 2130 Tyrius,
1543 2046 1684 2123 Stoicus,

354 2143 410 2227 qui
431 2142 563 2206 Athenis
594 2160 696 2222 nuper
718 2149 767 2203 est
787 2147 947 2212 mortuus,
976 2137 1041 2200 duo
1064 2141 1232 2223 praeterita
1254 2147 1364 2203 censet
1385 2159 1456 2203 esse
1477 2160 1497 2203 a
1519 2141 1683 2216 Panaetio,

316 2235 544 2300 toraletudiuis
567 2234 763 2298 curationem
786 2243 818 2297 et
840 2232 1011 2315 pecuniae:
1033 2251 1112 2317 quas
1131 2252 1222 2297 resa
1241 2253 1366 2296 summo
1380 2231 1572 2318 pbilosopbo
1590 2254 1684 2319 prae·

354 2331 462 2394 toritas
490 2330 641 2402 arbitror,
671 2328 758 2411 quod
789 2334 896 2390 esseut
923 2325 1047 2402 faciles3
1078 2337 1154 2391 sunt
1180 2335 1265 2392 certe
1295 2328 1400 2391 utiles.
1444 2328 1507 2391 Sed
1530 2329 1682 2394 valetudo

354 2429 547 2488 sustentatur
574 2422 688 2486 notitia
715 2423 764 2485 sui
787 2422 928 2505 corporis
949 2429 981 2484 et
1002 2422 1242 2496 observatione,
1273 2441 1428 2505 quaeres
1450 2432 1506 2486 aut
1526 2423 1682 2507 prodesse

354 2516 478 2580 soleant
505 2523 560 2580 aut
586 2518 715 2590 obessa,
749 2524 781 2578 et
801 2516 993 2579 coutinentia
1015 2516 1049 2577 in
1071 2516 1157 2579 victu
1180 2515 1264 2579 omui
1294 2525 1394 2599 atqua
1423 2517 1509 2581 cultu
1537 2518 1682 2600 corporis

353 2608 465 2672 tuendi
485 2628 580 2672 causa
603 2605 902 2693 [praetermittendis
918 2603 1164 2692 voluptatibusl,
1185 2618 1347 2691 postremo
1369 2618 1437 2673 arte
1457 2629 1579 2684 eorum,
1602 2629 1683 2694 quo-

278 2737 286 2765 ·
317 2715 423 2766 terum
445 2702 485 2767 ad
507 2703 671 2766 scientiam
693 2702 772 2766 baec
793 2705 962 2785 pertineat
1005 2700 1057 2765 87.
1079 2705 1141 2766 lles
1158 2710 1264 2766 autem
1280 2702 1444 2767 familiaris
1460 2704 1571 2787 quaeri
1587 2702 1683 2767 debet

354 2796 394 2860 iis
415 2796 525 2872 robus,
547 2816 566 2860 a
588 2794 702 2882 quibus
724 2797 814 2860 abest
835 2797 1015 2881 turpitudo,
1037 2797 1219 2860 conservari
1242 2804 1348 2860 autem
1370 2797 1533 2881 diligentia
1555 2805 1589 2862 et
1610 2816 1683 2883 pau·

354 2890 500 2965 simonia,
522 2890 640 2954 eisdem
663 2891 758 2954 etiam
779 2889 875 2954 rebus
897 2891 1017 2974 augeri.
1047 2890 1127 2970 ¹llas
1149 2910 1200 2953 ras
1223 2890 1475 2955 commodissime
1498 2889 1682 2975 Xenophon

354 2984 534 3048 Socraticus
556 2992 740 3067 persecutus
763 2991 811 3048 eat
832 2984 864 3046 iu
888 3006 926 3047 eo
941 2985 1040 3059 libro,
1054 2985 1111 3068 qui
1128 2983 1360 3049 Oeconomicus
1375 2983 1569 3059 inscribitur,
1583 3004 1681 3068 quesn

354 3099 430 3154 nos,
458 3079 518 3141 ista
538 3077 605 3142 tere
626 3085 728 3141 aetate
751 3098 822 3141 cum
844 3098 1004 3153 essemus,
1033 3098 1153 3163 quaes
1175 3089 1209 3143 tu
1232 3099 1332 3154 nuuc,
1354 3098 1373 3143 e
1395 3078 1518 3143 Graeco
1540 3079 1574 3141 iu
1596 3079 1683 3142 Lati-

316 3184 428 3237 ssuum
456 3173 676 3237 convertimus.
720 3172 783 3235 Sed
811 3181 879 3236 toto
908 3176 968 3237 boc
995 3173 1035 3236 de
1062 3193 1195 3255 genere,
1224 3172 1265 3235 de
1286 3172 1488 3256 quaerenda,
1517 3170 1559 3235 de
1581 3172 1682 3237 collo·

352 3267 454 3332 cauda
475 3269 622 3352 pecunia,
645 3266 758 3332 vellem
780 3269 873 3330 etiam
897 3268 936 3329 de
958 3267 1093 3341 utenda,
1115 3266 1311 3330 commodius
1333 3285 1351 3329 a
1373 3266 1563 3350 quibusdam
1587 3273 1683 3350 optu-

354 3364 413 3426 mis
440 3364 515 3425 viris
545 3362 584 3425 ad
606 3363 716 3425 lanum
739 3363 878 3426 medium
901 3361 1086 3425 sedentibus
1117 3380 1211 3443 quam
1237 3361 1277 3424 ab
1299 3360 1373 3424 ullis
1396 3359 1595 3444 pbilosopbis
1617 3360 1684 3425 ulla

353 3457 386 3519 iu
415 3456 522 3520 ecbola
551 3457 737 3540 disputatur.
790 3458 870 3520 Sunt
897 3465 1003 3519 tamen
1026 3475 1063 3518 ea
1086 3454 1319 3538 cognoscenda3
1351 3456 1511 3538 pertineat
1532 3455 1619 3518 euim
1640 3452 1682 3517 ad

353 3550 538 3624 utilitatem,
561 3552 601 3613 dc
623 3570 685 3634 qua
706 3551 768 3614 boe
791 3551 871 3613 libro
895 3550 1088 3631 disputatum
1111 3558 1169 3612 est.

315 3653 345 3701 st
438 3644 538 3707 XXV.
558 3641 609 3706 88.
632 3642 695 3706 Sed
718 3643 887 3707 utilitatum
909 3644 1117 3726 comparatio,
1140 3645 1289 3727 quoniam
1312 3642 1364 3706 bic
1385 3642 1474 3706 locus
1496 3649 1564 3706 erat
1584 3661 1683 3727 quar·

352 3745 423 3812 tus,
450 3737 639 3800 aPauaatio
660 3738 921 3820 praetermissus,
950 3756 1044 3820 saepe
1075 3747 1124 3800 est
1152 3738 1338 3802 necessaria.
1382 3738 1461 3800 llam
1483 3744 1515 3799 et
1536 3737 1682 3821 corporis

352 3830 516 3895 commoda
546 3851 616 3895 cum
640 3830 779 3893 externis
803 3825 847 3913 [et
868 3837 1093 3894 anternacum
1115 3827 1271 3916 corporis]
1302 3839 1334 3894 et
1354 3830 1423 3916 ipsa
1445 3830 1529 3894 iuter
1550 3852 1587 3895 se
1609 3851 1683 3895 cor·

351 3925 439 4008 poris
460 3932 492 3988 et
511 3932 643 3987 externa
664 3944 736 3988 cum
759 3924 899 3986 externis
921 3926 1094 4009 comparari
1117 3926 1231 3988 solent.
1275 3924 1353 3989 Cum
1375 3928 1514 3990 externis
1537 3926 1682 4011 corporis

352 4017 414 4081 boc
436 4017 531 4080 modo
553 4026 789 4101 comparantur,
812 4016 917 4081 valere
939 4028 974 4083 ut
996 4021 1087 4084 malis
1109 4041 1202 4104 quam
1225 4021 1315 4085 dives
1338 4040 1419 4096 ease,
1437 4018 1522 4106 [cum
1536 4024 1682 4105 corporis

314 4121 481 4175 ttexterua
503 4109 562 4174 boc
584 4111 692 4185 modo,
719 4110 809 4174 dives
838 4132 909 4174 esse
937 4116 1043 4197 potius
1068 4135 1163 4197 qnam
1187 4115 1342 4178 maxumis
1365 4115 1506 4197 corporis
1530 4110 1679 4198 viribus,]

351 4208 418 4291 ipsa
440 4207 523 4269 iuter
543 4226 578 4268 ae
600 4206 741 4288 corporis
763 4208 820 4282 sic,
842 4217 877 4270 ut
899 4209 982 4269 bona
1002 4206 1151 4270 valetudo
1175 4208 1328 4291 voluptati
1351 4218 1569 4291 anteponatur,
1592 4208 1681 4273 vires

351 4302 514 4374 celeritati,
536 4308 736 4363 externorum
759 4310 875 4375 autem,
898 4309 932 4363 ut
954 4300 1055 4381 gloria
1074 4301 1209 4374 divitiis,
1227 4301 1390 4382 vectigalia
1405 4302 1524 4365 urbana
1539 4302 1681 4366 rusticis.

351 4392 402 4456 89.
431 4396 481 4456 Ex
503 4415 567 4477 quo
589 4415 705 4476 genere
731 4396 974 4477 comparationis
1005 4393 1084 4458 illud
1114 4403 1162 4458 est
1184 4396 1312 4459 Catonis
1342 4396 1443 4458 acuis:
1475 4414 1681 4478 aquosum

351 4496 570 4570 quaereretur,
593 4488 670 4569 quid
694 4508 839 4551 maxume
862 4488 895 4550 iu
918 4507 951 4551 re
972 4487 1117 4550 familiari
1140 4486 1325 4572 expediret?
1354 4489 1538 4571 respoudit:
1571 4491 1683 4554 «Bene

312 4591 509 4662 repascerer
540 4580 625 4655 Quid
648 4581 844 4644 secuudum?
875 4582 977 4645 «Satis
1000 4583 1081 4646 bene
1103 4602 1260 4666 pascerer
1292 4583 1378 4659 Quid
1400 4584 1548 4646 tertium?
1574 4583 1682 4647 rblalc

350 4693 509 4757 pasceres
541 4674 626 4749 Quid
648 4680 818 4757 quartum?
849 4678 996 4739 «Arare»
1040 4679 1080 4738 Et
1103 4698 1173 4740 cum
1196 4677 1265 4750 ille,
1287 4678 1343 4760 qui
1366 4677 1561 4759 quaesierat,
1577 4675 1683 4741 dixis-

414 4966 439 5014 2.
457 4961 616 5026 locupletibus
632 4974 714 5013 omo
733 4988 759 4998 -
779 4963 892 5028 tenendo]
909 4965 1002 5015 mado
1020 4976 1060 5028 cp
1081 4992 1105 5004 -
1127 4966 1152 5016 3.
1165 4966 1401 5017 aeldomiasctbetli
1418 4976 1432 5017 c
1452 4992 1480 5004 -
1499 4965 1567 5016 bellis
1585 4967 1682 5019 ettae

351 5065 379 5076 -
392 5041 416 5091 5.
429 5040 519 5101 lectita
534 5052 551 5099 p
571 5065 597 5075 -
618 5040 641 5090 ti.
652 5044 817 5102 peramanter
835 5041 917 5101 RHp:
934 5047 1120 5104 peraequantur
1136 5043 1212 5103 abp3
1227 5048 1406 5104 perconantur
1422 5054 1437 5092 o
1456 5066 1483 5078 -
1502 5042 1684 5104 odipbeaetas·

349 5126 430 5179 op-
454 5116 478 5165 8.
499 5114 587 5176 lpum
603 5126 687 5176 om.p
715 5137 742 5148 -
770 5114 793 5163 9.
812 5120 925 5162 mortuus
941 5120 976 5163 est
992 5129 1072 5179 nuper
1090 5118 1109 5167 B
1129 5144 1156 5153 -
1177 5118 1318 5179 praeterito
1334 5118 1560 5168 tremetossie
1580 5142 1608 5152 -
1629 5128 1683 5167 esse

348 5201 431 5240 omo
455 5215 483 5225 -
507 5192 546 5239 tt.
565 5188 718 5237 sustineatur
734 5198 771 5249 op
794 5214 820 5223 -
846 5188 885 5239 ti.
906 5192 999 5239 tuendo
1014 5203 1031 5253 p
1056 5220 1082 5228 -
1106 5205 1184 5242 conso
1201 5198 1224 5241 et
1238 5193 1463 5254 praetermittendis
1479 5203 1494 5242 o
1511 5218 1544 5228 -
1558 5198 1682 5253 pamer-

346 5266 472 5314 mittends‘s
487 5262 656 5325 uoluptatibus
672 5261 723 5312 del.
739 5264 830 5312 Helue.
851 5288 878 5297 -
898 5277 957 5313 arce
974 5266 995 5314 ll
1015 5291 1042 5302 -
1062 5267 1103 5317 46.
1121 5269 1152 5315 iis
1170 5267 1225 5316 Bb:
1244 5267 1281 5315 bis
1298 5268 1375 5330 Hsp,
1393 5268 1440 5329 hijs
1456 5279 1471 5317 c
1489 5291 1516 5301 -
1537 5266 1577 5315 li.
1596 5266 1681 5319 Isdem

347 5353 371 5400 o,
389 5340 481 5389 hisdem
497 5353 514 5400 p
533 5361 560 5375 -
580 5351 673 5401 capere
688 5339 734 5387 boe
751 5349 765 5387 o
784 5364 811 5373 -
839 5339 1095 5400 lacrumarum
1112 5354 1178 5389 onoc
1195 5343 1332 5404 depraeca
1349 5355 1365 5404 p
1384 5366 1410 5375 -
1436 5342 1476 5391 20.
1496 5342 1545 5391 Sed
1561 5346 1615 5392 toto
1632 5344 1680 5393 boe

346 5416 377 5465 de
392 5429 481 5479 penem
492 5440 527 5450 --
538 5416 583 5464 boc
599 5414 662 5462 libro
679 5415 831 5476 dispalatam
847 5421 882 5464 est
904 5428 918 5463 e
937 5413 995 5476 §90
1019 5415 1072 5464 huc
1096 5417 1257 5478 transposuit
1275 5416 1367 5478 Unger.
1399 5441 1426 5450 -
1456 5417 1486 5466 de
1507 5421 1569 5466 aute
1586 5430 1681 5479 pestere

346 5490 477 5551 ombop
497 5516 523 5525 -
544 5489 649 5537 deaute
667 5490 811 5550 quaerenda
829 5501 913 5538 oms
932 5515 959 5524 -
984 5491 1394 5552 st.uesomop:0m.1snsn
1420 5517 1446 5527 -
1473 5490 1513 5540 22.
1532 5492 1626 5541 laeum
1644 5506 1678 5542 o:

344 5566 438 5613 menae
455 5563 570 5624 Bilabp
589 5587 617 5596 -
636 5561 676 5611 23.
695 5562 831 5611 satietati:
850 5564 918 5613 scoto
934 5565 1019 5613 Baba
1039 5591 1065 5599 -
1085 5566 1126 5614 27.
1140 5572 1163 5614 et
1180 5571 1284 5615 caterno
1296 5591 1332 5602 --
1344 5579 1401 5615 cnm
1412 5568 1522 5615 παππία
1539 5578 1594 5615 om.
1611 5568 1633 5618 Η
1651 5595 1678 5605 -

345 5635 370 5679 ct
384 5634 491 5679 externo
505 5641 563 5677 men
579 5629 692 5690 corporis
709 5627 761 5678 del.
776 5630 869 5691 Unger.
896 5655 922 5664 -
950 5631 1062 5691 corporis
1077 5644 1134 5679 cum
1151 5645 1255 5693 corpore
1272 5637 1295 5681 et
1311 5637 1417 5682 σωισηια
1433 5645 1463 5691 ος
1488 5633 1603 5694 corporis
1619 5647 1680 5683 casn

344 5717 448 5765 oospore
464 5708 603 5764 eatenap
627 5727 654 5737 -
681 5702 721 5751 29.
741 5704 816 5751 malis
832 5716 909 5767 qaum
926 5705 995 5753 diaes
1012 5717 1062 5753 esse
1078 5710 1101 5753 et
1115 5707 1200 5766 potios
1217 5719 1293 5766 qoam
1308 5706 1462 5768 moaimisp
1488 5732 1514 5743 -
1541 5719 1600 5756 mm
1618 5721 1681 5758 cos·-

340 5781 460 5840 ports·-
471 5778 584 5839 corpors's
600 5777 695 5827 simbus
713 5775 764 5827 det.
779 5779 873 5841 Unger.
895 5805 922 5814 -
947 5779 987 5829 et.
1006 5779 1178 5828 Eateruorom
1195 5786 1285 5829 auten.
1305 5780 1476 5829 Extemonsm
1491 5785 1518 5829 set
1535 5792 1551 5828 c
1576 5806 1604 5816 -
1635 5783 1679 5834 33.

344 5854 539 5914 comparationis
556 5863 640 5914 emp
660 5877 688 5888 -
706 5864 724 5900 s
740 5865 789 5915 qao
806 5852 976 5913 conectatur
992 5865 1009 5915 p
1029 5878 1055 5888 -
1076 5852 1116 5903 35.
1131 5855 1195 5916 Quid
1206 5853 1326 5905 tertiam?
1342 5855 1409 5906 itote
1422 5867 1526 5918 pascere
1543 5866 1599 5918 op:
1620 5870 1679 5909 om.

344 5928 456 5978 Bitsb.
486 5928 525 5978 ct.
544 5925 689 5977 Columella
707 5929 735 5978 a.
750 5930 779 5978 tt.
802 5929 846 5989 vt,
864 5930 948 5993 praet.
969 5928 1020 5991 st.
