4342 7459
438 1257 501 1324 639
1016 1254 1187 1319 Laenius

438 1427 504 1484 tun
527 1417 661 1490 elevare,
683 1422 748 1480 tum
770 1414 853 1479 lerre
875 1414 1027 1498 sapientis
1049 1423 1105 1478 est.
1142 1414 1209 1477 Una
1229 1414 1284 1477 illa
1307 1412 1472 1479 subeunda
1493 1422 1543 1479 est
1563 1413 1710 1492 offensio,
1730 1421 1767 1481 nt

439 1522 471 1576 et
493 1512 611 1574 utilitas
640 1511 673 1572 in
702 1510 840 1573 amicitia
869 1518 901 1572 et
927 1505 1005 1571 fides
1027 1510 1222 1582 retineatur3
1256 1528 1328 1573 nam
1352 1517 1384 1572 et
1405 1509 1555 1574 monendi
1576 1511 1669 1574 amici
1691 1516 1766 1575 runt

439 1626 534 1689 saepe
563 1613 596 1667 et
623 1603 830 1687 obiurgandi,
863 1611 896 1666 et
922 1603 1001 1667 baec
1030 1601 1215 1685 accipienda
1241 1604 1359 1679 amice,
1390 1624 1461 1667 cnm
1490 1603 1647 1668 benevole
1674 1602 1765 1666 finnt.

439 1697 490 1761 89.
519 1695 580 1761 Sed
607 1697 715 1761 nescio
741 1716 806 1780 qno
834 1694 928 1760 modo
954 1717 1062 1761 vorum
1091 1704 1156 1771 est,
1187 1695 1273 1782 qnod
1297 1698 1331 1760 in
1352 1698 1469 1762 Andria
1489 1696 1655 1762 familiaris
1675 1713 1766 1762 maus

414 1793 533 1859 adicit:

565 1875 810 1961 Obsequium
840 1876 1000 1948 amicos,
1035 1876 1191 1940 veritas
1221 1875 1352 1939 odium
1382 1876 1500 1960 parit.

437 1979 571 2044 Molesta
596 1979 729 2053 4444444,
759 1979 786 2041 si
816 1978 945 2061 quidem
974 1997 1014 2040 ex
1044 1997 1082 2041 ea
1110 1979 1251 2042 nascitur
1277 1978 1402 2054 odium,
1429 1977 1515 2063 quod
1537 1986 1587 2043 est
1607 1997 1766 2043 venonam

437 2072 604 2146 amicitiae,
626 2071 683 2135 sed
705 2072 895 2154 obsequium
918 2071 1018 2133 multo
1040 2071 1221 2145 molestius,
1237 2072 1323 2154 quod
1339 2073 1476 2153 peccatis
1491 2071 1661 2155 indulgens
1676 2091 1768 2157 praa·

438 2166 565 2249 cipitem
588 2166 721 2230 amicum
742 2165 818 2228 l'erri
841 2165 926 2228 sinit.
963 2166 1101 2227 Maxima
1122 2174 1228 2229 autem
1251 2166 1342 2249 culpa
1363 2166 1396 2228 in
1412 2185 1466 2240 eo,
1482 2165 1538 2248 qui
1554 2173 1586 2229 44
1601 2166 1767 2231 4449444444

400 2266 625 2341 toaspernatnr
653 2268 684 2324 et
710 2260 744 2322 in
770 2258 913 2322 fraudem
942 2259 1097 2342 obsequio
1122 2258 1295 2341 inpellitur.
1346 2258 1440 2322 Omni
1466 2260 1564 2340 igitur
1590 2259 1651 2323 bac
1676 2260 1712 2325 in
1733 2279 1768 2323 ra

437 2351 583 2415 habenda
612 2354 693 2416 ratio
723 2360 755 2416 ct
777 2351 942 2435 diligentia
964 2359 1029 2427 est,
1061 2352 1198 2435 primum
1220 2362 1256 2416 ut
1278 2353 1409 2416 monitio
1430 2351 1618 2428 acerbitate,
1649 2352 1768 2418 deinde

437 2452 473 2508 nt
493 2444 671 2528 obiurgatio
694 2448 884 2511 contu-elia
907 2455 1021 2510 careat
1065 2448 1101 2509 ln
1130 2447 1285 2530 obsequio
1316 2454 1441 2521 antem,
1470 2447 1621 2529 qnoniam
1647 2448 1769 2512 Teren·

437 2540 524 2603 tiano
547 2540 643 2603 verbo
665 2540 811 2605 lubenter
834 2542 966 2615 utimur,
982 2540 1115 2604 comitas
1129 2541 1228 2615 adsit,
1243 2540 1435 2615 adsentatio,
1453 2540 1601 2604 vitiorum
1616 2541 1768 2618 adiutrix,

438 2633 549 2717 procul
571 2645 768 2707 amoveatur,
800 2655 883 2719 quae
905 2656 971 2698 non
993 2635 1087 2698 modo
1109 2635 1229 2709 amico,
1258 2633 1314 2695 sed
1335 2653 1376 2695 no
1398 2633 1498 2697 libero
1520 2634 1650 2718 quidam
1670 2633 1769 2719 digna

400 2736 509 2804 taest;
532 2729 626 2792 aliter
647 2731 731 2794 eninr
753 2751 825 2794 cum
847 2738 991 2815 tyranno,
1013 2729 1106 2793 aliter
1129 2750 1199 2791 cnm
1223 2728 1325 2790 amico
1347 2728 1472 2793 vivitur.
1515 2726 1567 2791 99.
1591 2726 1691 2791 Cuius
1713 2746 1768 2792 au·

438 2832 624 2887 tonantes
652 2822 776 2887 clausae
806 2826 928 2888 veritati
959 2833 1049 2898 sunt,
1081 2832 1116 2886 ut
1144 2821 1184 2885 ab
1212 2822 1313 2885 amico
1343 2841 1454 2886 verum
1481 2822 1592 2886 andire
1613 2828 1767 2907 nequeat,

437 2916 532 2980 buius
559 2916 646 2979 salus
674 2916 870 2999 desperanda
893 2924 950 2981 est.
996 2918 1115 2980 Scitum
1138 2923 1186 2979 est
1208 2916 1292 2980 enim
1316 2915 1396 2978 illud
1419 2915 1566 2990 Catonis,
1594 2922 1630 2978 ut
1652 2913 1767 2979 mulla:

438 3010 551 3073 melius
581 3011 622 3073 de
648 3012 838 3093 quibusdam
864 3011 996 3075 acerbos
1018 3012 1164 3075 inimicos
1188 3009 1317 3082 mercii,
1346 3028 1442 3091 quam
1464 3028 1520 3072 eos
1542 3010 1681 3083 amicos,
1712 3008 1768 3092 qni

438 3106 546 3170 dulces
570 3106 750 3171 videantur:
772 3108 845 3171 illae
868 3127 976 3170 verum
999 3126 1094 3189 saepe
1117 3106 1239 3177 dicero,
1260 3102 1319 3164 bos
1342 3122 1525 3188 numquam.
1561 3105 1668 3185 Atque
1688 3100 1780 3166 ulad

399 3199 620 3274 ttabsurdum,
643 3202 729 3285 qnod
750 3200 785 3275 ii,
807 3203 864 3284 qni
886 3208 1065 3274 monentur,
1089 3219 1158 3262 eam
1180 3198 1370 3270 molestiam,
1393 3217 1489 3281 quam
1511 3197 1629 3260 debent
1643 3215 1767 3281 capara

436 3313 502 3356 non
524 3295 669 3376 capiunt,
696 3314 766 3358 earn
789 3296 933 3377 capiunt,
962 3314 1024 3377 qua
1051 3293 1168 3357 debent
1194 3313 1315 3357 vacare.
1365 3294 1517 3355 Pecoasse
1539 3289 1624 3354 anim
1647 3309 1683 3354 se
1703 3309 1768 3354 aon

437 3397 611 3469 anguntur,
627 3388 787 3471 obiurgari
803 3390 935 3452 moleste
949 3388 1071 3451 lerunt:
1095 3386 1181 3472 quod
1196 3396 1306 3451 contra
1319 3387 1501 3471 oportebat,
1517 3385 1635 3449 delicto
1650 3383 1768 3458 dolare,

439 3482 634 3544 correctione
656 3483 804 3563 gaudere.

526 3576 625 3637 XXV.
652 3572 704 3637 94.
733 3576 772 3638 94
793 3576 889 3659 igitur
910 3585 942 3639 et
964 3596 1092 3639 monere
1114 3584 1146 3638 et
1168 3576 1287 3639 moneri
1315 3577 1480 3661 proprium
1503 3584 1668 3640 estserae
1689 3572 1768 3638 anri·

400 3669 532 3736 tacitiae
562 3677 593 3732 et
620 3670 751 3732 alterum
780 3670 878 3732 libere
900 3670 1017 3743 lacere,
1040 3689 1102 3732 non
1125 3689 1253 3752 aspere,
1275 3670 1409 3733 altorum
1433 3669 1591 3750 patienter
1613 3668 1768 3751 accipere,

440 3782 504 3825 non
539 3770 771 3845 repugnanter,
802 3764 848 3825 sic
875 3762 1056 3826 babendum
1086 3772 1135 3825 est
1164 3763 1285 3826 nullam
1312 3764 1344 3826 in
1373 3765 1519 3827 amicitiis
1548 3772 1671 3847 pectem
1697 3777 1767 3824 esse

441 3856 590 3919 maiorem
614 3875 710 3939 qnam
732 3857 960 3931 adulationem,
989 3856 1189 3931 blanditiam,
1214 3857 1482 3922 adsentationem:
1514 3855 1661 3942 quamvis
1681 3855 1767 3919 eninr

441 3950 549 4013 multia
571 3951 752 4013 nominibus
774 3958 823 4013 eet
844 3950 905 4013 boc
928 3951 1039 4014 vitium
1061 3950 1235 4013 notandum
1260 3950 1376 4012 levium
1399 3952 1562 4014 bominum
1590 3957 1688 4031 atquo
1709 3948 1769 4012 ial-

441 4045 570 4118 lacium,
593 4044 632 4108 ad
656 4044 849 4107 voluntatem
873 4045 1071 4127 loquentium
1096 4044 1216 4117 omnia,
1238 4044 1319 4106 nihil
1342 4045 1381 4107 ad
1404 4046 1578 4108 veritatem.
1614 4041 1667 4106 99.
1691 4044 1768 4108 Cum

401 4148 545 4204 eoautem
568 4140 708 4202 amnium
732 4160 835 4202 rerum
858 4138 1018 4202 simulatio
1041 4140 1152 4202 vitiosa
1176 4147 1224 4201 est
1249 4173 1291 4186 -
1319 4141 1400 4203 tollit
1422 4142 1504 4202 enim
1528 4140 1680 4202 iudicium
1703 4139 1769 4202 veri

441 4235 537 4319 idque
560 4234 715 4298 adulterat
737 4272 796 4308 -,
825 4243 890 4297 tum
918 4234 1077 4297 amicitiae
1104 4241 1259 4315 repugnat
1281 4236 1438 4308 maxime;
1473 4233 1557 4296 delet
1579 4233 1665 4296 eninr
1687 4235 1769 4296 veri·

439 4337 552 4402 tatem,
583 4329 653 4390 sine
684 4350 746 4411 qun
776 4348 892 4391 nomen
922 4329 1078 4390 amicitiae
1108 4327 1212 4390 valere
1239 4349 1302 4391 non
1333 4338 1446 4412 potest.
1497 4330 1573 4391 Nam
1597 4348 1669 4391 oum
1691 4326 1770 4390 ami·

440 4423 532 4485 ciliae
554 4423 602 4485 vis
625 4425 665 4484 ait
687 4424 718 4484 in
742 4444 797 4497 co,
821 4432 856 4485 nt
877 4444 959 4485 nnus
983 4422 1074 4504 quasi
1097 4421 1220 4484 animus
1244 4419 1297 4484 fiat
1319 4442 1360 4484 ex
1383 4423 1541 4505 pluribus,
1565 4423 1620 4505 qui
1645 4421 1678 4484 id
1699 4421 1768 4484 fieri

440 4518 564 4598 poterit,
587 4518 613 4579 si
637 4536 676 4579 ne
700 4520 731 4579 in
755 4539 817 4581 uno
840 4519 968 4601 quidem
991 4535 1119 4599 qnoque
1143 4537 1225 4579 unus
1247 4517 1373 4579 animus
1393 4517 1453 4578 erit
1468 4516 1616 4599 idemque
1631 4536 1768 4598 semper,

401 4609 497 4673 cased
519 4612 640 4685 varius,
670 4612 917 4685 commutabilis,
949 4611 1141 4693 multiplex?
1184 4606 1235 4671 93.
1265 4610 1349 4685 Quid
1372 4611 1457 4673 enim
1479 4616 1676 4694 potestesse
1704 4618 1767 4673 tan

506 4911 529 4960 4.
548 4914 601 4959 tam
617 4910 698 4960 alacre
716 4911 736 4959 V
752 4938 784 4947 —
801 4910 928 4959 adcomda
946 4909 1083 4959 Facciolnli
1102 4912 1129 4958 ct
1146 4908 1249 4971 iladvig
1268 4910 1371 4972 [Opuso.
1386 4910 1415 4969 ll,
1426 4909 1498 4969 ital:
1516 4911 1544 4957 ia
1560 4903 1716 4958 4449444444ιῶ
1728 4909 1766 4968 Gt,

439 4988 466 5036 444
483 4984 708 5045 manaucatis,
735 4987 842 5034 tollenda
860 4983 892 5032 V²
909 4987 934 5034 in
952 4998 1060 5044 rasura,
1087 4984 1240 5033 rableaaada
1260 4985 1369 5035 DEG²0
1399 5012 1425 5019 -
1456 4989 1491 5033 cst
1507 4985 1609 5047 effossio
1627 4984 1765 5033 BEGSV:

439 5064 481 5124 off.
500 5067 534 5109 cst
556 5061 602 5109 90
631 5087 656 5096 -
687 5061 711 5107 9.
731 5061 877 5109 utilitate:
900 5061 1031 5109 4444494440
1059 5086 1082 5094 —
1117 5061 1192 5109 amici
1209 5064 1266 5109 444444
1282 5072 1354 5120 socpc
1371 5060 1407 5107 G:
1430 5064 1487 5106 sant
1504 5071 1576 5119 saepe
1593 5060 1670 5107 amici
1687 5058 1765 5118 BSV,

439 5136 514 5184 amici
531 5147 604 5195 saepo
619 5139 676 5181 444444
693 5134 766 5183 990
786 5160 813 5169 -
833 5133 855 5182 3.
875 5138 898 5182 44
914 5146 987 5195 saepo
1003 5137 1148 5197 accipienda
1164 5142 1221 5185 rant
1238 5138 1318 5183 amico
1334 5135 1351 5183 8
1371 5159 1397 5169 -
1417 5133 1527 5182 4444444444
1543 5132 1647 5190 9689,
1667 5136 1696 5182 ut
1712 5133 1766 5183 lere

439 5222 547 5273 semper
573 5233 600 5243 -
628 5209 652 5257 ’4.
672 5209 912 5269 4444494444144444448ι
932 5235 957 5242 -
983 5210 1007 5258 9.
1027 5211 1178 5259 animarat)
1199 5236 1221 5244 -
1243 5212 1298 5272 44444
1314 5210 1372 5257 sinit
1389 5209 1471 5267 969,
1490 5210 1548 5256 riait
1563 5209 1620 5270 flasi
1636 5209 1654 5257 8
1672 5233 1699 5244 -
1726 5208 1764 5258 to.

439 5286 561 5335 omnic:
580 5285 695 5332 4444444444
720 5310 746 5317 -
772 5285 811 5332 44.
831 5283 980 5333 acerbitato.
995 5291 1017 5333 ct
1034 5285 1209 5347 abiarpatioS
1234 5310 1261 5319 -
1287 5286 1327 5333 49.
1347 5284 1525 5332 terenciaaaG
1551 5305 1578 5318 -
1606 5282 1646 5331 ta.
1666 5282 1768 5332 49444444·

439 5361 549 5410 989-
569 5360 672 5408 comitas
690 5358 717 5417 E,
736 5358 784 5407 sed
802 5357 930 5422 sup.lin.,
948 5373 1028 5408 comcs
1044 5360 1260 5408 ueritas—-assit
1277 5360 1351 5408 968
1370 5384 1397 5394 -
1430 5359 1469 5408 tt.
1487 5360 1658 5408 moueaturG
1684 5384 1711 5395 -
1736 5369 1767 5407 aa

440 5433 594 5498 Geoplin.
615 5461 641 5469 -
663 5436 701 5484 ta.
720 5434 793 5497 caim]
811 5439 896 5484 44444444
913 5436 929 5483 S
949 5462 975 5469 -
1002 5436 1075 5483 aliter
1091 5448 1148 5483 cum
1165 5435 1410 5494 amico--osquoat
1430 5432 1525 5482 om.V
1551 5459 1578 5469 -
1607 5433 1648 5481 46.
1667 5432 1767 5482 ueritati

439 5510 577 5560 4444444440
599 5536 622 5545 -
644 5510 733 5558 audire
748 5521 837 5557 44444444
855 5510 875 5558 9
894 5535 920 5544 -
943 5510 981 5558 ti.
1000 5513 1096 5557 catonis
1112 5510 1189 5557 matta
1205 5508 1292 5556 malias
1310 5508 1377 5556 989
1397 5533 1423 5543 -
1444 5509 1483 5558 to.
1501 5508 1719 5568 saepimenta
1737 5530 1764 5544 -

440 5587 481 5636 90.
493 5587 518 5634 bi
536 5585 660 5634 BDGSV
678 5610 705 5619 -
724 5589 856 5631 moueatur
873 5585 889 5632 S
910 5609 934 5619 -
955 5586 996 5633 94.
1015 5599 1064 5632 ana
1081 5598 1107 5633 44
1123 5588 1252 5646 aapaotar
1269 5583 1363 5632 9689
1384 5610 1411 5618 -
1434 5584 1475 5632 99.
1494 5595 1544 5646 qao
1562 5582 1583 5630 V
1603 5608 1630 5619 -
1650 5584 1691 5634 93.
1710 5595 1767 5632 cor·

439 5663 564 5725 ripaticos
581 5661 600 5709 E
619 5686 646 5696 -
670 5658 711 5709 94.
730 5659 855 5707 amicitiae
871 5672 948 5707 ocrac
964 5660 984 5706 G
1005 5685 1031 5693 -
1056 5661 1096 5708 95.
1114 5659 1242 5720 pacienter
1259 5659 1367 5719 accipias
1382 5660 1402 5705 G
1422 5684 1449 5693 -
1468 5658 1509 5707 96.
1523 5658 1621 5706 amiciis
1637 5658 1654 5706 S
1672 5682 1700 5694 -
1724 5657 1764 5707 st.

440 5739 561 5786 maiorem
577 5749 627 5786 casa
644 5735 712 5785 989
732 5760 758 5770 -
778 5733 906 5783 btaditiam
924 5736 953 5792 6,
971 5733 1110 5782 blandicias
1129 5734 1149 5780 V
1168 5760 1194 5770 -
1214 5734 1278 5781 caim
1295 5746 1348 5781 am.
1364 5733 1382 5781 E
1403 5759 1429 5769 -
1453 5733 1493 5782 99.
1511 5733 1557 5781 boc
1572 5732 1683 5794 officiam
1699 5732 1718 5781 B
1736 5755 1764 5767 -

440 5813 533 5862 4444444444
548 5819 630 5862 tamea
648 5812 666 5860 B
688 5837 713 5846 -
735 5811 861 5873 fallatiam
879 5809 927 5858 GV
947 5835 973 5845 -
993 5810 1033 5858 99.
1053 5810 1087 5858 ad
1103 5809 1257 5858 uoluntatem
1274 5810 1303 5856 S:
1323 5809 1357 5857 ad
1373 5810 1527 5870 aolssptatcm
1544 5807 1668 5857 99969
1686 5830 1714 5843 -
1732 5806 1766 5856 ad

441 5890 573 5937 4449444444
588 5891 609 5937 6
627 5888 651 5936 in
666 5899 749 5949 marg.
763 5911 790 5921 -
810 5884 850 5935 ³0.
869 5890 904 5934 cst
920 5886 1010 5934 uitiosa
1026 5887 1046 5933 0
1066 5910 1093 5919 -
1112 5884 1153 5932 34.
1166 5884 1249 5948 idque]
1261 5890 1336 5945 alqaa
1354 5885 1372 5933 9
1392 5908 1419 5919 -
1439 5883 1478 5932 39.
1491 5883 1566 5947 quati
1583 5883 1680 5933 4444444444
1696 5882 1717 5933 t}
1736 5907 1764 5920 -·

442 5962 535 6028 quiid]
553 5963 613 6025 qaid
630 5962 688 6023 69,
706 5962 749 6028 qai
766 5962 809 6013 98
828 5988 855 5998 -
874 5959 916 6013 il.
934 5962 973 6013 sia
990 5961 1082 6011 44444444
1100 5958 1121 6006 V
1140 5984 1167 5996 -
1186 5959 1226 6010 ³5.
1240 5958 1333 6024 acdlsit
1349 5958 1368 6009 E
1387 5959 1491 6022 444444).
