4342 7459
448 1197 514 1265 706
986 1202 1042 1267 nit
1063 1202 1235 1268 osricus

447 1382 484 1427 so
505 1359 671 1446 populares
692 1360 805 1425 solunt
825 1360 867 1424 ob
887 1380 1025 1443 eamque
1045 1380 1173 1426 canum
1201 1369 1258 1426 ant
1278 1361 1431 1445 agrariam
1452 1383 1520 1430 rem
1541 1370 1718 1449 temptant,
1739 1376 1779 1436 nt

446 1474 648 1540 possessores
677 1454 836 1538 pellantur
863 1454 930 1520 suis
959 1454 1110 1529 sedibus,
1141 1462 1196 1517 aut
1228 1453 1378 1540 pecunias
1410 1456 1547 1522 creditos
1573 1457 1775 1528 debitoribus

447 1547 673 1614 condonandas
702 1555 829 1630 putant,
858 1546 1048 1611 labefactant
1073 1546 1279 1613 fundamenta
1305 1549 1537 1633 reipublicae:
1568 1554 1776 1622 concordia

446 1644 596 1725 primum,
626 1661 709 1725 quse
729 1660 801 1704 csse
823 1661 887 1704 non
909 1649 1029 1723 potest,
1051 1661 1123 1704 cum
1145 1641 1215 1706 aliis
1237 1641 1435 1717 adimuntur,
1454 1642 1529 1708 aliis
1549 1646 1777 1716 condonantur

423 1736 614 1819 specuniae,
636 1734 751 1799 deindo
773 1736 980 1818 aequitatem,
1003 1754 1085 1817 quae
1105 1735 1223 1798 tollitur
1236 1736 1356 1810 omnis,
1370 1736 1399 1798 si
1414 1735 1531 1800 habere
1545 1758 1639 1806 snum
1652 1741 1775 1826 cuique

446 1850 512 1894 non
539 1829 622 1895 licet
673 1828 708 1892 ld
731 1830 816 1894 enim
836 1837 886 1892 est
905 1827 1087 1911 proprium,
1115 1836 1269 1911 utsupra
1291 1829 1374 1904 dixi,
1394 1830 1533 1894 civitatis
1553 1839 1652 1918 etque
1671 1834 1775 1910 urbis,

445 1933 481 1989 ut
500 1926 543 1989 sit
563 1924 661 1988 libera
683 1930 715 1987 et
737 1943 801 1986 non
822 1921 961 1985 sollicita
981 1941 1058 1984 suae
1080 1922 1125 1984 rei
1149 1922 1303 2007 cuiusque
1325 1922 1479 1990 custodis.
1531 1921 1583 1990 79.
1611 1929 1718 2011 Atque
1738 1929 1774 1996 in

444 2017 505 2082 hac
527 2018 666 2103 pernicis
687 2018 734 2082 rei
755 2012 904 2099 publicae
926 2033 966 2080 ne
987 2014 1074 2080 illam
1097 2016 1230 2097 quidem
1249 2025 1508 2099 consequuntur,
1529 2038 1624 2102 quam
1647 2029 1774 2103 putant,

444 2113 588 2195 qratiam.
630 2113 710 2174 Nam
731 2112 782 2173 oui
804 2130 856 2173 res
878 2117 987 2192 erepta
1006 2118 1057 2173 est
1076 2118 1126 2171 est
1147 2109 1310 2174 inimicus:
1331 2111 1382 2176 cni
1402 2109 1477 2176 data
1498 2118 1548 2176 est
1567 2113 1664 2180 ιιίίιιι
1675 2114 1775 2184 dissi·

407 2206 546 2271 tumulat
567 2226 602 2269 se
624 2205 768 2287 accipere
790 2204 927 2268 voluisse
949 2211 982 2267 et
1003 2203 1140 2268 maxime
1162 2204 1195 2266 in
1216 2203 1361 2287 pecuniis
1381 2203 1512 2268 creditis
1525 2206 1773 2276 omulmsm

444 2298 610 2381 gaudium,
639 2319 682 2362 ne
710 2298 856 2361 utentur
884 2317 949 2362 non
979 2296 1077 2361 luisse
1106 2296 1271 2363 solvendo.
1313 2299 1355 2361 At
1375 2317 1451 2364 vero
1471 2298 1545 2374 ille,
1572 2301 1629 2384 qui
1648 2303 1774 2388 ssospit

444 2392 603 2465 iniuriam,
625 2401 658 2455 et
679 2392 823 2455 meminit
844 2398 877 2455 et
897 2410 973 2473 prae
994 2412 1030 2456 ee
1052 2391 1114 2456 fert
1135 2392 1277 2458 dolorem
1299 2412 1404 2468 suum,
1427 2413 1497 2470 neo,
1518 2394 1547 2462 si
1567 2396 1676 2478 plnres
1696 2404 1773 2466 sut

443 2484 484 2560 ii,
512 2486 628 2570 quibus
649 2486 784 2569 inprobe
807 2486 914 2549 datum
937 2494 999 2561 est,
1029 2506 1123 2568 quam
1146 2486 1208 2561 illi,
1235 2486 1350 2569 quibus
1371 2486 1489 2552 iniuste
1510 2489 1689 2573 ademptum
1709 2500 1773 2567 ut,

442 2578 563 2645 idcirco
584 2580 657 2665 plus
679 2580 774 2644 etiam
797 2579 913 2644 valent.
955 2582 1026 2643 Non
1049 2583 1132 2646 enim
1155 2601 1286 2646 numero
1307 2581 1387 2646 baec
1408 2582 1603 2658 iudicentur,
1618 2583 1676 2650 sed
1690 2604 1772 2668 pon·

406 2690 435 2740 ts
444 2671 530 2737 dere.
573 2673 677 2749 Quam
698 2683 804 2739 autem
825 2673 921 2740 babet
942 2675 1146 2757 aequitatem,
1167 2684 1203 2739 ut
1222 2695 1333 2759 agrum
1356 2676 1463 2742 multis
1485 2678 1577 2744 mnis
1597 2686 1655 2744 ms
1673 2680 1771 2746 stin

444 2767 579 2832 saeculis
609 2777 682 2832 ante
711 2788 894 2851 possessum
921 2770 978 2850 qui
1006 2769 1130 2833 nullum
1157 2769 1269 2836 habuit
1292 2771 1423 2845 habeat,
1451 2772 1508 2854 qni
1530 2780 1638 2837 antem
1658 2771 1773 2840 bsbnit

443 2860 589 2924 omittatl
632 2863 753 2927 xxiii.
785 2860 836 2927 80.
866 2866 910 2926 lc
931 2872 1060 2946 propter
1081 2863 1143 2928 boc
1165 2864 1302 2929 iniuriae
1322 2884 1422 2946 genus
1443 2864 1687 2932 hesdramonii
1709 2869 1772 2952 Ly·

443 2955 592 3020 sandrnm
615 2956 768 3040 ephorum
790 2957 997 3040 expulerunt,
1019 2958 1112 3039 Agim
1126 2978 1250 3041 regem,
1272 2958 1357 3041 quod
1378 2978 1551 3041 numqusnr
1571 2966 1666 3025 antea
1685 2960 1772 3043 apud

443 3066 499 3112 eos
520 3049 692 3126 acciderat,
721 3059 932 3126 necaverunt,
961 3071 1067 3134 exque
1090 3072 1129 3115 eo
1153 3061 1294 3136 tempore
1314 3060 1422 3118 tsntae
1443 3052 1619 3121 discordias
1639 3062 1772 3120 soenlse

404 3151 533 3220 nsunt,
561 3154 596 3209 ut
619 3152 651 3209 et
671 3146 796 3229 tyranni
819 3147 992 3210 existerent
1014 3153 1046 3208 et
1067 3153 1246 3228 optumates
1268 3148 1553 3212 exterminarentur
1574 3154 1607 3212 et
1627 3147 1772 3231 praecla-

441 3237 564 3302 rissime
586 3241 756 3304 constituto
775 3259 826 3303 res
848 3237 974 3321 publica
996 3238 1198 3304 dilaberetur.
1241 3242 1306 3304 Neo
1328 3261 1403 3306 vero
1425 3241 1529 3306 solum
1550 3242 1620 3326 ipsa
1641 3242 1770 3324 uuidit,

441 3333 498 3396 sod
526 3333 619 3398 etism
651 3333 804 3417 reliquam
833 3333 997 3400 Graeciam
1025 3334 1140 3397 evertit
1167 3334 1410 3418 contagionibus
1435 3333 1606 3411 malorum,
1637 3355 1770 3419 quaes

440 3425 699 3493 Lacedaemoniis
732 3430 873 3514 prolecta
905 3438 1092 3494 emanarunt
1123 3430 1231 3494 latius.
1291 3428 1398 3505 Quidi
1441 3436 1566 3495 nostros
1599 3428 1770 3507 Graocbos,

440 3520 490 3584 Ti.
512 3520 646 3588 Gracchi
666 3525 781 3588 sumni
803 3524 861 3587 viri
882 3520 979 3596 lilios,
1005 3523 1146 3587 Africani
1166 3529 1316 3605 nepotes,
1346 3542 1452 3588 nonno
1473 3524 1617 3605 agrariae
1637 3532 1771 3591 oonlon-

403 3613 544 3680 tttiones
572 3617 798 3700 perdiderunt?
841 3612 893 3680 8t.
922 3619 964 3680 tt
985 3638 1058 3681 sero
1079 3620 1195 3682 Arnus
1218 3617 1383 3700 Sicyonius
1411 3616 1482 3679 iuro
1508 3616 1671 3693 laudatur,
1699 3619 1768 3703 qui,

440 3728 513 3774 oum
542 3709 613 3776 eius
644 3712 754 3775 civitas
780 3710 1015 3794 quinquaginta
1044 3731 1144 3774 annos
1174 3730 1194 3774 a
1224 3712 1365 3793 tyrannis
1395 3718 1574 3785 teneretur,
1606 3711 1768 3793 proiectu

439 3802 531 3885 brqis
553 3803 722 3888 Sicyonem
744 3804 941 3869 clandestino
962 3805 1094 3870 introitu
1117 3800 1193 3869 urbe
1217 3813 1265 3868 est
1287 3805 1415 3887 potitus,
1436 3824 1573 3888 cumque
1595 3812 1768 3889 ίγιιοιιιιι

439 3896 601 3962 Nicoclem
627 3898 789 3983 inprouiso
818 3898 1045 3981 oppressisset,
1074 3906 1238 3962 sescentos
1265 3897 1408 3973 exsules,
1436 3898 1495 3982 qui
1522 3897 1768 3981 locupletissimi

438 3989 566 4057 inerant
585 3994 654 4057 eius
672 3992 825 4066 civitatis,
854 3992 993 4056 restitnit
1019 4012 1151 4074 remque
1179 3993 1340 4075 pubiicum
1366 3993 1507 4058 adventu
1528 4012 1588 4057 suo
1608 3993 1767 4062 liberarit.

401 4086 503 4151 toSed
523 4108 595 4151 cun
619 4107 764 4170 magnum
785 4087 1049 4150 animadverteret
1076 4088 1109 4149 in
1137 4087 1230 4151 bouis
1257 4096 1288 4151 et
1315 4085 1571 4170 possessionibus
1597 4087 1769 4156 dillicnlts·

438 4189 519 4255 tem,
542 4183 627 4264 quod
650 4190 681 4246 et
699 4201 775 4255 eos,
797 4201 877 4264 quos
900 4180 969 4263 ipse
989 4182 1184 4254 restituerat,
1205 4202 1343 4264 qnorum
1365 4181 1449 4245 bona
1471 4181 1524 4244 alii
1547 4182 1768 4262 possederunt,

439 4295 531 4357 egere
561 4276 796 4358 iniquissimum
825 4295 896 4338 esse
925 4275 1137 4340 arbitrabatur
1159 4282 1191 4339 et
1213 4276 1442 4357 quinquaginta
1462 4293 1618 4340 annorum
1641 4296 1768 4359 posses·

437 4370 545 4433 siones
573 4370 694 4434 moveri
724 4390 788 4432 non
817 4369 911 4434 nimis
940 4390 1077 4452 aequum
1105 4369 1254 4451 putabat,
1284 4378 1451 4451 propterea
1474 4368 1561 4452 quod
1583 4377 1645 4434 tam
1668 4370 1767 4455 longo

436 4463 539 4547 spatio
560 4464 660 4527 multa
680 4460 919 4537 hereditstibus,
942 4466 1042 4527 multu
1062 4464 1286 4545 emptionibus,
1307 4464 1405 4527 multa
1426 4462 1555 4526 dotibus
1573 4463 1768 4529 tenebantur

400 4559 506 4622 sosine
527 4561 657 4634 iniuria,
680 4559 831 4621 indicavit
850 4577 956 4640 neque
978 4558 1042 4620 illis
1064 4557 1159 4619 adimi
1183 4578 1242 4620 nec
1264 4558 1304 4619 iis
1327 4578 1391 4619 non
1413 4556 1598 4629 satisfieri,
1627 4576 1766 4639 quorum

435 4654 490 4717 illa
511 4654 647 4726 fueraut,
669 4662 825 4735 oportere.
869 4650 920 4712 82.
944 4652 1020 4714 Cum
1043 4652 1141 4732 igitur
1162 4652 1324 4713 statuisset
1347 4671 1427 4732 opus
1450 4670 1520 4713 esso
1542 4650 1581 4713 ad
1604 4670 1673 4714 eam
1696 4673 1766 4716 rem

437 4748 689 4811 constituendam
712 4748 866 4830 pecunia,
894 4745 1127 4808 Alexandream
1159 4766 1194 4807 se
1222 4744 1378 4827 proficisci
1408 4745 1491 4807 velle
1520 4743 1603 4808 dixit
1630 4763 1766 4831 remque
1812 4741 1822 4757 ’

499 4943 524 4991 2.
540 4941 667 5003 pellento
691 4966 718 4975 -
746 4940 770 4988 3.
786 4938 940 5001 labefactant
957 4939 1063 4991 Bllsb:
1082 4940 1118 5000 Ιιέ]Ι
1134 4939 1284 5002 labefactant
1302 4949 1349 4998 cp.
1370 4937 1388 4986 ii
1406 4935 1590 4999 labefactanto
1616 4963 1643 4973 -
1666 4937 1768 5001 sudu·

433 5022 517 5067 ussto
533 5029 616 5079 cnsp
636 5042 662 5052 ·-
686 5018 711 5065 b.
729 5017 880 5077 nequitatem
898 5028 951 5064 om.
972 5014 1121 5075 (iocosum)
1138 5026 1154 5063 o
1174 5039 1201 5049 -
1226 5015 1315 5074 cuique
1331 5025 1404 5061 susm
1420 5025 1437 5075 p
1456 5037 1483 5046 -
1508 5012 1533 5061 7.
1551 5025 1613 5061 sune
1629 5023 1682 5062 om.
1696 5024 1715 5076 p
1737 5041 1764 5052 -

434 5092 458 5143 8.
473 5093 581 5154 pernitie
597 5102 614 5140 s
632 5115 659 5126 -
679 5096 874 5151 conssmmtsrp
898 5116 924 5125 -
950 5090 974 5139 9.
993 5104 1054 5138 nom
1071 5103 1128 5137 mim
1144 5102 1184 5137 res
1202 5089 1221 5140 ll
1247 5113 1273 5123 -
1298 5088 1337 5135 tl.
1356 5087 1450 5147 occepit
1467 5098 1496 5136 o:
1515 5087 1607 5149 uomptt
1623 5086 1765 5152 Bllsbpo

435 5190 463 5203 -
477 5168 592 5229 timos
607 5179 658 5215 sese
675 5166 712 5216 ob
732 5190 757 5204 -
779 5166 818 5215 tn.
838 5168 856 5213 tt
874 5166 926 5216 Bb:
945 5166 971 5213 lsi
988 5166 1041 5225 ils,
1058 5166 1095 5225 iij
1112 5177 1148 5226 op
1167 5191 1193 5199 —
1213 5165 1330 5224 adeptum
1347 5164 1406 5212 abo
1428 5188 1454 5197 -
1474 5160 1514 5212 tt.
1525 5162 1603 5212 etium
1617 5161 1676 5222 pls·
1693 5173 1709 5211 ο
1732 5190 1761 5200 -

433 5242 474 5290 ts.
494 5242 628 5305 equitatem
643 5240 747 5289 iubeto
774 5267 801 5276 -
829 5241 868 5289 ti.
881 5242 912 5290 At
929 5242 970 5303 Cp
997 5267 1024 5276 -
1053 5242 1093 5291 ⁴8.
1111 5238 1321 5304 boqimBllsb,
1349 5237 1426 5298 boqin
1444 5248 1498 5299 op,
1525 5236 1620 5300 Aqtno
1650 5264 1677 5273 -
1706 5245 1768 5290 anu

433 5326 469 5378 op
488 5342 515 5351 -
534 5316 575 5365 ἥ.
593 5318 721 5363 maiorum
736 5315 829 5365 lillsb
847 5341 874 5350 -
900 5315 940 5364 23.
958 5316 1156 5365 iucedmnossibus
1172 5328 1187 5365 o
1206 5339 1232 5350 -
1251 5314 1363 5375 profecto
1380 5317 1530 5360 esnutsurunt
1548 5324 1610 5361 nos:
1631 5312 1768 5373 profectos

431 5394 572 5439 manarunt
583 5390 647 5441 lton
654 5401 706 5444 σος
724 5391 833 5451 profecto
844 5397 981 5439 nsusmnt
992 5406 1022 5453 p;
1038 5393 1166 5453 profectos
1176 5393 1346 5440 mansuerus
1359 5388 1390 5444 133
1406 5387 1522 5448 profecto
1533 5392 1671 5436 morunt
1684 5388 1768 5441 Lum-

431 5462 519 5515 binus.
548 5465 586 5514 Cl.
604 5463 673 5515 l'lor.
692 5466 734 5522 lv,
752 5466 777 5524 s,
796 5467 824 5515 b:
848 5467 981 5516 ennesius
997 5468 1073 5515 ioum
1090 5466 1193 5516 molus.
1216 5491 1240 5499 —
1266 5476 1377 5526 procons.
1400 5463 1427 5509 ti.
1445 5461 1534 5523 proclii
1556 5473 1584 5518 ος
1607 5474 1716 5524 proccos
1736 5468 1766 5516 .t.

431 5542 552 5605 procbip
572 5566 598 5577 -
623 5542 665 5589 to.
685 5544 806 5589 statuero
822 5540 838 5589 b
857 5566 885 5576 -
909 5542 1121 5602 nomenonii
1141 5566 1167 5574 —
1187 5540 1227 5588 it.
1246 5540 1362 5587 siciouem
1379 5549 1483 5599 suump
1503 5561 1530 5572 -
1550 5537 1592 5590 28,
1609 5537 1732 5587 ostionem
1750 5551 1767 5602 p

433 5640 460 5652 -
480 5617 608 5677 inprouiso
624 5616 752 5677 pressisset
769 5615 872 5664 Bllsb
892 5642 918 5651 -
936 5622 1056 5665 sescentos
1074 5616 1137 5666 BH:
1156 5620 1282 5664 sexcentos
1299 5615 1388 5663 aboo
1412 5635 1438 5647 —
1465 5611 1505 5661 30.
1525 5616 1548 5660 et
1564 5610 1651 5661 omli
1670 5635 1700 5647 -
1722 5612 1766 5663 st.

430 5691 603 5740 restitueretis
623 5714 650 5725 -
675 5689 716 5738 ³2.
735 5702 785 5738 esse
802 5690 916 5749 Bllsp:
935 5692 1067 5741 omboo
1085 5715 1112 5726 -
1133 5689 1271 5737 arbitrum
1287 5702 1304 5752 p
1323 5713 1348 5724 -
1375 5687 1415 5736 33.
1433 5698 1534 5735 mouere
1550 5685 1652 5735 ltilsb
1672 5712 1701 5722 -
1722 5685 1767 5738 35.

431 5764 555 5813 &deusti
571 5777 650 5828 seque
666 5764 713 5823 hijs
729 5764 807 5814 ndtsus¹
824 5776 868 5812 seo
885 5763 933 5811 iltis
950 5778 1000 5812 nos
1017 5777 1031 5814 o
1051 5790 1077 5799 -
1097 5764 1129 5812 iis
1145 5763 1198 5812 Bo:
1218 5762 1254 5810 iu's
1272 5763 1338 5824 Hsp
1357 5787 1383 5796 -
1404 5762 1445 5810 36.
1465 5760 1526 5811 Cum
1542 5760 1564 5809 is
1579 5760 1659 5823 ipitsr
1675 5771 1716 5823 op
1736 5785 1766 5796 -

430 5842 490 5887 snos
507 5838 574 5887 otib
601 5862 628 5873 -
657 5838 697 5887 37.
716 5838 899 5888 moriscum
916 5838 979 5888 Bito
997 5842 1126 5903 (cornu
1143 5837 1322 5886 ulesundriom
1338 5838 1367 5896 B,
1393 5849 1462 5887 corr.
1475 5836 1501 5885 ln
1519 5834 1701 5887 olsmstlrinm
1719 5834 1767 5897 ol:

430 5910 611 5963 sesamam
627 5915 702 5966 tiso.
729 5913 768 5964 cl.
787 5926 813 5977 p.
824 5912 915 5974 lom.
934 5913 991 5976 tit,
1002 5916 1042 5964 tt.
1055 5912 1142 5964 tt.--
1167 5912 1292 5977 proticisci
1307 5925 1333 5963 ss
1350 5923 1377 5961 s.
