4342 7459
443 1249 506 1321 838
946 1255 1001 1319 DE
1023 1255 1076 1318 llll
1098 1252 1267 1319 PUBLIGA

442 1420 587 1493 Nostrae,
607 1418 716 1502 inquit,
741 1422 851 1480 contra
873 1414 1040 1480 duodecim
1061 1413 1198 1488 tabulas,
1220 1434 1293 1479 cum
1314 1432 1489 1499 perpaucas
1510 1435 1562 1481 res
1582 1416 1687 1501 capite
1701 1435 1779 1481 san·

444 1511 577 1585 xissent,
598 1512 631 1575 in
652 1511 704 1574 his
724 1510 807 1575 banc
829 1529 960 1594 qnoque
983 1508 1187 1573 sanciendam
1209 1517 1410 1592 putaverunt,
1432 1511 1459 1573 si
1482 1510 1552 1595 quis
1576 1512 1778 1576 occentavis-

444 1613 493 1669 set
519 1604 587 1669 sive
615 1624 742 1669 carmen
771 1604 981 1678 condidisset,
1011 1603 1099 1688 quod
1126 1603 1287 1666 infamiam
1309 1602 1429 1667 iaceret
1449 1604 1643 1686 flagitiumve
1664 1604 1775 1669 alteri.

442 1697 625 1775 Praeclare3
647 1698 776 1762 iudiciis
797 1699 881 1761 enim
903 1698 1154 1781 magistratuum,
1178 1695 1462 1779 disceptationibus
1483 1698 1633 1781 legitimis
1655 1718 1778 1784 propo-

419 1793 536 1857 ssitam
556 1792 665 1868 vium,
684 1812 749 1856 non
771 1800 936 1876 poetarum
958 1791 1094 1874 ingeniis
1115 1789 1231 1855 babere
1253 1791 1405 1855 debemus
1420 1810 1480 1855 nec
1494 1792 1645 1877 probrum
1660 1792 1778 1857 audire

443 1885 505 1949 nisi
527 1904 565 1948 ea
586 1886 667 1970 lege,
688 1894 724 1949 ut
745 1885 938 1969 respondere
959 1885 1054 1948 liceat
1074 1890 1107 1948 ei
1127 1883 1244 1948 iudicio
1267 1884 1450 1949 defendere.
1493 1888 1577 1951 Haec
1598 1907 1637 1951 αι
1653 1888 1777 1953 cicero·

441 1981 493 2043 ais
512 1989 621 2063 qssarta
641 1980 677 2044 de
696 1981 867 2062 republica
894 1980 971 2043 libro
996 1980 1036 2042 ad
1061 1979 1183 2042 verbam
1204 1980 1389 2061 excerpenda
1408 1981 1576 2044 arbitratus
1596 2000 1680 2054 sum,
1713 2001 1777 2047 mess

441 2073 535 2136 meliis
549 2083 676 2156 propter
692 2075 862 2156 faciliorem
882 2074 1061 2137 intellectam
1086 2072 1132 2135 cel
1146 2074 1372 2155 praetermissis
1399 2076 1445 2137 υιί
1460 2075 1621 2157 paululum
1640 2095 1776 2140 mmmc-

442 2169 533 2244 tatis,
563 2170 689 2232 maltam
718 2170 797 2232 mim
822 2169 862 2231 ad
888 2187 951 2231 rem
972 2169 1138 2249 pertineat,
1166 2185 1257 2249 qaam
1276 2169 1387 2232 molior
1406 2170 1577 2251 explicare,
1607 2170 1772 2253 sipotcra.

406 2261 526 2325 soDs'os‘t
545 2260 648 2325 demde
668 2264 733 2327 olio
753 2271 781 2326 et
801 2264 846 2326 sic
866 2258 1013 2325 concludit
1034 2263 1113 2326 bunc
1133 2263 1244 2334 iocum,
1267 2271 1301 2325 αί
1322 2264 1456 2326 ostendat
1477 2263 1637 2328 veteribus
1658 2264 1775 2349 displi-

444 2354 549 2419 cuisse
571 2356 721 2421 llomanis
749 2357 800 2421 vel
830 2355 952 2421 laudari
980 2375 1172 2441 quemquam
1201 2357 1234 2420 in
1262 2376 1378 2421 scaena
1404 2357 1511 2423 uirum
1537 2358 1701 2424 hominem
1723 2358 1774 2425 rel

443 2448 628 2533 vituperari.
672 2447 920 2537 (Augustinus
941 2452 976 2513 de
990 2452 1071 2514 civit.
1085 2451 1134 2513 dei
1154 2451 1199 2524 ll,
1213 2446 1254 2532 9.)

527 2542 584 2607 ΧΙ.
617 2540 669 2608 43.
703 2545 907 2610 Comoediam
934 2563 1006 2608 esse
1035 2545 1140 2609 Cicero
1167 2545 1213 2607 ait
1239 2544 1451 2609 imitationem
1477 2544 1576 2622 sitae,
1605 2548 1773 2633 speculum

443 2639 698 2713 consuetudinis,
726 2639 896 2723 imaginem
917 2639 1069 2703 veritatis.
1113 2637 1297 2719 (Donatus
1324 2638 1359 2701 de
1380 2659 1454 2702 com.
1477 2649 1505 2704 ct
1525 2649 1604 2724 trag.
1627 2664 1659 2727 p.
1676 2643 1771 2706 LVII.

406 2746 435 2795 as
444 2734 570 2797 Terent
593 2734 645 2797 ed.
669 2732 839 2816 Westerh.)

527 2826 575 2891 Ad
594 2828 672 2891 hanc
692 2829 925 2892 convenientiam
941 2828 1082 2911 pertinet,
1106 2827 1185 2910 qaod
1205 2827 1295 2890 ctiam
1316 2829 1467 2892 scaenicos
1480 2838 1596 2893 actores
1610 2832 1774 2895 carneadem

440 2922 614 3004 fabulosam
634 2942 696 2987 aaa
710 2942 809 3005 poma
829 2923 963 2986 civitatis
983 2923 1094 2985 ίιοιισνι
1114 2923 1220 3003 δίοποι
1240 2923 1469 2995 existimarunt,
1492 2925 1520 2987 si
1541 2924 1672 3005 quidem,
1695 2926 1775 3008 quad

442 3016 477 3078 ia
497 3036 530 3079 ec
551 3036 666 3100 qooqsa
684 3019 719 3081 de
739 3036 773 3080 rs
788 3018 910 3099 padiica
930 3018 1007 3081 libro
1027 3026 1289 3090 commemorator,
1314 3022 1347 3081 et
1366 3017 1539 3082 Aeschines
1554 3020 1774 3100 Atheniensis,

442 3110 491 3173 vir
512 3108 810 3195 eloquentissimus,
839 3132 911 3176 cum
932 3110 1120 3179 adulescens
1143 3109 1321 3194 tragoedias
1343 3112 1549 3189 actitavisset,
1576 3133 1645 3178 rem
1666 3114 1775 3199 publi-

405 3215 511 3268 mcam
544 3206 732 3289 capessivit,
760 3212 793 3270 et
815 3204 1070 3281 Aristodemum,
1096 3206 1247 3288 tragicum
1272 3205 1348 3268 item
1372 3212 1532 3282 actorem,
1559 3208 1707 3272 maximis
1734 3208 1775 3273 ds

441 3300 538 3363 rebus
565 3300 652 3384 pacis
679 3307 712 3364 et
731 3300 807 3363 belli
828 3300 966 3382 legatum
989 3300 1028 3362 ad
1050 3299 1233 3382 Philippum
1253 3297 1463 3363 Athenienses
1486 3319 1581 3385 saepe
1604 3301 1773 3368 miserunt.

442 3388 688 3479 (Augustinus
709 3395 744 3457 de
758 3396 839 3457 civit.
853 3396 901 3457 dei
922 3394 966 3468 ll,
982 3390 1044 3474 tl.)

526 3489 596 3553 Xll.
624 3485 675 3552 lb.
704 3487 786 3554 Οὔτε
807 3489 871 3572 γάρ
893 3487 1012 3552 ἅπασα
1035 3492 1148 3572 τέρψις
1167 3486 1314 3570 μεμπτὸν
1336 3485 1409 3553 οὔτε
1433 3490 1486 3567 τῆς
1506 3492 1667 3572 μουσικῆς
1688 3491 1773 3573 αὕτη

442 3587 547 3658 τέλος,
579 3584 650 3647 ἀλλ’
672 3585 691 3662 ἦ
713 3594 772 3666 μὲν
795 3590 994 3666 ψυχαγωγία
1023 3582 1108 3646 κατά
1137 3581 1173 3647 sd
1195 3582 1416 3665 συμβεβηκός,
1446 3583 1568 3659 σκοπδς
1590 3589 1626 3649 δὲ
1648 3587 1668 3651 ὅ
1690 3610 1775 3672 κρο-

403 3686 585 3761 πκείμενσς
606 3680 626 3756 ἦ
649 3677 729 3762 πρὸς
750 3677 869 3764 ἄρετῆν
891 3679 1051 3757 ὠφέλεια·
1075 3676 1154 3759 ὅπερ
1177 3676 1315 3752 πολλούς
1338 3703 1369 3741 τε
1390 3676 1509 3753 ἄλλους
1525 3676 1624 3743 ἔλαθε
1640 3688 1700 3743 καί
1717 3680 1773 3747 τὸν

441 3780 476 3837 έν
497 3784 560 3846 τοῖς
573 3772 761 3855 Κικέρωνος
782 3776 841 3837 τού
856 3774 1013 3855 Ῥωμαίου
1035 3777 1267 3847 πολιτικοῖς
1290 3771 1329 3835 τά
1352 3770 1436 3836 κατά
1456 3775 1615 3855 μουσικῆς
1639 3778 1774 3855 διαλεχ-

441 3872 555 3930 θέντα·
586 3868 624 3932 ού
654 3866 719 3952 γάρ
748 3866 840 3950 ἔγωγ’
869 3868 913 3932 οἷν
935 3878 1039 3948 φαίην
1058 3875 1168 3946 έκείνῳ
1191 3865 1231 3930 τά
1255 3867 1392 3930 τοιαῦτα
1414 3871 1585 3952 εἰρῆσθαι·
1614 3874 1683 3946 πῶς
1705 3870 1773 3955 γάρ

441 3959 485 4025 ἄν
512 3986 558 4037 τις
587 3961 689 4027 αὐτὸν
711 3970 920 4046 ίσχυρίσαιτο
948 3960 1110 4045 μουσικὴν
1132 3965 1292 4043 λοιδορεῖν
1321 3971 1431 4025 τεκαὶ
1455 3964 1498 4037 ὥς
1521 3961 1654 4044 φαύλην
1675 3964 1774 4030 εὐθύ-

441 4079 508 4120 νειν
528 4068 655 4135 τέχνην,
679 4059 846 4139 ἁρμονιῶν
869 4083 899 4122 τε
922 4066 977 4121 καί
1000 4058 1132 4139 ῥυθμοῖν
1154 4055 1272 4142 ἀρετάς
1291 4065 1395 4120 τεκαὶ
1417 4067 1532 4131 κακίας
1548 4061 1772 4140 διορίζουσαν,

403 4151 564 4233 Μάνδρα,
588 4152 624 4226 ὂς
646 4152 683 4216 τὸ
707 4155 882 4228 τηνικαῦτα
904 4154 1040 4236 ῥυθμοῖς
1061 4151 1172 4233 μόνοις
1197 4161 1252 4213 καί
1275 4150 1395 4225 τούτοις
1407 4153 1536 4233 άγενέσι
1559 4163 1615 4216 καί
1631 4154 1773 4232 φαύλοις

440 4246 697 4328 ἐπιδεικνύμενον
716 4245 878 4311 Ῥάσκιον
906 4245 961 4309 τὸν
988 4245 1150 4329 ὀρχηστήν
1172 4245 1255 4308 οὕτω
1279 4246 1413 4327 σφόδρα
1436 4246 1657 4325 ἐξεπλήττετο,
1687 4249 1772 4314 ὥστε

441 4340 583 4421 φάσκειν
611 4340 712 4405 αὐτὸν
744 4352 884 4427 προνοίᾳ
913 4345 996 4404 θεῶν
1025 4348 1068 4414 εἰς
1099 4338 1291 4423 ἀνθρώπους
1318 4346 1501 4425 παρελθεῖν.
1546 4344 1619 4405 Καὶ
1648 4343 1714 4430 γάρ
1745 4349 1775 4409 εἴ

440 4462 484 4511 τις
505 4434 605 4498 αὐτὸν
628 4436 754 4515 φάσκοι
778 4435 817 4499 τά
838 4446 897 4518 μέν
919 4445 954 4499 έν
976 4435 998 4519 ᾖ
1019 4446 1228 4518 συγγέγραφε
1251 4440 1395 4514 πολιτείᾳ
1419 4442 1519 4516 λέγειν
1540 4444 1706 4513 ἑκουσίως,
1730 4437 1771 4503 τά

441 4535 476 4594 δέ
504 4541 576 4615 περὶ
602 4528 760 4593 ‘Pedanos
790 4541 998 4612 προκειμένης
1029 4528 1133 4593 ἕνεκεν
1156 4530 1350 4603 ὑποθέσεως,
1381 4532 1610 4613 άντιστρέφειν
1630 4544 1693 4614 μέν
1714 4543 1771 4597 καί

402 4626 524 4707 ”danic
553 4628 648 4690 ούδέν
670 4623 806 4688 κωλύσει
829 4625 885 4688 τὸν
907 4624 1008 4687 αὐτὸν
1033 4624 1137 4704 λόγον.
1180 4625 1269 4686 Ἀλλ’
1295 4624 1377 4705 ὅμως
1399 4635 1455 4689 καί
1477 4625 1578 4700 οὕτως
1602 4626 1700 4692 λάθοι
1724 4653 1771 4704 τις

439 4720 482 4784 οἷν
505 4720 756 4802 ἀποδοκιμάζων
784 4725 926 4802 μάλλον,
957 4718 1037 4781 ὅσον
1063 4727 1104 4791 εἰς
1127 4718 1181 4795 seis
1204 4718 1379 4802 παροῦσαν
1402 4727 1533 4798 σκέψιν,
1566 4722 1588 4799 ἤ
1617 4722 1772 4799 συνιοτάς

440 4812 497 4878 τὸν
518 4812 659 4897 ῥήτορα·
690 4814 922 4890 άναξιόπιστος
944 4814 1008 4896 γάρ
1032 4812 1114 4895 πρὸς
1136 4814 1290 4891 ἀληθείας
1312 4814 1440 4896 εὕρεσιν
1462 4818 1483 4892 ἤ
1505 4820 1638 4880 δικαίαν
1661 4828 1771 4902 κρίσιν

440 4908 459 4971 δ
489 4920 557 4981 ταῖς
579 4908 653 4971 κατ’
685 4908 788 4986 αὐλήν
817 4911 838 4986 ἤ
866 4908 950 4972 κατά
975 4907 1030 4986 τήν
1050 4909 1153 4971 αἰτοῦ
1174 4919 1382 4992 προαίρεσιν,
1414 4910 1499 4973 ἀλλά
1527 4910 1571 4993 μή
1602 4925 1670 4986 ταῖς
1692 4911 1768 4975 κατ’

439 5002 558 5066 οὐσίαν
580 5001 738 5065 δουλεύων
759 5004 962 5067 δποθέσεσιν.
1008 5001 1110 5084 Οἶμαι
1134 5007 1168 5066 δέ
1190 5003 1232 5076 ὥς
1255 5005 1331 5066 οὐδ’
1352 5005 1395 5068 άν
1419 5004 1521 5083 αὐτὴν
1549 5004 1650 5089 ἔψεγε
1672 5008 1771 5091 ῥητο-

400 5095 535 5181 ιθρικήν
564 5095 621 5159 διά
651 5096 724 5172 τούς
752 5102 979 5181 δεκαζομένους
1009 5101 1070 5163 τῶν
1093 5098 1248 5184 ῥητόρων.
1293 5098 1386 5163 Οὕτω
1416 5099 1452 5178 δὴ
1477 5110 1532 5163 καί
1554 5104 1585 5165 εἴ
1603 5127 1686 5177 τινες
1708 5106 1770 5167 τῶν

504 5301 528 5353 l.
546 5302 745 5364 magistratuum
762 5301 840 5352 codd.
861 5304 921 5362 (mei
934 5317 1040 5367 quoque
1054 5304 1130 5365 duo):
1150 5319 1181 5354 ac
1193 5304 1388 5367 magistratuum
1405 5305 1425 5353 0
1444 5331 1470 5340 -
1491 5304 1530 5355 48.
1549 5310 1573 5354 et
1589 5303 1662 5369 (ante
1675 5309 1769 5372 Aescu.)

437 5375 508 5428 male
530 5378 550 5426 0
568 5378 671 5427 uncinis
689 5377 879 5433 circumdedit.
904 5379 945 5428 alii
969 5393 1078 5443 prorsus
1096 5378 1260 5429 deleverunt.
1290 5406 1316 5413 -
1346 5380 1386 5429 23.
1405 5379 1582 5429 adhibuimus
1600 5381 1670 5432 dnos
1688 5384 1768 5435 codd.

438 5455 620 5508 llonacenses.
639 5452 699 5503 eod.
719 5456 810 5503 Graec
830 5456 878 5503 2⁴5
897 5456 935 5513 (=
947 5458 975 5515 A)
995 5458 1021 5503 et
1040 5455 1087 5505 issi
1105 5458 1140 5516 (·-·
1154 5457 1180 5513 B(
1202 5482 1228 5491 -
1247 5452 1287 5503 al.
1306 5448 1340 5502 τὸ
1359 5457 1445 5503 om.B
1465 5480 1491 5490 -
1520 5456 1560 5504 λδ.
1579 5452 1732 5524 μουσικὴν
1748 5462 1770 5511 A

437 5557 469 5567 -
494 5527 680 5588 διαλεχθέντα
702 5529 810 5591 scripsi:
841 5523 965 5595 ῥηθέντα
988 5530 1080 5588 codd,
1108 5527 1234 5598 ῥηθέντα
1256 5526 1458 5594 διαλεγόμενον
1485 5530 1504 5578 0
1526 5542 1589 5579 curn
1611 5532 1768 5586 Niebubrio.

437 5604 548 5655 Videtur
564 5602 751 5662 διαλεχθέντα
768 5603 801 5652 ab
820 5604 927 5654 homine
946 5605 1037 5664 sciolo,
1057 5607 1101 5669 qui
1120 5610 1179 5669 post
1197 5601 1231 5653 τὰ
1249 5601 1321 5653 κατὰ
1338 5603 1483 5669 μουσικῆς
1501 5607 1673 5669 participium
1685 5621 1770 5673 gene-

436 5682 473 5732 ris
491 5682 586 5746 passivi
604 5682 767 5744 requireret,
787 5679 926 5744 expulsum
944 5695 1012 5732 esse.
1043 5709 1068 5717 -
1097 5682 1137 5730 κδ.
1157 5676 1260 5749 ἀρετάς
1277 5696 1306 5729 τε
1323 5682 1371 5729 καί
1390 5684 1492 5743 κακίας
1509 5679 1685 5734 hleibomins:
1704 5680 1770 5757 ‹ips-

436 5758 500 5819 ταῖς
516 5770 546 5805 τε
563 5756 612 5805 καί
628 5758 743 5819 κακίαις
760 5756 838 5806 codd.
859 5783 885 5792 —
905 5757 945 5806 30.
959 5751 993 5806 τὸ
1010 5758 1069 5806 AB:
1088 5772 1120 5822 γε
1138 5758 1199 5808 edd.
1220 5783 1246 5793 -
1266 5749 1398 5823 ἀγεννέσι
1415 5760 1441 5807 εί
1453 5771 1477 5820 p.
1488 5756 1564 5813 839st
1585 5750 1726 5826 δγεννῆΒ
1741 5790 1769 5801 -

437 5830 478 5881 il.
497 5826 661 5900 ῥώϊσκονΒ
691 5858 717 5869 -
748 5833 788 5883 32,
808 5832 927 5895 εῖςΑΒτ
950 5831 1016 5894 ε’ςο
1048 5860 1074 5867 -
1106 5832 1145 5884 dl.
1166 5827 1428 5902 ἡπροκειμένηςλ,
1452 5825 1473 5897 ἢ
1489 5834 1768 5901 προκειμένηςθ-

437 5905 477 5955 35.
497 5899 589 5969 οὕτως
605 5907 666 5956 Ali:
693 5898 806 5957 οδτωο
834 5933 861 5944 -
889 5907 929 5957 36.
949 5900 1030 5973 ὅσον]
1048 5904 1114 5957 ’ἴσον
1131 5909 1176 5957 AB
1205 5935 1232 5945 -
1259 5909 1300 5960 38.
1319 5902 1337 5958 ὁ
1353 5914 1389 5960 A:
1412 5902 1468 5976 ἢΒ
1491 5932 1518 5944 -
1551 5902 1645 5962 αὑτοῦ
1663 5911 1713 5964 AB
1738 5939 1772 5952 -

436 5978 477 6031 iu.
494 5977 703 6048 δικαζομένους
719 5982 851 6035 Niebuhr:
873 5979 1076 6049 δικαζομένους
1095 5982 1175 6033 codd.
1193 6007 1227 6022 -
