4342 7459
436 1251 498 1329 t08'
728 1266 782 1329 DE
804 1264 961 1330 FINlBUS
982 1263 1180 1329 BONORllbi
1199 1264 1252 1327 ET
1273 1261 1473 1329 blALOllUbl

435 1455 476 1498 ne
496 1434 553 1498 illo
575 1434 705 1518 quidem
726 1434 836 1510 modo,
858 1443 895 1498 ut
914 1435 955 1497 ad
976 1435 1171 1498 honestatem
1186 1434 1371 1517 applicetur.
1402 1434 1450 1497 De
1465 1431 1622 1495 vacuitate
1636 1432 1759 1498 doloris

435 1528 545 1592 eadem
567 1529 723 1593 sententia
744 1528 815 1592 erit.
850 1524 901 1591 38.
924 1528 1082 1592 lleicietnr
1102 1529 1197 1592 etiam
1213 1527 1404 1601 Carneades,
1425 1526 1564 1590 neculla
1579 1526 1760 1592 desummo

435 1623 520 1686 bono
541 1622 623 1684 ratio
645 1628 699 1685 aut
719 1622 891 1705 voluptatis
912 1643 976 1686 non
998 1623 1167 1686 dolendive
1192 1616 1348 1705 perliceps
1369 1627 1425 1684 aut
1445 1620 1620 1685 honestatis
1641 1641 1760 1704 expers

434 1715 629 1798 probabitur.
664 1718 712 1779 lta
732 1716 891 1800 relinquet
911 1717 1006 1791 duas,
1028 1716 1204 1800 dequibus
1227 1716 1320 1778 etiam
1342 1722 1438 1797 atque
1453 1714 1546 1777 etiam
1568 1715 1760 1779 consideret.

412 1813 501 1873 lAut
513 1808 597 1874 enim
612 1815 729 1875 statuet
749 1809 829 1873 nihil
852 1830 921 1873 esse
943 1810 1061 1873 bonum
1076 1810 1138 1872 nisi
1153 1808 1332 1881 honestum,
1355 1808 1433 1871 nibil
1448 1807 1564 1872 malum
1579 1809 1640 1873 nisi
1657 1818 1761 1894 turpe,

436 1911 540 1966 cetere
560 1912 616 1967 ant
642 1904 773 1967 omnino
795 1904 874 1968 nibil
896 1904 1013 1968 babere
1035 1903 1188 1966 momenti
1209 1912 1263 1967 ant
1285 1910 1420 1977 tentum,
1442 1908 1479 1966 nt
1498 1923 1558 1966 nee
1580 1904 1762 1987 expetenda

436 2017 495 2060 nec
515 1997 678 2080 fugienda,
700 1998 757 2061 sed
780 1997 927 2081 eligenda
948 1999 1043 2062 modo
1065 2005 1119 2061 aut
1140 1996 1301 2060 reicienda
1322 1997 1400 2071 sint,
1421 2004 1477 2060 aut
1490 2003 1662 2080 anteponet
1678 2018 1761 2075 eam,

437 2109 532 2173 quam
559 2111 631 2154 cum
660 2091 825 2156 honestate
851 2092 1098 2165 ornatissimam,
1125 2096 1193 2153 tum
1223 2091 1317 2153 etiam
1344 2090 1422 2173 ipsis
1447 2091 1547 2155 initiis
1577 2100 1708 2156 naturae
1729 2101 1763 2158 et

436 2186 532 2250 totius
559 2186 753 2270 perfectione
780 2188 862 2251 vitae
890 2185 1114 2270 locupletatam
1135 2183 1264 2247 videbit
1302 2183 1396 2259 Quod
1418 2203 1458 2248 eo
1479 2184 1631 2268 liquidius
1650 2185 1762 2263 faciet

399 2287 427 2333 ⁴⁰
436 2279 463 2343 si
485 2282 699 2364 perspexerit,
720 2300 825 2345 rernm
846 2282 1003 2345 intereas
1024 2280 1234 2342 verborumne
1257 2277 1299 2340 sit
1320 2279 1545 2342 controversia.

519 2375 605 2437 x111.
620 2370 671 2437 39.
692 2375 795 2439 Huius
818 2394 877 2458 eqo
899 2394 984 2438 nnnc
1005 2373 1221 2436 auctoritatem
1243 2390 1381 2454 sequens
1396 2369 1479 2435 idem
1494 2371 1617 2437 faciam.
1651 2373 1763 2451 Quan-

436 2473 506 2543 tum·
525 2472 610 2532 enim
636 2476 762 2553 potero,
791 2471 930 2533 minuam
957 2470 1178 2531 contentiones
1204 2485 1377 2549 omnesque
1404 2466 1576 2530 sententias
1601 2468 1764 2551 simplices

437 2580 559 2636 eornm,
585 2562 620 2625 in
647 2563 762 2645 quibus
789 2563 877 2625 nulla
907 2564 990 2625 inest
1016 2563 1141 2624 virtutis
1163 2560 1339 2633 adiunctio,
1370 2561 1498 2624 omnino
1520 2580 1539 2623 a
1560 2560 1765 2647 pbilosophis

436 2654 643 2718 semovendas
667 2656 802 2738 putabo,
829 2656 964 2739 primum
986 2655 1139 2738 Aristippi
1163 2654 1472 2739 Cyrenaicorumque
1493 2656 1650 2731 omnium,
1680 2677 1763 2743 quos

400 2756 501 2809 ttnon
523 2755 573 2811 est
592 2748 727 2812 veritum
756 2750 791 2812 in
818 2769 856 2813 ea
877 2750 1055 2833 voluptate,
1082 2768 1165 2832 qnae
1194 2748 1333 2811 maxima
1354 2748 1523 2813 dulcedine
1545 2767 1673 2813 sensum
1694 2771 1765 2816 mo·

437 2848 538 2915 vetet,
565 2862 723 2907 summum
747 2844 865 2907 bonum
889 2863 1025 2926 ponere,
1051 2843 1282 2906 contemnentis
1304 2842 1396 2907 istam
1418 2844 1608 2907 vacuitatem
1631 2843 1764 2910 doloris.

437 2929 489 2996 lo.
510 2934 551 2997 Hi
575 2956 639 2999 non
662 2937 822 3012 viderunt,
846 2945 882 3000 ut
902 2937 941 3001 ad
964 2950 1091 3001 cursum
1114 2956 1248 3019 equum,
1271 2936 1311 3000 ad
1332 2936 1485 3000 arandum
1500 2936 1629 3012 bovem,
1650 2938 1691 3002 ad
1714 2939 1765 3003 in-

438 3027 616 3110 dagandum
646 3025 772 3107 canem,
798 3033 844 3095 aic
870 3032 1029 3095 bominem
1052 3031 1093 3095 ad
1115 3030 1194 3093 duas
1215 3050 1282 3104 res,
1312 3038 1348 3092 nt
1368 3030 1411 3119 ait
1432 3031 1632 3107 Aristotcles,
1653 3032 1693 3096 ad
1715 3034 1766 3098 in·

437 3121 651 3205 telleqendum
673 3127 766 3190 etad
788 3125 944 3210 agendum
966 3145 1037 3189 esse
1060 3131 1185 3198 natum,
1207 3123 1298 3207 quasi
1319 3124 1484 3187 mortalem
1506 3126 1615 3201 deum,
1638 3137 1767 3193 contra·

400 3227 502 3301 ’tque
523 3228 558 3283 ut
579 3220 700 3284 tardam
721 3220 860 3304 aliquam
883 3227 917 3283 et
936 3219 1118 3302 languidam
1140 3217 1295 3299 pecudem
1318 3217 1358 3280 ad
1379 3225 1503 3300 pastum
1525 3225 1556 3282 et
1569 3220 1615 3283 'ad
1636 3242 1767 3305 procre-

437 3312 512 3376 andi
540 3315 733 3398 voluptatem
760 3315 823 3377 boc
850 3314 993 3378 divinum
1020 3312 1139 3377 animal
1161 3319 1263 3375 ortum
1286 3331 1356 3374 esse
1378 3313 1560 3389 voluerunt,
1590 3335 1654 3399 quc
1683 3316 1767 3382 nibil

438 3405 515 3469 mibi
543 3407 668 3470 videtur
698 3408 877 3472 absurdius.
920 3402 971 3469 lt.
994 3409 1097 3490 Atque
1130 3404 1208 3467 baec
1236 3414 1346 3468 contra
1367 3406 1580 3490 Aristippum,
1613 3410 1668 3493 qui
1694 3430 1766 3475 eam

439 3498 633 3582 voluptatem
663 3521 729 3565 non
756 3502 852 3565 modo
883 3520 1054 3575 summam,
1087 3498 1143 3562 sed
1166 3498 1264 3561 solam
1287 3500 1381 3562 etiam
1404 3500 1505 3575 ducit,
1538 3522 1631 3585 quam
1654 3522 1767 3569 omues

439 3611 534 3655 unam
562 3594 758 3677 appellamus
780 3594 986 3677 voluptatem.
1026 3594 1129 3656 Aliter
1149 3600 1254 3655 antem
1277 3593 1366 3656 vobis
1393 3594 1507 3677 placet.
1544 3596 1607 3660 Sed
1630 3597 1700 3672 ille,
1730 3604 1768 3662 nt

400 3683 522 3760 edixi,
552 3685 674 3750 vitiose.
715 3690 781 3751 Nec
802 3690 888 3752 enim
909 3687 1010 3769 ligura
1032 3686 1175 3769 corporis
1196 3706 1255 3749 nec
1282 3689 1362 3751 ratio
1384 3688 1543 3754 excellens
1566 3691 1684 3774 ingenii
1705 3692 1767 3755 bn·

439 3779 523 3842 mani
552 3778 707 3862 significat
733 3781 775 3845 ad
796 3802 891 3845 unam
912 3781 994 3845 banc
1016 3801 1082 3844 rem
1106 3788 1214 3845 natum
1235 3780 1411 3856 bominem,
1441 3789 1476 3846 ut
1496 3782 1654 3848 frueretur
1674 3785 1768 3848 volu·

438 3874 588 3955 ptatibus.
620 3876 685 3939 Nec
704 3897 778 3940 vero
796 3876 974 3941 andiendus
989 3878 1216 3960 Hieronymus,
1238 3877 1289 3938 cni
1304 3896 1460 3939 summum
1475 3878 1592 3942 bonnm
1607 3885 1654 3942 est
1669 3878 1767 3953 idem,

439 3966 526 4050 qnod
548 3988 605 4032 vos
627 3970 786 4034 interdum
807 3971 858 4035 vel
885 3971 992 4054 potius
1013 3969 1144 4034 nimium
1168 3989 1263 4052 saepe
1286 3969 1403 4044 dicitis,
1431 3969 1512 4033 nibil
1534 3969 1651 4034 dolere.
1694 3973 1767 4036 Non

440 4061 540 4137 enim,
563 4064 590 4125 si
613 4063 728 4128 malum
751 4070 800 4129 est
820 4064 928 4139 dolor,
954 4084 1060 4129 carere
1082 4083 1121 4127 eo
1145 4064 1228 4127 malo
1250 4063 1326 4127 satis
1348 4071 1397 4127 est
1417 4063 1458 4127 ad
1479 4064 1561 4128 bene
1583 4064 1765 4131 vivendum.

402 4156 509 4219 eolice
531 4156 645 4221 dixerit
666 4158 774 4240 potins
796 4160 936 4222 Ennius:
1166 4218 1172 4226 .

713 4253 883 4317 Nimium
904 4253 994 4316 boni
1016 4258 1088 4326 est,
1110 4254 1169 4316 cui
1191 4251 1288 4315 nibil
1311 4259 1370 4315 est
1392 4252 1490 4316 mali.

440 4346 505 4407 Nos
524 4345 649 4410 beatam
671 4348 766 4411 vitam
787 4368 852 4410 non
874 4347 1061 4431 depulsione
1084 4346 1174 4420 mali,
1202 4346 1257 4409 sed
1288 4345 1459 4429 adeptione
1480 4346 1556 4409 boni
1578 4346 1768 4423 indicemus,

440 4459 499 4502 nec
521 4458 591 4502 eam
613 4440 784 4516 cessando,
812 4441 879 4504 sive
901 4439 1107 4524 pandentem,
1139 4448 1173 4503 nt
1194 4440 1389 4522 Aristippus,
1420 4440 1487 4503 sive
1509 4460 1573 4503 nou
1594 4440 1768 4517 dolentem,

440 4541 475 4596 ut
494 4533 562 4607 bic,
584 4531 640 4597 sed
661 4533 784 4617 agendo
805 4533 928 4617 aliquid
943 4532 1212 4597 considerandove
1227 4552 1427 4617 quaeramus.
1461 4530 1511 4595 lt.
1528 4534 1619 4611 Quae
1633 4543 1769 4618 possunt

403 4626 553 4690 eoadem
575 4636 685 4691 contra
707 4628 922 4692 Carneadeum
946 4627 1024 4689 illud
1046 4647 1204 4691 summum
1227 4628 1346 4691 bonum
1367 4628 1442 4703 dici,
1466 4628 1550 4712 quod
1566 4628 1593 4692 is
1609 4650 1674 4692 non
1693 4637 1768 4705 tam,

441 4729 477 4784 ut
497 4722 662 4807 probaret,
691 4722 838 4805 protulit,
862 4742 959 4806 quam
980 4728 1014 4785 ut
1036 4721 1166 4795 Stoicis,
1189 4721 1378 4805 quibuscum
1399 4722 1518 4785 bellum
1539 4721 1684 4805 gerebat,
1711 4743 1769 4808 op·

441 4825 583 4899 poneret
627 4816 662 4879 ld
684 4825 790 4882 autem
812 4817 879 4880 eius
902 4816 988 4881 modi
1011 4824 1074 4891 est,
1096 4825 1131 4881 nt
1152 4814 1295 4880 additum
1316 4815 1356 4879 ad
1378 4816 1527 4879 virtutem
1547 4818 1768 4882 auctoritatem

506 5137 531 5187 4.
548 5136 596 5186 erit
611 5136 659 5186 l'b.
672 5133 818 5186 Bentleiue:
836 5138 872 5183 est
887 5133 967 5185 codd.
980 5136 1038 5186 eto
1053 5162 1079 5173 -
1097 5135 1278 5199 etiom10otem
1294 5136 1313 5185 Β
1328 5161 1355 5172 -
1374 5133 1506 5185 comiodes
1521 5135 1552 5184 A¹
1566 5162 1593 5171 -
1613 5147 1710 5185 emmo
1721 5136 1769 5186 bo-

441 5213 545 5263 eorocio
560 5213 580 5262 Β
599 5237 626 5248 -
644 5210 668 5261 8.
686 5223 777 5273 cepere
788 5208 938 5272 probabitur
948 5207 993 5262 A²t
1015 5212 1195 5275 asprobobttor
1205 5210 1249 5272 A¹;
1267 5223 1359 5273 expers
1374 5210 1526 5273 proboth
1541 5237 1568 5246 —
1588 5204 1612 5260 4.
1624 5209 1770 5271 relinquent

442 5290 507 5339 Β-
523 5288 547 5338 8.
565 5288 626 5350 ipsis
636 5299 690 5336 om.
709 5287 727 5336 B
743 5312 769 5323 -
788 5285 813 5336 8.
826 5285 975 5346 locupletum
991 5288 1010 5336 Β
1023 5314 1050 5325 -
1071 5289 1111 5339 44.
1125 5294 1185 5338 scot.
1198 5288 1279 5350 simpl.
1293 5291 1328 5337 A:
1346 5286 1427 5349 simpl.
1439 5290 1500 5335 seut.
1514 5285 1591 5336 BllO
1605 5309 1632 5319 -
1652 5283 1692 5333 48.
1705 5283 1770 5335 inest

442 5368 476 5416 A:
495 5369 529 5415 est
545 5365 599 5415 ΒΜ
618 5390 645 5400 -
664 5361 803 5422 adiunctio,
822 5361 921 5411 omnino
935 5363 969 5411 A:
989 5364 1089 5414 omnino
1106 5364 1233 5413 adiunctio
1250 5363 1284 5421 E3
1303 5362 1383 5412 omnis
1399 5362 1530 5411 odiuoccto
1547 5362 1566 5410 Β
1582 5384 1608 5395 -
1628 5357 1669 5410 44.
1686 5372 1769 5410 seruo·

441 5441 524 5490 nendo
540 5441 559 5490 B
578 5464 605 5474 -
627 5438 886 5501 primum--ponere
906 5436 983 5487 otiert
1003 5436 1099 5488 Gellius
1116 5438 1169 5500 XV,
1188 5437 1227 5487 48.
1252 5436 1290 5486 Cl.
1309 5438 1452 5487 Auctorem
1475 5437 1606 5486 incertum
1629 5435 1663 5486 de
1683 5435 1769 5488 verbo

443 5516 469 5566 in
487 5514 618 5566 Analectis
641 5525 753 5577 gramm.
777 5510 927 5562 Endlicberi
951 5526 976 5575 p.
991 5512 1046 5563 466.
1067 5538 1094 5548 -
1114 5512 1352 5574 cprmoicoruorqoe
1368 5513 1478 5561 omnium
1495 5511 1606 5562 etiamE
1623 5538 1656 5548 -
1675 5511 1716 5562 48.
1735 5513 1771 5562 ed

443 5594 504 5641 ante
521 5593 585 5642 deos
595 5602 650 5640 orn.
663 5590 683 5639 E
697 5616 724 5626 -
743 5588 777 5637 od
793 5588 979 5651 ioulbpcndam
995 5592 1019 5637 et
1035 5589 1069 5636 od
1085 5588 1210 5651 opendom
1226 5588 1374 5637 Ernestius:
1393 5587 1428 5636 nd
1444 5587 1549 5650 intellep.
1567 5592 1590 5637 ct
1606 5587 1731 5650 opendom
1748 5589 1769 5637 A

443 5668 503 5727 ΒΕ;
522 5667 628 5730 intellec.
647 5672 670 5716 et
687 5664 810 5728 opendom
826 5661 909 5713 elii-
928 5664 969 5713 44.
988 5664 1054 5724 qood
1069 5664 1145 5712 niclut
1161 5663 1180 5712 Β
1195 5690 1221 5699 -
1241 5664 1281 5712 44.
1301 5663 1458 5724 osttppomA
1472 5688 1499 5698 -
1518 5661 1559 5711 48.
1578 5663 1691 5711 ducttA:
1709 5661 1771 5711 dicit

444 5743 463 5793 Β
481 5767 508 5778 -
532 5741 575 5792 44.
592 5742 633 5791 ille
648 5753 702 5790 om.
721 5740 740 5790 Β
761 5766 787 5778 -
810 5740 850 5790 46.
869 5752 948 5788 enom
964 5738 1028 5787 lonc
1045 5740 1108 5789 AB:
1132 5739 1196 5787 boec
1212 5749 1291 5787 neom
1307 5737 1328 5787 0
1345 5765 1377 5774 -
1400 5738 1440 5787 48.
1457 5739 1540 5799 potios
1556 5749 1608 5786 nm.
1629 5736 1648 5785 Β
1668 5762 1695 5772 -
1713 5748 1771 5799 sepo

443 5818 575 5867 minimam
592 5817 610 5866 Β
631 5842 656 5852 -
676 5815 716 5864 se.
736 5819 771 5864 cst
787 5814 859 5863 dolor
876 5815 941 5864 AB:
960 5813 1031 5863 dolor
1047 5818 1081 5863 est
1099 5815 1158 5863 0-
1178 5812 1219 5862 84.
1237 5813 1348 5862 Nimium
1365 5812 1422 5861 boni
1438 5818 1472 5862 est
1489 5813 1529 5861 caci
1545 5812 1581 5861 nil
1597 5814 1632 5861 eet
1648 5808 1683 5874 [in
1695 5810 1769 5875 diem]

444 5892 508 5941 molt
524 5892 560 5942 lo.
578 5888 679 5941 Vahlen
696 5889 837 5952 (Ennianos
855 5890 944 5955 poesis
961 5887 1042 5952 [taliq.
1061 5901 1088 5953 p.
1108 5887 1164 5948 448)
1182 5885 1240 5937 coll.
1260 5887 1348 5951 Eurip.
1367 5888 1431 5938 llec.
1450 5888 1506 5938 647.
1527 5913 1554 5924 -
1573 5886 1615 5936 84.
1633 5884 1690 5935 bont
1706 5886 1770 5937 dioe-

444 5979 500 6017 nun
516 5966 535 6015 Β
554 5991 581 6002 -
600 5965 640 6017 36.
659 5966 813 6016 mmcdnm
828 5965 848 6016 B
868 5991 895 6001 -
914 5963 955 6015 36.
973 5967 1106 6027 opponeret
1122 5960 1218 6015 ACD:
1237 5967 1390 6027 apponerent
1406 5962 1434 6014 Β.
