4342 7459
839 1774 1312 1901 ugrumcrosaous

623 2031 742 2124 us
804 2029 1523 2125 nrvruunroun

844 2279 1000 2351 mm
1021 2276 1303 2352 SECUNDUS.

492 2755 517 2817 Ι.
540 2750 570 2817 l.
593 2754 766 2830 Quaerenti
788 2757 866 2819 mibi
889 2758 1088 2839 multumque
1111 2764 1142 2819 et
1164 2756 1219 2818 diu
1241 2755 1389 2838 cogitanti
1413 2773 1550 2837 vanam
1564 2774 1599 2817 re
1614 2774 1740 2838 possam

407 2848 562 2933 prodesse
584 2866 678 2928 quam
701 2848 862 2931 plurimis,
891 2869 932 2913 na
955 2852 1084 2933 quando
1112 2850 1355 2913 intermitterem
1378 2848 1545 2911 consulare
1566 2849 1613 2911 rai
1635 2847 1741 2931 puhli-

408 2962 482 3015 cae,
511 2941 599 3003 nulla
622 2943 725 3005 maior
746 2943 933 3005 occurrebat
959 2963 1053 3026 quam
1082 2944 1109 3008 si
1138 2944 1328 3025 optimarum
1357 2942 1472 3004 artium
1495 2943 1562 3005 vias
1583 2939 1739 3004 traderem

407 3037 486 3099 meis
508 3035 647 3097 civibus:
671 3037 758 3118 quod
781 3036 988 3118 conpluribus
1010 3037 1072 3100 iam
1096 3037 1185 3099 libris
1200 3056 1249 3100 me
1264 3038 1629 3100 arbitrorconsecutom.
1660 3037 1738 3097 Nam

408 3139 441 3194 et
468 3130 624 3193 cohortati
654 3150 765 3193 sumus
795 3139 829 3192 ut
856 3131 993 3193 maxime
1021 3132 1182 3214 potuimus
1211 3130 1252 3193 ad
1281 3129 1503 3213 philosophiae
1532 3128 1673 3191 studium
1700 3140 1763 3192 ent

407 3224 499 3297 libro,
525 3224 579 3307 qui
603 3232 651 3287 eat
672 3224 844 3306 inscriptus
858 3224 1053 3296 Hortensius,
1076 3233 1109 3288 et
1130 3223 1218 3305 quod
1233 3243 1334 3305 genus
1350 3222 1594 3304 philosophandi
1609 3223 1740 3285 minima

408 3320 565 3401 adrogans
587 3318 788 3400 maximeque
811 3326 843 3381 et
864 3327 1013 3381 constans
1036 3327 1068 3381 et
1090 3319 1218 3400 elegans
1246 3318 1471 3382 arbitraremur
1490 3324 1642 3399 quattuor
1661 3318 1741 3378 Aca-

408 3410 540 3475 demicis
563 3410 653 3473 libris
675 3411 884 3474 ostendimus.
928 3410 958 3473 2.
986 3413 1127 3496 Cumque
1150 3411 1387 3476 tundamentum
1411 3420 1495 3474 esset
1517 3408 1740 3492 philosophiae

409 3506 552 3590 positum
573 3506 606 3568 in
629 3502 744 3568 finibus
766 3505 921 3568 bonorum
938 3505 1156 3579 etmalorum,
1178 3514 1387 3589 perpurgatus
1403 3513 1458 3568 est.
1467 3506 1494 3567 is
1509 3505 1598 3567 locus
1613 3524 1632 3566 a
1647 3501 1740 3569 nohis

409 3599 553 3682 quinque
574 3598 675 3671 libris,
698 3607 733 3661 ut
755 3599 833 3681 quid
855 3617 874 3660 a
896 3619 1026 3681 quoque
1048 3610 1080 3663 et
1102 3600 1179 3684 quid
1202 3608 1313 3662 contre
1334 3617 1496 3681 quemque
1511 3597 1777 3682 philosophumto

411 3693 570 3755 diceretur
591 3693 734 3775 intellegi
758 3701 875 3774 posset.
920 3694 1065 3756 Totidem
1088 3694 1249 3757 subsecuti
1272 3694 1343 3756 libri
1359 3692 1608 3755 Tusculanarum
1630 3693 1740 3775 dispu-

408 3788 563 3849 tationum
586 3806 637 3850 res
659 3788 698 3849 ad
722 3787 813 3849 beate
835 3786 1005 3850 vivendum
1021 3788 1158 3850 maxime
1173 3787 1367 3850 necessarias
1382 3795 1584 3868 aperuerunt.
1617 3787 1740 3852 Primus

408 3881 494 3943 enim
517 3887 566 3943 est
587 3879 627 3942 de
650 3881 881 3943 contemnanda
896 3890 1013 3955 morte,
1029 3881 1187 3944 secundus
1202 3882 1242 3943 de
1258 3881 1423 3944 tolerando
1438 3881 1564 3955 dolore,
1583 3879 1624 3943 de
1638 3880 1741 3961 aegri·

408 3977 518 4040 tudine
540 3975 688 4038 lenienda
710 3975 833 4047 tertius,
854 3983 986 4057 quartus
1008 3975 1048 4037 de
1069 3975 1203 4058 reliquis
1221 3976 1317 4039 animi
1333 3973 1631 4058 perturbationibus,
1646 3976 1740 4058 quin·

409 4078 459 4133 tus
482 4089 554 4132 eum
577 4069 680 4132 locum
704 4070 881 4151 conplexus
904 4078 966 4140 est,
989 4070 1043 4151 qui
1059 4076 1157 4131 totam
1173 4067 1408 4151 philosophiam
1425 4069 1560 4131 maxime
1575 4069 1777 4140 inlustratus

408 4162 502 4225 docet
524 4164 608 4226 enirn
631 4163 669 4225 ad
693 4163 784 4225 beate
807 4160 978 4223 vivendum
996 4163 1140 4225 virtutem
1160 4182 1194 4225 se
1211 4164 1278 4243 ipsa
1295 4181 1365 4224 esse
1380 4171 1570 4225 contentam.
1606 4158 1638 4225 3.
1661 4161 1740 4236 Qui·

407 4258 466 4320 hus
490 4252 609 4341 [rebus]
640 4258 733 4320 editis
765 4266 828 4319 tres
851 4256 923 4317 libri
948 4256 1078 4337 perlecti
1101 4267 1175 4319 sunt
1198 4258 1238 4319 de
1260 4266 1372 4318 natura
1394 4256 1543 4328 deorum,
1565 4251 1600 4319 viu
1624 4256 1740 4341 quibus

409 4352 511 4413 omnis
536 4352 604 4413 eius
627 4350 688 4412 loci
713 4352 860 4434 quaestio
883 4352 1072 4412 continetur.
1117 4349 1206 4424 Quae
1235 4359 1268 4413 ut
1295 4350 1386 4432 plane
1410 4360 1494 4412 esset
1516 4351 1739 4431 cumulateque

409 4433 558 4527 perfecta,
581 4444 621 4507 de
644 4444 837 4506 divinatione
860 4444 994 4524 ingressi
1018 4464 1127 4505 sumus
1150 4446 1199 4506 his
1217 4444 1306 4507 libris
1321 4445 1476 4516 scrihere,
1493 4446 1625 4527 quihus,
1642 4453 1677 4506 ut
1691 4451 1740 4505 est

408 4541 441 4607 in
463 4541 589 4612 animo,
618 4539 657 4600 de
679 4538 744 4600 fato
772 4539 799 4599 si
826 4537 1084 4609 adiunxerimus,
1116 4539 1177 4600 erit
1198 4537 1325 4600 abunde
1347 4540 1423 4601 satis
1444 4537 1562 4602 iactum
1584 4539 1643 4602 toti
1664 4536 1776 4601 buicso

408 4634 600 4717 quaestioni.
643 4637 746 4714 litque
768 4631 819 4694 his
842 4632 929 4695 libris
951 4631 1182 4694 adnumerandi
1206 4641 1280 4694 sunt
1301 4652 1359 4694 sex
1382 4630 1421 4693 de
1443 4632 1635 4715 republica,
1657 4651 1739 4714 quos

408 4738 473 4791 tum
496 4728 692 4809 scripsimus,
716 4747 787 4787 cum
810 4725 1024 4808 gubernacula
1046 4724 1093 4787 rei
1110 4725 1256 4807 publicae
1271 4726 1465 4788 tenebamus.
1498 4714 1630 4807 Magnus
1650 4725 1738 4788 locus

407 4820 693 4905 philosophiaeque
726 4821 873 4903 proprius
906 4839 924 4882 a
959 4818 1106 4892 Platone,
1136 4820 1324 4893 Aristotele,
1353 4820 1574 4902 Theophrasto
1609 4829 1738 4902 totaque

407 4914 689 4997 Peripateticorum
716 4912 835 4975 familia
862 4921 1011 4975 tractatus
1035 4914 1203 4976 uberrime.
1248 4913 1424 4996 Numquid
1448 4934 1507 4997 ego
1530 4914 1570 4977 de
1593 4913 1739 4978 consola·

407 5011 493 5072 tione
516 5009 640 5070 dicaml
678 5026 759 5090 quae
782 5007 857 5069 mihi
880 5008 1009 5090 quidem
1033 5008 1094 5090 ipsi
1117 5026 1192 5070 sane
1214 5007 1412 5091 aliquantum
1436 5008 1598 5081 medetur,
1626 5010 1776 5072 ceterisso

407 5102 482 5166 item
512 5103 644 5163 multum
673 5101 760 5163 illam
783 5100 979 5184 profuturam
1004 5109 1092 5182 puto.
1136 5101 1324 5165 Interiectus
1346 5110 1396 5166 est
1418 5104 1513 5165 etiam
1537 5122 1638 5185 nuper
1659 5102 1739 5164 liber

407 5196 445 5272 is,
467 5218 561 5280 quem
584 5194 623 5258 ad
647 5204 789 5258 nostrum
804 5195 941 5258 Atticum
964 5192 1004 5257 da
1026 5202 1191 5258 senectute
1214 5191 1367 5259 misimus.
1411 5196 1634 5279 inprimisque,
1657 5214 1739 5278 quo·

473 5466 498 5518 i.
516 5464 686 5526 cumpluribus
702 5463 753 5513 ΒΗ
776 5488 804 5500 -
826 5461 928 5513 liberti
953 5489 980 5499 ·-
1008 5464 1033 5512 c.
1056 5468 1079 5512 at
1097 5476 1146 5524 quo
1162 5463 1293 5514 hortotia
1318 5489 1345 5499 -
1374 5464 1398 5513 d.
1415 5464 1577 5527 filosophondi
1593 5464 1685 5513 initum
1699 5476 1740 5513 uas

407 5555 462 5592 oar.
483 5542 503 5591 Η
523 5566 549 5575 -
574 5540 598 5590 9.
618 5541 685 5589 locus
702 5539 791 5588 omit
810 5564 838 5574 -
863 5537 903 5588 to.
920 5538 1060 5601 mannulos
1077 5536 1109 5588 Η1
1128 5564 1156 5576 -
1181 5539 1221 5588 ll.
1240 5540 1336 5588 dicatur
1354 5539 1374 5589 Η
1395 5565 1420 5576 -
1440 5540 1632 5601 disputationem
1647 5551 1688 5586 res
1704 5538 1740 5587 od

408 5617 507 5667 hectun
524 5615 554 5662 Ψ
570 5642 593 5651 -
616 5616 656 5664 aa.
675 5615 742 5664 dect
759 5614 779 5663 Η
798 5637 826 5649 -
849 5613 939 5673 qubus
954 5613 1028 5663 robus
1045 5614 1080 5665 c:
1100 5613 1188 5662 «robur
1205 5614 1268 5663 mibi
1286 5617 1442 5677 suspectum
1459 5617 1510 5671 est.
1529 5613 1609 5677 idque
1627 5616 1673 5662 ant
1689 5611 1740 5663 de·

408 5691 516 5743 lendum
535 5696 580 5740 ant
597 5704 646 5754 pro
664 5703 696 5740 eo
713 5689 784 5738 tibris
800 5687 973 5739 scribendum
991 5691 1034 5748 alt,
1053 5691 1154 5739 omisso
1167 5693 1226 5754 post
1237 5690 1319 5740 heri».
1334 5691 1394 5740 Ern.
1413 5689 1502 5751 quibua
1517 5688 1588 5738 tibris
1603 5688 1675 5737 mltis
1690 5695 1740 5739 tres

408 5768 502 5818 librio
521 5793 547 5803 -
567 5764 812 5817 sannuncurt
832 5764 1022 5827 -pleneWO
1043 5791 1070 5801 -
1089 5765 1130 5815 20.
1149 5766 1400 5815 adunarimurli-
1419 5767 1460 5815 tt.
1480 5766 1514 5815 od
1528 5765 1691 5813 amandis
1705 5776 1739 5815 aa·

409 5844 476 5894 Η-
503 5841 722 5892 tatumbbv:
749 5841 858 5901 mult,
882 5840 979 5890 tanco
1002 5867 1029 5877 -
1055 5840 1280 5891 wilielmum·-
1307 5837 1523 5891 acmflt-
1551 5840 1738 5905 odonnatslrm

408 5916 460 5970 eat.
479 5943 507 5954 -
525 5918 566 5969 26.
584 5917 731 5977 mutat,
749 5911 1145 5981 smuutnms.‚struV.
