<?xml version="1.0" encoding="UTF-8"?>
<!DOCTYPE html PUBLIC "-//W3C//DTD XHTML 1.0 Transitional//EN"
    "http://www.w3.org/TR/xhtml1/DTD/xhtml1-transitional.dtd">
<html xmlns="http://www.w3.org/1999/xhtml" xml:lang="en" lang="en">
 <head>
  <title>
</title>
<meta http-equiv="Content-Type" content="text/html;charset=utf-8" />
  <meta name='ocr-system' content='tesseract 3.04.00' />
  <meta name='ocr-capabilities' content='ocr_page ocr_carea ocr_par ocr_line ocrx_word'/>
</head>
<body>
  <div class='ocr_page' id='page_1' title='image "./operaquaesupers00halmgoog/operaquaesupers00halmgoog_1013.png"; bbox 0 0 4342 7459; ppageno 0'>
   <div class='ocr_carea' id='block_1_1' title="bbox 991 1273 1742 1347">
    <p class='ocr_par' dir='ltr' id='par_1_1' title="bbox 991 1273 1742 1347">
     <span class='ocr_line' id='line_1_1' title="bbox 991 1273 1742 1347; baseline 0.008 -6"><span class='ocrx_word' id='word_1_1' title='bbox 991 1273 1174 1343; x_wconf 71' lang='lat' dir='ltr'><strong>amusos.</strong></span> <span class='ocrx_word' id='word_1_2' title='bbox 1664 1281 1742 1347; x_wconf 61' lang='lat' dir='ltr'><strong>pm</strong></span> 
     </span>
    </p>
   </div>
   <div class='ocr_carea' id='block_1_2' title="bbox 405 1430 1785 4325">
    <p class='ocr_par' dir='ltr' id='par_1_2' title="bbox 405 1430 1785 3669">
     <span class='ocr_line' id='line_1_2' title="bbox 418 1430 1742 1513; baseline 0.005 -19"><span class='ocrx_word' id='word_1_3' title='bbox 418 1433 479 1496; x_wconf 88' lang='lat' dir='ltr'><strong>iam</strong></span> <span class='ocrx_word' id='word_1_4' title='bbox 496 1432 670 1510; x_wconf 85' lang='lat' dir='ltr'><strong>inveneris,</strong></span> <span class='ocrx_word' id='word_1_5' title='bbox 689 1431 827 1494; x_wconf 88' lang='lat' dir='ltr'><strong>indicare</strong></span> <span class='ocrx_word' id='word_1_6' title='bbox 846 1433 876 1493; x_wconf 94' lang='lat' dir='ltr'><strong>in</strong></span> <span class='ocrx_word' id='word_1_7' title='bbox 897 1430 1007 1510; x_wconf 81' lang='lat' dir='ltr'><strong>vulgus</strong></span> <span class='ocrx_word' id='word_1_8' title='bbox 1025 1432 1125 1494; x_wconf 90' lang='lat' dir='ltr'><strong>nelas.</strong></span> <span class='ocrx_word' id='word_1_9' title='bbox 1146 1434 1265 1495; x_wconf 81' lang='lat' dir='ltr'>Rursus</span> <span class='ocrx_word' id='word_1_10' title='bbox 1284 1434 1376 1513; x_wconf 79' lang='lat' dir='ltr'><strong>igitur</strong></span> <span class='ocrx_word' id='word_1_11' title='bbox 1399 1435 1584 1510; x_wconf 88' lang='lat' dir='ltr'><strong>videndum,</strong></span> <span class='ocrx_word' id='word_1_12' title='bbox 1614 1438 1666 1501; x_wconf 93' lang='lat' dir='ltr'><strong>ille</strong></span> <span class='ocrx_word' id='word_1_13' title='bbox 1692 1439 1742 1501; x_wconf 88' lang='lat' dir='ltr'><strong>la-</strong></span> 
     </span>
     <span class='ocr_line' id='line_1_3' title="bbox 418 1525 1743 1615; baseline 0.005 -27"><span class='ocrx_word' id='word_1_14' title='bbox 418 1525 554 1589; x_wconf 85' lang='lat' dir='ltr'><strong>brioator</strong></span> <span class='ocrx_word' id='word_1_15' title='bbox 570 1526 663 1589; x_wconf 88' lang='lat' dir='ltr'><strong>buius</strong></span> <span class='ocrx_word' id='word_1_16' title='bbox 683 1527 758 1589; x_wconf 87' lang='lat' dir='ltr'><strong>tanti</strong></span> <span class='ocrx_word' id='word_1_17' title='bbox 777 1527 881 1605; x_wconf 89' lang='lat' dir='ltr'><strong>operis</strong></span> <span class='ocrx_word' id='word_1_18' title='bbox 900 1533 1003 1587; x_wconf 82' lang='lat' dir='ltr'><strong>uuum</strong></span> <span class='ocrx_word' id='word_1_19' title='bbox 1017 1526 1057 1587; x_wconf 93' lang='lat' dir='ltr'><strong>sit</strong></span> <span class='ocrx_word' id='word_1_20' title='bbox 1069 1526 1206 1588; x_wconf 89' lang='lat' dir='ltr'><strong>imitatus</strong></span> <span class='ocrx_word' id='word_1_21' title='bbox 1220 1526 1391 1608; x_wconf 84' lang='lat' dir='ltr'><strong>exemplar,</strong></span> <span class='ocrx_word' id='word_1_22' title='bbox 1411 1528 1502 1607; x_wconf 92' lang='lat' dir='ltr'><strong>idne,</strong></span> <span class='ocrx_word' id='word_1_23' title='bbox 1523 1531 1743 1615; x_wconf 91' lang='lat' dir='ltr'><strong>qnodsemper</strong></span> 
     </span>
     <span class='ocr_line' id='line_1_4' title="bbox 408 1618 1739 1704; baseline 0.001 -18"><span class='ocrx_word' id='word_1_24' title='bbox 408 1638 514 1688; x_wconf 79' lang='lat' dir='ltr'><strong>‚unum</strong></span> <span class='ocrx_word' id='word_1_25' title='bbox 543 1629 575 1682; x_wconf 90' lang='lat' dir='ltr'><strong>et</strong></span> <span class='ocrx_word' id='word_1_26' title='bbox 602 1620 684 1682; x_wconf 91' lang='lat' dir='ltr'><strong>idern</strong></span> <span class='ocrx_word' id='word_1_27' title='bbox 710 1628 742 1682; x_wconf 91' lang='lat' dir='ltr'><strong>et</strong></span> <span class='ocrx_word' id='word_1_28' title='bbox 761 1623 809 1681; x_wconf 90' lang='lat' dir='ltr'><strong>sui</strong></span> <span class='ocrx_word' id='word_1_29' title='bbox 832 1619 947 1696; x_wconf 90' lang='lat' dir='ltr'><strong>simile,</strong></span> <span class='ocrx_word' id='word_1_30' title='bbox 977 1637 1016 1680; x_wconf 92' lang='lat' dir='ltr'><strong>an</strong></span> <span class='ocrx_word' id='word_1_31' title='bbox 1041 1619 1089 1693; x_wconf 89' lang='lat' dir='ltr'><strong>id,</strong></span> <span class='ocrx_word' id='word_1_32' title='bbox 1111 1618 1196 1698; x_wconf 92' lang='lat' dir='ltr'><strong>quod</strong></span> <span class='ocrx_word' id='word_1_33' title='bbox 1215 1628 1581 1704; x_wconf 78' lang='lat' dir='ltr'><strong>generatumortumque</strong></span> <span class='ocrx_word' id='word_1_34' title='bbox 1600 1626 1739 1688; x_wconf 80' lang='lat' dir='ltr'><strong>dicimus.</strong></span> 
     </span>
     <span class='ocr_line' id='line_1_5' title="bbox 416 1713 1741 1800; baseline 0.002 -22"><span class='ocrx_word' id='word_1_35' title='bbox 416 1717 510 1795; x_wconf 79' lang='lat' dir='ltr'><strong>Atqui</strong></span> <span class='ocrx_word' id='word_1_36' title='bbox 529 1717 556 1777; x_wconf 88' lang='lat' dir='ltr'><strong>si</strong></span> <span class='ocrx_word' id='word_1_37' title='bbox 574 1713 705 1794; x_wconf 79' lang='lat' dir='ltr'><strong>pulcher</strong></span> <span class='ocrx_word' id='word_1_38' title='bbox 721 1722 771 1776; x_wconf 85' lang='lat' dir='ltr'><strong>est</strong></span> <span class='ocrx_word' id='word_1_39' title='bbox 788 1713 838 1775; x_wconf 91' lang='lat' dir='ltr'><strong>bic</strong></span> <span class='ocrx_word' id='word_1_40' title='bbox 857 1714 993 1775; x_wconf 92' lang='lat' dir='ltr'><strong>mundus</strong></span> <span class='ocrx_word' id='word_1_41' title='bbox 1012 1721 1045 1774; x_wconf 90' lang='lat' dir='ltr'><strong>et</strong></span> <span class='ocrx_word' id='word_1_42' title='bbox 1062 1713 1089 1773; x_wconf 90' lang='lat' dir='ltr'><strong>si</strong></span> <span class='ocrx_word' id='word_1_43' title='bbox 1103 1714 1221 1792; x_wconf 93' lang='lat' dir='ltr'><strong>probus</strong></span> <span class='ocrx_word' id='word_1_44' title='bbox 1233 1715 1300 1778; x_wconf 88' lang='lat' dir='ltr'><strong>eius</strong></span> <span class='ocrx_word' id='word_1_45' title='bbox 1313 1716 1441 1792; x_wconf 77' lang='lat' dir='ltr'><strong>artifex,</strong></span> <span class='ocrx_word' id='word_1_46' title='bbox 1455 1719 1593 1797; x_wconf 88' lang='lat' dir='ltr'><strong>prolecto</strong></span> <span class='ocrx_word' id='word_1_47' title='bbox 1604 1720 1741 1800; x_wconf 92' lang='lat' dir='ltr'><strong>speciem</strong></span> 
     </span>
     <span class='ocr_line' id='line_1_6' title="bbox 416 1806 1767 1893; baseline 0.002 -21"><span class='ocrx_word' id='word_1_48' title='bbox 416 1809 607 1872; x_wconf 70' lang='lat' dir='ltr'><strong>aeternitatis</strong></span> <span class='ocrx_word' id='word_1_49' title='bbox 626 1808 737 1870; x_wconf 90' lang='lat' dir='ltr'><strong>imitari</strong></span> <span class='ocrx_word' id='word_1_50' title='bbox 757 1806 884 1883; x_wconf 83' lang='lat' dir='ltr'><strong>meluit,</strong></span> <span class='ocrx_word' id='word_1_51' title='bbox 904 1808 952 1868; x_wconf 91' lang='lat' dir='ltr'><strong>sin</strong></span> <span class='ocrx_word' id='word_1_52' title='bbox 972 1824 1084 1885; x_wconf 88' lang='lat' dir='ltr'><strong>secus,</strong></span> <span class='ocrx_word' id='word_1_53' title='bbox 1106 1806 1191 1887; x_wconf 93' lang='lat' dir='ltr'><strong>quod</strong></span> <span class='ocrx_word' id='word_1_54' title='bbox 1210 1826 1251 1869; x_wconf 92' lang='lat' dir='ltr'><strong>ne</strong></span> <span class='ocrx_word' id='word_1_55' title='bbox 1271 1808 1355 1870; x_wconf 90' lang='lat' dir='ltr'><strong>dictu</strong></span> <span class='ocrx_word' id='word_1_56' title='bbox 1375 1809 1501 1890; x_wconf 90' lang='lat' dir='ltr'><strong>quidem</strong></span> <span class='ocrx_word' id='word_1_57' title='bbox 1520 1813 1567 1874; x_wconf 89' lang='lat' dir='ltr'><strong>las</strong></span> <span class='ocrx_word' id='word_1_58' title='bbox 1591 1822 1657 1885; x_wconf 89' lang='lat' dir='ltr'><strong>est,</strong></span> <span class='ocrx_word' id='word_1_59' title='bbox 1684 1821 1767 1893; x_wconf 78' lang='lat' dir='ltr'><strong>ge-t</strong></span> 
     </span>
     <span class='ocr_line' id='line_1_7' title="bbox 407 1902 1742 1986; baseline 0.002 -20"><span class='ocrx_word' id='word_1_60' title='bbox 407 1912 558 1967; x_wconf 83' lang='lat' dir='ltr'><strong>-neratum</strong></span> <span class='ocrx_word' id='word_1_61' title='bbox 586 1902 763 1983; x_wconf 85' lang='lat' dir='ltr'><strong>exemplum</strong></span> <span class='ocrx_word' id='word_1_62' title='bbox 796 1912 845 1964; x_wconf 92' lang='lat' dir='ltr'><strong>est</strong></span> <span class='ocrx_word' id='word_1_63' title='bbox 871 1920 929 1982; x_wconf 88' lang='lat' dir='ltr'><strong>pro</strong></span> <span class='ocrx_word' id='word_1_64' title='bbox 957 1909 1085 1964; x_wconf 87' lang='lat' dir='ltr'><strong>aeterno</strong></span> <span class='ocrx_word' id='word_1_65' title='bbox 1116 1909 1253 1964; x_wconf 91' lang='lat' dir='ltr'><strong>secutus.</strong></span> <span class='ocrx_word' id='word_1_66' title='bbox 1302 1904 1370 1964; x_wconf 91' lang='lat' dir='ltr'><strong>Non</strong></span> <span class='ocrx_word' id='word_1_67' title='bbox 1393 1905 1494 1982; x_wconf 76' lang='lat' dir='ltr'><strong>igitur.</strong></span> <span class='ocrx_word' id='word_1_68' title='bbox 1513 1905 1642 1968; x_wconf 91' lang='lat' dir='ltr'><strong>dubium</strong></span> <span class='ocrx_word' id='word_1_69' title='bbox 1668 1908 1742 1986; x_wconf 92' lang='lat' dir='ltr'><strong>quin</strong></span> 
     </span>
     <span class='ocr_line' id='line_1_8' title="bbox 405 1994 1742 2080; baseline 0 -19"><span class='ocrx_word' id='word_1_70' title='bbox 405 1998 629 2061; x_wconf 79' lang='lat' dir='ltr'><strong>aeternitatem</strong></span> <span class='ocrx_word' id='word_1_71' title='bbox 658 1994 801 2058; x_wconf 88' lang='lat' dir='ltr'><strong>maluerit</strong></span> <span class='ocrx_word' id='word_1_72' title='bbox 830 1996 975 2075; x_wconf 84' lang='lat' dir='ltr'><strong>exsequi.</strong></span> <span class='ocrx_word' id='word_1_73' title='bbox 1008 1995 1285 2076; x_wconf 90' lang='lat' dir='ltr'><strong>quandoquidem</strong></span> <span class='ocrx_word' id='word_1_74' title='bbox 1313 2014 1416 2078; x_wconf 90' lang='lat' dir='ltr'><strong>neque</strong></span> <span class='ocrx_word' id='word_1_75' title='bbox 1440 1999 1557 2062; x_wconf 92' lang='lat' dir='ltr'><strong>mundo</strong></span> <span class='ocrx_word' id='word_1_76' title='bbox 1576 2001 1742 2080; x_wconf 89' lang='lat' dir='ltr'><strong>quicquam</strong></span> 
     </span>
     <span class='ocr_line' id='line_1_9' title="bbox 414 2089 1742 2174; baseline 0.002 -22"><span class='ocrx_word' id='word_1_77' title='bbox 414 2092 573 2174; x_wconf 78' lang='lat' dir='ltr'>pulchrius</span> <span class='ocrx_word' id='word_1_78' title='bbox 596 2109 700 2171; x_wconf 91' lang='lat' dir='ltr'><strong>neque</strong></span> <span class='ocrx_word' id='word_1_79' title='bbox 726 2091 793 2154; x_wconf 90' lang='lat' dir='ltr'><strong>eius</strong></span> <span class='ocrx_word' id='word_1_80' title='bbox 814 2089 1012 2153; x_wconf 85' lang='lat' dir='ltr'><strong>aedificatore</strong></span> <span class='ocrx_word' id='word_1_81' title='bbox 1033 2091 1252 2169; x_wconf 71' lang='lat' dir='ltr'><strong>praestantius.</strong></span> <span class='ocrx_word' id='word_1_82' title='bbox 1293 2092 1345 2153; x_wconf 90' lang='lat' dir='ltr'><strong>Sic</strong></span> <span class='ocrx_word' id='word_1_83' title='bbox 1372 2110 1446 2170; x_wconf 78' lang='lat' dir='ltr'><strong>ergo</strong></span> <span class='ocrx_word' id='word_1_84' title='bbox 1465 2103 1632 2170; x_wconf 68' lang='lat' dir='ltr'><strong>generatus</strong></span> <span class='ocrx_word' id='word_1_85' title='bbox 1651 2092 1691 2156; x_wconf 85' lang='lat' dir='ltr'><strong>ed</strong></span> <span class='ocrx_word' id='word_1_86' title='bbox 1710 2093 1742 2155; x_wconf 89' lang='lat' dir='ltr'><strong>id</strong></span> 
     </span>
     <span class='ocr_line' id='line_1_10' title="bbox 416 2184 1742 2267; baseline 0 -20"><span class='ocrx_word' id='word_1_87' title='bbox 416 2194 465 2248; x_wconf 91' lang='lat' dir='ltr'><strong>est</strong></span> <span class='ocrx_word' id='word_1_88' title='bbox 494 2186 638 2262; x_wconf 83' lang='lat' dir='ltr'><strong>allectus,</strong></span> <span class='ocrx_word' id='word_1_89' title='bbox 664 2184 748 2264; x_wconf 93' lang='lat' dir='ltr'><strong>quod</strong></span> <span class='ocrx_word' id='word_1_90' title='bbox 773 2184 891 2246; x_wconf 91' lang='lat' dir='ltr'><strong>ratione</strong></span> <span class='ocrx_word' id='word_1_91' title='bbox 917 2184 1132 2262; x_wconf 73' lang='lat' dir='ltr'><strong>sapientiaque</strong></span> <span class='ocrx_word' id='word_1_92' title='bbox 1161 2184 1425 2262; x_wconf 81' lang='lat' dir='ltr'><strong>conprehenditur</strong></span> <span class='ocrx_word' id='word_1_93' title='bbox 1447 2195 1541 2267; x_wconf 89' lang='lat' dir='ltr'><strong>atque</strong></span> <span class='ocrx_word' id='word_1_94' title='bbox 1561 2189 1742 2249; x_wconf 85' lang='lat' dir='ltr'><strong>aeternitate</strong></span> 
     </span>
     <span class='ocr_line' id='line_1_11' title="bbox 415 2278 1785 2360; baseline 0.001 -19"><span class='ocrx_word' id='word_1_95' title='bbox 415 2279 586 2342; x_wconf 87' lang='lat' dir='ltr'><strong>inmutabili</strong></span> <span class='ocrx_word' id='word_1_96' title='bbox 609 2280 792 2341; x_wconf 87' lang='lat' dir='ltr'><strong>continetur.</strong></span> <span class='ocrx_word' id='word_1_97' title='bbox 833 2279 877 2340; x_wconf 76' lang='lat' dir='ltr'><strong>lix</strong></span> <span class='ocrx_word' id='word_1_98' title='bbox 905 2296 967 2357; x_wconf 93' lang='lat' dir='ltr'><strong>quo</strong></span> <span class='ocrx_word' id='word_1_99' title='bbox 987 2278 1119 2339; x_wconf 88' lang='lat' dir='ltr'><strong>efficitur</strong></span> <span class='ocrx_word' id='word_1_100' title='bbox 1135 2287 1172 2339; x_wconf 92' lang='lat' dir='ltr'><strong>ut</strong></span> <span class='ocrx_word' id='word_1_101' title='bbox 1189 2279 1229 2339; x_wconf 90' lang='lat' dir='ltr'><strong>sit</strong></span> <span class='ocrx_word' id='word_1_102' title='bbox 1248 2296 1379 2341; x_wconf 88' lang='lat' dir='ltr'><strong>necesse</strong></span> <span class='ocrx_word' id='word_1_103' title='bbox 1401 2280 1495 2356; x_wconf 91' lang='lat' dir='ltr'><strong>bunc,</strong></span> <span class='ocrx_word' id='word_1_104' title='bbox 1524 2298 1619 2360; x_wconf 89' lang='lat' dir='ltr'><strong>quem</strong></span> <span class='ocrx_word' id='word_1_105' title='bbox 1637 2282 1785 2341; x_wconf 74' lang='lat' dir='ltr'><strong>cerni-⁴⁰</strong></span> 
     </span>
     <span class='ocr_line' id='line_1_12' title="bbox 409 2370 1742 2446; baseline -0.001 -11"><span class='ocrx_word' id='word_1_106' title='bbox 409 2390 502 2446; x_wconf 87' lang='lat' dir='ltr'><strong>mus,</strong></span> <span class='ocrx_word' id='word_1_107' title='bbox 534 2371 683 2435; x_wconf 88' lang='lat' dir='ltr'><strong>mundum</strong></span> <span class='ocrx_word' id='word_1_108' title='bbox 711 2370 910 2435; x_wconf 78' lang='lat' dir='ltr'><strong>simulacrum</strong></span> <span class='ocrx_word' id='word_1_109' title='bbox 936 2380 1098 2433; x_wconf 88' lang='lat' dir='ltr'><strong>aeternum</strong></span> <span class='ocrx_word' id='word_1_110' title='bbox 1117 2389 1189 2432; x_wconf 90' lang='lat' dir='ltr'><strong>esse</strong></span> <span class='ocrx_word' id='word_1_111' title='bbox 1208 2371 1338 2434; x_wconf 90' lang='lat' dir='ltr'><strong>alicuius</strong></span> <span class='ocrx_word' id='word_1_112' title='bbox 1359 2378 1488 2435; x_wconf 90' lang='lat' dir='ltr'><strong>aeterni.</strong></span> <span class='ocrx_word' id='word_1_113' title='bbox 1526 2373 1742 2435; x_wconf 87' lang='lat' dir='ltr'><strong>Difficillimum</strong></span> 
     </span>
     <span class='ocr_line' id='line_1_13' title="bbox 416 2464 1741 2545; baseline -0.001 -16"><span class='ocrx_word' id='word_1_114' title='bbox 416 2475 519 2529; x_wconf 90' lang='lat' dir='ltr'><strong>autem</strong></span> <span class='ocrx_word' id='word_1_115' title='bbox 546 2476 596 2528; x_wconf 90' lang='lat' dir='ltr'><strong>cst</strong></span> <span class='ocrx_word' id='word_1_116' title='bbox 622 2467 652 2527; x_wconf 93' lang='lat' dir='ltr'><strong>in</strong></span> <span class='ocrx_word' id='word_1_117' title='bbox 680 2466 762 2527; x_wconf 93' lang='lat' dir='ltr'><strong>omni</strong></span> <span class='ocrx_word' id='word_1_118' title='bbox 789 2464 1014 2543; x_wconf 83' lang='lat' dir='ltr'><strong>conquisitione</strong></span> <span class='ocrx_word' id='word_1_119' title='bbox 1045 2464 1173 2526; x_wconf 88' lang='lat' dir='ltr'><strong>rationis</strong></span> <span class='ocrx_word' id='word_1_120' title='bbox 1193 2464 1363 2528; x_wconf 88' lang='lat' dir='ltr'><strong>exordium.</strong></span> <span class='ocrx_word' id='word_1_121' title='bbox 1403 2468 1449 2528; x_wconf 82' lang='lat' dir='ltr'><strong>ne</strong></span> <span class='ocrx_word' id='word_1_122' title='bbox 1466 2468 1506 2529; x_wconf 88' lang='lat' dir='ltr'><strong>iis</strong></span> <span class='ocrx_word' id='word_1_123' title='bbox 1523 2468 1631 2545; x_wconf 75' lang='lat' dir='ltr'><strong>igitur,</strong></span> <span class='ocrx_word' id='word_1_124' title='bbox 1660 2483 1741 2545; x_wconf 86' lang='lat' dir='ltr'><strong>quse</strong></span> 
     </span>
     <span class='ocr_line' id='line_1_14' title="bbox 416 2556 1741 2639; baseline -0.001 -17"><span class='ocrx_word' id='word_1_125' title='bbox 416 2559 566 2632; x_wconf 83' lang='lat' dir='ltr'><strong>diximus,</strong></span> <span class='ocrx_word' id='word_1_126' title='bbox 596 2559 673 2622; x_wconf 85' lang='lat' dir='ltr'><strong>haec</strong></span> <span class='ocrx_word' id='word_1_127' title='bbox 705 2559 745 2620; x_wconf 90' lang='lat' dir='ltr'><strong>sit</strong></span> <span class='ocrx_word' id='word_1_128' title='bbox 764 2559 863 2639; x_wconf 85' lang='lat' dir='ltr'><strong>prima</strong></span> <span class='ocrx_word' id='word_1_129' title='bbox 887 2556 1051 2619; x_wconf 86' lang='lat' dir='ltr'><strong>distinctio.</strong></span> <span class='ocrx_word' id='word_1_130' title='bbox 1089 2558 1138 2619; x_wconf 89' lang='lat'><strong>111.</strong></span> <span class='ocrx_word' id='word_1_131' title='bbox 1161 2558 1250 2618; x_wconf 93' lang='lat' dir='ltr'><strong>Omni</strong></span> <span class='ocrx_word' id='word_1_132' title='bbox 1271 2560 1400 2621; x_wconf 88' lang='lat' dir='ltr'><strong>orationi</strong></span> <span class='ocrx_word' id='word_1_133' title='bbox 1419 2578 1491 2622; x_wconf 90' lang='lat' dir='ltr'><strong>oum</strong></span> <span class='ocrx_word' id='word_1_134' title='bbox 1507 2561 1546 2623; x_wconf 91' lang='lat' dir='ltr'><strong>iis</strong></span> <span class='ocrx_word' id='word_1_135' title='bbox 1566 2561 1681 2637; x_wconf 91' lang='lat' dir='ltr'><strong>rebus,</strong></span> <span class='ocrx_word' id='word_1_136' title='bbox 1701 2558 1741 2621; x_wconf 87' lang='lat' dir='ltr'><strong>de</strong></span> 
     </span>
     <span class='ocr_line' id='line_1_15' title="bbox 416 2651 1741 2733; baseline 0 -18"><span class='ocrx_word' id='word_1_137' title='bbox 416 2654 532 2733; x_wconf 90' lang='lat' dir='ltr'><strong>quibus</strong></span> <span class='ocrx_word' id='word_1_138' title='bbox 551 2651 701 2732; x_wconf 83' lang='lat' dir='ltr'><strong>explicat,</strong></span> <span class='ocrx_word' id='word_1_139' title='bbox 722 2651 936 2713; x_wconf 70' lang='lat' dir='ltr'><strong>videturesse</strong></span> <span class='ocrx_word' id='word_1_140' title='bbox 956 2651 1107 2729; x_wconf 76' lang='lat' dir='ltr'><strong>cognatio.</strong></span> <span class='ocrx_word' id='word_1_141' title='bbox 1147 2654 1255 2730; x_wconf 88' lang='lat' dir='ltr'><strong>ltaque</strong></span> <span class='ocrx_word' id='word_1_142' title='bbox 1274 2669 1345 2714; x_wconf 93' lang='lat' dir='ltr'><strong>cum</strong></span> <span class='ocrx_word' id='word_1_143' title='bbox 1365 2652 1405 2714; x_wconf 89' lang='lat' dir='ltr'><strong>de</strong></span> <span class='ocrx_word' id='word_1_144' title='bbox 1425 2671 1459 2715; x_wconf 88' lang='lat' dir='ltr'><strong>rc</strong></span> <span class='ocrx_word' id='word_1_145' title='bbox 1471 2653 1574 2715; x_wconf 86' lang='lat' dir='ltr'><strong>stabili</strong></span> <span class='ocrx_word' id='word_1_146' title='bbox 1588 2662 1620 2715; x_wconf 88' lang='lat' dir='ltr'><strong>et</strong></span> <span class='ocrx_word' id='word_1_147' title='bbox 1637 2655 1741 2715; x_wconf 92' lang='lat' dir='ltr'><strong>inmu-</strong></span> 
     </span>
     <span class='ocr_line' id='line_1_16' title="bbox 416 2742 1779 2829; baseline -0.001 -19"><span class='ocrx_word' id='word_1_148' title='bbox 416 2745 501 2810; x_wconf 85' lang='lat' dir='ltr'><strong>tabili</strong></span> <span class='ocrx_word' id='word_1_149' title='bbox 530 2745 668 2825; x_wconf 85' lang='lat' dir='ltr'><strong>disputat</strong></span> <span class='ocrx_word' id='word_1_150' title='bbox 696 2746 810 2822; x_wconf 88' lang='lat' dir='ltr'><strong>oratio,</strong></span> <span class='ocrx_word' id='word_1_151' title='bbox 837 2744 906 2808; x_wconf 87' lang='lat' dir='ltr'><strong>talis</strong></span> <span class='ocrx_word' id='word_1_152' title='bbox 933 2745 990 2821; x_wconf 89' lang='lat' dir='ltr'><strong>sit,</strong></span> <span class='ocrx_word' id='word_1_153' title='bbox 1024 2742 1125 2823; x_wconf 89' lang='lat' dir='ltr'><strong>qualis</strong></span> <span class='ocrx_word' id='word_1_154' title='bbox 1142 2742 1212 2820; x_wconf 92' lang='lat' dir='ltr'><strong>illa,</strong></span> <span class='ocrx_word' id='word_1_155' title='bbox 1244 2762 1326 2824; x_wconf 90' lang='lat' dir='ltr'><strong>quae</strong></span> <span class='ocrx_word' id='word_1_156' title='bbox 1345 2764 1448 2826; x_wconf 88' lang='lat' dir='ltr'><strong>neque</strong></span> <span class='ocrx_word' id='word_1_157' title='bbox 1466 2744 1612 2824; x_wconf 74' lang='lat' dir='ltr'><strong>redargui</strong></span> <span class='ocrx_word' id='word_1_158' title='bbox 1636 2756 1779 2829; x_wconf 82' lang='lat' dir='ltr'><strong>nequett</strong></span> 
     </span>
     <span class='ocr_line' id='line_1_17' title="bbox 416 2838 1742 2919; baseline 0 -18"><span class='ocrx_word' id='word_1_159' title='bbox 416 2839 555 2903; x_wconf 87' lang='lat' dir='ltr'><strong>convinci</strong></span> <span class='ocrx_word' id='word_1_160' title='bbox 573 2847 686 2919; x_wconf 86' lang='lat' dir='ltr'><strong>potest.</strong></span> <span class='ocrx_word' id='word_1_161' title='bbox 728 2840 805 2901; x_wconf 85' lang='lat' dir='ltr'><strong>Cum</strong></span> <span class='ocrx_word' id='word_1_162' title='bbox 826 2846 930 2900; x_wconf 89' lang='lat' dir='ltr'><strong>autem</strong></span> <span class='ocrx_word' id='word_1_163' title='bbox 948 2840 1092 2917; x_wconf 80' lang='lat' dir='ltr'><strong>ingressa</strong></span> <span class='ocrx_word' id='word_1_164' title='bbox 1110 2845 1160 2898; x_wconf 91' lang='lat' dir='ltr'><strong>est</strong></span> <span class='ocrx_word' id='word_1_165' title='bbox 1176 2838 1292 2902; x_wconf 83' lang='lat' dir='ltr'><strong>imitata</strong></span> <span class='ocrx_word' id='word_1_166' title='bbox 1306 2847 1339 2900; x_wconf 94' lang='lat' dir='ltr'><strong>et</strong></span> <span class='ocrx_word' id='word_1_167' title='bbox 1351 2839 1451 2900; x_wconf 86' lang='lat' dir='ltr'><strong>efficta</strong></span> <span class='ocrx_word' id='word_1_168' title='bbox 1465 2838 1645 2914; x_wconf 88' lang='lat' dir='ltr'><strong>simulacra,</strong></span> <span class='ocrx_word' id='word_1_169' title='bbox 1660 2839 1742 2902; x_wconf 93' lang='lat' dir='ltr'><strong>bene</strong></span> 
     </span>
     <span class='ocr_line' id='line_1_18' title="bbox 407 2932 1742 3015; baseline 0.001 -22"><span class='ocrx_word' id='word_1_170' title='bbox 407 2934 467 3013; x_wconf 73' lang='lat' dir='ltr'><strong>agi</strong></span> <span class='ocrx_word' id='word_1_171' title='bbox 485 2942 590 3015; x_wconf 87' lang='lat' dir='ltr'><strong>putat,</strong></span> <span class='ocrx_word' id='word_1_172' title='bbox 610 2933 636 2994; x_wconf 89' lang='lat' dir='ltr'><strong>si</strong></span> <span class='ocrx_word' id='word_1_173' title='bbox 657 2932 888 2995; x_wconf 89' lang='lat' dir='ltr'><strong>similitudinem</strong></span> <span class='ocrx_word' id='word_1_174' title='bbox 906 2934 972 2994; x_wconf 86' lang='lat' dir='ltr'><strong>veri</strong></span> <span class='ocrx_word' id='word_1_175' title='bbox 991 2940 1212 3012; x_wconf 86' lang='lat' dir='ltr'><strong>consequatur.</strong></span> <span class='ocrx_word' id='word_1_176' title='bbox 1250 2934 1405 3007; x_wconf 84' lang='lat' dir='ltr'><strong>Quantum</strong></span> <span class='ocrx_word' id='word_1_177' title='bbox 1426 2935 1507 2996; x_wconf 92' lang='lat' dir='ltr'><strong>enim</strong></span> <span class='ocrx_word' id='word_1_178' title='bbox 1526 2932 1635 3012; x_wconf 90' lang='lat' dir='ltr'><strong>adid,</strong></span> <span class='ocrx_word' id='word_1_179' title='bbox 1658 2934 1742 3013; x_wconf 84' lang='lat' dir='ltr'><strong>quod</strong></span> 
     </span>
     <span class='ocr_line' id='line_1_19' title="bbox 416 3023 1742 3104; baseline 0.001 -15"><span class='ocrx_word' id='word_1_180' title='bbox 416 3036 517 3089; x_wconf 89' lang='lat' dir='ltr'><strong>ortum</strong></span> <span class='ocrx_word' id='word_1_181' title='bbox 547 3034 612 3101; x_wconf 89' lang='lat' dir='ltr'><strong>est,</strong></span> <span class='ocrx_word' id='word_1_182' title='bbox 642 3026 809 3092; x_wconf 87' lang='lat' dir='ltr'><strong>aeternitas</strong></span> <span class='ocrx_word' id='word_1_183' title='bbox 833 3025 935 3102; x_wconf 89' lang='lat' dir='ltr'><strong>valet,</strong></span> <span class='ocrx_word' id='word_1_184' title='bbox 964 3034 1083 3087; x_wconf 90' lang='lat' dir='ltr'><strong>tantum</strong></span> <span class='ocrx_word' id='word_1_185' title='bbox 1109 3023 1151 3087; x_wconf 91' lang='lat' dir='ltr'><strong>ad</strong></span> <span class='ocrx_word' id='word_1_186' title='bbox 1169 3026 1264 3087; x_wconf 88' lang='lat' dir='ltr'><strong>fidem</strong></span> <span class='ocrx_word' id='word_1_187' title='bbox 1283 3027 1407 3090; x_wconf 85' lang='lat' dir='ltr'><strong>veritas.</strong></span> <span class='ocrx_word' id='word_1_188' title='bbox 1446 3030 1598 3104; x_wconf 86' lang='lat' dir='ltr'><strong>Quocirca</strong></span> <span class='ocrx_word' id='word_1_189' title='bbox 1618 3028 1645 3090; x_wconf 87' lang='lat' dir='ltr'><strong>si</strong></span> <span class='ocrx_word' id='word_1_190' title='bbox 1665 3031 1742 3090; x_wconf 90' lang='lat' dir='ltr'><strong>lorte</strong></span> 
     </span>
     <span class='ocr_line' id='line_1_20' title="bbox 418 3118 1743 3203; baseline 0.001 -20"><span class='ocrx_word' id='word_1_191' title='bbox 418 3120 458 3183; x_wconf 91' lang='lat' dir='ltr'><strong>de</strong></span> <span class='ocrx_word' id='word_1_192' title='bbox 489 3120 619 3183; x_wconf 89' lang='lat' dir='ltr'><strong>deorum</strong></span> <span class='ocrx_word' id='word_1_193' title='bbox 647 3130 757 3183; x_wconf 88' lang='lat' dir='ltr'><strong>natura</strong></span> <span class='ocrx_word' id='word_1_194' title='bbox 784 3129 915 3200; x_wconf 77' lang='lat' dir='ltr'><strong>onuque</strong></span> <span class='ocrx_word' id='word_1_195' title='bbox 942 3118 1048 3182; x_wconf 91' lang='lat' dir='ltr'><strong>mundi</strong></span> <span class='ocrx_word' id='word_1_196' title='bbox 1074 3118 1267 3181; x_wconf 88' lang='lat' dir='ltr'><strong>disserentes</strong></span> <span class='ocrx_word' id='word_1_197' title='bbox 1295 3121 1398 3183; x_wconf 90' lang='lat' dir='ltr'><strong>minus</strong></span> <span class='ocrx_word' id='word_1_198' title='bbox 1425 3121 1475 3197; x_wconf 92' lang='lat' dir='ltr'><strong>id,</strong></span> <span class='ocrx_word' id='word_1_199' title='bbox 1504 3121 1589 3203; x_wconf 93' lang='lat' dir='ltr'><strong>quod</strong></span> <span class='ocrx_word' id='word_1_200' title='bbox 1615 3141 1743 3185; x_wconf 86' lang='lat' dir='ltr'><strong>avemus</strong></span> 
     </span>
     <span class='ocr_line' id='line_1_21' title="bbox 416 3213 1781 3295; baseline -0.005 -16"><span class='ocrx_word' id='word_1_201' title='bbox 416 3217 538 3293; x_wconf 83' lang='lat' dir='ltr'><strong>animo,</strong></span> <span class='ocrx_word' id='word_1_202' title='bbox 560 3234 808 3295; x_wconf 86' lang='lat' dir='ltr'><strong>consequemur,</strong></span> <span class='ocrx_word' id='word_1_203' title='bbox 828 3224 864 3276; x_wconf 94' lang='lat' dir='ltr'><strong>ut</strong></span> <span class='ocrx_word' id='word_1_204' title='bbox 882 3224 945 3277; x_wconf 92' lang='lat' dir='ltr'><strong>tota</strong></span> <span class='ocrx_word' id='word_1_205' title='bbox 965 3213 1100 3277; x_wconf 81' lang='lat' dir='ltr'><strong>dilucide</strong></span> <span class='ocrx_word' id='word_1_206' title='bbox 1120 3223 1152 3276; x_wconf 89' lang='lat' dir='ltr'><strong>et</strong></span> <span class='ocrx_word' id='word_1_207' title='bbox 1171 3213 1265 3294; x_wconf 90' lang='lat' dir='ltr'><strong>plane</strong></span> <span class='ocrx_word' id='word_1_208' title='bbox 1279 3224 1427 3278; x_wconf 79' lang='lat' dir='ltr'><strong>exornata</strong></span> <span class='ocrx_word' id='word_1_209' title='bbox 1440 3218 1537 3279; x_wconf 91' lang='lat' dir='ltr'><strong>oratio</strong></span> <span class='ocrx_word' id='word_1_210' title='bbox 1549 3215 1608 3278; x_wconf 90' lang='lat' dir='ltr'><strong>sibi</strong></span> <span class='ocrx_word' id='word_1_211' title='bbox 1622 3224 1781 3277; x_wconf 78' lang='lat' dir='ltr'><strong>constater</strong></span> 
     </span>
     <span class='ocr_line' id='line_1_22' title="bbox 417 3306 1743 3389; baseline -0.001 -18"><span class='ocrx_word' id='word_1_212' title='bbox 417 3317 450 3371; x_wconf 89' lang='lat' dir='ltr'><strong>et</strong></span> <span class='ocrx_word' id='word_1_213' title='bbox 472 3310 614 3371; x_wconf 84' lang='lat' dir='ltr'><strong>exomni</strong></span> <span class='ocrx_word' id='word_1_214' title='bbox 633 3316 723 3389; x_wconf 91' lang='lat' dir='ltr'><strong>parte</strong></span> <span class='ocrx_word' id='word_1_215' title='bbox 742 3325 850 3370; x_wconf 89' lang='lat' dir='ltr'><strong>secum</strong></span> <span class='ocrx_word' id='word_1_216' title='bbox 869 3308 937 3388; x_wconf 90' lang='lat' dir='ltr'><strong>ipsa</strong></span> <span class='ocrx_word' id='word_1_217' title='bbox 957 3309 1149 3383; x_wconf 90' lang='lat' dir='ltr'><strong>consentiat,</strong></span> <span class='ocrx_word' id='word_1_218' title='bbox 1175 3306 1259 3370; x_wconf 91' lang='lat' dir='ltr'><strong>baud</strong></span> <span class='ocrx_word' id='word_1_219' title='bbox 1284 3326 1361 3370; x_wconf 90' lang='lat' dir='ltr'><strong>sane</strong></span> <span class='ocrx_word' id='word_1_220' title='bbox 1384 3310 1443 3371; x_wconf 88' lang='lat' dir='ltr'><strong>erit</strong></span> <span class='ocrx_word' id='word_1_221' title='bbox 1461 3310 1589 3385; x_wconf 75' lang='lat' dir='ltr'><strong>mbum,</strong></span> <span class='ocrx_word' id='word_1_222' title='bbox 1610 3319 1743 3371; x_wconf 88' lang='lat' dir='ltr'><strong>conten-</strong></span> 
     </span>
     <span class='ocr_line' id='line_1_23' title="bbox 418 3398 1744 3483; baseline 0 -20"><span class='ocrx_word' id='word_1_223' title='bbox 418 3404 505 3482; x_wconf 91' lang='lat' dir='ltr'><strong>tique</strong></span> <span class='ocrx_word' id='word_1_224' title='bbox 525 3420 597 3464; x_wconf 91' lang='lat' dir='ltr'><strong>esse</strong></span> <span class='ocrx_word' id='word_1_225' title='bbox 617 3401 792 3480; x_wconf 89' lang='lat' dir='ltr'><strong>debebitis,</strong></span> <span class='ocrx_word' id='word_1_226' title='bbox 813 3403 841 3463; x_wconf 92' lang='lat' dir='ltr'><strong>si</strong></span> <span class='ocrx_word' id='word_1_227' title='bbox 860 3400 1035 3483; x_wconf 87' lang='lat' dir='ltr'><strong>probabilia</strong></span> <span class='ocrx_word' id='word_1_228' title='bbox 1054 3398 1206 3463; x_wconf 89' lang='lat' dir='ltr'><strong>dicentur.</strong></span> <span class='ocrx_word' id='word_1_229' title='bbox 1246 3404 1389 3482; x_wconf 81' lang='lat' dir='ltr'><strong>Aequum</strong></span> <span class='ocrx_word' id='word_1_230' title='bbox 1408 3404 1552 3465; x_wconf 90' lang='lat' dir='ltr'><strong>estenim</strong></span> <span class='ocrx_word' id='word_1_231' title='bbox 1565 3404 1744 3464; x_wconf 89' lang='lat' dir='ltr'><strong>meminisse</strong></span> 
     </span>
     <span class='ocr_line' id='line_1_24' title="bbox 417 3494 1744 3576; baseline -0.001 -19"><span class='ocrx_word' id='word_1_232' title='bbox 417 3504 450 3559; x_wconf 90' lang='lat' dir='ltr'><strong>et</strong></span> <span class='ocrx_word' id='word_1_233' title='bbox 467 3514 536 3572; x_wconf 90' lang='lat' dir='ltr'><strong>me,</strong></span> <span class='ocrx_word' id='word_1_234' title='bbox 557 3497 609 3575; x_wconf 91' lang='lat' dir='ltr'><strong>qui</strong></span> <span class='ocrx_word' id='word_1_235' title='bbox 629 3495 797 3573; x_wconf 87' lang='lat' dir='ltr'><strong>disseram,</strong></span> <span class='ocrx_word' id='word_1_236' title='bbox 826 3496 981 3557; x_wconf 90' lang='lat' dir='ltr'><strong>bominem</strong></span> <span class='ocrx_word' id='word_1_237' title='bbox 1002 3512 1074 3556; x_wconf 90' lang='lat' dir='ltr'><strong>esse</strong></span> <span class='ocrx_word' id='word_1_238' title='bbox 1094 3502 1125 3555; x_wconf 87' lang='lat' dir='ltr'><strong>et</strong></span> <span class='ocrx_word' id='word_1_239' title='bbox 1143 3511 1221 3572; x_wconf 90' lang='lat' dir='ltr'><strong>vos,</strong></span> <span class='ocrx_word' id='word_1_240' title='bbox 1247 3495 1300 3576; x_wconf 89' lang='lat' dir='ltr'><strong>qni</strong></span> <span class='ocrx_word' id='word_1_241' title='bbox 1320 3494 1480 3573; x_wconf 90' lang='lat' dir='ltr'><strong>iudicetis,</strong></span> <span class='ocrx_word' id='word_1_242' title='bbox 1505 3505 1559 3574; x_wconf 87' lang='lat' dir='ltr'><strong>ut,</strong></span> <span class='ocrx_word' id='word_1_243' title='bbox 1580 3496 1606 3557; x_wconf 92' lang='lat' dir='ltr'><strong>si</strong></span> <span class='ocrx_word' id='word_1_244' title='bbox 1627 3495 1744 3576; x_wconf 87' lang='lat' dir='ltr'><strong>proba-</strong></span> 
     </span>
     <span class='ocr_line' id='line_1_25' title="bbox 416 3588 1119 3669; baseline 0.001 -18"><span class='ocrx_word' id='word_1_245' title='bbox 416 3589 490 3652; x_wconf 90' lang='lat' dir='ltr'><strong>bilia</strong></span> <span class='ocrx_word' id='word_1_246' title='bbox 509 3590 667 3667; x_wconf 88' lang='lat' dir='ltr'><strong>dicentur,</strong></span> <span class='ocrx_word' id='word_1_247' title='bbox 687 3608 728 3650; x_wconf 91' lang='lat' dir='ltr'><strong>ne</strong></span> <span class='ocrx_word' id='word_1_248' title='bbox 748 3589 823 3669; x_wconf 93' lang='lat' dir='ltr'><strong>quid</strong></span> <span class='ocrx_word' id='word_1_249' title='bbox 842 3589 920 3651; x_wconf 88' lang='lat' dir='ltr'><strong>ultra</strong></span> <span class='ocrx_word' id='word_1_250' title='bbox 943 3588 1119 3669; x_wconf 79' lang='lat' dir='ltr'><strong>requiratis.</strong></span> 
     </span>
    </p>

    <p class='ocr_par' dir='ltr' id='par_1_3' title="bbox 417 3680 1782 4325">
     <span class='ocr_line' id='line_1_26' title="bbox 492 3680 1782 3762; baseline -0.004 -16"><span class='ocrx_word' id='word_1_251' title='bbox 492 3684 686 3757; x_wconf 84' lang='lat' dir='ltr'><strong>Quaeramus</strong></span> <span class='ocrx_word' id='word_1_252' title='bbox 711 3684 805 3762; x_wconf 79' lang='lat' dir='ltr'><strong>igitur</strong></span> <span class='ocrx_word' id='word_1_253' title='bbox 829 3700 978 3758; x_wconf 89' lang='lat' dir='ltr'><strong>causam,</strong></span> <span class='ocrx_word' id='word_1_254' title='bbox 1007 3699 1088 3761; x_wconf 90' lang='lat' dir='ltr'><strong>quac</strong></span> <span class='ocrx_word' id='word_1_255' title='bbox 1107 3680 1254 3762; x_wconf 89' lang='lat' dir='ltr'><strong>inpulerit</strong></span> <span class='ocrx_word' id='word_1_256' title='bbox 1272 3699 1361 3755; x_wconf 90' lang='lat' dir='ltr'><strong>eum,</strong></span> <span class='ocrx_word' id='word_1_257' title='bbox 1382 3682 1435 3761; x_wconf 93' lang='lat' dir='ltr'><strong>qui</strong></span> <span class='ocrx_word' id='word_1_258' title='bbox 1455 3682 1533 3745; x_wconf 91' lang='lat' dir='ltr'><strong>baec</strong></span> <span class='ocrx_word' id='word_1_259' title='bbox 1551 3682 1782 3746; x_wconf 81' lang='lat' dir='ltr'><strong>machinatusss</strong></span> 
     </span>
     <span class='ocr_line' id='line_1_27' title="bbox 417 3774 1744 3856; baseline -0.001 -19"><span class='ocrx_word' id='word_1_260' title='bbox 417 3777 476 3852; x_wconf 88' lang='lat' dir='ltr'><strong>sit,</strong></span> <span class='ocrx_word' id='word_1_261' title='bbox 495 3785 530 3838; x_wconf 89' lang='lat' dir='ltr'><strong>ut</strong></span> <span class='ocrx_word' id='word_1_262' title='bbox 548 3777 697 3856; x_wconf 81' lang='lat' dir='ltr'><strong>originem</strong></span> <span class='ocrx_word' id='word_1_263' title='bbox 717 3795 821 3839; x_wconf 90' lang='lat' dir='ltr'><strong>rerum</strong></span> <span class='ocrx_word' id='word_1_264' title='bbox 841 3785 874 3838; x_wconf 90' lang='lat' dir='ltr'><strong>et</strong></span> <span class='ocrx_word' id='word_1_265' title='bbox 892 3776 1082 3837; x_wconf 89' lang='lat' dir='ltr'><strong>molitionem</strong></span> <span class='ocrx_word' id='word_1_266' title='bbox 1102 3794 1213 3839; x_wconf 88' lang='lat' dir='ltr'><strong>novam</strong></span> <span class='ocrx_word' id='word_1_267' title='bbox 1233 3783 1411 3856; x_wconf 90' lang='lat' dir='ltr'><strong>quaereret.</strong></span> <span class='ocrx_word' id='word_1_268' title='bbox 1447 3776 1606 3841; x_wconf 79' lang='lat' dir='ltr'><strong>Probitate</strong></span> <span class='ocrx_word' id='word_1_269' title='bbox 1632 3774 1744 3838; x_wconf 86' lang='lat' dir='ltr'><strong>videli-</strong></span> 
     </span>
     <span class='ocr_line' id='line_1_28' title="bbox 417 3868 1743 3951; baseline 0 -18"><span class='ocrx_word' id='word_1_270' title='bbox 417 3880 468 3933; x_wconf 91' lang='lat' dir='ltr'><strong>cet</strong></span> <span class='ocrx_word' id='word_1_271' title='bbox 485 3870 684 3951; x_wconf 83' lang='lat' dir='ltr'><strong>praestabat,</strong></span> <span class='ocrx_word' id='word_1_272' title='bbox 705 3870 824 3951; x_wconf 92' lang='lat' dir='ltr'><strong>probus</strong></span> <span class='ocrx_word' id='word_1_273' title='bbox 843 3877 947 3931; x_wconf 88' lang='lat' dir='ltr'><strong>autem</strong></span> <span class='ocrx_word' id='word_1_274' title='bbox 967 3869 1088 3930; x_wconf 90' lang='lat' dir='ltr'><strong>invidet</strong></span> <span class='ocrx_word' id='word_1_275' title='bbox 1105 3870 1234 3930; x_wconf 91' lang='lat' dir='ltr'><strong>nemini:</strong></span> <span class='ocrx_word' id='word_1_276' title='bbox 1256 3869 1362 3949; x_wconf 84' lang='lat' dir='ltr'><strong>itaque</strong></span> <span class='ocrx_word' id='word_1_277' title='bbox 1382 3869 1483 3931; x_wconf 90' lang='lat' dir='ltr'><strong>omnia</strong></span> <span class='ocrx_word' id='word_1_278' title='bbox 1503 3870 1552 3931; x_wconf 90' lang='lat' dir='ltr'><strong>sui</strong></span> <span class='ocrx_word' id='word_1_279' title='bbox 1563 3868 1673 3933; x_wconf 87' lang='lat' dir='ltr'><strong>similia</strong></span> <span class='ocrx_word' id='word_1_280' title='bbox 1686 3888 1743 3949; x_wconf 78' lang='lat' dir='ltr'><strong>ge-</strong></span> 
     </span>
     <span class='ocr_line' id='line_1_29' title="bbox 417 3961 1743 4041; baseline -0.002 -14"><span class='ocrx_word' id='word_1_281' title='bbox 417 3964 548 4037; x_wconf 85' lang='lat' dir='ltr'><strong>neravit.</strong></span> <span class='ocrx_word' id='word_1_282' title='bbox 587 3965 669 4025; x_wconf 89' lang='lat' dir='ltr'><strong>llaec</strong></span> <span class='ocrx_word' id='word_1_283' title='bbox 687 3964 830 4024; x_wconf 90' lang='lat' dir='ltr'><strong>nimirum</strong></span> <span class='ocrx_word' id='word_1_284' title='bbox 849 3961 995 4041; x_wconf 78' lang='lat' dir='ltr'><strong>gignendi</strong></span> <span class='ocrx_word' id='word_1_285' title='bbox 1015 3961 1122 4023; x_wconf 91' lang='lat' dir='ltr'><strong>mundi</strong></span> <span class='ocrx_word' id='word_1_286' title='bbox 1141 3980 1238 4025; x_wconf 88' lang='lat' dir='ltr'><strong>causa</strong></span> <span class='ocrx_word' id='word_1_287' title='bbox 1256 3963 1434 4025; x_wconf 86' lang='lat' dir='ltr'><strong>iustissima.</strong></span> <span class='ocrx_word' id='word_1_288' title='bbox 1471 3963 1548 4023; x_wconf 90' lang='lat' dir='ltr'><strong>Nam</strong></span> <span class='ocrx_word' id='word_1_289' title='bbox 1569 3980 1640 4025; x_wconf 89' lang='lat' dir='ltr'><strong>cum</strong></span> <span class='ocrx_word' id='word_1_290' title='bbox 1665 3980 1743 4025; x_wconf 92' lang='lat' dir='ltr'><strong>con-</strong></span> 
     </span>
     <span class='ocr_line' id='line_1_30' title="bbox 419 4052 1744 4136; baseline -0.002 -17"><span class='ocrx_word' id='word_1_291' title='bbox 419 4058 572 4119; x_wconf 86' lang='lat' dir='ltr'><strong>stituisset</strong></span> <span class='ocrx_word' id='word_1_292' title='bbox 590 4056 670 4118; x_wconf 90' lang='lat' dir='ltr'><strong>deus</strong></span> <span class='ocrx_word' id='word_1_293' title='bbox 682 4056 774 4117; x_wconf 89' lang='lat' dir='ltr'><strong>bonis</strong></span> <span class='ocrx_word' id='word_1_294' title='bbox 785 4055 929 4118; x_wconf 89' lang='lat' dir='ltr'><strong>omnibus</strong></span> <span class='ocrx_word' id='word_1_295' title='bbox 943 4052 1070 4135; x_wconf 81' lang='lat' dir='ltr'><strong>explere</strong></span> <span class='ocrx_word' id='word_1_296' title='bbox 1085 4053 1251 4131; x_wconf 90' lang='lat' dir='ltr'><strong>mundum,</strong></span> <span class='ocrx_word' id='word_1_297' title='bbox 1272 4053 1344 4116; x_wconf 88' lang='lat' dir='ltr'><strong>mali</strong></span> <span class='ocrx_word' id='word_1_298' title='bbox 1356 4053 1431 4115; x_wconf 85' lang='lat' dir='ltr'><strong>nibil</strong></span> <span class='ocrx_word' id='word_1_299' title='bbox 1442 4053 1628 4133; x_wconf 88' lang='lat' dir='ltr'><strong>admiscere,</strong></span> <span class='ocrx_word' id='word_1_300' title='bbox 1640 4056 1744 4136; x_wconf 90' lang='lat' dir='ltr'><strong>quoad</strong></span> 
     </span>
     <span class='ocr_line' id='line_1_31' title="bbox 418 4147 1782 4231; baseline -0.004 -18"><span class='ocrx_word' id='word_1_301' title='bbox 418 4161 530 4213; x_wconf 89' lang='lat' dir='ltr'><strong>natura</strong></span> <span class='ocrx_word' id='word_1_302' title='bbox 549 4158 724 4231; x_wconf 88' lang='lat' dir='ltr'><strong>pateretur,</strong></span> <span class='ocrx_word' id='word_1_303' title='bbox 745 4148 893 4229; x_wconf 91' lang='lat' dir='ltr'><strong>quicquid</strong></span> <span class='ocrx_word' id='word_1_304' title='bbox 913 4157 990 4226; x_wconf 89' lang='lat' dir='ltr'><strong>crat,</strong></span> <span class='ocrx_word' id='word_1_305' title='bbox 1012 4149 1098 4227; x_wconf 90' lang='lat' dir='ltr'><strong>quod</strong></span> <span class='ocrx_word' id='word_1_306' title='bbox 1117 4149 1149 4208; x_wconf 94' lang='lat' dir='ltr'><strong>in</strong></span> <span class='ocrx_word' id='word_1_307' title='bbox 1167 4147 1315 4209; x_wconf 90' lang='lat' dir='ltr'><strong>cernendi</strong></span> <span class='ocrx_word' id='word_1_308' title='bbox 1336 4166 1463 4210; x_wconf 91' lang='lat' dir='ltr'><strong>sensum</strong></span> <span class='ocrx_word' id='word_1_309' title='bbox 1483 4147 1620 4226; x_wconf 88' lang='lat' dir='ltr'><strong>caderet,</strong></span> <span class='ocrx_word' id='word_1_310' title='bbox 1639 4151 1672 4211; x_wconf 93' lang='lat' dir='ltr'><strong>id</strong></span> <span class='ocrx_word' id='word_1_311' title='bbox 1684 4151 1782 4231; x_wconf 72' lang='lat' dir='ltr'><strong>sibico</strong></span> 
     </span>
     <span class='ocr_line' id='line_1_32' title="bbox 417 4240 1743 4325; baseline -0.002 -17"><span class='ocrx_word' id='word_1_312' title='bbox 417 4244 608 4325; x_wconf 88' lang='lat' dir='ltr'><strong>adsumpsit,</strong></span> <span class='ocrx_word' id='word_1_313' title='bbox 627 4261 690 4305; x_wconf 91' lang='lat' dir='ltr'><strong>nou</strong></span> <span class='ocrx_word' id='word_1_314' title='bbox 704 4241 902 4322; x_wconf 88' lang='lat' dir='ltr'><strong>tranquillum</strong></span> <span class='ocrx_word' id='word_1_315' title='bbox 916 4250 948 4303; x_wconf 90' lang='lat' dir='ltr'><strong>et</strong></span> <span class='ocrx_word' id='word_1_316' title='bbox 959 4242 1115 4321; x_wconf 89' lang='lat' dir='ltr'><strong>quietum,</strong></span> <span class='ocrx_word' id='word_1_317' title='bbox 1129 4240 1188 4303; x_wconf 89' lang='lat' dir='ltr'><strong>sed</strong></span> <span class='ocrx_word' id='word_1_318' title='bbox 1199 4241 1392 4303; x_wconf 87' lang='lat' dir='ltr'><strong>inmoderate</strong></span> <span class='ocrx_word' id='word_1_319' title='bbox 1406 4242 1552 4319; x_wconf 78' lang='lat' dir='ltr'><strong>agitatum</strong></span> <span class='ocrx_word' id='word_1_320' title='bbox 1565 4252 1597 4303; x_wconf 91' lang='lat' dir='ltr'><strong>et</strong></span> <span class='ocrx_word' id='word_1_321' title='bbox 1608 4242 1743 4316; x_wconf 87' lang='lat' dir='ltr'><strong>lluitnns,</strong></span> 
     </span>
    </p>
   </div>
   <div class='ocr_carea' id='block_1_3' title="bbox 417 4614 1748 5957">
    <p class='ocr_par' dir='ltr' id='par_1_4' title="bbox 417 4614 1748 5957">
     <span class='ocr_line' id='line_1_33' title="bbox 484 4614 1746 4679; baseline 0.002 -11"><span class='ocrx_word' id='word_1_322' title='bbox 484 4622 508 4671; x_wconf 90' lang='grc'><strong>4.</strong></span> <span class='ocrx_word' id='word_1_323' title='bbox 536 4619 662 4669; x_wconf 75' lang='grc'><strong>4444444444</strong></span> <span class='ocrx_word' id='word_1_324' title='bbox 686 4631 756 4669; x_wconf 86' lang='grc'><strong>4444.</strong></span> <span class='ocrx_word' id='word_1_325' title='bbox 781 4618 840 4669; x_wconf 88' lang='lat' dir='ltr'><strong>ead.</strong></span> <span class='ocrx_word' id='word_1_326' title='bbox 869 4632 906 4670; x_wconf 91' lang='lat' dir='ltr'><strong>m.</strong></span> <span class='ocrx_word' id='word_1_327' title='bbox 929 4633 962 4669; x_wconf 85' lang='lat' dir='ltr'><strong>ex</strong></span> <span class='ocrx_word' id='word_1_328' title='bbox 989 4614 1119 4669; x_wconf 73' lang='grc'><strong>4444444444</strong></span> <span class='ocrx_word' id='word_1_329' title='bbox 1139 4618 1203 4679; x_wconf 78' lang='grc' dir='ltr'><strong>ΑΒ,</strong></span> <span class='ocrx_word' id='word_1_330' title='bbox 1226 4618 1349 4669; x_wconf 61' lang='lat' dir='ltr'><strong>timec</strong></span> <span class='ocrx_word' id='word_1_331' title='bbox 1376 4619 1397 4667; x_wconf 80' lang='lat' dir='ltr'><strong>(t</strong></span> <span class='ocrx_word' id='word_1_332' title='bbox 1424 4643 1453 4654; x_wconf 97' lang='lat'>-</span> <span class='ocrx_word' id='word_1_333' title='bbox 1479 4618 1593 4669; x_wconf 81' lang='grc'><strong>4444444444</strong></span> <span class='ocrx_word' id='word_1_334' title='bbox 1617 4632 1686 4669; x_wconf 88' lang='grc'><strong>4444.</strong></span> <span class='ocrx_word' id='word_1_335' title='bbox 1713 4633 1746 4670; x_wconf 83' lang='lat' dir='ltr'><strong>ex</strong></span> 
     </span>
     <span class='ocr_line' id='line_1_34' title="bbox 417 4692 1747 4752; baseline -0.002 -6"><span class='ocrx_word' id='word_1_336' title='bbox 417 4695 537 4746; x_wconf 69' lang='grc'><strong>4444444444</strong></span> <span class='ocrx_word' id='word_1_337' title='bbox 560 4695 581 4744; x_wconf 86' lang='grc' dir='ltr'><strong>Β</strong></span> <span class='ocrx_word' id='word_1_338' title='bbox 607 4718 635 4730; x_wconf 97' lang='grc'><strong>-</strong></span> <span class='ocrx_word' id='word_1_339' title='bbox 662 4693 687 4743; x_wconf 72' lang='lat' dir='ltr'><strong>l.</strong></span> <span class='ocrx_word' id='word_1_340' title='bbox 713 4694 788 4742; x_wconf 88' lang='grc'><strong>4444444</strong></span> <span class='ocrx_word' id='word_1_341' title='bbox 811 4694 905 4745; x_wconf 83' lang='lat' dir='ltr'>CEG:</span> <span class='ocrx_word' id='word_1_342' title='bbox 932 4695 1072 4745; x_wconf 93' lang='lat' dir='ltr'><strong>om.0-</strong></span> <span class='ocrx_word' id='word_1_343' title='bbox 1099 4695 1124 4745; x_wconf 85' lang='grc'><strong>3.</strong></span> <span class='ocrx_word' id='word_1_344' title='bbox 1149 4692 1455 4752; x_wconf 58' lang='lat' dir='ltr'><strong>concidentem</strong></span> <span class='ocrx_word' id='word_1_345' title='bbox 1481 4706 1560 4742; x_wconf 80' lang='grc'><strong>4444444</strong></span> <span class='ocrx_word' id='word_1_346' title='bbox 1582 4694 1747 4743; x_wconf 75' lang='grc'><strong>4444444444</strong></span> 
     </span>
     <span class='ocr_line' id='line_1_35' title="bbox 418 4767 1744 4831; baseline -0.004 -10"><span class='ocrx_word' id='word_1_347' title='bbox 418 4767 528 4821; x_wconf 82' lang='grc'><strong>444044</strong></span> <span class='ocrx_word' id='word_1_348' title='bbox 545 4768 594 4831; x_wconf 77' lang='lat' dir='ltr'><strong>(rot</strong></span> <span class='ocrx_word' id='word_1_349' title='bbox 610 4769 636 4818; x_wconf 88' lang='lat' dir='ltr'><strong>in</strong></span> <span class='ocrx_word' id='word_1_350' title='bbox 654 4768 674 4819; x_wconf 87' lang='lat' dir='ltr'>C</span> <span class='ocrx_word' id='word_1_351' title='bbox 692 4780 762 4818; x_wconf 90' lang='lat' dir='ltr'><strong>corr.</strong></span> <span class='ocrx_word' id='word_1_352' title='bbox 781 4781 813 4819; x_wconf 84' lang='lat' dir='ltr'><strong>ex</strong></span> <span class='ocrx_word' id='word_1_353' title='bbox 830 4770 889 4831; x_wconf 81' lang='grc'><strong>44444)</strong></span> <span class='ocrx_word' id='word_1_354' title='bbox 908 4794 936 4805; x_wconf 94' lang='grc'><strong>-</strong></span> <span class='ocrx_word' id='word_1_355' title='bbox 960 4768 985 4820; x_wconf 84' lang='grc'><strong>4.</strong></span> <span class='ocrx_word' id='word_1_356' title='bbox 1015 4774 1039 4818; x_wconf 86' lang='grc'><strong>44</strong></span> <span class='ocrx_word' id='word_1_357' title='bbox 1055 4768 1151 4819; x_wconf 85' lang='lat' dir='ltr'>CEG:</span> <span class='ocrx_word' id='word_1_358' title='bbox 1170 4780 1226 4818; x_wconf 92' lang='lat' dir='ltr'><strong>om.</strong></span> <span class='ocrx_word' id='word_1_359' title='bbox 1243 4768 1264 4818; x_wconf 89' lang='grc'>0</span> <span class='ocrx_word' id='word_1_360' title='bbox 1281 4792 1310 4804; x_wconf 96' lang='grc'>-</span> <span class='ocrx_word' id='word_1_361' title='bbox 1329 4769 1355 4819; x_wconf 88' lang='lat' dir='ltr'><strong>o.</strong></span> <span class='ocrx_word' id='word_1_362' title='bbox 1373 4767 1441 4817; x_wconf 82' lang='grc'><strong>4444444</strong></span> <span class='ocrx_word' id='word_1_363' title='bbox 1458 4779 1527 4818; x_wconf 88' lang='grc'><strong>4444.</strong></span> <span class='ocrx_word' id='word_1_364' title='bbox 1546 4781 1580 4819; x_wconf 81' lang='lat' dir='ltr'><strong>cx</strong></span> <span class='ocrx_word' id='word_1_365' title='bbox 1596 4768 1697 4817; x_wconf 79' lang='lat' dir='ltr'><strong>dictoll</strong></span> <span class='ocrx_word' id='word_1_366' title='bbox 1717 4793 1744 4803; x_wconf 95' lang='lat'><em>-</em></span> 
     </span>
     <span class='ocr_line' id='line_1_36' title="bbox 419 4842 1748 4907; baseline -0.001 -13"><span class='ocrx_word' id='word_1_367' title='bbox 419 4844 444 4894; x_wconf 84' lang='grc'><strong>0.</strong></span> <span class='ocrx_word' id='word_1_368' title='bbox 463 4845 524 4907; x_wconf 73' lang='lat' dir='ltr'><strong>quin</strong></span> <span class='ocrx_word' id='word_1_369' title='bbox 540 4856 611 4894; x_wconf 88' lang='lat' dir='ltr'><strong>corr.</strong></span> <span class='ocrx_word' id='word_1_370' title='bbox 630 4856 661 4892; x_wconf 84' lang='lat' dir='ltr'><strong>ex</strong></span> <span class='ocrx_word' id='word_1_371' title='bbox 680 4843 815 4904; x_wconf 75' lang='lat' dir='ltr'><strong>potisB,</strong></span> <span class='ocrx_word' id='word_1_372' title='bbox 834 4845 894 4905; x_wconf 77' lang='lat' dir='ltr'><strong>quip</strong></span> <span class='ocrx_word' id='word_1_373' title='bbox 910 4843 937 4906; x_wconf 78' lang='lat' dir='ltr'><strong>(p</strong></span> <span class='ocrx_word' id='word_1_374' title='bbox 953 4844 979 4893; x_wconf 89' lang='lat' dir='ltr'><strong>ln</strong></span> <span class='ocrx_word' id='word_1_375' title='bbox 997 4844 1098 4905; x_wconf 79' lang='lat' dir='ltr'><strong>raslll</strong></span> <span class='ocrx_word' id='word_1_376' title='bbox 1118 4868 1146 4880; x_wconf 92' lang='lat'>-</span> <span class='ocrx_word' id='word_1_377' title='bbox 1164 4844 1189 4893; x_wconf 82' lang='lat'><strong>8.</strong></span> <span class='ocrx_word' id='word_1_378' title='bbox 1207 4843 1250 4893; x_wconf 84' lang='lat' dir='ltr'><strong>Sic</strong></span> <span class='ocrx_word' id='word_1_379' title='bbox 1266 4842 1411 4894; x_wconf 81' lang='lat' dir='ltr'><strong>Victorius:</strong></span> <span class='ocrx_word' id='word_1_380' title='bbox 1429 4845 1451 4893; x_wconf 88' lang='grc'><strong>44</strong></span> <span class='ocrx_word' id='word_1_381' title='bbox 1468 4842 1550 4894; x_wconf 83' lang='lat' dir='ltr'><strong>CEG</strong></span> <span class='ocrx_word' id='word_1_382' title='bbox 1569 4869 1596 4880; x_wconf 91' lang='lat'><em>-</em></span> <span class='ocrx_word' id='word_1_383' title='bbox 1620 4842 1645 4893; x_wconf 78' lang='grc'><strong>0.</strong></span> <span class='ocrx_word' id='word_1_384' title='bbox 1663 4848 1748 4893; x_wconf 81' lang='grc'><strong>44444-</strong></span> 
     </span>
     <span class='ocr_line' id='line_1_37' title="bbox 417 4917 1747 4970; baseline -0.001 -2"><span class='ocrx_word' id='word_1_385' title='bbox 417 4917 1202 4969; x_wconf 69' lang='grc'><strong>444444444444444444444041044444444444444444444444440-</strong></span> <span class='ocrx_word' id='word_1_386' title='bbox 1233 4917 1747 4970; x_wconf 79' lang='grc' dir='ltr'><strong>44.4444444444444444444.4ι44444444444·</strong></span> 
     </span>
     <span class='ocr_line' id='line_1_38' title="bbox 417 4992 1748 5057; baseline -0.002 -14"><span class='ocrx_word' id='word_1_387' title='bbox 417 4997 561 5043; x_wconf 75' lang='grc'><strong>4444444-</strong></span> <span class='ocrx_word' id='word_1_388' title='bbox 580 4992 954 5055; x_wconf 55' lang='lat' dir='ltr'><strong>&amp;mammantes-&#39;rus</strong></span> <span class='ocrx_word' id='word_1_389' title='bbox 974 4993 1057 5045; x_wconf 90' lang='lat' dir='ltr'><strong>babet</strong></span> <span class='ocrx_word' id='word_1_390' title='bbox 1077 4995 1178 5045; x_wconf 76' lang='lat' dir='ltr'><strong>Nonius</strong></span> <span class='ocrx_word' id='word_1_391' title='bbox 1194 5006 1221 5057; x_wconf 94' lang='lat' dir='ltr'><strong>p.</strong></span> <span class='ocrx_word' id='word_1_392' title='bbox 1240 4992 1280 5044; x_wconf 77' lang='grc'><strong>40.</strong></span> <span class='ocrx_word' id='word_1_393' title='bbox 1310 5019 1344 5031; x_wconf 89' lang='grc'>-</span> <span class='ocrx_word' id='word_1_394' title='bbox 1371 4994 1411 5043; x_wconf 80' lang='lat' dir='ltr'><strong>ts.</strong></span> <span class='ocrx_word' id='word_1_395' title='bbox 1436 4996 1465 5045; x_wconf 85' lang='grc'><strong>444</strong></span> <span class='ocrx_word' id='word_1_396' title='bbox 1489 4995 1605 5044; x_wconf 82' lang='grc'><strong>4444444</strong></span> <span class='ocrx_word' id='word_1_397' title='bbox 1635 5017 1663 5029; x_wconf 93' lang='grc'>-</span> <span class='ocrx_word' id='word_1_398' title='bbox 1686 5005 1748 5042; x_wconf 81' lang='grc'><strong>444-</strong></span> 
     </span>
     <span class='ocr_line' id='line_1_39' title="bbox 418 5067 1747 5133; baseline -0.003 -14"><span class='ocrx_word' id='word_1_399' title='bbox 418 5069 550 5130; x_wconf 76' lang='grc'><strong>4444444444</strong></span> <span class='ocrx_word' id='word_1_400' title='bbox 572 5068 623 5118; x_wconf 82' lang='lat' dir='ltr'><strong>CG</strong></span> <span class='ocrx_word' id='word_1_401' title='bbox 648 5070 675 5116; x_wconf 91' lang='lat' dir='ltr'><strong>et</strong></span> <span class='ocrx_word' id='word_1_402' title='bbox 695 5070 809 5119; x_wconf 77' lang='lat' dir='ltr'><strong>Nonius:</strong></span> <span class='ocrx_word' id='word_1_403' title='bbox 828 5070 988 5131; x_wconf 62' lang='grc'><strong>4444404444</strong></span> <span class='ocrx_word' id='word_1_404' title='bbox 1004 5070 1059 5120; x_wconf 83' lang='lat' dir='ltr'><strong>lio.</strong></span> <span class='ocrx_word' id='word_1_405' title='bbox 1079 5068 1118 5120; x_wconf 88' lang='lat' dir='ltr'><strong>Cl.</strong></span> <span class='ocrx_word' id='word_1_406' title='bbox 1136 5082 1163 5133; x_wconf 94' lang='lat' dir='ltr'><strong>p.</strong></span> <span class='ocrx_word' id='word_1_407' title='bbox 1182 5067 1256 5127; x_wconf 85' lang='grc'><strong>4040,</strong></span> <span class='ocrx_word' id='word_1_408' title='bbox 1280 5069 1320 5118; x_wconf 88' lang='grc'><strong>40.</strong></span> <span class='ocrx_word' id='word_1_409' title='bbox 1349 5091 1376 5105; x_wconf 87' lang='grc'><strong>-·</strong></span> <span class='ocrx_word' id='word_1_410' title='bbox 1404 5069 1436 5118; x_wconf 81' lang='lat' dir='ltr'><strong>de</strong></span> <span class='ocrx_word' id='word_1_411' title='bbox 1457 5068 1495 5117; x_wconf 97' lang='grc'><strong>444</strong></span> <span class='ocrx_word' id='word_1_412' title='bbox 1516 5068 1551 5127; x_wconf 88' lang='lat' dir='ltr'><strong>C,</strong></span> <span class='ocrx_word' id='word_1_413' title='bbox 1578 5067 1671 5117; x_wconf 80' lang='grc'><strong>444444</strong></span> <span class='ocrx_word' id='word_1_414' title='bbox 1695 5067 1747 5117; x_wconf 78' lang='lat' dir='ltr'><strong>EG</strong></span> 
     </span>
     <span class='ocr_line' id='line_1_40' title="bbox 421 5139 1748 5205; baseline -0.002 -13"><span class='ocrx_word' id='word_1_415' title='bbox 421 5166 448 5180; x_wconf 89' lang='lat'>-</span> <span class='ocrx_word' id='word_1_416' title='bbox 479 5142 520 5192; x_wconf 79' lang='lat' dir='ltr'><strong>ta.</strong></span> <span class='ocrx_word' id='word_1_417' title='bbox 547 5154 605 5191; x_wconf 81' lang='grc'><strong>44444</strong></span> <span class='ocrx_word' id='word_1_418' title='bbox 629 5142 667 5191; x_wconf 89' lang='grc'><strong>444</strong></span> <span class='ocrx_word' id='word_1_419' title='bbox 692 5143 728 5202; x_wconf 83' lang='lat' dir='ltr'><strong>C,</strong></span> <span class='ocrx_word' id='word_1_420' title='bbox 753 5144 874 5194; x_wconf 73' lang='grc'><strong>44444444</strong></span> <span class='ocrx_word' id='word_1_421' title='bbox 898 5144 948 5193; x_wconf 80' lang='lat' dir='ltr'><strong>EG</strong></span> <span class='ocrx_word' id='word_1_422' title='bbox 974 5169 1003 5180; x_wconf 95' lang='lat'>-</span> <span class='ocrx_word' id='word_1_423' title='bbox 1030 5143 1070 5195; x_wconf 87' lang='grc'><strong>44.</strong></span> <span class='ocrx_word' id='word_1_424' title='bbox 1088 5141 1297 5205; x_wconf 69' lang='grc'><strong>4444444444444.</strong></span> <span class='ocrx_word' id='word_1_425' title='bbox 1315 5154 1352 5192; x_wconf 88' lang='lat' dir='ltr'><strong>m.</strong></span> <span class='ocrx_word' id='word_1_426' title='bbox 1370 5139 1748 5204; x_wconf 75' lang='lat' dir='ltr'><strong>retereexecpltoutclvet</strong></span> 
     </span>
     <span class='ocr_line' id='line_1_41' title="bbox 419 5215 1748 5283; baseline -0.004 -15"><span class='ocrx_word' id='word_1_427' title='bbox 419 5215 544 5269; x_wconf 86' lang='lat' dir='ltr'><strong>orellius:</strong></span> <span class='ocrx_word' id='word_1_428' title='bbox 570 5216 700 5278; x_wconf 72' lang='lat' dir='ltr'><strong>mlicoto</strong></span> <span class='ocrx_word' id='word_1_429' title='bbox 726 5219 835 5269; x_wconf 75' lang='grc' dir='ltr'><strong>40Εο</strong></span> <span class='ocrx_word' id='word_1_430' title='bbox 865 5242 893 5255; x_wconf 88' lang='grc'><strong>-</strong></span> <span class='ocrx_word' id='word_1_431' title='bbox 922 5219 1038 5283; x_wconf 70' lang='grc'><strong>44444444</strong></span> <span class='ocrx_word' id='word_1_432' title='bbox 1065 5221 1144 5279; x_wconf 75' lang='lat' dir='ltr'><strong>(corr.</strong></span> <span class='ocrx_word' id='word_1_433' title='bbox 1170 5230 1203 5269; x_wconf 80' lang='lat' dir='ltr'><strong>ex</strong></span> <span class='ocrx_word' id='word_1_434' title='bbox 1230 5217 1350 5280; x_wconf 77' lang='lat' dir='ltr'><strong>eopnttio)</strong></span> <span class='ocrx_word' id='word_1_435' title='bbox 1373 5218 1425 5267; x_wconf 83' lang='grc' dir='ltr'><strong>ΑΒ</strong></span> <span class='ocrx_word' id='word_1_436' title='bbox 1443 5221 1471 5268; x_wconf 88' lang='lat' dir='ltr'><strong>et</strong></span> <span class='ocrx_word' id='word_1_437' title='bbox 1487 5217 1636 5267; x_wconf 85' lang='lat' dir='ltr'><strong>Periculus:</strong></span> <span class='ocrx_word' id='word_1_438' title='bbox 1660 5215 1748 5278; x_wconf 73' lang='lat' dir='ltr'><strong>copret-</strong></span> 
     </span>
     <span class='ocr_line' id='line_1_42' title="bbox 419 5290 1748 5357; baseline -0.002 -15"><span class='ocrx_word' id='word_1_439' title='bbox 419 5294 454 5342; x_wconf 89' lang='lat' dir='ltr'><strong>tto</strong></span> <span class='ocrx_word' id='word_1_440' title='bbox 480 5291 562 5342; x_wconf 69' lang='grc'><strong>4044</strong></span> <span class='ocrx_word' id='word_1_441' title='bbox 587 5314 615 5328; x_wconf 94' lang='grc'><strong>-</strong></span> <span class='ocrx_word' id='word_1_442' title='bbox 635 5293 676 5343; x_wconf 80' lang='lat' dir='ltr'><strong>tt.</strong></span> <span class='ocrx_word' id='word_1_443' title='bbox 702 5305 768 5355; x_wconf 80' lang='grc'><strong>44444</strong></span> <span class='ocrx_word' id='word_1_444' title='bbox 790 5306 844 5345; x_wconf 90' lang='lat' dir='ltr'><strong>om.</strong></span> <span class='ocrx_word' id='word_1_445' title='bbox 869 5294 935 5352; x_wconf 82' lang='grc'><strong>044,</strong></span> <span class='ocrx_word' id='word_1_446' title='bbox 965 5305 1102 5357; x_wconf 84' lang='lat' dir='ltr'><strong>supersor.</strong></span> <span class='ocrx_word' id='word_1_447' title='bbox 1128 5290 1230 5343; x_wconf 85' lang='lat' dir='ltr'><strong>habent</strong></span> <span class='ocrx_word' id='word_1_448' title='bbox 1254 5304 1294 5355; x_wconf 90' lang='lat' dir='ltr'><strong>pr.</strong></span> <span class='ocrx_word' id='word_1_449' title='bbox 1321 5303 1357 5342; x_wconf 91' lang='lat' dir='ltr'><strong>m.</strong></span> <span class='ocrx_word' id='word_1_450' title='bbox 1381 5291 1433 5342; x_wconf 80' lang='lat' dir='ltr'><strong>llll</strong></span> <span class='ocrx_word' id='word_1_451' title='bbox 1464 5316 1491 5327; x_wconf 91' lang='lat'><em>-</em></span> <span class='ocrx_word' id='word_1_452' title='bbox 1518 5291 1559 5341; x_wconf 83' lang='grc'><strong>40.</strong></span> <span class='ocrx_word' id='word_1_453' title='bbox 1584 5290 1699 5352; x_wconf 76' lang='grc'><strong>44444444</strong></span> <span class='ocrx_word' id='word_1_454' title='bbox 1723 5293 1748 5339; x_wconf 95' lang='grc'><strong>44</strong></span> 
     </span>
     <span class='ocr_line' id='line_1_43' title="bbox 419 5365 1745 5432; baseline -0.003 -14"><span class='ocrx_word' id='word_1_455' title='bbox 419 5368 520 5418; x_wconf 82' lang='grc'><strong>44444444</strong></span> <span class='ocrx_word' id='word_1_456' title='bbox 545 5372 581 5417; x_wconf 87' lang='grc'><strong>444</strong></span> <span class='ocrx_word' id='word_1_457' title='bbox 606 5369 647 5430; x_wconf 71' lang='lat' dir='ltr'><strong>off.</strong></span> <span class='ocrx_word' id='word_1_458' title='bbox 674 5369 792 5431; x_wconf 79' lang='lat' dir='ltr'><strong>Pinzger.</strong></span> <span class='ocrx_word' id='word_1_459' title='bbox 823 5393 851 5405; x_wconf 91' lang='lat'><em>-</em></span> <span class='ocrx_word' id='word_1_460' title='bbox 879 5368 963 5432; x_wconf 68' lang='grc'><strong>444444</strong></span> <span class='ocrx_word' id='word_1_461' title='bbox 989 5368 1139 5419; x_wconf 85' lang='lat' dir='ltr'><strong>Perionius:</strong></span> <span class='ocrx_word' id='word_1_462' title='bbox 1168 5367 1343 5431; x_wconf 70' lang='lat' dir='ltr'><strong>sffwtoCEG</strong></span> <span class='ocrx_word' id='word_1_463' title='bbox 1370 5392 1403 5404; x_wconf 92' lang='lat'>—</span> <span class='ocrx_word' id='word_1_464' title='bbox 1424 5367 1464 5417; x_wconf 80' lang='grc'><strong>47.</strong></span> <span class='ocrx_word' id='word_1_465' title='bbox 1487 5365 1646 5415; x_wconf 62' lang='grc'><strong>4444444404</strong></span> <span class='ocrx_word' id='word_1_466' title='bbox 1670 5365 1690 5415; x_wconf 84' lang='lat' dir='ltr'><strong>n</strong></span> <span class='ocrx_word' id='word_1_467' title='bbox 1717 5389 1745 5404; x_wconf 89' lang='lat'><em>-</em></span> 
     </span>
     <span class='ocr_line' id='line_1_44' title="bbox 420 5439 1746 5499; baseline -0.002 -7"><span class='ocrx_word' id='word_1_468' title='bbox 420 5442 461 5495; x_wconf 77' lang='lat' dir='ltr'><strong>ts.</strong></span> <span class='ocrx_word' id='word_1_469' title='bbox 487 5454 592 5492; x_wconf 84' lang='grc'><strong>44444444</strong></span> <span class='ocrx_word' id='word_1_470' title='bbox 615 5444 671 5494; x_wconf 84' lang='grc'><strong>444.</strong></span> <span class='ocrx_word' id='word_1_471' title='bbox 703 5444 838 5493; x_wconf 81' lang='lat' dir='ltr'><strong>euinctus:</strong></span> <span class='ocrx_word' id='word_1_472' title='bbox 871 5442 989 5492; x_wconf 80' lang='grc'><strong>4444444444</strong></span> <span class='ocrx_word' id='word_1_473' title='bbox 1015 5443 1094 5494; x_wconf 83' lang='lat' dir='ltr'><strong>CEG</strong></span> <span class='ocrx_word' id='word_1_474' title='bbox 1123 5468 1152 5481; x_wconf 90' lang='lat'>-</span> <span class='ocrx_word' id='word_1_475' title='bbox 1179 5443 1220 5492; x_wconf 77' lang='lat'><strong>2⁰.</strong></span> <span class='ocrx_word' id='word_1_476' title='bbox 1251 5442 1337 5493; x_wconf 80' lang='grc'><strong>444444</strong></span> <span class='ocrx_word' id='word_1_477' title='bbox 1366 5441 1461 5492; x_wconf 80' lang='lat' dir='ltr'>CEG:</span> <span class='ocrx_word' id='word_1_478' title='bbox 1490 5441 1591 5491; x_wconf 78' lang='grc'><strong>44444444</strong></span> <span class='ocrx_word' id='word_1_479' title='bbox 1617 5439 1746 5499; x_wconf 82' lang='lat' dir='ltr'><strong>(tunctum</strong></span> 
     </span>
     <span class='ocr_line' id='line_1_45' title="bbox 420 5516 1747 5581; baseline -0.005 -12"><span class='ocrx_word' id='word_1_480' title='bbox 420 5530 483 5569; x_wconf 87' lang='lat' dir='ltr'><strong>oum</strong></span> <span class='ocrx_word' id='word_1_481' title='bbox 508 5518 699 5581; x_wconf 74' lang='grc'><strong>4444444444444)</strong></span> <span class='ocrx_word' id='word_1_482' title='bbox 726 5518 747 5567; x_wconf 94' lang='grc'><strong>0</strong></span> <span class='ocrx_word' id='word_1_483' title='bbox 778 5542 806 5554; x_wconf 98' lang='grc'><strong>-</strong></span> <span class='ocrx_word' id='word_1_484' title='bbox 842 5530 1020 5578; x_wconf 62' lang='lat' dir='ltr'><strong>mmmm</strong></span> <span class='ocrx_word' id='word_1_485' title='bbox 1048 5529 1119 5566; x_wconf 91' lang='lat' dir='ltr'><strong>corr.</strong></span> <span class='ocrx_word' id='word_1_486' title='bbox 1143 5529 1176 5567; x_wconf 79' lang='lat' dir='ltr'><strong>ex</strong></span> <span class='ocrx_word' id='word_1_487' title='bbox 1208 5519 1383 5580; x_wconf 57' lang='lat' dir='ltr'><strong>consecuntur</strong></span> <span class='ocrx_word' id='word_1_488' title='bbox 1413 5516 1433 5567; x_wconf 82' lang='lat' dir='ltr'><strong>li</strong></span> <span class='ocrx_word' id='word_1_489' title='bbox 1471 5541 1498 5552; x_wconf 92' lang='lat'><em>-</em></span> <span class='ocrx_word' id='word_1_490' title='bbox 1531 5516 1572 5564; x_wconf 80' lang='lat' dir='ltr'><strong>st.</strong></span> <span class='ocrx_word' id='word_1_491' title='bbox 1601 5520 1624 5563; x_wconf 91' lang='grc'><strong>44</strong></span> <span class='ocrx_word' id='word_1_492' title='bbox 1650 5526 1747 5578; x_wconf 84' lang='lat' dir='ltr'><strong>supcr-</strong></span> 
     </span>
     <span class='ocr_line' id='line_1_46' title="bbox 420 5587 1744 5657; baseline -0.005 -13"><span class='ocrx_word' id='word_1_493' title='bbox 420 5594 550 5657; x_wconf 73' lang='lat' dir='ltr'><strong>scdptum</strong></span> <span class='ocrx_word' id='word_1_494' title='bbox 579 5591 661 5643; x_wconf 80' lang='lat' dir='ltr'><strong>hebet</strong></span> <span class='ocrx_word' id='word_1_495' title='bbox 688 5592 710 5640; x_wconf 80' lang='lat' dir='ltr'>V</span> <span class='ocrx_word' id='word_1_496' title='bbox 739 5617 765 5629; x_wconf 96' lang='lat'>-</span> <span class='ocrx_word' id='word_1_497' title='bbox 796 5593 837 5642; x_wconf 77' lang='lat'><strong>2⁴.</strong></span> <span class='ocrx_word' id='word_1_498' title='bbox 866 5593 935 5641; x_wconf 82' lang='grc'><strong>444444</strong></span> <span class='ocrx_word' id='word_1_499' title='bbox 960 5592 1041 5642; x_wconf 76' lang='lat' dir='ltr'><strong>tul)</strong></span> <span class='ocrx_word' id='word_1_500' title='bbox 1067 5589 1126 5654; x_wconf 82' lang='lat' dir='ltr'><strong>(sed</strong></span> <span class='ocrx_word' id='word_1_501' title='bbox 1154 5593 1176 5642; x_wconf 80' lang='grc'><strong>4</strong></span> <span class='ocrx_word' id='word_1_502' title='bbox 1204 5606 1274 5644; x_wconf 88' lang='grc'><strong>4444.</strong></span> <span class='ocrx_word' id='word_1_503' title='bbox 1303 5605 1337 5642; x_wconf 82' lang='lat' dir='ltr'><strong>ex</strong></span> <span class='ocrx_word' id='word_1_504' title='bbox 1369 5596 1430 5652; x_wconf 80' lang='grc'><strong>4444,</strong></span> <span class='ocrx_word' id='word_1_505' title='bbox 1462 5591 1482 5640; x_wconf 87' lang='grc' dir='ltr'><em>Β</em></span> <span class='ocrx_word' id='word_1_506' title='bbox 1507 5602 1577 5640; x_wconf 88' lang='lat' dir='ltr'><strong>corr.</strong></span> <span class='ocrx_word' id='word_1_507' title='bbox 1607 5590 1633 5640; x_wconf 95' lang='lat' dir='ltr'><strong>ln</strong></span> <span class='ocrx_word' id='word_1_508' title='bbox 1660 5587 1744 5652; x_wconf 67' lang='lat' dir='ltr'><strong>boeti:</strong></span> 
     </span>
     <span class='ocr_line' id='line_1_47' title="bbox 419 5663 1743 5726; baseline -0.003 -9"><span class='ocrx_word' id='word_1_509' title='bbox 419 5668 588 5717; x_wconf 80' lang='grc'><strong>4444041-</strong></span> <span class='ocrx_word' id='word_1_510' title='bbox 619 5666 1340 5726; x_wconf 47' lang='lat' dir='ltr'><strong>recompensationibus-stantior</strong></span> <span class='ocrx_word' id='word_1_511' title='bbox 1363 5678 1433 5716; x_wconf 89' lang='grc'><strong>4444.</strong></span> <span class='ocrx_word' id='word_1_512' title='bbox 1459 5677 1492 5716; x_wconf 80' lang='lat' dir='ltr'><strong>ex</strong></span> <span class='ocrx_word' id='word_1_513' title='bbox 1515 5663 1743 5714; x_wconf 66' lang='lat' dir='ltr'><strong>meurs-</strong></span> 
     </span>
     <span class='ocr_line' id='line_1_48' title="bbox 420 5739 1748 5804; baseline -0.002 -12"><span class='ocrx_word' id='word_1_514' title='bbox 420 5739 1748 5804; x_wconf 52' lang='lat' dir='ltr'><strong>mammaemammal.ov-st.qetooorr.extta-ss.tapntest</strong></span> 
     </span>
     <span class='ocr_line' id='line_1_49' title="bbox 420 5813 1746 5886; baseline -0.004 -18"><span class='ocrx_word' id='word_1_515' title='bbox 420 5815 739 5881; x_wconf 57' lang='grc'><strong>(44.4)444440404</strong></span> <span class='ocrx_word' id='word_1_516' title='bbox 766 5813 1685 5879; x_wconf 71' lang='grc' dir='ltr'><strong>444444444444440-46.ρ444444444044-49.44444444444.</strong></span> <span class='ocrx_word' id='word_1_517' title='bbox 1712 5826 1746 5886; x_wconf 73' lang='lat'><strong>⁸¹.</strong></span> 
     </span>
     <span class='ocr_line' id='line_1_50' title="bbox 420 5890 1100 5957; baseline 0.004 -17"><span class='ocrx_word' id='word_1_518' title='bbox 420 5891 613 5955; x_wconf 56' lang='lat' dir='ltr'><strong>quodam-</strong></span> <span class='ocrx_word' id='word_1_519' title='bbox 633 5890 1048 5957; x_wconf 74' lang='lat' dir='ltr'><strong>at.pnumcsu:1tuctum</strong></span> <span class='ocrx_word' id='word_1_520' title='bbox 1069 5890 1100 5944; x_wconf 92' lang='lat'><strong>0.</strong></span> 
     </span>
    </p>
   </div>
   <div class='ocr_carea' id='block_1_4' title="bbox 0 0 2179 7459">
    <p class='ocr_par' dir='ltr' id='par_1_5' title="bbox 0 0 2179 7459">
     <span class='ocr_line' id='line_1_51' title="bbox 0 0 2179 7459; baseline 0 0"><span class='ocrx_word' id='word_1_521' title='bbox 0 0 2179 7459; x_wconf 95' lang='lat' dir='ltr'><strong> </strong></span> 
     </span>
    </p>
   </div>
  </div>
 </body>
</html>
