4342 7459
445 1227 507 1298 tao
632 1234 686 1299 nr
707 1234 827 1299 num.
849 1232 942 1298 nau.
963 1235 1016 1298 nr
1037 1234 1132 1299 ιιιι.
1160 1234 1227 1298 ιιι.
1248 1234 1288 1297 n.
1316 1230 1362 1316 §s
1384 1225 1575 1295 trs-tto.

446 1404 599 1489 quicquid
629 1405 705 1489 ipsis
727 1405 877 1490 expediat
900 1405 1037 1468 facturos
1058 1403 1300 1469 arbitrabimur?
1328 1405 1438 1467 Nonne
1459 1402 1620 1475 videmus,
1646 1406 1766 1484 wenta

442 1499 636 1583 perturbatio
657 1520 763 1563 rerum
785 1500 926 1562 omnium
954 1506 1185 1582 consequatur,
1208 1505 1332 1582 quanta
1354 1496 1521 1561 confusio?
1554 1494 1689 1559 Tollitur
1710 1496 1766 1559 be-

443 1590 606 1666 neficium,
633 1594 757 1656 tollitur
778 1596 896 1677 gratia,
918 1613 999 1676 quae
1022 1601 1095 1656 sunt
1116 1592 1219 1656 vincla
1241 1592 1439 1655 concordiae.
1481 1593 1547 1653 Nec
1569 1589 1672 1664 enim,
1694 1610 1766 1653 cum

441 1694 496 1749 tua
518 1707 614 1750 causa
635 1688 684 1749 cui
707 1687 905 1762 commodes,
927 1686 1116 1750 beneficium
1133 1685 1211 1747 illud
1227 1685 1409 1749 babendum
1429 1692 1487 1759 est,
1510 1686 1566 1748 sed
1580 1683 1766 1759 faeneratio,

418 1785 501 1843 inec
532 1782 632 1864 gratia
659 1780 768 1843 deberi
795 1781 922 1845 ridetur
949 1781 994 1854 ei,
1024 1779 1078 1864 qui
1108 1799 1166 1842 sua
1192 1799 1288 1843 causa
1314 1780 1569 1842 commodaverit.
1612 1781 1766 1844 ldaximas

441 1894 516 1938 vero
538 1876 669 1937 virtutes
691 1874 793 1938 iacere
815 1875 918 1937 omnis
939 1894 1070 1938 necesse
1092 1882 1140 1936 est
1161 1873 1322 1955 voluptate
1345 1872 1539 1936 dominante.
1576 1873 1656 1936 Sunt
1671 1873 1767 1936 etiam

441 1966 654 2049 turpitudines
676 1968 850 2051 plurimae,
873 1989 970 2053 quae,
992 1968 1053 2031 nisi
1073 1966 1223 2030 honestas
1245 1975 1355 2029 natura
1377 1967 1547 2050 plurimum
1568 1967 1689 2043 valeat,
1712 1987 1769 2030 cur

439 2079 504 2122 non
535 2062 648 2124 cadant
674 2062 709 2124 in
735 2062 907 2145 sapientem
930 2082 994 2125 non
1015 2068 1064 2123 est
1084 2060 1177 2123 facile
1200 2060 1380 2123 defendere.
1424 2057 1496 2123 ll8.
1517 2065 1580 2135 Ac,
1610 2079 1652 2124 ne
1675 2060 1768 2143 plura

440 2155 632 2237 complectar
653 2186 700 2202 -’
716 2164 791 2218 sunt
807 2156 891 2219 enim
906 2155 1148 2218 innumerabilia
1162 2187 1220 2229 —‚
1242 2155 1323 2217 bene
1338 2153 1467 2219 laudata
1480 2155 1581 2218 virtus
1596 2153 1767 2237 voluptatis

403 2248 543 2312 maditus
569 2248 762 2313 intercludat
791 2269 920 2312 necesse
952 2257 1008 2311 est.
1053 2248 1148 2323 Quod
1173 2249 1237 2311 iam
1264 2268 1283 2311 a
1305 2267 1355 2310 me
1377 2258 1563 2332 exspectare
1584 2248 1671 2310 noli:
1700 2255 1768 2311 tute

438 2341 611 2425 introspice
640 2344 674 2406 iu
702 2349 840 2405 mentem
870 2352 955 2406 tuam
985 2343 1054 2426 ipse
1088 2361 1222 2423 eamque
1251 2342 1335 2404 omui
1359 2342 1550 2423 cogitatione
1572 2347 1769 2425 pertractans

438 2445 625 2520 percontare
647 2438 717 2518 ipse
739 2444 786 2511 te,
808 2438 1012 2520 perpetuisne
1033 2435 1124 2498 malis
1140 2434 1355 2517 voluptatibus
1372 2435 1538 2518 perfruens
1553 2436 1585 2499 in
1601 2454 1649 2510 ea,
1672 2454 1768 2518 quam

439 2549 535 2612 saepe
557 2530 748 2613 usurpabas,
778 2531 1004 2613 tranquillitate
1027 2530 1141 2611 degere
1164 2547 1291 2590 omnem
1312 2536 1447 2592 aetatem
1470 2530 1539 2593 sine
1561 2528 1688 2603 dolare,
1718 2548 1769 2591 as-

439 2632 566 2705 sumpto
594 2624 689 2686 etiam
717 2623 790 2698 illo,
821 2624 906 2706 quod
935 2643 991 2686 vos
1020 2622 1149 2706 quidem
1175 2620 1346 2703 adiungere
1374 2621 1499 2698 soletis,
1532 2625 1589 2688 sed
1610 2623 1679 2687 fieri
1701 2642 1768 2686 non

401 2723 560 2799 ispotest,
582 2718 651 2779 sine
674 2716 792 2780 doloris
814 2726 916 2791 metu,
938 2737 980 2780 an
1002 2737 1073 2779 cum
1089 2715 1129 2778 de
1145 2715 1291 2778 omnibus
1306 2716 1451 2796 gentibus
1466 2717 1583 2799 optime
1599 2738 1767 2792 mererere,

441 2830 511 2873 cnm
534 2829 627 2895 opem
649 2811 863 2892 indigentibus
879 2811 1076 2893 salutemque
1091 2808 1200 2882 ferres,
1223 2810 1272 2871 vel
1287 2810 1432 2872 Herculis
1449 2813 1573 2894 perpeti
1588 2832 1768 2883 aerumnas,

441 2905 493 2968 Sic
522 2906 607 2969 enim
638 2905 773 2969 maiores
795 2905 895 2967 nostri
918 2904 1042 2967 labores
1064 2922 1129 2965 non
1150 2902 1319 2983 fugiendos
1340 2904 1521 2967 tristissimo
1542 2914 1646 2969 tamen
1670 2908 1767 2969 verbo

439 3018 608 3061 aerumnas
630 3000 725 3062 etiam
748 2998 780 3061 in
802 2994 1136 3062 deo'nominaverunt.
1174 2992 1244 3057 ltu.
1265 2997 1433 3079 Exigerem
1450 3017 1490 3059 ex
1505 3005 1536 3062 te
1551 3018 1767 3084 cogeremque

439 3093 481 3155 ut'
495 3092 721 3174 responderes,
743 3093 805 3155 nisi
827 3112 953 3155 vererer
974 3112 1014 3154 ne
1029 3090 1200 3153 Herculem
1214 3090 1319 3171 ipsum
1334 3109 1382 3163 ea,
1405 3110 1488 3173 quae
1502 3111 1559 3175 pro
1574 3094 1675 3157 salute
1691 3113 1769 3176 gen-

402 3187 516 3249 rotium
539 3207 663 3249 summo
685 3186 794 3249 labore
817 3187 982 3269 gessisset,
1004 3184 1176 3267 voluptatis
1199 3203 1294 3246 causa
1316 3185 1452 3267 gessisse
1474 3186 1606 3249 diceres.

525 3280 614 3355 Quae
636 3301 706 3345 cum
728 3281 898 3353 dixissem,
919 3280 1039 3353 Habeo,
1061 3277 1168 3360 inquit
1181 3280 1372 3360 Torquatus,
1394 3278 1433 3341 ad
1450 3299 1531 3363 quos
1547 3281 1608 3344 ista
1621 3280 1767 3358 reseram,

439 3383 485 3449 et,
514 3394 704 3458 quamquam
735 3375 854 3456 aliquid
884 3374 953 3456 ipse
980 3379 1138 3454 poteram,
1167 3379 1271 3433 tamen
1299 3372 1445 3435 invenire
1475 3373 1558 3436 malo
1580 3377 1766 3460 paratiores.

438 3469 620 3531 Familiares
643 3477 785 3541 nostros,
816 3467 928 3540 eredo,
957 3466 1104 3527 Sironem
1126 3464 1204 3526 dicis
1227 3471 1258 3526 ct
1279 3464 1512 3541 Philodamum,
1535 3488 1606 3532 cum
1628 3471 1767 3553 optimos

438 3561 538 3635 viros,
567 3569 635 3623 tum
655 3559 802 3623 homines
824 3559 1034 3622 doctissimos.
1078 3560 1190 3630 lieete,
1220 3558 1339 3640 inquit,
1368 3559 1538 3643 intellegis.
1582 3565 1648 3647 Age
1678 3584 1766 3638 sane,

400 3654 588 3737 uinquam
616 3654 672 3717 sed
702 3660 767 3717 erat
796 3654 929 3736 aequius
951 3652 1109 3714 Triarium
1130 3650 1251 3733 aliquid
1273 3650 1312 3714 do
1335 3651 1534 3717 dissensione
1555 3665 1663 3719 nostra
1684 3657 1767 3720 iudi·

440 3765 521 3808 care.
558 3747 668 3820 Eiuro,
691 3746 795 3830 inquit
815 3745 977 3820 arridens,
999 3746 1160 3827 iniquum,
1182 3744 1243 3807 baa
1266 3745 1394 3828 quidem
1417 3745 1457 3808 de
1478 3767 1531 3811 re:
1555 3756 1588 3811 tu
1604 3752 1689 3814 enim
1704 3751 1767 3815 ista

439 3838 559 3914 lenius,
586 3839 638 3903 bic
660 3840 836 3902 Stoicorum
859 3860 945 3902 more
968 3858 1027 3901 nos
1049 3846 1152 3901 vexat.
1192 3840 1272 3901 Tum
1296 3840 1445 3915 Triarius,
1467 3841 1601 3905 Posthac
1623 3845 1766 3926 quidem,

439 3932 559 4015 inquit,
589 3933 756 4007 audacius;
789 3951 861 3995 nam
888 3932 966 3996 baec
995 3933 1064 4016 ipsa
1092 3931 1169 3995 mibi
1191 3940 1283 3994 erunt
1310 3932 1344 3995 in
1367 3941 1530 4018 promptu,
1564 3955 1647 4020 qnae
1668 3939 1766 4002 modo

440 4027 564 4102 audivi,
596 4047 655 4090 neo
682 4034 756 4089 ante
777 4026 959 4109 aggrediar,
988 4045 1083 4109 quam
1114 4034 1145 4088 te
1167 4026 1206 4088 ab
1228 4026 1313 4101 istis,
1344 4047 1424 4109 quos
1445 4029 1543 4105 diois,
1574 4029 1767 4097 instructum

402 4134 431 4183 so
441 4119 560 4182 videro.
594 4120 684 4195 Quae
699 4142 770 4186 cum
786 4129 893 4217 essent
907 4121 999 4196 diota,
1020 4119 1117 4183 finem
1131 4119 1265 4184 lecimus
1281 4128 1313 4183 et
1329 4122 1511 4187 ambulandi
1526 4130 1558 4187 et
1572 4124 1767 4207 disputandi

506 4390 530 4440 l.
551 4390 664 4452 facturos
687 4390 868 4441 arbitrabimur
888 4390 954 4442 AD:
981 4391 1094 4453 faetwos
1114 4404 1164 4441 csso
1184 4390 1341 4441 arbitramur
1362 4394 1382 4443 Β
1403 4420 1436 4431 -
1460 4394 1555 4459 Nonae]
1578 4397 1678 4450 uomitu
1695 4400 1719 4451 Α
1737 4426 1766 4437 -

440 4463 609 4516 surmus:
626 4465 862 4516 oiomioBMO-
881 4465 1012 4515 comiti:
1031 4465 1155 4515 silto-
1174 4464 1198 4516 l.
1213 4471 1259 4515 toa
1275 4468 1398 4519 causoG:
1418 4464 1602 4535 todoaordl,
1621 4478 1768 4527 mamoso-

439 4552 495 4589 m
511 4540 543 4599 Β;
561 4546 632 4591 marra
647 4542 678 4591 oi
693 4554 797 4590 eausam
813 4541 867 4591 ΜΟ
879 4566 907 4578 -
926 4543 967 4590 cart
984 4542 1047 4591 AB:
1066 4543 1185 4601 utiquam
1202 4544 1284 4591 ceteri
1301 4542 1380 4593 codd.
1393 4548 1420 4595 at
1436 4545 1470 4605 03
1488 4547 1600 4611 cuipiam
1612 4548 1718 4615 iladvig
1735 4578 1764 4590 -

440 4615 616 4673 ιιοιιιναιίοις
632 4616 754 4678 [mio
771 4617 851 4667 uuo
864 4641 891 4651 -
910 4618 935 4667 a.
947 4630 1084 4667 macoma
1094 4618 1287 4667 commodaverit
1297 4631 1360 4669 nos:
1378 4617 1514 4672 rodcausi
1525 4626 1765 4690 moderatim

439 4702 514 4740 mam
529 4693 724 4742 commodauerit
738 4705 842 4742 mosam
858 4691 893 4749 B;
910 4704 984 4742 suam
1000 4692 1029 4742 ob
1045 4705 1149 4743 causam
1164 4693 1357 4743 corauodooerit
1372 4695 1425 4745 ΜΟ
1445 4720 1472 4733 -
1492 4698 1516 4747 6.
1534 4700 1637 4765 masal
1653 4716 1700 4754 aso
1715 4705 1765 4767 (rao,

441 4778 495 4815 non
510 4770 552 4827 ot,
571 4765 599 4827 E)
616 4780 666 4816 esse
681 4766 729 4817 BE
742 4793 769 4803 -
790 4768 814 4817 7.
827 4767 985 4817 iaoortasC:
1003 4768 1194 4818 inaestuant)
1208 4794 1234 4803 -
1253 4768 1335 4818 vatem
1352 4770 1374 4819 Β
1389 4797 1413 4808 -
1434 4772 1459 4822 8.
1471 4774 1564 4824 cadant
1578 4775 1765 4839 isoptmomss

443 4864 471 4876 -
483 4839 526 4904 Ac]
543 4846 571 4889 at
588 4841 636 4891 ΒΕ
654 4867 683 4879 -
702 4844 742 4892 to.
758 4842 850 4903 maor]
866 4841 926 4892 bere
940 4842 1023 4891 aditus
1039 4844 1057 4891 B
1072 4869 1099 4878 -
1119 4843 1159 4891 ti.
1178 4843 1263 4907 qoam]
1281 4856 1353 4905 qoem
1366 4846 1388 4893 A
1402 4870 1429 4882 -
1449 4847 1490 4896 itt.
1506 4851 1619 4911 pentibus
1633 4866 1688 4905 am.
1701 4856 1721 4906 Β
1735 4883 1764 4894 -

440 4927 536 4965 marm
552 4917 630 4966 ΑΒΕ
649 4943 677 4954 -
696 4917 737 4966 li.
754 4931 788 4966 m.
806 4918 883 4966 uestri
899 4918 918 4965 li
938 4943 965 4952 -
982 4918 1102 4980 tipieudm
1117 4918 1151 4972 A:
1168 4918 1283 4980 {inpendo
1301 4917 1351 4968 BE
1371 4946 1399 4959 -
1423 4921 1463 4971 ⁴8.
1481 4922 1624 4993 deiparam]
1642 4929 1768 4995 litigarem

441 4989 533 5048 Alii-23
552 4989 612 5040 tort.
630 4990 742 5040 οιιοιιοιιι
759 5018 786 5027 -
807 4992 849 5040 20.
867 4992 948 5040 dicem
965 4991 1012 5040 ΒΒ
1030 5016 1058 5027 -
1077 4992 1118 5041 rt.
1137 5004 1185 5055 quc
1200 4993 1260 5041 dom
1276 4992 1295 5041 B
1314 4994 1374 5054 (non
1391 4995 1419 5055 Ε)
1439 5022 1467 5033 -
1485 4996 1525 5047 22.
1541 5002 1695 5062 paratiores.
1714 5004 1768 5054 Fa-

440 5064 553 5113 miliares
567 5070 673 5125 nastros,
688 5066 761 5114 meda
776 5065 920 5129 Madvigius
932 5066 967 5128 (in
979 5065 1139 5127 addendisi:
1154 5069 1298 5129 paratiores
1307 5068 1445 5129 familiares
1456 5077 1562 5124 nostras.
1580 5074 1658 5126 Credo
1670 5077 1723 5127 bl0
1737 5103 1766 5114 -

441 5137 483 5188 23.
501 5140 574 5188 credo
590 5139 695 5202 inquom
705 5141 731 5189 S.
745 5142 765 5189 G
781 5167 808 5178 -
825 5142 931 5189 sirourm
948 5140 1036 5190 ABE:
1055 5141 1177 5201 Sproaem
1187 5143 1211 5192 ll
1220 5142 1253 5202 03
1276 5142 1411 5204 δσννοιιιιιι
1428 5145 1471 5195 ed.
1485 5148 1560 5199 Rom.
1573 5161 1598 5199 a.
1612 5150 1672 5201 ilii
1685 5164 1691 5210 ;
1710 5151 1768 5202 Sa·-

440 5225 528 5262 rooem
545 5212 663 5264 Halmius
680 5214 714 5264 ad
731 5226 757 5277 p.
776 5212 817 5274 lo,
831 5213 855 5263 3.
871 5242 897 5251 -
916 5213 957 5264 ii.
976 5215 1084 5265 homiues
1100 5217 1250 5268 doctissimos
1261 5221 1324 5270 AB:
1343 5222 1493 5274 doctissimos
1508 5225 1649 5277 tomiano
1662 5253 1690 5264 -
1706 5241 1769 5279 saro

442 5298 496 5337 om.
509 5287 558 5337 ΒΒ
574 5312 607 5325 -
622 5290 664 5339 25.
683 5289 785 5350 aliquod
800 5290 820 5339 Β
838 5315 865 5325 -
884 5289 1032 5338 disseruere
1046 5296 1133 5340 oasim
1149 5292 1238 5343 ABE:
1258 5300 1344 5345 nostra
1360 5298 1508 5349 ἀὶιιοιιιῑοιιο
1523 5300 1578 5350 ΒΟ
1598 5327 1625 5339 -
1643 5301 1767 5354 iudicare.

441 5360 521 5411 Eiuro
532 5363 704 5413 Goerenzius:
725 5364 845 5413 iudicare.
863 5364 922 5412 iuro
933 5362 1011 5414 codd.
1025 5388 1053 5399 -
1072 5365 1113 5415 ΒἸ.
1127 5366 1205 5416 isaim
1216 5370 1263 5419 BE
1277 5397 1305 5408 -·
1324 5370 1364 5421 30.
1382 5373 1471 5435 Incipit
1486 5374 1546 5426 libor
1563 5378 1650 5427 tutior
1662 5377 1692 5427 do
1706 5378 1768 5442 stat·

441 5433 486 5484 bur
501 5435 622 5487 bonoratur
638 5442 661 5489 et
676 5436 802 5487 maionem
820 5440 854 5497 Α;
873 5438 983 5501 Explicit
998 5437 1059 5489 liber
1074 5444 1194 5492 urendos
1209 5444 1239 5494 ds
1257 5445 1349 5508 fluibus
1363 5445 1484 5498 darom
1504 5455 1528 5501 ct
1543 5451 1669 5502 maiarum
1685 5453 1769 5502 marci

440 5510 494 5571 tutp
510 5512 636 5563 σιωνοιιῑι.
653 5512 738 5564 ilorci
753 5515 806 5577 totu
821 5515 940 5566 ιιόιιοιιίι
955 5514 985 5564 do
998 5514 1090 5580 tinibus
1105 5516 1226 5568 bonanus
1240 5524 1264 5569 et
1278 5521 1404 5572 maioma
1420 5523 1482 5576 iiber
1496 5524 1585 5577 tertios
1599 5526 1687 5591 incipit
1702 5527 1732 5578 Β.
