4342 7459
637 1258 753 1323 mer
782 1257 859 1322 cn.
880 1255 1234 1321 xxxvii-xxxix.
1262 1252 1309 1339 §s
1332 1250 1519 1321 los-loe.
1680 1251 1744 1317 aas

408 1418 443 1481 in
465 1416 657 1501 Capitolium
686 1437 758 1480 cum
787 1417 999 1501 pervenerim,
1028 1424 1095 1480 tum
1118 1415 1157 1479 ad
1179 1417 1319 1480 animum
1342 1434 1448 1479 meum
1468 1415 1661 1489 referantur,
1677 1416 1744 1479 «laec

407 1510 494 1574 idem
516 1510 586 1573 fieri
607 1510 640 1574 in
663 1511 741 1585 deo,
764 1511 855 1574 ouius
875 1511 986 1574 crebra
1008 1509 1088 1574 iaoie
1110 1510 1270 1593 pellantur
1290 1510 1405 1583 animi,
1428 1530 1469 1573 er
1491 1530 1556 1593 quo
1575 1530 1646 1574 esse
1660 1510 1744 1572 beati

407 1613 505 1688 atque
535 1604 657 1668 aeterni
686 1604 919 1687 intellegantur.
958 1601 1030 1667 lor.
1053 1606 1115 1667 Fac
1145 1604 1300 1687 imagines
1328 1623 1413 1677 esse,
1442 1604 1557 1687 quihus
1579 1602 1745 1685 pulsentur

407 1698 525 1761 animi:
549 1698 674 1781 species
696 1699 863 1762 dumtaxat
884 1698 1021 1761 obicitur
1044 1697 1219 1780 quaedam;
1241 1717 1318 1760 num
1342 1697 1435 1760 etiam
1458 1717 1514 1760 our
1535 1716 1572 1759 ea
1587 1697 1680 1759 beata
1693 1697 1745 1771 sit,

408 1812 467 1856 our
488 1796 644 1856 aeternat
678 1793 769 1868 Quae
792 1799 897 1854 antem
912 1792 991 1855 istae
1006 1793 1161 1874 imagines
1176 1800 1300 1855 vestrae
1314 1801 1370 1854 aut
1384 1792 1493 1854 undet
1522 1794 1548 1855 A
1564 1791 1767 1853 Democritea

409 1886 539 1949 omnino
561 1885 641 1949 haec
662 1885 810 1959 licentia;
832 1886 889 1949 sod
912 1893 944 1948 et
964 1886 1019 1948 ille
1040 1888 1251 1969 reprehensus
1274 1905 1293 1948 a
1315 1885 1423 1948 multia
1445 1894 1574 1948 estnec
1597 1905 1654 1948 vos
1677 1884 1746 1947 exi·

409 1988 476 2044 tum
497 1980 647 2064 reperitis
668 1986 798 2062 lotaque
821 1999 871 2042 res
892 1980 1020 2043 vacillat
1042 1988 1075 2043 et
1089 1979 1255 2042 claudicat.
1286 1978 1458 2062 Numquid
1475 1978 1624 2063 estquod
1641 1980 1745 2041 minas

409 2074 536 2157 probari
559 2074 661 2158 possit
680 2093 775 2156 quam
796 2071 962 2136 hominum
983 2074 1016 2135 in
1040 2094 1091 2136 me
1112 2072 1253 2136 incidere
1275 2071 1446 2152 imagines,
1466 2072 1613 2147 Homeri,
1635 2072 1746 2135 Archi-

409 2167 512 2242 lochi,
539 2168 685 2241 Romuli,
714 2169 851 2240 Numae,
882 2166 1092 2250 Pythagorae,
1121 2165 1276 2238 Platonis,
1314 2183 1374 2227 nec
1399 2184 1438 2228 ea
1463 2164 1581 2240 forma,
1611 2185 1674 2248 qua
1698 2165 1745 2228 illi

410 2261 568 2324 ineruntl
603 2261 676 2336 Quo
699 2259 793 2324 modo
814 2260 864 2323 illi
888 2266 987 2342 ergo?
1017 2269 1048 2323 at
1071 2280 1204 2344 quorum
1226 2260 1402 2341 imagines?
1436 2258 1596 2344 Orpheum
1618 2266 1784 2343 pantanu

411 2353 507 2418 docet
533 2353 722 2418 Aristoteles
750 2373 922 2437 numquam
944 2353 1048 2418 eluisse
1078 2363 1109 2417 et
1131 2354 1191 2416 hoc
1213 2352 1387 2436 Orphicum
1410 2373 1537 2417 carmen
1552 2352 1746 2436 Pythagorei

410 2446 518 2512 ierunt
539 2447 703 2514 cuiusdam
725 2446 824 2511 luisse
847 2448 1005 2531 Cercopis.
1042 2452 1083 2511 At
1106 2446 1267 2530 Orpheus,
1288 2445 1322 2510 id
1344 2454 1393 2509 est
1413 2448 1517 2529 imago
1533 2448 1617 2521 eius,
1638 2456 1747 2511 utros

411 2541 523 2616 vultis,
545 2541 579 2603 in
601 2542 741 2605 animum
764 2562 868 2606 meum
891 2561 986 2624 saepe
1009 2543 1151 2605 incurrit.
1187 2538 1260 2603 lus.
1283 2540 1387 2615 Quid,
1403 2541 1507 2625 quod.
1524 2542 1668 2606 eiusdem
1688 2541 1749 2604 lro·

411 2636 506 2699 minis
536 2636 570 2697 in
597 2654 702 2700 meum
727 2634 823 2708 aliae,
851 2636 933 2698 aliae
955 2636 986 2699 in
1010 2638 1121 2699 tuum?
1150 2636 1244 2719 quid,
1273 2635 1360 2718 quod
1384 2655 1492 2699 earum
1513 2654 1635 2710 rerum,
1665 2653 1747 2720 qnae

411 2748 584 2812 numquam
608 2729 737 2792 omnino
758 2727 888 2791 luerunt
908 2747 1014 2812 neque
1038 2749 1109 2793 esse
1128 2738 1317 2812 potuerunt,
1340 2737 1375 2791 nt
1389 2728 1531 2813 Scyllae,
1553 2738 1591 2793 ut
1604 2730 1787 2793 (linimus-⁸⁸

412 2824 491 2887 rael
514 2823 608 2906 quid,
631 2823 717 2905 qnod
739 2822 918 2897 hominum,
942 2822 1101 2897 locorum,
1122 2823 1248 2886 urbium
1270 2841 1396 2896 eamm‚
1418 2843 1501 2906 quas
1515 2841 1687 2906 numquam
1702 2822 1749 2884 vi·

412 2916 544 2980 dimusl
574 2915 667 3000 quid,
695 2914 798 2999 qnod,
828 2916 922 2978 simul
951 2936 989 2979 ao
1010 2916 1087 2980 mihi
1110 2915 1286 2979 collibitum
1308 2924 1370 2990 eat,
1400 2924 1528 3000 praesto
1549 2923 1600 2980 est
1619 2916 1748 2997 imagol

413 3008 508 3092 qnid,
535 3008 740 3092 quodetiam
762 3009 803 3072 ad
825 3010 1033 3073 dormientem
1056 3009 1187 3073 veniunt
1213 3012 1404 3074 invocatael
1438 3013 1516 3075 Tota
1538 3032 1607 3087 rea,
1635 3008 1749 3083 llellei,

411 3102 581 3184 nugatoria
609 3113 676 3168 est:
704 3124 760 3168 vos
787 3110 892 3165 antem
914 3123 980 3166 non
1001 3103 1096 3167 modo
1118 3102 1220 3167 oculis
1241 3104 1410 3186 imagines,
1438 3104 1495 3167 aed
1517 3105 1612 3169 etiam
1632 3103 1749 3167 animia

412 3196 600 3262 inculcatis:
623 3205 709 3262 tantu
731 3204 781 3259 eet
801 3195 965 3278 inpunitas
979 3197 1149 3279 garriendi.
1183 3196 1334 3260 xxxix.
1348 3192 1421 3259 los.
1436 3201 1477 3260 At
1490 3217 1586 3281 quam
1600 3194 1788 3270 licenterlrt

413 3291 598 3355 liluentium
623 3291 810 3375 frequenter
837 3291 983 3354 transitio
1010 3289 1048 3367 lit
1075 3290 1249 3364 visionum,
1278 3299 1313 3353 ut
1341 3291 1489 3354 emultis
1510 3310 1573 3355 una
1593 3283 1749 3355 videatur.

414 3384 552 3449 Puderet
579 3404 629 3448 me
658 3385 765 3448 dicere
791 3403 856 3447 non
882 3384 1086 3467 intellegere,
1115 3384 1142 3448 ai
1167 3403 1223 3447 vos
1244 3383 1306 3466 ipsi
1327 3384 1568 3467 intellegeretis,
1604 3386 1660 3469 qui
1676 3385 1751 3448 ista

415 3476 597 3542 defenditis.
630 3477 703 3554 Quo
725 3478 821 3542 modo
843 3479 928 3541 enim
950 3479 1067 3561 probas
1089 3478 1289 3542 continenter
1318 3479 1474 3560 imagines
1495 3477 1595 3542 ierril
1623 3478 1749 3554 aut,··si

414 3570 624 3646 continenter,
646 3590 710 3655 quo
732 3569 827 3635 modo
840 3575 1014 3635 aeternae?
1037 3571 1324 3647 innumerabilitas,
1344 3572 1463 3656 inquis,
1485 3572 1668 3657 suppeditat
1680 3578 1751 3636 ato·

414 3685 550 3729 morum.
586 3668 668 3728 Num
697 3666 810 3729 eadem
838 3684 913 3749 ergo
935 3666 997 3729 ista
1018 3665 1128 3739 faciet,
1151 3674 1187 3728 ut
1208 3666 1270 3729 sint
1291 3667 1399 3729 omnia
1419 3666 1638 3749 sempiternat
1668 3666 1789 3729 Con-at

413 3756 498 3843 iugis
520 3759 560 3823 ad
582 3759 849 3843 aequilibritatem
869 3760 973 3822 -sic
995 3760 1079 3824 enim
1102 3767 1286 3842 ἰσονομίαν,
1308 3762 1335 3823 si
1357 3755 1475 3843 placet,
1496 3760 1694 3843 appellemus
1709 3789 1750 3806 ·-

414 3862 448 3918 et
474 3855 539 3929 ais,
568 3854 721 3938 quoniam
749 3854 791 3917 sit
818 3862 932 3918 natura
960 3854 1118 3929 mortalia,
1150 3854 1348 3918 inmortalem
1378 3855 1472 3919 etiam
1500 3873 1571 3917 esse
1593 3861 1750 3939 oportere.

498 4232 521 4280 t.
543 4230 704 4291 peramat-m
728 4227 790 4279 llO.
819 4228 924 4278 «scrib.
946 4230 981 4279 tlt
1006 4228 1046 4277 rt.
1065 4226 1243 4277 Graculum
1264 4238 1322 4274 oum
1341 4225 1428 4274 uidcor
1448 4226 1632 4277 contionantem
1652 4227 1751 4288 uidero,

415 4330 454 4343 -·
469 4304 496 4353 ia
513 4304 665 4366 Capitolinum
681 4318 738 4353 cum
753 4306 938 4366 pervenerim,
957 4308 985 4353 tu
1000 4307 1051 4354 cet.
1077 4302 1169 4366 (Wenn
1185 4314 1211 4350 er
1227 4302 1277 4349 mir
1293 4313 1317 4349 z.
1337 4301 1367 4349 B.
1389 4300 1531 4350 emkommt
1548 4314 1664 4363 u.s.1o.,
1682 4303 1753 4352 Mon

415 4394 475 4445 rope
490 4381 530 4430 tel
546 4395 572 4430 u.
586 4394 606 4429 r.
618 4394 668 4438 w.;
686 4382 720 4429 du
736 4381 797 4429 uber
813 4385 883 4443 suget
899 4395 924 4430 u.
938 4393 958 4430 r.
970 4391 1021 4435 w.;
1038 4391 1065 4427 so
1081 4376 1193 4426 vertolio
1209 4388 1235 4425 er
1251 4375 1303 4424 siclt
1320 4376 1386 4424 auch
1403 4376 1449 4424 mit
1465 4376 1521 4425 dem
1537 4376 1608 4426 Gotte
1624 4391 1650 4425 u.
1668 4389 1688 4426 a.
1705 4376 1752 4440 w.)

416 4453 545 4518 Exemplo
567 4455 642 4505 Cotta
663 4454 794 4512 declarat,
819 4455 884 4518 quid
907 4455 976 4504 inter
999 4456 1104 4502 ceteros
1127 4448 1298 4515 philosophos
1321 4454 1348 4500 et
1374 4451 1519 4514 Epicureos
1536 4452 1640 4502 intersit
1661 4452 1688 4502 ln
1709 4454 1753 4502 in-

416 4528 596 4595 terpretandis
621 4533 649 4580 et
674 4530 822 4580 indicandis
851 4531 914 4579 visis
939 4528 1035 4578 oblatis
1058 4540 1163 4585 rerum,
1191 4539 1260 4589 quae
1287 4539 1340 4575 non
1366 4526 1440 4590 ipsae
1465 4526 1566 4586 adsint;
1594 4528 1752 4591 Epicuream

416 4603 524 4669 (velleii)
542 4606 673 4656 rationem
690 4619 737 4656 eos
755 4603 901 4666 (vellelum)
920 4604 1062 4654 transterre
1081 4603 1161 4652 etiam
1183 4600 1217 4651 ad
1239 4602 1295 4651 visa
1315 4602 1438 4654 deorum.
1460 4604 1540 4666 mitur
1556 4606 1644 4662 ortum
1662 4606 1704 4654 est
1720 4616 1755 4654 ex
1783 4643 1786 4650 .

415 4684 444 4729 ut
464 4681 523 4743 tipr.
552 4680 615 4729 Eam
639 4679 795 4745 particulam
818 4680 852 4729 ad
875 4679 1028 4744 exemplum
1051 4691 1146 4741 parum
1168 4680 1260 4740 aptum
1283 4690 1343 4727 esse
1369 4682 1492 4728 senserat
1518 4677 1695 4728 lleindorflus.
1723 4679 1754 4729 Ut

416 4753 564 4804 concedam
586 4754 693 4805 delendi
715 4768 809 4819 posse,
832 4759 860 4802 ut
883 4756 938 4802 tum
957 4754 1139 4816 comparative
1162 4752 1277 4816 positum
1295 4765 1348 4802 non
1368 4751 1464 4813 habet.
1492 4752 1564 4816 quod
1590 4756 1615 4803 ei
1640 4766 1753 4817 respon-

416 4829 493 4889 deat,
511 4832 564 4886 τίω
583 4833 612 4879 ut
629 4830 679 4880 hoc
697 4842 805 4893 quoqne
823 4827 972 4878 concedam
991 4827 1072 4878 latere
1091 4827 1118 4878 in
1135 4825 1178 4877 illo
1196 4828 1241 4876 loc
1257 4829 1323 4877 idom
1338 4829 1394 4891 Acri
1411 4831 1473 4887 cet,
1493 4842 1545 4879 non
1560 4832 1649 4893 potest
1659 4830 1754 4879 huius·

416 4904 490 4955 modi
508 4903 633 4969 epodosis
650 4918 700 4955 suo
718 4904 801 4953 verbo
820 4916 912 4954 curere
931 4905 1002 4962 (cnm
1019 4904 1180 4966 praesertim
1198 4906 1259 4955 dicia
1275 4904 1439 4955 audiendum
1457 4906 1504 4967 sit,
1523 4906 1752 4970 praeoedutdlco).

416 4980 483 5031 Tum
502 4982 695 5039 necessarium,
715 4977 788 5042 quod
806 4977 922 5028 nonnulli
941 4978 1020 5028 codd.
1039 4977 1154 5036 habent,
1175 4982 1348 5042 perveneram
1371 4980 1485 5044 alioquin
1505 4995 1593 5045 neque
1609 4982 1660 5032 looi
1678 4995 1755 5033 com·

416 5054 586 5105 memorandi
610 5067 690 5105 causa
714 5058 772 5103 erut
792 5067 843 5103 neo
864 5066 996 5103 rennuere
1018 5056 1091 5103 recte
1112 5053 1247 5104 diceretur
1264 5054 1346 5118 [quod
1365 5058 1528 5107 contrarium
1546 5060 1588 5107 est
1603 5057 1755 5121 nepueu

412 5129 636 5193 munientium
662 5129 688 5178 in
705 5126 834 5191 Capitolio
851 5126 942 5176 Velleii
959 5129 1090 5177 sententia
1109 5128 1286 5179 versabantur
1302 5131 1446 5194 imagines;
1473 5144 1535 5182 curu
1553 5133 1629 5183 Cotta
1647 5134 1672 5183 in
1690 5144 1754 5183 enm

417 5204 522 5265 locum,
549 5204 594 5255 ubi
620 5203 679 5255 illae
701 5207 790 5263 erant,
814 5206 938 5262 venerut,
970 5203 996 5253 in
1014 5215 1077 5253 eum
1099 5204 1297 5256 incurrebant·
1316 5207 1425 5258 Manno.
1447 5232 1473 5243 -
1493 5206 1517 5258 i.
1535 5209 1695 5259 nuncetiam
1711 5206 1752 5268 ὓς

416 5296 468 5332 sou
483 5282 560 5332 dium
577 5279 700 5330 Klotzius.
721 5305 748 5316 -
767 5282 792 5329 5.
811 5280 943 5329 amomo
959 5279 979 5329 B
998 5304 1025 5315 -
1045 5280 1070 5328 6.
1089 5281 1270 5342 rcpruehcnrus
1287 5286 1307 5331 A
1326 5305 1354 5317 ·-
1379 5282 1403 5332 7.
1422 5287 1542 5345 tootqu
1557 5298 1598 5333 rea
1613 5283 1716 5333 boeium
1733 5284 1752 5334 C

420 5382 449 5393 -
467 5355 493 5406 8.
509 5355 619 5418 probari
636 5360 655 5405 A
679 5380 706 5390 -
732 5356 809 5417 possit
825 5357 936 5404 omnium
953 5357 1014 5415 (om.
1029 5356 1116 5416 quoru)
1133 5354 1156 5408 ‘ll
1175 5383 1203 5395 -
1222 5357 1247 5407 9.
1266 5370 1297 5407 cu
1313 5356 1473 5408 Lambinus:
1492 5372 1526 5408 cc
1541 5356 1574 5409 u.
1594 5357 1678 5420 (Quod
1696 5359 1755 5409 Alo·

418 5443 497 5482 artu
514 5432 643 5489 aldrmnt‚
662 5431 688 5482 in
706 5431 798 5501 codice
816 5443 865 5480 suo
881 5432 900 5480 A
920 5431 1020 5492 (nostro
1039 5431 1069 5491 C)
1088 5433 1240 5497 repperisse
1252 5446 1282 5483 ae
1295 5446 1339 5494 oo,
1359 5433 1453 5484 laisum
1466 5435 1525 5497 est.)
1542 5459 1568 5469 -
1588 5435 1628 5483 ⁴0,
1645 5434 1683 5483 tut
1695 5447 1755 5498 orgo

419 5504 460 5558 1:
484 5520 546 5571 erpo
565 5507 604 5557 itti
626 5508 661 5565 0;
684 5520 745 5571 erpo
766 5507 825 5556 illoc
845 5506 905 5556 eod.
925 5504 1116 5569 Glogaviensis.
1136 5533 1164 5543 -
1191 5510 1231 5558 tt.
1250 5509 1365 5571 Cercopis
1382 5509 1529 5559 Victorius:
1553 5509 1664 5559 caconit
1684 5509 1752 5569 AB:

418 5582 587 5640 carduetum
611 5584 722 5631 odonia
743 5594 813 5632 corr.
834 5582 860 5630 in
882 5583 993 5631 careonis
1015 5582 1035 5631 C
1061 5608 1088 5618 -
1116 5581 1156 5632 tl.
1174 5596 1257 5633 mcum
1278 5584 1372 5634 olisia
1389 5584 1439 5635 ΑΕ
1461 5609 1485 5621 -
1506 5584 1547 5634 ⁴5.
1564 5581 1705 5645 (ueroatll
1725 5608 1752 5620 -

415 5660 554 5718 niuem
569 5654 616 5705 A¹:
633 5661 771 5718 pmwuet
786 5651 905 5707 A¹BCE
919 5682 946 5693 -
965 5657 1079 5717 almum
1095 5660 1117 5707 A
1134 5681 1161 5691 —
1182 5658 1222 5709 ⁴9.
1242 5657 1285 5723 cst]
1303 5658 1356 5707 eius
1373 5658 1392 5709 C
1407 5684 1435 5695 -·
1452 5658 1494 5707 20.
1514 5662 1540 5707 ut
1558 5658 1591 5720 (in
1605 5659 1706 5717 maura)
1717 5659 1753 5707 A:

420 5730 456 5779 ad
476 5730 557 5782 BGE
580 5756 607 5767 -
630 5732 672 5781 ἥ.
691 5733 712 5780 a·
728 5743 774 5781 uos
791 5744 861 5782 corr.
879 5744 912 5781 er
929 5744 986 5780 tuos
1002 5732 1052 5783 Ac
1073 5756 1101 5769 —
1124 5732 1165 5783 23.
1184 5736 1245 5798 post
1266 5732 1361 5795 probor
1376 5732 1446 5783 duae
1463 5731 1565 5783 litterae
1583 5746 1676 5783 erasae
1693 5736 1757 5784 sunt

421 5805 529 5855 lnA-
548 5805 590 5857 ll.
607 5812 689 5858 atem
706 5811 768 5856 A-
787 5807 922 5868 inquidA,
941 5808 1119 5869 acuenda
1139 5834 1166 5846 -
1185 5809 1227 5859 25.
1244 5808 1337 5872 {mont
1353 5810 1450 5867 ACE;
1468 5809 1636 5871 soduatlt-
1655 5810 1759 5861 illue-¹

420 5879 606 5944 winemaro
622 5882 652 5942 Β,
669 5881 866 5944 emitoertotcm
881 5883 962 5933 ACE
981 5908 1009 5920 —
1025 5885 1169 5935 ermenteo
1186 5883 1254 5946 AC,
1272 5882 1424 5933 tammus
1443 5880 1500 5946 qno.
1512 5880 1663 5933 tinelloorr.
1677 5881 1758 5947 exta}

421 5951 972 6017 B‚vsuaorrrqu-27.uialnm.d·
1759 5979 1768 5998 ·=
