4342 7459
652 1263 721 1328 Lis.
735 1262 802 1330 lv..
815 1262 891 1327 Ciu.
904 1260 959 1325 XI.
985 1257 1119 1345 §l3⁴=·
1135 1261 1203 1326 Lm.
1213 1260 1251 1327 V.
1281 1262 1355 1329 Car.
1370 1265 1395 1330 1.
1425 1261 1494 1350 52.
1675 1263 1740 1333 839

408 1428 561 1504 τεχνιτῶν
588 1422 645 1488 διὰ
676 1422 713 1488 cd
741 1414 805 1499 τοῖς
833 1428 963 1497 πολλοῖς
991 1423 1145 1503 ἀρέσκειν
1173 1421 1215 1487 τοὶ
1241 1424 1343 1506 ἀγενῆ
1369 1423 1589 1508 palaestinos,
1621 1429 1660 1494 οὔ
1683 1432 1738 1509 τῆς

409 1532 516 1598 τέχνης
542 1518 579 1584 τὸ
602 1526 751 1600 αἰτίαμα.
791 1515 898 1582 Ἀλλὰ
921 1520 978 1580 καὶ
1000 1518 1020 1594 ἢ
1043 1526 1160 1600 πατρίς
1179 1519 1282 1583 αὐτοί
1306 1518 1379 1596 τούς
1403 1529 1463 1604 μίν
1483 1530 1538 1586 dal
1556 1524 1660 1607 Νομᾶ
1680 1535 1740 1591 καί

410 1614 484 1690 τούς
505 1615 605 1696 ὀλίγῳ
625 1614 698 1695 μετ’
722 1610 840 1686 αὐτόν,
867 1609 917 1678 ἔτι
940 1612 1157 1694 τυγχάνοντας
1178 1617 1413 1701 ἀγριωτέρους,
1440 1620 1584 1702 μουσικῇ
1604 1622 1741 1685 παιδευ-Ι

409 1720 539 1792 ομένους
566 1706 648 1785 είχε,
676 1706 767 1771 καθὰ
797 1714 855 1771 καί
875 1706 974 1782 αὐτός
997 1731 1115 1787 φησιν,
1143 1714 1213 1791 ἰδίᾳ
1234 1733 1267 1775 το
1295 1720 1330 1775 ἐν
1351 1713 1504 1789 εὐωχίαις
1532 1714 1627 1796 κοινῇ
1647 1723 1736 1779 τείν

409 1802 559 1879 ἁπάσαις
588 1807 729 1876 τελεταῖς
756 1811 855 1881 σφίσι
878 1802 1147 1887 συνοργιαζοῦοῃ.
1199 1800 1420 1884 (Aristides
1449 1805 1759 1883 Quintilianus⁸

408 1898 443 1962 ds
464 1898 580 1961 musica
602 1896 656 1960 lib.
672 1897 713 1957 ll.
734 1914 805 1979 paq.
821 1891 946 1958 69-74
975 1896 1024 1958 ed.
1040 1893 1199 1979 ldeibom.)

493 1990 627 2054 Maiores
646 1999 721 2052 nata
740 1990 774 2051 irs
794 1990 940 2052 conviciis
965 1989 1005 2052 ad
1029 1990 1119 2053 tibias
1140 1991 1260 2073 eqreqia
1280 1994 1472 2075 superiorum
1491 1995 1737 2076 warenniae

408 2085 618 2167 comprehensa
636 2084 813 2166 panqebont,
836 2103 894 2165 quo
915 2083 955 2145 ad
976 2104 1010 2146 eo
1025 2084 1173 2148 imitanda
1186 2085 1365 2150 iuventutem
1379 2088 1559 2151 alacriorem
1573 2088 1734 2153 redderott.

410 2178 597 2263 (Valerius
619 2178 804 2242 Maximus
831 2178 875 2251 ΙΙ,
898 2172 928 2252 4,
949 2174 1049 2261 stu.)

493 2273 555 2336 Fac
574 2272 711 2335 ἀοτίοοίο
732 2271 768 2334 ab
790 2289 823 2334 eo
846 2268 906 2353 (sc.
921 2268 1056 2352 ormo).
1098 2274 1292 2347 irrisorium,
1314 2284 1544 2350 ammentum,
1567 2286 1772 2340 amamus-io

410 2367 541 2439 ίοτίαοτ,
563 2365 718 2440 armillae,
739 2384 815 2447 qaae
835 2384 915 2427 nuno
934 2366 1104 2428 brachialia
1123 2376 1249 2440 oocast‚·
1270 2370 1315 2431 sic
1335 2371 1442 2433 Cicero
1463 2372 1496 2433 irs
1516 2378 1624 2453 qturto
1644 2371 1680 2434 do
1700 2388 1735 2435 ro

403 2461 535 2543 publiea.
579 2456 811 2541 (Priscianus
828 2460 1029 2541 perlittXll
1044 2478 1122 2523 vers.
1137 2459 1209 2523 Acri.
1232 2454 1263 2536 i,
1284 2457 1363 2543 §ii
1385 2482 1417 2547 p.
1431 2459 1495 2527 itii
1515 2465 1567 2528 ed.
1581 2462 1675 2546 liiii.)

834 2897 1012 2972 mana
1038 2897 1315 2995 emanue.

492 3065 518 3128 L
547 3060 577 3129 4.
602 3065 728 3144 Quando
749 3085 820 3148 erqo
840 3084 890 3128 res
904 3066 1027 3148 publiea
1041 3069 1180 3131 Romano
1200 3069 1273 3132 talis
1292 3074 1367 3140 crat,
1389 3066 1506 3150 qualos
1525 3067 1613 3131 illam
1625 3065 1736 3130 dorni·

408 3161 451 3224 bit
464 3160 637 3234 Sallustius,
656 3179 719 3222 non
739 3160 802 3223 iarn
817 3160 950 3241 pessima
969 3180 1006 3223 ac
1023 3162 1275 3243 ploqiliosissima,
1298 3163 1375 3225 αὀαί
1394 3163 1458 3243 ipso
1478 3163 1536 3238 ait,
1551 3161 1602 3225 sod
1614 3160 1772 3223 omnisort

408 3255 493 3317 nullo
520 3264 586 3317 erat
612 3254 772 3317 secuudum
798 3255 888 3316 istam
915 3256 1063 3317 rationem
1070 3300 1080 3332 ‚
1112 3275 1201 3337 mam
1228 3256 1390 3337 disputatio
1410 3255 1445 3319 de
1465 3255 1637 3337 republica
1657 3254 1736 3316 inter

408 3366 534 3429 mopsos
564 3348 628 3411 sias
648 3357 712 3410 tam
734 3348 891 3430 principes
917 3348 1020 3411 ioiiro
1042 3352 1200 3430 patefecit,
1229 3352 1307 3412 siem
1332 3351 1423 3413 etiam
1447 3352 1510 3432 ipse
1532 3346 1650 3411 Tullius
1675 3366 1736 3410 non

410 3442 561 3524 Scipionis
582 3461 634 3505 asc
656 3444 833 3525 cuiuspiam
853 3442 990 3517 alterius,
1007 3445 1057 3507 sed
1077 3464 1132 3507 ατο
1146 3461 1279 3507 samone
1294 3444 1414 3525 loquens
1427 3444 1461 3507 in
1469 3440 1623 3527 principio
1637 3440 1737 3525 quinti

409 3536 482 3600 libri
502 3546 731 3600 commemorato
747 3539 838 3619 prins
859 3539 958 3601 Ennii
974 3546 1078 3619 poetae
1099 3557 1201 3612 αντα,
1223 3557 1281 3620 quo
1301 3538 1443 3600 dixerat:

580 3657 750 3721 Moribus
778 3658 949 3743 antiquio
977 3678 1036 3722 res
1065 3667 1141 3723 ctat
1166 3659 1332 3724 Romana
1358 3657 1545 3742 virisque,
1742 3668 1773 3719 tt

411 3800 506 3867 quom
527 3780 658 3864 quidem
678 3779 733 3843 ilie
755 3800 892 3854 versum,
913 3781 1020 3863 inquit,
1040 3780 1092 3844 vel
1113 3781 1267 3845 brevitate
1287 3779 1339 3844 vel
1360 3779 1492 3843 veritato
1513 3786 1672 3864 tamquam
1695 3799 1737 3843 ex

412 3873 539 3939 oraculo
569 3873 646 3937 mibi
675 3873 814 3957 quodam
845 3894 915 3937 esse
944 3872 1057 3939 ellatus
1086 3873 1221 3939 videtur.
1269 3876 1348 3937 Nam
1375 3893 1480 3959 neque
1501 3872 1578 3948 viri,
1608 3873 1669 3936 nisi
1691 3873 1736 3937 ita

410 3977 532 4034 morata
554 3969 662 4032 civius
683 3968 807 4044 suisset,
829 3989 933 4053 neque
955 3988 1070 4043 mores,
1091 3968 1154 4032 nisi
1177 3970 1212 4032 bi
1227 3967 1283 4032 riri
1300 3967 1520 4051 praefuissent,
1535 3975 1590 4031 sut
1603 3964 1736 4031 tundere

409 4073 465 4129 aut
485 4072 548 4127 tam
571 4063 625 4127 diu
647 4070 756 4126 tenere
779 4064 957 4145 potuissent
986 4069 1106 4127 tantm
1134 4069 1167 4126 et
1195 4068 1258 4126 tam
1283 4061 1353 4125 inse
1382 4061 1507 4144 lateque
1529 4061 1736 4145 imperantem

410 4178 478 4222 rem
501 4157 669 4241 publicam.
702 4159 811 4240 ltaque
833 4164 906 4219 ante
928 4165 1066 4220 nostram
1090 4156 1274 4219 memoriam
1296 4163 1328 4218 et
1341 4174 1410 4218 mos
1424 4155 1494 4238 ipse
1509 4154 1630 4237 patrius
1645 4165 1775 4237 pras-ts

409 4259 528 4315 euntes
556 4251 640 4315 viros
665 4246 835 4314 adhibebat
863 4257 895 4314 et
914 4258 1053 4313 veterem
1076 4268 1196 4312 morem
1218 4267 1255 4314 ao
1277 4250 1431 4313 maiorum
1453 4248 1598 4312 instituta
1619 4247 1736 4310 retine-

408 4347 485 4409 bant
514 4344 705 4408 excellentes
733 4344 803 4406 viri.
857 4339 888 4405 2.
921 4346 1034 4407 Nostra
1062 4362 1137 4406 vero
1164 4351 1267 4417 neme,
1297 4361 1367 4406 cum
1388 4360 1454 4404 rem
1477 4340 1632 4424 publicam
1655 4340 1737 4405 sicut

409 4438 564 4523 picturam
586 4438 762 4521 accepisset
783 4437 950 4520 egregiam,
972 4436 1029 4501 sed
1045 4437 1109 4498 iam
1125 4443 1363 4501 evanescentem
1379 4441 1544 4508 vetustate,
1560 4453 1623 4496 non
1640 4436 1735 4499 modo

410 4551 478 4595 eam
501 4530 658 4595 coloribus
680 4530 793 4595 iisdem
817 4530 933 4614 quibus
955 4529 1056 4593 iuerat
1078 4548 1230 4593 renovare
1253 4528 1405 4612 neglexit,
1428 4529 1484 4592 sed
1503 4547 1543 4591 ne
1557 4528 1590 4591 id
1606 4527 1736 4611 quidem

410 4624 541 4698 curarit,
562 4630 597 4686 ut
618 4622 749 4688 formam
772 4624 883 4688 saltem
906 4624 973 4687 eius
995 4630 1026 4686 et
1048 4631 1190 4687 extrema
1206 4629 1363 4707 nmquam
1378 4622 1571 4686 lineamenta
1585 4629 1773 4687 servaretis

411 4716 497 4795 Quid
519 4718 604 4781 enim
626 4725 731 4781 manet
753 4738 793 4781 ex
815 4718 954 4800 antiquis
977 4718 1127 4793 moribus,
1144 4716 1260 4801 quibus
1276 4716 1330 4779 ille
1347 4715 1428 4780 dixit
1442 4736 1508 4779 rem
1523 4722 1607 4780 staro
1621 4716 1737 4779 Roma·

410 4815 504 4876 nami
527 4830 608 4895 quos
630 4811 673 4875 ita
696 4811 857 4876 oblivione
879 4812 1039 4876 obsoletos
1061 4812 1221 4884 videmus,
1243 4817 1365 4874 utnon
1386 4809 1482 4873 modo
1498 4828 1563 4873 non
1578 4809 1735 4886 colantur,

410 4907 466 4971 sed
489 4908 552 4970 iam
573 4906 766 4989 ignorentur.
803 4906 881 4968 Nam
904 4904 943 4969 de
965 4906 1040 4969 viris
1062 4904 1138 4989 quid
1162 4904 1285 4968 dicami
1324 4905 1429 4968 Mores
1451 4904 1537 4967 enim
1557 4903 1616 4985 ipsi
1639 4903 1736 4965 inter·

409 5000 515 5063 ierunt
536 4998 673 5063 virorum
696 5000 839 5082 penuria,
861 5002 952 5063 cuius
974 5000 1052 5062 tanti
1075 4998 1149 5062 mali
1171 5018 1235 5061 non
1252 4998 1345 5062 modo
1360 4997 1523 5062 reddenda
1536 4997 1617 5061 ratio
1633 4996 1735 5071 nobis,

408 5091 465 5157 sed
488 5092 582 5155 etiam
605 5099 763 5177 umquam
785 5093 848 5156 reis
870 5093 982 5176 capitis
1004 5093 1143 5177 quodam
1166 5090 1259 5155 modo
1276 5090 1411 5156 dicenda
1424 5110 1520 5155 causa
1534 5096 1590 5153 est
1612 5088 1772 5154 Nostristt

410 5187 494 5252 enim
523 5185 624 5261 vitiis,
651 5205 716 5249 non
746 5206 822 5249 casu
849 5186 975 5272 aliquo,
1008 5206 1073 5250 rem
1097 5184 1255 5269 publicam
1277 5185 1373 5250 verbo
1396 5185 1583 5258 retinemus,
1609 5183 1735 5264 reipsa

409 5300 486 5345 vero
508 5278 570 5342 iam
592 5278 716 5360 pridem
737 5280 911 5344 amisimus.
946 5281 1028 5343 Haeo
1042 5281 1146 5343 Cicero
1164 5277 1317 5357 [alebatur
1337 5279 1421 5361 ίοττοτ
1442 5278 1559 5362 quidem
1570 5284 1640 5359 post
1652 5294 1735 5338 mor·

410 5384 467 5439 tem
481 5375 630 5455 Africani,
653 5394 740 5455 quem
761 5376 795 5437 iri
815 5376 879 5437 suis
900 5376 986 5439 libris
1004 5376 1076 5456 fecit
1096 5374 1131 5436 de
1152 5391 1186 5435 rc
1201 5374 1325 5453 publica
1345 5374 1507 5455 disputare.
1545 5369 1735 5454 (Angusti-

409 5488 479 5532 nus
498 5469 534 5531 dc
547 5469 628 5531 civit.
642 5467 689 5529 dei
709 5467 754 5543 il,
768 5464 820 5532 24.
842 5470 920 5551 coris.
938 5470 982 5542 ii,
997 5465 1060 5550 25.)

476 5687 501 5736 i.
519 5678 610 5735 αὐτοῦ
629 5685 676 5747 (sc.
688 5684 830 5745 Ciceronis)
843 5683 985 5747 Leopardi:
1003 5677 1100 5733 αὐτῶν
1117 5683 1190 5734 Alio
1207 5708 1235 5720 -
1254 5680 1301 5734 lai
1317 5679 1411 5748 νομῆς
1426 5682 1446 5733 li
1464 5707 1492 5719 -
1512 5680 1537 5733 i.
1550 5672 1673 5742 εὖωκτία
1684 5682 1735 5734 καί

411 5758 495 5825 κοινῆ
512 5759 543 5811 ἐν
560 5762 579 5810 Β
598 5785 627 5797 -
645 5760 669 5811 i.
683 5758 790 5810 Addidit
806 5759 859 5811 hoo
875 5758 968 5821 fragm.
982 5759 1031 5809 bini
1049 5760 1075 5809 in
1093 5757 1136 5809 ed.
1149 5759 1181 5818 ii,
1199 5757 1277 5810 deest
1293 5760 1319 5809 in
1336 5758 1356 5808 0
1374 5783 1402 5794 -
1421 5756 1461 5808 tt.
1474 5756 1530 5820 ltus
1546 5759 1653 5822 scripsi:
1672 5760 1736 5813 iuste

411 5834 454 5886 vel
471 5835 552 5884 iustas
568 5833 659 5897 codd,
676 5835 748 5899 iosos
764 5835 903 5890 Patricius:
920 5834 975 5897 fuss
990 5834 1090 5896 lateque
1106 5833 1199 5884 Cicero
1216 5834 1279 5884 item
1296 5833 1432 5885 coniunxit
1447 5832 1473 5883 iu
1484 5832 1562 5883 Tusc.
1574 5832 1618 5894 iv,
1630 5831 1646 5897 i
1657 5833 1690 5884 di
1707 5834 1735 5885 st

412 5911 439 5962 iu
451 5909 522 5960 Orat.
535 5907 617 5973 8⁴⁴³·
638 5934 665 5944 -
684 5909 726 5959 ti.
738 5912 998 5959 nostre-ostasium
1014 5907 1130 5959 servavit
1146 5908 1227 5958 mum
1239 5908 1337 5960 Nouius
1348 5907 1440 5972 alii.
1454 5931 1483 5944 -
1500 5906 1542 5959 28.
1554 5908 1607 5959 ίαο
1618 5907 1732 5963 Nonius:

413 5997 468 6037 om.
486 5984 565 6037 codd.
583 5984 720 6050 Augustini
740 6011 773 6024 -
797 5983 838 6037 33.
856 5984 899 6036 ssd
914 5983 967 6036 tos
982 5983 1073 6049 codd..
1092 5984 1173 6036 etim
1189 5981 1359 6036 corbeiensis
1375 5984 1403 6034 st
1418 5982 1435 6035 i
1451 5981 1519 6035 mel:
1536 5983 1580 6035 ssd
1593 5983 1671 6037 οίίοα
1685 5984 1716 6038 0.
