<?xml version="1.0" encoding="UTF-8"?>
<!DOCTYPE html PUBLIC "-//W3C//DTD XHTML 1.0 Transitional//EN"
    "http://www.w3.org/TR/xhtml1/DTD/xhtml1-transitional.dtd">
<html xmlns="http://www.w3.org/1999/xhtml" xml:lang="en" lang="en">
 <head>
  <title>
</title>
<meta http-equiv="Content-Type" content="text/html;charset=utf-8" />
  <meta name='ocr-system' content='tesseract 3.04.00' />
  <meta name='ocr-capabilities' content='ocr_page ocr_carea ocr_par ocr_line ocrx_word'/>
</head>
<body>
  <div class='ocr_page' id='page_1' title='image "./operaquaesupers00halmgoog/operaquaesupers00halmgoog_0428.png"; bbox 0 0 4342 7459; ppageno 0'>
   <div class='ocr_carea' id='block_1_1' title="bbox 1081 1232 2840 1303">
    <p class='ocr_par' dir='ltr' id='par_1_1' title="bbox 1081 1232 2840 1303">
     <span class='ocr_line' id='line_1_1' title="bbox 1081 1232 2840 1303; baseline -0.001 -2"><span class='ocrx_word' id='word_1_1' title='bbox 1081 1232 1207 1303; x_wconf 72' lang='lat'><strong>4⁴2</strong></span> <span class='ocrx_word' id='word_1_2' title='bbox 1973 1234 2083 1303; x_wconf 86' lang='lat' dir='ltr'><strong>DE</strong></span> <span class='ocrx_word' id='word_1_3' title='bbox 2123 1233 2470 1302; x_wconf 82' lang='lat' dir='ltr'>DEORUM</span> <span class='ocrx_word' id='word_1_4' title='bbox 2510 1234 2840 1301; x_wconf 82' lang='lat' dir='ltr'><strong>NATURA</strong></span> 
     </span>
    </p>
   </div>
   <div class='ocr_carea' id='block_1_2' title="bbox 1010 1394 3747 4782">
    <p class='ocr_par' dir='ltr' id='par_1_2' title="bbox 1012 1394 3740 2802">
     <span class='ocr_line' id='line_1_2' title="bbox 1081 1394 3726 1481; baseline -0 -17"><span class='ocrx_word' id='word_1_5' title='bbox 1081 1399 1240 1465; x_wconf 91' lang='lat' dir='ltr'><strong>tium</strong></span> <span class='ocrx_word' id='word_1_6' title='bbox 1283 1417 1498 1473; x_wconf 88' lang='lat' dir='ltr'><strong>causa,</strong></span> <span class='ocrx_word' id='word_1_7' title='bbox 1540 1397 1893 1463; x_wconf 78' lang='lat' dir='ltr'><strong>animantes</strong></span> <span class='ocrx_word' id='word_1_8' title='bbox 1935 1405 2145 1461; x_wconf 88' lang='lat' dir='ltr'><strong>autem</strong></span> <span class='ocrx_word' id='word_1_9' title='bbox 2185 1397 2547 1473; x_wconf 89' lang='lat' dir='ltr'><strong>hominum,</strong></span> <span class='ocrx_word' id='word_1_10' title='bbox 2589 1403 2661 1461; x_wconf 93' lang='lat' dir='ltr'><strong>ut</strong></span> <span class='ocrx_word' id='word_1_11' title='bbox 2690 1414 2927 1481; x_wconf 88' lang='lat' dir='ltr'><strong>equum</strong></span> <span class='ocrx_word' id='word_1_12' title='bbox 2956 1394 3231 1460; x_wconf 80' lang='lat' dir='ltr'><strong>vehendi</strong></span> <span class='ocrx_word' id='word_1_13' title='bbox 3263 1416 3471 1473; x_wconf 85' lang='lat' dir='ltr'><strong>causa,</strong></span> <span class='ocrx_word' id='word_1_14' title='bbox 3512 1396 3726 1463; x_wconf 77' lang='lat' dir='ltr'><strong>arandi</strong></span> 
     </span>
     <span class='ocr_line' id='line_1_3' title="bbox 1081 1489 3728 1575; baseline -0.002 -16"><span class='ocrx_word' id='word_1_15' title='bbox 1081 1494 1338 1567; x_wconf 83' lang='lat' dir='ltr'><strong>bovem,</strong></span> <span class='ocrx_word' id='word_1_16' title='bbox 1394 1492 1671 1557; x_wconf 87' lang='lat' dir='ltr'><strong>venandi</strong></span> <span class='ocrx_word' id='word_1_17' title='bbox 1723 1499 1789 1557; x_wconf 91' lang='lat' dir='ltr'><strong>et</strong></span> <span class='ocrx_word' id='word_1_18' title='bbox 1844 1492 2245 1556; x_wconf 87' lang='lat' dir='ltr'><strong>custodiendi</strong></span> <span class='ocrx_word' id='word_1_19' title='bbox 2305 1512 2546 1556; x_wconf 87' lang='lat' dir='ltr'><strong>canem.</strong></span> <span class='ocrx_word' id='word_1_20' title='bbox 2618 1493 2765 1575; x_wconf 87' lang='lat' dir='ltr'><strong>Ipse</strong></span> <span class='ocrx_word' id='word_1_21' title='bbox 2807 1498 3018 1555; x_wconf 88' lang='lat' dir='ltr'><strong>autem</strong></span> <span class='ocrx_word' id='word_1_22' title='bbox 3064 1491 3257 1556; x_wconf 91' lang='lat' dir='ltr'><strong>homo</strong></span> <span class='ocrx_word' id='word_1_23' title='bbox 3302 1499 3475 1556; x_wconf 90' lang='lat' dir='ltr'><strong>ortus</strong></span> <span class='ocrx_word' id='word_1_24' title='bbox 3517 1500 3612 1556; x_wconf 88' lang='lat' dir='ltr'><strong>est</strong></span> <span class='ocrx_word' id='word_1_25' title='bbox 3647 1489 3728 1556; x_wconf 84' lang='lat' dir='ltr'><strong>ad</strong></span> 
     </span>
     <span class='ocr_line' id='line_1_4' title="bbox 1082 1585 3736 1671; baseline 0 -19"><span class='ocrx_word' id='word_1_26' title='bbox 1082 1588 1386 1652; x_wconf 89' lang='lat' dir='ltr'><strong>mundum</strong></span> <span class='ocrx_word' id='word_1_27' title='bbox 1445 1587 2001 1671; x_wconf 88' lang='lat' dir='ltr'><strong>contemplandum</strong></span> <span class='ocrx_word' id='word_1_28' title='bbox 2048 1595 2113 1651; x_wconf 90' lang='lat' dir='ltr'><strong>et</strong></span> <span class='ocrx_word' id='word_1_29' title='bbox 2168 1587 2571 1662; x_wconf 89' lang='lat' dir='ltr'><strong>imitandum,</strong></span> <span class='ocrx_word' id='word_1_30' title='bbox 2628 1586 2808 1650; x_wconf 86' lang='lat' dir='ltr'><strong>nullo</strong></span> <span class='ocrx_word' id='word_1_31' title='bbox 2854 1585 3045 1648; x_wconf 90' lang='lat' dir='ltr'><strong>modo</strong></span> <span class='ocrx_word' id='word_1_32' title='bbox 3091 1586 3443 1669; x_wconf 80' lang='lat' dir='ltr'><strong>perfectus,</strong></span> <span class='ocrx_word' id='word_1_33' title='bbox 3486 1586 3598 1650; x_wconf 89' lang='lat' dir='ltr'><strong>sed</strong></span> <span class='ocrx_word' id='word_1_34' title='bbox 3638 1592 3736 1652; x_wconf 79' lang='lat' dir='ltr'><strong>est</strong></span> 
     </span>
     <span class='ocr_line' id='line_1_5' title="bbox 1085 1678 3732 1765; baseline 0.001 -22"><span class='ocrx_word' id='word_1_35' title='bbox 1085 1680 1397 1765; x_wconf 80' lang='lat' dir='ltr'><strong>quaedam</strong></span> <span class='ocrx_word' id='word_1_36' title='bbox 1438 1681 1744 1765; x_wconf 89' lang='lat' dir='ltr'><strong>particula</strong></span> <span class='ocrx_word' id='word_1_37' title='bbox 1788 1682 2073 1765; x_wconf 87' lang='lat' dir='ltr'><strong>perfecti.</strong></span> <span class='ocrx_word' id='word_1_38' title='bbox 2158 1678 2262 1744; x_wconf 88' lang='lat'><strong>38.</strong></span> <span class='ocrx_word' id='word_1_39' title='bbox 2310 1681 2433 1744; x_wconf 89' lang='lat' dir='ltr'><strong>Sed</strong></span> <span class='ocrx_word' id='word_1_40' title='bbox 2466 1681 2776 1756; x_wconf 90' lang='lat' dir='ltr'><strong>mundus,</strong></span> <span class='ocrx_word' id='word_1_41' title='bbox 2820 1682 3122 1765; x_wconf 87' lang='lat' dir='ltr'><strong>quoniam</strong></span> <span class='ocrx_word' id='word_1_42' title='bbox 3155 1682 3365 1745; x_wconf 91' lang='lat' dir='ltr'><strong>omnia</strong></span> <span class='ocrx_word' id='word_1_43' title='bbox 3391 1680 3732 1765; x_wconf 75' lang='lat' dir='ltr'>conplexus</span> 
     </span>
     <span class='ocr_line' id='line_1_6' title="bbox 1036 1774 3733 1861; baseline 0.002 -27"><span class='ocrx_word' id='word_1_44' title='bbox 1036 1781 1179 1838; x_wconf 70' lang='lat' dir='ltr'><strong>sest</strong></span> <span class='ocrx_word' id='word_1_45' title='bbox 1234 1795 1447 1859; x_wconf 88' lang='lat' dir='ltr'><strong>neque</strong></span> <span class='ocrx_word' id='word_1_46' title='bbox 1506 1784 1604 1840; x_wconf 89' lang='lat' dir='ltr'><strong>est</strong></span> <span class='ocrx_word' id='word_1_47' title='bbox 1665 1777 2003 1861; x_wconf 86' lang='lat' dir='ltr'><strong>quicquam</strong></span> <span class='ocrx_word' id='word_1_48' title='bbox 2058 1775 2230 1860; x_wconf 90' lang='lat' dir='ltr'><strong>quod</strong></span> <span class='ocrx_word' id='word_1_49' title='bbox 2287 1797 2413 1839; x_wconf 88' lang='lat' dir='ltr'><strong>non</strong></span> <span class='ocrx_word' id='word_1_50' title='bbox 2458 1776 2614 1839; x_wconf 92' lang='lat' dir='ltr'><strong>insit</strong></span> <span class='ocrx_word' id='word_1_51' title='bbox 2656 1777 2722 1839; x_wconf 90' lang='lat' dir='ltr'><strong>in</strong></span> <span class='ocrx_word' id='word_1_52' title='bbox 2767 1795 2876 1849; x_wconf 90' lang='lat' dir='ltr'><strong>eo,</strong></span> <span class='ocrx_word' id='word_1_53' title='bbox 2938 1774 3256 1859; x_wconf 86' lang='lat' dir='ltr'><strong>perfectus</strong></span> <span class='ocrx_word' id='word_1_54' title='bbox 3300 1776 3578 1860; x_wconf 89' lang='lat' dir='ltr'><strong>undique</strong></span> <span class='ocrx_word' id='word_1_55' title='bbox 3619 1780 3733 1840; x_wconf 69' lang='lat' dir='ltr'><strong>est.</strong></span> 
     </span>
     <span class='ocr_line' id='line_1_7' title="bbox 1083 1869 3736 1955; baseline 0.001 -23"><span class='ocrx_word' id='word_1_56' title='bbox 1083 1869 1206 1946; x_wconf 90' lang='lat' dir='ltr'><strong>Qui</strong></span> <span class='ocrx_word' id='word_1_57' title='bbox 1253 1870 1446 1951; x_wconf 85' lang='lat' dir='ltr'><strong>igitur</strong></span> <span class='ocrx_word' id='word_1_58' title='bbox 1485 1877 1700 1955; x_wconf 88' lang='lat' dir='ltr'><strong>potest</strong></span> <span class='ocrx_word' id='word_1_59' title='bbox 1741 1871 1800 1933; x_wconf 89' lang='lat' dir='ltr'><strong>ei</strong></span> <span class='ocrx_word' id='word_1_60' title='bbox 1833 1870 2059 1935; x_wconf 78' lang='lat' dir='ltr'><strong>deesse</strong></span> <span class='ocrx_word' id='word_1_61' title='bbox 2090 1870 2189 1944; x_wconf 89' lang='lat' dir='ltr'><strong>id,</strong></span> <span class='ocrx_word' id='word_1_62' title='bbox 2236 1870 2407 1954; x_wconf 89' lang='lat' dir='ltr'><strong>quod</strong></span> <span class='ocrx_word' id='word_1_63' title='bbox 2439 1877 2537 1932; x_wconf 90' lang='lat' dir='ltr'><strong>est</strong></span> <span class='ocrx_word' id='word_1_64' title='bbox 2563 1870 2870 1954; x_wconf 91' lang='lat' dir='ltr'><strong>optimum</strong></span> <span class='ocrx_word' id='word_1_65' title='bbox 2893 1871 2923 1931; x_wconf 71' lang='lat' dir='ltr'><strong>‘P</strong></span> <span class='ocrx_word' id='word_1_66' title='bbox 2968 1869 3138 1932; x_wconf 91' lang='lat' dir='ltr'><strong>Nihil</strong></span> <span class='ocrx_word' id='word_1_67' title='bbox 3169 1875 3377 1933; x_wconf 89' lang='lat' dir='ltr'><strong>autem</strong></span> <span class='ocrx_word' id='word_1_68' title='bbox 3408 1878 3505 1934; x_wconf 90' lang='lat' dir='ltr'><strong>est</strong></span> <span class='ocrx_word' id='word_1_69' title='bbox 3531 1876 3736 1934; x_wconf 85' lang='lat' dir='ltr'><strong>mente</strong></span> 
     </span>
     <span class='ocr_line' id='line_1_8' title="bbox 1082 1963 3738 2048; baseline 0 -22"><span class='ocrx_word' id='word_1_70' title='bbox 1082 1971 1146 2026; x_wconf 91' lang='lat' dir='ltr'><strong>et</strong></span> <span class='ocrx_word' id='word_1_71' title='bbox 1201 1964 1447 2027; x_wconf 89' lang='lat' dir='ltr'><strong>ratione</strong></span> <span class='ocrx_word' id='word_1_72' title='bbox 1502 1965 1765 2029; x_wconf 84' lang='lat' dir='ltr'><strong>melius:</strong></span> <span class='ocrx_word' id='word_1_73' title='bbox 1828 1986 1978 2048; x_wconf 89' lang='lat' dir='ltr'><strong>ergo</strong></span> <span class='ocrx_word' id='word_1_74' title='bbox 2036 1965 2197 2029; x_wconf 87' lang='lat' dir='ltr'><strong>haec</strong></span> <span class='ocrx_word' id='word_1_75' title='bbox 2254 1964 2491 2028; x_wconf 89' lang='lat' dir='ltr'><strong>mundo</strong></span> <span class='ocrx_word' id='word_1_76' title='bbox 2539 1963 2763 2027; x_wconf 85' lang='lat' dir='ltr'><strong>deesse</strong></span> <span class='ocrx_word' id='word_1_77' title='bbox 2809 1984 2938 2026; x_wconf 89' lang='lat' dir='ltr'><strong>non</strong></span> <span class='ocrx_word' id='word_1_78' title='bbox 2983 1972 3271 2047; x_wconf 85' lang='lat' dir='ltr'><strong>possunt.</strong></span> <span class='ocrx_word' id='word_1_79' title='bbox 3341 1966 3512 2029; x_wconf 90' lang='lat' dir='ltr'><strong>Bene</strong></span> <span class='ocrx_word' id='word_1_80' title='bbox 3551 1964 3738 2046; x_wconf 85' lang='lat' dir='ltr'><strong>igitur</strong></span> 
     </span>
     <span class='ocr_line' id='line_1_9' title="bbox 1082 2057 3738 2143; baseline -0 -20"><span class='ocrx_word' id='word_1_81' title='bbox 1082 2059 1250 2123; x_wconf 89' lang='lat' dir='ltr'><strong>idem</strong></span> <span class='ocrx_word' id='word_1_82' title='bbox 1298 2058 1721 2143; x_wconf 78' lang='lat' dir='ltr'><strong>Chrysippus,</strong></span> <span class='ocrx_word' id='word_1_83' title='bbox 1769 2060 1879 2143; x_wconf 92' lang='lat' dir='ltr'><strong>qui</strong></span> <span class='ocrx_word' id='word_1_84' title='bbox 1924 2059 2373 2123; x_wconf 82' lang='lat' dir='ltr'><strong>similitudines</strong></span> <span class='ocrx_word' id='word_1_85' title='bbox 2416 2058 2768 2141; x_wconf 88' lang='lat' dir='ltr'><strong>adiungens</strong></span> <span class='ocrx_word' id='word_1_86' title='bbox 2799 2058 3016 2122; x_wconf 87' lang='lat' dir='ltr'><strong>omnia</strong></span> <span class='ocrx_word' id='word_1_87' title='bbox 3059 2057 3125 2120; x_wconf 89' lang='lat' dir='ltr'><strong>in</strong></span> <span class='ocrx_word' id='word_1_88' title='bbox 3172 2058 3465 2141; x_wconf 79' lang='lat' dir='ltr'><strong>perfectis</strong></span> <span class='ocrx_word' id='word_1_89' title='bbox 3507 2066 3571 2122; x_wconf 91' lang='lat' dir='ltr'><strong>et</strong></span> <span class='ocrx_word' id='word_1_90' title='bbox 3608 2076 3738 2122; x_wconf 81' lang='lat' dir='ltr'><strong>ma-</strong></span> 
     </span>
     <span class='ocr_line' id='line_1_10' title="bbox 1083 2151 3736 2237; baseline -0.001 -19"><span class='ocrx_word' id='word_1_91' title='bbox 1083 2155 1239 2218; x_wconf 88' lang='lat' dir='ltr'><strong>turis</strong></span> <span class='ocrx_word' id='word_1_92' title='bbox 1285 2153 1472 2217; x_wconf 89' lang='lat' dir='ltr'><strong>docet</strong></span> <span class='ocrx_word' id='word_1_93' title='bbox 1515 2173 1655 2217; x_wconf 88' lang='lat' dir='ltr'><strong>esse</strong></span> <span class='ocrx_word' id='word_1_94' title='bbox 1701 2153 1994 2227; x_wconf 86' lang='lat' dir='ltr'><strong>meliora,</strong></span> <span class='ocrx_word' id='word_1_95' title='bbox 2052 2162 2123 2216; x_wconf 91' lang='lat' dir='ltr'><strong>ut</strong></span> <span class='ocrx_word' id='word_1_96' title='bbox 2164 2154 2231 2217; x_wconf 89' lang='lat' dir='ltr'><strong>in</strong></span> <span class='ocrx_word' id='word_1_97' title='bbox 2275 2173 2442 2236; x_wconf 90' lang='lat' dir='ltr'><strong>equo</strong></span> <span class='ocrx_word' id='word_1_98' title='bbox 2491 2173 2678 2237; x_wconf 90' lang='lat' dir='ltr'><strong>quam</strong></span> <span class='ocrx_word' id='word_1_99' title='bbox 2724 2153 2789 2215; x_wconf 92' lang='lat' dir='ltr'><strong>in</strong></span> <span class='ocrx_word' id='word_1_100' title='bbox 2835 2152 3088 2227; x_wconf 85' lang='lat' dir='ltr'><strong>eculeo,</strong></span> <span class='ocrx_word' id='word_1_101' title='bbox 3135 2153 3201 2215; x_wconf 89' lang='lat' dir='ltr'><strong>in</strong></span> <span class='ocrx_word' id='word_1_102' title='bbox 3245 2170 3400 2216; x_wconf 91' lang='lat' dir='ltr'><strong>cane</strong></span> <span class='ocrx_word' id='word_1_103' title='bbox 3444 2171 3630 2235; x_wconf 86' lang='lat' dir='ltr'><strong>quam</strong></span> <span class='ocrx_word' id='word_1_104' title='bbox 3670 2151 3736 2215; x_wconf 87' lang='lat' dir='ltr'><strong>in</strong></span> 
     </span>
     <span class='ocr_line' id='line_1_11' title="bbox 1012 2245 3736 2332; baseline 0 -25"><span class='ocrx_word' id='word_1_105' title='bbox 1012 2247 1328 2321; x_wconf 78' lang='lat' dir='ltr'><strong>tocatulo,</strong></span> <span class='ocrx_word' id='word_1_106' title='bbox 1374 2247 1438 2309; x_wconf 92' lang='lat' dir='ltr'><strong>in</strong></span> <span class='ocrx_word' id='word_1_107' title='bbox 1484 2248 1621 2313; x_wconf 83' lang='lat' dir='ltr'><strong>v&#39;iro</strong></span> <span class='ocrx_word' id='word_1_108' title='bbox 1666 2268 1858 2331; x_wconf 88' lang='lat' dir='ltr'><strong>quam</strong></span> <span class='ocrx_word' id='word_1_109' title='bbox 1904 2249 1970 2312; x_wconf 90' lang='lat' dir='ltr'><strong>in</strong></span> <span class='ocrx_word' id='word_1_110' title='bbox 2015 2268 2243 2332; x_wconf 89' lang='lat' dir='ltr'><strong>puero,</strong></span> <span class='ocrx_word' id='word_1_111' title='bbox 2289 2248 2471 2323; x_wconf 88' lang='lat' dir='ltr'><strong>item,</strong></span> <span class='ocrx_word' id='word_1_112' title='bbox 2516 2247 2688 2331; x_wconf 90' lang='lat' dir='ltr'><strong>quod</strong></span> <span class='ocrx_word' id='word_1_113' title='bbox 2721 2247 2786 2308; x_wconf 92' lang='lat' dir='ltr'><strong>in</strong></span> <span class='ocrx_word' id='word_1_114' title='bbox 2819 2246 2991 2310; x_wconf 90' lang='lat' dir='ltr'><strong>omni</strong></span> <span class='ocrx_word' id='word_1_115' title='bbox 3037 2246 3275 2309; x_wconf 92' lang='lat' dir='ltr'><strong>mundo</strong></span> <span class='ocrx_word' id='word_1_116' title='bbox 3307 2246 3606 2329; x_wconf 89' lang='lat' dir='ltr'><strong>optimum</strong></span> <span class='ocrx_word' id='word_1_117' title='bbox 3634 2245 3736 2320; x_wconf 86' lang='lat' dir='ltr'><strong>sit,</strong></span> 
     </span>
     <span class='ocr_line' id='line_1_12' title="bbox 1082 2337 3740 2426; baseline -0.002 -20"><span class='ocrx_word' id='word_1_118' title='bbox 1082 2342 1150 2406; x_wconf 83' lang='lat' dir='ltr'><strong>id</strong></span> <span class='ocrx_word' id='word_1_119' title='bbox 1208 2343 1273 2405; x_wconf 91' lang='lat' dir='ltr'><strong>in</strong></span> <span class='ocrx_word' id='word_1_120' title='bbox 1331 2340 1610 2426; x_wconf 82' lang='lat' dir='ltr'><strong>perfecto</strong></span> <span class='ocrx_word' id='word_1_121' title='bbox 1655 2343 1871 2426; x_wconf 90' lang='lat' dir='ltr'><strong>aliquo</strong></span> <span class='ocrx_word' id='word_1_122' title='bbox 1916 2350 2108 2426; x_wconf 88' lang='lat' dir='ltr'><strong>atque</strong></span> <span class='ocrx_word' id='word_1_123' title='bbox 2152 2341 2445 2406; x_wconf 90' lang='lat' dir='ltr'><strong>absoluto</strong></span> <span class='ocrx_word' id='word_1_124' title='bbox 2496 2361 2636 2404; x_wconf 87' lang='lat' dir='ltr'><strong>esse</strong></span> <span class='ocrx_word' id='word_1_125' title='bbox 2682 2341 2937 2404; x_wconf 88' lang='lat' dir='ltr'><strong>debere.</strong></span> <span class='ocrx_word' id='word_1_126' title='bbox 3024 2337 3126 2402; x_wconf 89' lang='grc'><strong>39.</strong></span> <span class='ocrx_word' id='word_1_127' title='bbox 3172 2340 3287 2402; x_wconf 89' lang='lat' dir='ltr'><strong>Est</strong></span> <span class='ocrx_word' id='word_1_128' title='bbox 3329 2348 3537 2403; x_wconf 88' lang='lat' dir='ltr'><strong>autem</strong></span> <span class='ocrx_word' id='word_1_129' title='bbox 3581 2338 3740 2404; x_wconf 87' lang='lat' dir='ltr'><strong>nihil</strong></span> 
     </span>
     <span class='ocr_line' id='line_1_13' title="bbox 1084 2433 3734 2519; baseline -0 -20"><span class='ocrx_word' id='word_1_130' title='bbox 1084 2435 1323 2499; x_wconf 87' lang='lat' dir='ltr'><strong>mundo</strong></span> <span class='ocrx_word' id='word_1_131' title='bbox 1370 2435 1738 2518; x_wconf 79' lang='lat' dir='ltr'><strong>perfectius,</strong></span> <span class='ocrx_word' id='word_1_132' title='bbox 1782 2436 1940 2500; x_wconf 88' lang='lat' dir='ltr'><strong>nihil</strong></span> <span class='ocrx_word' id='word_1_133' title='bbox 1986 2437 2218 2500; x_wconf 82' lang='lat' dir='ltr'><strong>virtute</strong></span> <span class='ocrx_word' id='word_1_134' title='bbox 2263 2438 2532 2500; x_wconf 85' lang='lat' dir='ltr'><strong>melius:</strong></span> <span class='ocrx_word' id='word_1_135' title='bbox 2589 2436 2778 2519; x_wconf 88' lang='lat' dir='ltr'><strong>igitur</strong></span> <span class='ocrx_word' id='word_1_136' title='bbox 2822 2433 3041 2498; x_wconf 91' lang='lat' dir='ltr'><strong>mundi</strong></span> <span class='ocrx_word' id='word_1_137' title='bbox 3086 2440 3183 2497; x_wconf 90' lang='lat' dir='ltr'><strong>est</strong></span> <span class='ocrx_word' id='word_1_138' title='bbox 3227 2434 3483 2517; x_wconf 88' lang='lat' dir='ltr'><strong>propria</strong></span> <span class='ocrx_word' id='word_1_139' title='bbox 3523 2434 3734 2498; x_wconf 73' lang='lat' dir='ltr'><strong>virtus.</strong></span> 
     </span>
     <span class='ocr_line' id='line_1_14' title="bbox 1083 2525 3736 2614; baseline -0.002 -21"><span class='ocrx_word' id='word_1_140' title='bbox 1083 2532 1213 2593; x_wconf 87' lang='lat' dir='ltr'><strong>Nec</strong></span> <span class='ocrx_word' id='word_1_141' title='bbox 1257 2549 1409 2592; x_wconf 81' lang='lat' dir='ltr'><strong>vero</strong></span> <span class='ocrx_word' id='word_1_142' title='bbox 1451 2530 1730 2594; x_wconf 89' lang='lat' dir='ltr'><strong>hominis</strong></span> <span class='ocrx_word' id='word_1_143' title='bbox 1774 2538 1998 2594; x_wconf 89' lang='lat' dir='ltr'><strong>natura</strong></span> <span class='ocrx_word' id='word_1_144' title='bbox 2043 2530 2320 2614; x_wconf 79' lang='lat' dir='ltr'><strong>perfecta</strong></span> <span class='ocrx_word' id='word_1_145' title='bbox 2364 2537 2492 2605; x_wconf 93' lang='lat' dir='ltr'><strong>est,</strong></span> <span class='ocrx_word' id='word_1_146' title='bbox 2537 2537 2600 2593; x_wconf 91' lang='lat' dir='ltr'><strong>et</strong></span> <span class='ocrx_word' id='word_1_147' title='bbox 2642 2525 2914 2592; x_wconf 83' lang='lat' dir='ltr'><strong>efficitur</strong></span> <span class='ocrx_word' id='word_1_148' title='bbox 2958 2535 3168 2592; x_wconf 86' lang='lat' dir='ltr'><strong>tamen</strong></span> <span class='ocrx_word' id='word_1_149' title='bbox 3214 2529 3279 2590; x_wconf 91' lang='lat' dir='ltr'><strong>in</strong></span> <span class='ocrx_word' id='word_1_150' title='bbox 3321 2526 3575 2591; x_wconf 88' lang='lat' dir='ltr'><strong>homine</strong></span> <span class='ocrx_word' id='word_1_151' title='bbox 3615 2526 3736 2590; x_wconf 83' lang='lat' dir='ltr'><strong>vir-</strong></span> 
     </span>
     <span class='ocr_line' id='line_1_15' title="bbox 1084 2620 3738 2707; baseline -0 -21"><span class='ocrx_word' id='word_1_152' title='bbox 1084 2629 1219 2687; x_wconf 83' lang='lat' dir='ltr'><strong>tus:</strong></span> <span class='ocrx_word' id='word_1_153' title='bbox 1277 2631 1514 2707; x_wconf 91' lang='lat' dir='ltr'><strong>quanto</strong></span> <span class='ocrx_word' id='word_1_154' title='bbox 1570 2624 1765 2707; x_wconf 89' lang='lat' dir='ltr'><strong>igitur</strong></span> <span class='ocrx_word' id='word_1_155' title='bbox 1821 2626 1886 2688; x_wconf 90' lang='lat' dir='ltr'><strong>in</strong></span> <span class='ocrx_word' id='word_1_156' title='bbox 1938 2624 2178 2689; x_wconf 89' lang='lat' dir='ltr'><strong>mundo</strong></span> <span class='ocrx_word' id='word_1_157' title='bbox 2234 2624 2519 2689; x_wconf 74' lang='lat' dir='ltr'><strong>facilius!</strong></span> <span class='ocrx_word' id='word_1_158' title='bbox 2584 2624 2698 2688; x_wconf 90' lang='lat' dir='ltr'><strong>Est</strong></span> <span class='ocrx_word' id='word_1_159' title='bbox 2752 2643 2903 2706; x_wconf 85' lang='lat' dir='ltr'><strong>ergo</strong></span> <span class='ocrx_word' id='word_1_160' title='bbox 2964 2624 3030 2686; x_wconf 91' lang='lat' dir='ltr'><strong>in</strong></span> <span class='ocrx_word' id='word_1_161' title='bbox 3076 2642 3154 2685; x_wconf 91' lang='lat' dir='ltr'><strong>eo</strong></span> <span class='ocrx_word' id='word_1_162' title='bbox 3199 2622 3440 2686; x_wconf 84' lang='lat' dir='ltr'><strong>virtus:</strong></span> <span class='ocrx_word' id='word_1_163' title='bbox 3495 2620 3738 2707; x_wconf 83' lang='lat' dir='ltr'><strong>sapiens</strong></span> 
     </span>
     <span class='ocr_line' id='line_1_16' title="bbox 1012 2718 2123 2802; baseline -0.001 -21"><span class='ocrx_word' id='word_1_164' title='bbox 1012 2726 1070 2774; x_wconf 74' lang='lat'><strong>⁴5</strong></span> <span class='ocrx_word' id='word_1_165' title='bbox 1089 2726 1185 2781; x_wconf 88' lang='lat' dir='ltr'><strong>est</strong></span> <span class='ocrx_word' id='word_1_166' title='bbox 1224 2718 1419 2800; x_wconf 89' lang='lat' dir='ltr'><strong>igitur</strong></span> <span class='ocrx_word' id='word_1_167' title='bbox 1459 2724 1525 2781; x_wconf 92' lang='lat' dir='ltr'><strong>et</strong></span> <span class='ocrx_word' id='word_1_168' title='bbox 1567 2728 1901 2802; x_wconf 89' lang='lat' dir='ltr'><strong>propterea</strong></span> <span class='ocrx_word' id='word_1_169' title='bbox 1945 2719 2123 2783; x_wconf 88' lang='lat' dir='ltr'><strong>deus.</strong></span> 
     </span>
    </p>

    <p class='ocr_par' dir='ltr' id='par_1_3' title="bbox 1083 2808 3740 3181">
     <span class='ocr_line' id='line_1_17' title="bbox 1256 2808 3737 2897; baseline 0 -24"><span class='ocrx_word' id='word_1_170' title='bbox 1256 2812 1391 2874; x_wconf 85' lang='lat' dir='ltr'><strong>XV.</strong></span> <span class='ocrx_word' id='word_1_171' title='bbox 1435 2812 1642 2897; x_wconf 80' lang='lat' dir='ltr'><strong>Atque</strong></span> <span class='ocrx_word' id='word_1_172' title='bbox 1699 2814 1819 2878; x_wconf 91' lang='lat' dir='ltr'><strong>hac</strong></span> <span class='ocrx_word' id='word_1_173' title='bbox 1873 2813 2092 2877; x_wconf 90' lang='lat' dir='ltr'><strong>mundi</strong></span> <span class='ocrx_word' id='word_1_174' title='bbox 2149 2814 2479 2877; x_wconf 84' lang='lat' dir='ltr'><strong>divinitate</strong></span> <span class='ocrx_word' id='word_1_175' title='bbox 2535 2818 2869 2896; x_wconf 89' lang='lat' dir='ltr'><strong>perspecta</strong></span> <span class='ocrx_word' id='word_1_176' title='bbox 2911 2810 3251 2875; x_wconf 88' lang='lat' dir='ltr'><strong>tribuenda</strong></span> <span class='ocrx_word' id='word_1_177' title='bbox 3293 2818 3391 2875; x_wconf 90' lang='lat' dir='ltr'><strong>est</strong></span> <span class='ocrx_word' id='word_1_178' title='bbox 3431 2808 3737 2874; x_wconf 75' lang='lat' dir='ltr'><strong>sideribus</strong></span> 
     </span>
     <span class='ocr_line' id='line_1_18' title="bbox 1086 2904 3740 2993; baseline -0.002 -22"><span class='ocrx_word' id='word_1_179' title='bbox 1086 2906 1309 2971; x_wconf 90' lang='lat' dir='ltr'><strong>eadem</strong></span> <span class='ocrx_word' id='word_1_180' title='bbox 1354 2907 1670 2983; x_wconf 85' lang='lat' dir='ltr'><strong>divinitas,</strong></span> <span class='ocrx_word' id='word_1_181' title='bbox 1717 2928 1880 2993; x_wconf 90' lang='lat' dir='ltr'><strong>quae</strong></span> <span class='ocrx_word' id='word_1_182' title='bbox 1920 2928 2001 2971; x_wconf 86' lang='lat' dir='ltr'><strong>ex</strong></span> <span class='ocrx_word' id='word_1_183' title='bbox 2030 2908 2448 2972; x_wconf 90' lang='lat' dir='ltr'><strong>mobilissima</strong></span> <span class='ocrx_word' id='word_1_184' title='bbox 2476 2908 2940 2992; x_wconf 88' lang='lat' dir='ltr'><strong>purissimaque</strong></span> <span class='ocrx_word' id='word_1_185' title='bbox 2969 2906 3242 2969; x_wconf 89' lang='lat' dir='ltr'><strong>aetheris</strong></span> <span class='ocrx_word' id='word_1_186' title='bbox 3271 2913 3451 2989; x_wconf 88' lang='lat' dir='ltr'><strong>parte</strong></span> <span class='ocrx_word' id='word_1_187' title='bbox 3481 2904 3740 2988; x_wconf 84' lang='lat' dir='ltr'><strong>gignun-</strong></span> 
     </span>
     <span class='ocr_line' id='line_1_19' title="bbox 1086 2996 3739 3087; baseline -0.002 -22"><span class='ocrx_word' id='word_1_188' title='bbox 1086 3007 1213 3076; x_wconf 89' lang='lat' dir='ltr'><strong>tur,</strong></span> <span class='ocrx_word' id='word_1_189' title='bbox 1258 3020 1467 3086; x_wconf 87' lang='lat' dir='ltr'><strong>neque</strong></span> <span class='ocrx_word' id='word_1_190' title='bbox 1510 3001 1642 3065; x_wconf 92' lang='lat' dir='ltr'><strong>ulla</strong></span> <span class='ocrx_word' id='word_1_191' title='bbox 1686 3011 2012 3087; x_wconf 89' lang='lat' dir='ltr'><strong>praeterea</strong></span> <span class='ocrx_word' id='word_1_192' title='bbox 2057 3009 2155 3066; x_wconf 90' lang='lat' dir='ltr'><strong>est</strong></span> <span class='ocrx_word' id='word_1_193' title='bbox 2198 3002 2477 3066; x_wconf 86' lang='lat' dir='ltr'><strong>admixta</strong></span> <span class='ocrx_word' id='word_1_194' title='bbox 2521 3008 2774 3075; x_wconf 87' lang='lat' dir='ltr'><strong>natura,</strong></span> <span class='ocrx_word' id='word_1_195' title='bbox 2819 3007 3079 3084; x_wconf 86' lang='lat' dir='ltr'><strong>totaque</strong></span> <span class='ocrx_word' id='word_1_196' title='bbox 3122 3008 3272 3064; x_wconf 86' lang='lat' dir='ltr'><strong>suut</strong></span> <span class='ocrx_word' id='word_1_197' title='bbox 3310 2996 3513 3062; x_wconf 89' lang='lat' dir='ltr'><strong>calida</strong></span> <span class='ocrx_word' id='word_1_198' title='bbox 3552 3003 3739 3081; x_wconf 86' lang='lat' dir='ltr'><strong>atque</strong></span> 
     </span>
     <span class='ocr_line' id='line_1_20' title="bbox 1083 3093 3740 3181; baseline -0.001 -24"><span class='ocrx_word' id='word_1_199' title='bbox 1083 3095 1441 3179; x_wconf 87' lang='lat' dir='ltr'><strong>perlucida,</strong></span> <span class='ocrx_word' id='word_1_200' title='bbox 1497 3103 1568 3161; x_wconf 90' lang='lat' dir='ltr'><strong>ut</strong></span> <span class='ocrx_word' id='word_1_201' title='bbox 1625 3117 1699 3161; x_wconf 88' lang='lat' dir='ltr'><strong>ea</strong></span> <span class='ocrx_word' id='word_1_202' title='bbox 1759 3116 2022 3181; x_wconf 91' lang='lat' dir='ltr'><strong>quoque</strong></span> <span class='ocrx_word' id='word_1_203' title='bbox 2074 3098 2423 3160; x_wconf 82' lang='lat' dir='ltr'><strong>rectissime</strong></span> <span class='ocrx_word' id='word_1_204' title='bbox 2479 3103 2542 3160; x_wconf 91' lang='lat' dir='ltr'><strong>et</strong></span> <span class='ocrx_word' id='word_1_205' title='bbox 2582 3095 2935 3159; x_wconf 82' lang='lat' dir='ltr'><strong>animantia</strong></span> <span class='ocrx_word' id='word_1_206' title='bbox 2977 3115 3119 3158; x_wconf 89' lang='lat' dir='ltr'><strong>esse</strong></span> <span class='ocrx_word' id='word_1_207' title='bbox 3164 3102 3228 3158; x_wconf 90' lang='lat' dir='ltr'><strong>et</strong></span> <span class='ocrx_word' id='word_1_208' title='bbox 3279 3093 3516 3157; x_wconf 87' lang='lat' dir='ltr'><strong>sentire</strong></span> <span class='ocrx_word' id='word_1_209' title='bbox 3557 3099 3740 3175; x_wconf 89' lang='lat' dir='ltr'><strong>atque</strong></span> 
     </span>
    </p>

    <p class='ocr_par' dir='ltr' id='par_1_4' title="bbox 1010 3188 3743 3652">
     <span class='ocr_line' id='line_1_21' title="bbox 1010 3188 3742 3275; baseline -0.001 -23"><span class='ocrx_word' id='word_1_210' title='bbox 1010 3189 1457 3274; x_wconf 62' lang='lat' dir='ltr'><strong>”intellegere</strong></span> <span class='ocrx_word' id='word_1_211' title='bbox 1507 3192 1815 3255; x_wconf 89' lang='lat' dir='ltr'><strong>dicantur.</strong></span> <span class='ocrx_word' id='word_1_212' title='bbox 1900 3189 2007 3255; x_wconf 76' lang='lat'><strong>40.</strong></span> <span class='ocrx_word' id='word_1_213' title='bbox 2055 3193 2266 3275; x_wconf 87' lang='lat' dir='ltr'><strong>Atque</strong></span> <span class='ocrx_word' id='word_1_214' title='bbox 2313 3210 2390 3254; x_wconf 87' lang='lat' dir='ltr'><strong>ea</strong></span> <span class='ocrx_word' id='word_1_215' title='bbox 2434 3190 2691 3274; x_wconf 90' lang='lat' dir='ltr'><strong>quidem</strong></span> <span class='ocrx_word' id='word_1_216' title='bbox 2736 3195 2868 3252; x_wconf 89' lang='lat' dir='ltr'><strong>tota</strong></span> <span class='ocrx_word' id='word_1_217' title='bbox 2907 3208 3048 3252; x_wconf 90' lang='lat' dir='ltr'><strong>esse</strong></span> <span class='ocrx_word' id='word_1_218' title='bbox 3090 3189 3278 3272; x_wconf 89' lang='lat' dir='ltr'><strong>ignea</strong></span> <span class='ocrx_word' id='word_1_219' title='bbox 3307 3188 3576 3252; x_wconf 87' lang='lat' dir='ltr'><strong>duorum</strong></span> <span class='ocrx_word' id='word_1_220' title='bbox 3604 3204 3742 3249; x_wconf 86' lang='lat' dir='ltr'><strong>sen-</strong></span> 
     </span>
     <span class='ocr_line' id='line_1_22' title="bbox 1086 3281 3740 3368; baseline -0.002 -21"><span class='ocrx_word' id='word_1_221' title='bbox 1086 3304 1268 3347; x_wconf 91' lang='lat' dir='ltr'><strong>suum</strong></span> <span class='ocrx_word' id='word_1_222' title='bbox 1324 3285 1691 3349; x_wconf 87' lang='lat' dir='ltr'><strong>testimonio</strong></span> <span class='ocrx_word' id='word_1_223' title='bbox 1750 3282 2102 3349; x_wconf 87' lang='lat' dir='ltr'><strong>confirmari</strong></span> <span class='ocrx_word' id='word_1_224' title='bbox 2165 3285 2503 3349; x_wconf 90' lang='lat' dir='ltr'><strong>Cleanthes</strong></span> <span class='ocrx_word' id='word_1_225' title='bbox 2548 3291 2751 3368; x_wconf 90' lang='lat' dir='ltr'><strong>putat,</strong></span> <span class='ocrx_word' id='word_1_226' title='bbox 2816 3290 3021 3346; x_wconf 88' lang='lat' dir='ltr'><strong>tactus</strong></span> <span class='ocrx_word' id='word_1_227' title='bbox 3065 3291 3130 3346; x_wconf 90' lang='lat' dir='ltr'><strong>et</strong></span> <span class='ocrx_word' id='word_1_228' title='bbox 3172 3282 3520 3347; x_wconf 87' lang='lat' dir='ltr'><strong>oculorum.</strong></span> <span class='ocrx_word' id='word_1_229' title='bbox 3591 3281 3740 3343; x_wconf 86' lang='lat' dir='ltr'><strong>Nam</strong></span> 
     </span>
     <span class='ocr_line' id='line_1_23' title="bbox 1087 3377 3741 3462; baseline -0.001 -22"><span class='ocrx_word' id='word_1_230' title='bbox 1087 3378 1241 3441; x_wconf 89' lang='lat' dir='ltr'><strong>solis</strong></span> <span class='ocrx_word' id='word_1_231' title='bbox 1286 3386 1348 3443; x_wconf 91' lang='lat' dir='ltr'><strong>et</strong></span> <span class='ocrx_word' id='word_1_232' title='bbox 1392 3381 1630 3444; x_wconf 90' lang='lat' dir='ltr'><strong>candor</strong></span> <span class='ocrx_word' id='word_1_233' title='bbox 1674 3379 2005 3443; x_wconf 85' lang='lat' dir='ltr'><strong>inlustrior</strong></span> <span class='ocrx_word' id='word_1_234' title='bbox 2047 3387 2143 3443; x_wconf 89' lang='lat' dir='ltr'><strong>est</strong></span> <span class='ocrx_word' id='word_1_235' title='bbox 2185 3399 2375 3462; x_wconf 89' lang='lat' dir='ltr'><strong>quam</strong></span> <span class='ocrx_word' id='word_1_236' title='bbox 2420 3379 2613 3441; x_wconf 88' lang='lat' dir='ltr'><strong>ullius</strong></span> <span class='ocrx_word' id='word_1_237' title='bbox 2657 3378 2857 3460; x_wconf 89' lang='lat' dir='ltr'><strong>ignis,</strong></span> <span class='ocrx_word' id='word_1_238' title='bbox 2914 3377 3151 3461; x_wconf 87' lang='lat' dir='ltr'><strong>quippe</strong></span> <span class='ocrx_word' id='word_1_239' title='bbox 3199 3378 3311 3462; x_wconf 88' lang='lat' dir='ltr'><strong>qui</strong></span> <span class='ocrx_word' id='word_1_240' title='bbox 3354 3378 3418 3439; x_wconf 90' lang='lat' dir='ltr'><strong>in</strong></span> <span class='ocrx_word' id='word_1_241' title='bbox 3463 3377 3741 3440; x_wconf 82' lang='lat' dir='ltr'><strong>inmenso</strong></span> 
     </span>
     <span class='ocr_line' id='line_1_24' title="bbox 1088 3471 3743 3559; baseline -0.001 -23"><span class='ocrx_word' id='word_1_242' title='bbox 1088 3471 1329 3536; x_wconf 89' lang='lat' dir='ltr'><strong>mundo</strong></span> <span class='ocrx_word' id='word_1_243' title='bbox 1374 3480 1501 3537; x_wconf 90' lang='lat' dir='ltr'><strong>tam</strong></span> <span class='ocrx_word' id='word_1_244' title='bbox 1546 3474 1732 3556; x_wconf 89' lang='lat' dir='ltr'><strong>longe</strong></span> <span class='ocrx_word' id='word_1_245' title='bbox 1779 3474 2029 3559; x_wconf 86' lang='lat' dir='ltr'><strong>lateque</strong></span> <span class='ocrx_word' id='word_1_246' title='bbox 2075 3474 2433 3547; x_wconf 91' lang='lat' dir='ltr'><strong>conluceat,</strong></span> <span class='ocrx_word' id='word_1_247' title='bbox 2479 3480 2541 3536; x_wconf 89' lang='lat' dir='ltr'><strong>et</strong></span> <span class='ocrx_word' id='word_1_248' title='bbox 2582 3471 2638 3536; x_wconf 86' lang='lat' dir='ltr'><strong>is</strong></span> <span class='ocrx_word' id='word_1_249' title='bbox 2682 3474 2823 3535; x_wconf 89' lang='lat' dir='ltr'><strong>eius</strong></span> <span class='ocrx_word' id='word_1_250' title='bbox 2867 3480 3074 3534; x_wconf 86' lang='lat' dir='ltr'><strong>tactus</strong></span> <span class='ocrx_word' id='word_1_251' title='bbox 3118 3478 3250 3545; x_wconf 89' lang='lat' dir='ltr'><strong>est,</strong></span> <span class='ocrx_word' id='word_1_252' title='bbox 3292 3490 3423 3534; x_wconf 87' lang='lat' dir='ltr'><strong>non</strong></span> <span class='ocrx_word' id='word_1_253' title='bbox 3467 3475 3538 3533; x_wconf 92' lang='lat' dir='ltr'><strong>ut</strong></span> <span class='ocrx_word' id='word_1_254' title='bbox 3578 3477 3743 3553; x_wconf 84' lang='lat' dir='ltr'><strong>tepe-</strong></span> 
     </span>
     <span class='ocr_line' id='line_1_25' title="bbox 1090 3561 3740 3652; baseline -0.002 -21"><span class='ocrx_word' id='word_1_255' title='bbox 1090 3566 1279 3631; x_wconf 82' lang='lat' dir='ltr'><strong>faciat</strong></span> <span class='ocrx_word' id='word_1_256' title='bbox 1322 3569 1557 3642; x_wconf 88' lang='lat' dir='ltr'><strong>solum,</strong></span> <span class='ocrx_word' id='word_1_257' title='bbox 1616 3568 1727 3631; x_wconf 90' lang='lat' dir='ltr'><strong>sed</strong></span> <span class='ocrx_word' id='word_1_258' title='bbox 1773 3570 1959 3632; x_wconf 86' lang='lat' dir='ltr'><strong>etiam</strong></span> <span class='ocrx_word' id='word_1_259' title='bbox 2004 3588 2194 3652; x_wconf 85' lang='lat' dir='ltr'><strong>saepe</strong></span> <span class='ocrx_word' id='word_1_260' title='bbox 2241 3568 2602 3641; x_wconf 86' lang='lat' dir='ltr'><strong>comburat,</strong></span> <span class='ocrx_word' id='word_1_261' title='bbox 2648 3587 2919 3650; x_wconf 88' lang='lat' dir='ltr'><strong>quorum</strong></span> <span class='ocrx_word' id='word_1_262' title='bbox 2964 3575 3260 3629; x_wconf 89' lang='lat' dir='ltr'><strong>neutrum</strong></span> <span class='ocrx_word' id='word_1_263' title='bbox 3306 3565 3573 3641; x_wconf 85' lang='lat' dir='ltr'><strong>faceret,</strong></span> <span class='ocrx_word' id='word_1_264' title='bbox 3624 3561 3740 3627; x_wconf 86' lang='lat' dir='ltr'><strong>uisi</strong></span> 
     </span>
    </p>

    <p class='ocr_par' dir='ltr' id='par_1_5' title="bbox 1019 3660 3744 4122">
     <span class='ocr_line' id='line_1_26' title="bbox 1019 3660 3742 3746; baseline -0 -23"><span class='ocrx_word' id='word_1_265' title='bbox 1019 3668 1076 3716; x_wconf 65' lang='grc' dir='ltr'><strong>Β</strong></span> <span class='ocrx_word' id='word_1_266' title='bbox 1095 3669 1263 3725; x_wconf 90' lang='lat' dir='ltr'><strong>esset</strong></span> <span class='ocrx_word' id='word_1_267' title='bbox 1304 3662 1547 3744; x_wconf 89' lang='lat' dir='ltr'><strong>igneus.</strong></span> <span class='ocrx_word' id='word_1_268' title='bbox 1620 3663 1816 3744; x_wconf 89' lang='lat' dir='ltr'><strong>Ergo,</strong></span> <span class='ocrx_word' id='word_1_269' title='bbox 1876 3662 2120 3746; x_wconf 87' lang='lat' dir='ltr'><strong>inquit,</strong></span> <span class='ocrx_word' id='word_1_270' title='bbox 2174 3681 2313 3724; x_wconf 91' lang='lat' dir='ltr'><strong>cum</strong></span> <span class='ocrx_word' id='word_1_271' title='bbox 2359 3661 2455 3724; x_wconf 90' lang='lat' dir='ltr'><strong>sol</strong></span> <span class='ocrx_word' id='word_1_272' title='bbox 2508 3662 2736 3743; x_wconf 89' lang='lat' dir='ltr'><strong>igneus</strong></span> <span class='ocrx_word' id='word_1_273' title='bbox 2781 3660 2865 3723; x_wconf 90' lang='lat' dir='ltr'><strong>sit</strong></span> <span class='ocrx_word' id='word_1_274' title='bbox 2909 3660 3283 3743; x_wconf 88' lang='lat' dir='ltr'><strong>Oceanique</strong></span> <span class='ocrx_word' id='word_1_275' title='bbox 3324 3660 3533 3725; x_wconf 88' lang='lat' dir='ltr'><strong>alatur</strong></span> <span class='ocrx_word' id='word_1_276' title='bbox 3571 3676 3742 3722; x_wconf 87' lang='lat' dir='ltr'><strong>umo-</strong></span> 
     </span>
     <span class='ocr_line' id='line_1_27' title="bbox 1092 3754 3741 3839; baseline -0.001 -20"><span class='ocrx_word' id='word_1_277' title='bbox 1092 3756 1296 3829; x_wconf 88' lang='lat' dir='ltr'><strong>ribus,</strong></span> <span class='ocrx_word' id='word_1_278' title='bbox 1341 3756 1491 3838; x_wconf 90' lang='lat' dir='ltr'><strong>quia</strong></span> <span class='ocrx_word' id='word_1_279' title='bbox 1535 3754 1751 3818; x_wconf 90' lang='lat' dir='ltr'><strong>nullus</strong></span> <span class='ocrx_word' id='word_1_280' title='bbox 1794 3757 1955 3837; x_wconf 89' lang='lat' dir='ltr'><strong>ignis</strong></span> <span class='ocrx_word' id='word_1_281' title='bbox 2001 3755 2137 3818; x_wconf 89' lang='lat' dir='ltr'><strong>sine</strong></span> <span class='ocrx_word' id='word_1_282' title='bbox 2182 3763 2362 3839; x_wconf 90' lang='lat' dir='ltr'><strong>pastu</strong></span> <span class='ocrx_word' id='word_1_283' title='bbox 2408 3755 2625 3838; x_wconf 91' lang='lat' dir='ltr'><strong>aliquo</strong></span> <span class='ocrx_word' id='word_1_284' title='bbox 2668 3755 2870 3837; x_wconf 87' lang='lat' dir='ltr'><strong>possit</strong></span> <span class='ocrx_word' id='word_1_285' title='bbox 2905 3773 3306 3837; x_wconf 86' lang='lat' dir='ltr'><strong>permanere,</strong></span> <span class='ocrx_word' id='word_1_286' title='bbox 3350 3773 3608 3819; x_wconf 89' lang='lat' dir='ltr'><strong>necesse</strong></span> <span class='ocrx_word' id='word_1_287' title='bbox 3650 3756 3741 3817; x_wconf 76' lang='lat' dir='ltr'><strong>est</strong></span> 
     </span>
     <span class='ocr_line' id='line_1_28' title="bbox 1089 3848 3744 3932; baseline -0 -20"><span class='ocrx_word' id='word_1_288' title='bbox 1089 3855 1201 3912; x_wconf 91' lang='lat' dir='ltr'><strong>aut</strong></span> <span class='ocrx_word' id='word_1_289' title='bbox 1255 3848 1313 3911; x_wconf 89' lang='lat' dir='ltr'><strong>ei</strong></span> <span class='ocrx_word' id='word_1_290' title='bbox 1368 3848 1593 3912; x_wconf 89' lang='lat' dir='ltr'><strong>similis</strong></span> <span class='ocrx_word' id='word_1_291' title='bbox 1651 3850 1733 3912; x_wconf 90' lang='lat' dir='ltr'><strong>sit</strong></span> <span class='ocrx_word' id='word_1_292' title='bbox 1786 3850 1950 3931; x_wconf 86' lang='lat' dir='ltr'><strong>igni,</strong></span> <span class='ocrx_word' id='word_1_293' title='bbox 2011 3869 2199 3932; x_wconf 87' lang='lat' dir='ltr'><strong>quem</strong></span> <span class='ocrx_word' id='word_1_294' title='bbox 2257 3848 2631 3912; x_wconf 87' lang='lat' dir='ltr'><strong>adhibemus</strong></span> <span class='ocrx_word' id='word_1_295' title='bbox 2688 3850 2769 3911; x_wconf 90' lang='lat' dir='ltr'><strong>ad</strong></span> <span class='ocrx_word' id='word_1_296' title='bbox 2827 3869 3013 3911; x_wconf 91' lang='lat' dir='ltr'><strong>usum</strong></span> <span class='ocrx_word' id='word_1_297' title='bbox 3069 3855 3262 3931; x_wconf 88' lang='lat' dir='ltr'><strong>atque</strong></span> <span class='ocrx_word' id='word_1_298' title='bbox 3315 3849 3586 3924; x_wconf 81' lang='lat' dir='ltr'><strong>victum,</strong></span> <span class='ocrx_word' id='word_1_299' title='bbox 3639 3852 3744 3912; x_wconf 84' lang='lat' dir='ltr'><strong>aut</strong></span> 
     </span>
     <span class='ocr_line' id='line_1_29' title="bbox 1092 3938 3741 4026; baseline 0 -20"><span class='ocrx_word' id='word_1_300' title='bbox 1092 3943 1182 4016; x_wconf 87' lang='lat' dir='ltr'><strong>ei,</strong></span> <span class='ocrx_word' id='word_1_301' title='bbox 1246 3944 1357 4026; x_wconf 88' lang='lat' dir='ltr'><strong>qui</strong></span> <span class='ocrx_word' id='word_1_302' title='bbox 1410 3944 1781 4026; x_wconf 85' lang='lat' dir='ltr'><strong>corporibus</strong></span> <span class='ocrx_word' id='word_1_303' title='bbox 1836 3943 2250 4006; x_wconf 88' lang='lat' dir='ltr'><strong>animantium</strong></span> <span class='ocrx_word' id='word_1_304' title='bbox 2306 3944 2687 4007; x_wconf 85' lang='lat' dir='ltr'><strong>continetur.</strong></span> <span class='ocrx_word' id='word_1_305' title='bbox 2774 3938 2876 4005; x_wconf 80' lang='lat'><strong>41.</strong></span> <span class='ocrx_word' id='word_1_306' title='bbox 2921 3943 3116 4026; x_wconf 83' lang='lat' dir='ltr'><strong>Atqui</strong></span> <span class='ocrx_word' id='word_1_307' title='bbox 3161 3942 3264 4005; x_wconf 93' lang='lat' dir='ltr'><strong>hic</strong></span> <span class='ocrx_word' id='word_1_308' title='bbox 3309 3951 3527 4006; x_wconf 89' lang='lat' dir='ltr'><strong>noster</strong></span> <span class='ocrx_word' id='word_1_309' title='bbox 3566 3941 3741 4026; x_wconf 75' lang='lat' dir='ltr'><strong>ignis,</strong></span> 
     </span>
     <span class='ocr_line' id='line_1_30' title="bbox 1093 4037 3741 4122; baseline 0 -23"><span class='ocrx_word' id='word_1_310' title='bbox 1093 4057 1281 4121; x_wconf 90' lang='lat' dir='ltr'><strong>quem</strong></span> <span class='ocrx_word' id='word_1_311' title='bbox 1326 4057 1479 4100; x_wconf 87' lang='lat' dir='ltr'><strong>usus</strong></span> <span class='ocrx_word' id='word_1_312' title='bbox 1522 4038 1687 4101; x_wconf 86' lang='lat' dir='ltr'><strong>vitae</strong></span> <span class='ocrx_word' id='word_1_313' title='bbox 1732 4038 2037 4122; x_wconf 86' lang='lat' dir='ltr'><strong>requirit,</strong></span> <span class='ocrx_word' id='word_1_314' title='bbox 2082 4037 2404 4101; x_wconf 86' lang='lat' dir='ltr'><strong>confector</strong></span> <span class='ocrx_word' id='word_1_315' title='bbox 2446 4045 2544 4100; x_wconf 90' lang='lat' dir='ltr'><strong>est</strong></span> <span class='ocrx_word' id='word_1_316' title='bbox 2579 4046 2646 4101; x_wconf 92' lang='lat' dir='ltr'><strong>et</strong></span> <span class='ocrx_word' id='word_1_317' title='bbox 2674 4046 3087 4120; x_wconf 89' lang='lat' dir='ltr'><strong>consumptor</strong></span> <span class='ocrx_word' id='word_1_318' title='bbox 3124 4038 3404 4101; x_wconf 92' lang='lat' dir='ltr'><strong>omnium</strong></span> <span class='ocrx_word' id='word_1_319' title='bbox 3436 4037 3741 4120; x_wconf 89' lang='lat' dir='ltr'><strong>idemque,</strong></span> 
     </span>
    </p>

    <p class='ocr_par' dir='ltr' id='par_1_6' title="bbox 1017 4133 3746 4593">
     <span class='ocr_line' id='line_1_31' title="bbox 1017 4133 3743 4218; baseline 0 -24"><span class='ocrx_word' id='word_1_320' title='bbox 1017 4138 1498 4215; x_wconf 61' lang='lat' dir='ltr'><strong>”quocumque</strong></span> <span class='ocrx_word' id='word_1_321' title='bbox 1553 4134 1809 4207; x_wconf 89' lang='lat' dir='ltr'><strong>invasit,</strong></span> <span class='ocrx_word' id='word_1_322' title='bbox 1869 4140 2095 4196; x_wconf 91' lang='lat' dir='ltr'><strong>cuncta</strong></span> <span class='ocrx_word' id='word_1_323' title='bbox 2140 4133 2450 4195; x_wconf 87' lang='lat' dir='ltr'><strong>disturbat</strong></span> <span class='ocrx_word' id='word_1_324' title='bbox 2502 4152 2575 4195; x_wconf 92' lang='lat' dir='ltr'><strong>ac</strong></span> <span class='ocrx_word' id='word_1_325' title='bbox 2622 4133 2909 4215; x_wconf 86' lang='lat' dir='ltr'><strong>dissipat.</strong></span> <span class='ocrx_word' id='word_1_326' title='bbox 2987 4133 3218 4196; x_wconf 86' lang='lat' dir='ltr'><strong>Contra</strong></span> <span class='ocrx_word' id='word_1_327' title='bbox 3262 4133 3370 4196; x_wconf 90' lang='lat' dir='ltr'><strong>ille</strong></span> <span class='ocrx_word' id='word_1_328' title='bbox 3414 4151 3743 4218; x_wconf 89' lang='lat' dir='ltr'><strong>corporeus</strong></span> 
     </span>
     <span class='ocr_line' id='line_1_32' title="bbox 1094 4223 3742 4311; baseline 0 -22"><span class='ocrx_word' id='word_1_329' title='bbox 1094 4226 1302 4290; x_wconf 84' lang='lat' dir='ltr'><strong>vitalis</strong></span> <span class='ocrx_word' id='word_1_330' title='bbox 1347 4235 1410 4288; x_wconf 89' lang='lat' dir='ltr'><strong>et</strong></span> <span class='ocrx_word' id='word_1_331' title='bbox 1453 4225 1746 4290; x_wconf 88' lang='lat' dir='ltr'><strong>salutaris</strong></span> <span class='ocrx_word' id='word_1_332' title='bbox 1778 4229 1989 4290; x_wconf 88' lang='lat' dir='ltr'><strong>omnia</strong></span> <span class='ocrx_word' id='word_1_333' title='bbox 2020 4236 2382 4299; x_wconf 88' lang='lat' dir='ltr'><strong>conservat,</strong></span> <span class='ocrx_word' id='word_1_334' title='bbox 2427 4227 2567 4301; x_wconf 90' lang='lat' dir='ltr'><strong>alit,</strong></span> <span class='ocrx_word' id='word_1_335' title='bbox 2612 4236 2830 4310; x_wconf 87' lang='lat' dir='ltr'><strong>auget,</strong></span> <span class='ocrx_word' id='word_1_336' title='bbox 2876 4229 3145 4290; x_wconf 89' lang='lat' dir='ltr'><strong>sustinet</strong></span> <span class='ocrx_word' id='word_1_337' title='bbox 3176 4247 3494 4311; x_wconf 88' lang='lat' dir='ltr'><strong>sensuque</strong></span> <span class='ocrx_word' id='word_1_338' title='bbox 3525 4223 3742 4291; x_wconf 87' lang='lat' dir='ltr'><strong>adficit.</strong></span> 
     </span>
     <span class='ocr_line' id='line_1_33' title="bbox 1092 4322 3746 4404; baseline 0 -22"><span class='ocrx_word' id='word_1_339' title='bbox 1092 4322 1293 4403; x_wconf 81' lang='lat' dir='ltr'><strong>Negat</strong></span> <span class='ocrx_word' id='word_1_340' title='bbox 1336 4340 1484 4402; x_wconf 87' lang='lat' dir='ltr'><strong>ergo</strong></span> <span class='ocrx_word' id='word_1_341' title='bbox 1531 4341 1671 4384; x_wconf 90' lang='lat' dir='ltr'><strong>esse</strong></span> <span class='ocrx_word' id='word_1_342' title='bbox 1717 4322 2011 4396; x_wconf 90' lang='lat' dir='ltr'><strong>dubium,</strong></span> <span class='ocrx_word' id='word_1_343' title='bbox 2058 4322 2279 4384; x_wconf 91' lang='lat' dir='ltr'><strong>horum</strong></span> <span class='ocrx_word' id='word_1_344' title='bbox 2328 4322 2568 4404; x_wconf 80' lang='lat' dir='ltr'><strong>ignium</strong></span> <span class='ocrx_word' id='word_1_345' title='bbox 2615 4322 2707 4384; x_wconf 89' lang='lat' dir='ltr'><strong>sol</strong></span> <span class='ocrx_word' id='word_1_346' title='bbox 2753 4324 2875 4385; x_wconf 88' lang='lat' dir='ltr'><strong>utri</strong></span> <span class='ocrx_word' id='word_1_347' title='bbox 2923 4322 3145 4384; x_wconf 87' lang='lat' dir='ltr'><strong>similis</strong></span> <span class='ocrx_word' id='word_1_348' title='bbox 3182 4322 3293 4395; x_wconf 90' lang='lat' dir='ltr'><strong>sit,</strong></span> <span class='ocrx_word' id='word_1_349' title='bbox 3338 4322 3563 4385; x_wconf 88' lang='lat' dir='ltr'><strong>cumis</strong></span> <span class='ocrx_word' id='word_1_350' title='bbox 3593 4340 3746 4404; x_wconf 88' lang='lat' dir='ltr'><strong>quo-</strong></span> 
     </span>
     <span class='ocr_line' id='line_1_34' title="bbox 1096 4411 3744 4500; baseline 0.001 -25"><span class='ocrx_word' id='word_1_351' title='bbox 1096 4434 1221 4497; x_wconf 91' lang='lat' dir='ltr'><strong>que</strong></span> <span class='ocrx_word' id='word_1_352' title='bbox 1289 4411 1517 4477; x_wconf 83' lang='lat' dir='ltr'><strong>efficiat</strong></span> <span class='ocrx_word' id='word_1_353' title='bbox 1583 4424 1650 4478; x_wconf 90' lang='lat' dir='ltr'><strong>ut</strong></span> <span class='ocrx_word' id='word_1_354' title='bbox 1712 4417 1925 4479; x_wconf 88' lang='lat' dir='ltr'><strong>omnia</strong></span> <span class='ocrx_word' id='word_1_355' title='bbox 1992 4418 2259 4479; x_wconf 85' lang='lat' dir='ltr'><strong>floreant</strong></span> <span class='ocrx_word' id='word_1_356' title='bbox 2317 4425 2380 4478; x_wconf 91' lang='lat' dir='ltr'><strong>et</strong></span> <span class='ocrx_word' id='word_1_357' title='bbox 2440 4417 2507 4478; x_wconf 90' lang='lat' dir='ltr'><strong>in</strong></span> <span class='ocrx_word' id='word_1_358' title='bbox 2578 4438 2695 4479; x_wconf 90' lang='lat' dir='ltr'><strong>suo</strong></span> <span class='ocrx_word' id='word_1_359' title='bbox 2753 4437 3046 4500; x_wconf 88' lang='lat' dir='ltr'><strong>quaeque</strong></span> <span class='ocrx_word' id='word_1_360' title='bbox 3106 4437 3336 4499; x_wconf 84' lang='lat' dir='ltr'><strong>genere</strong></span> <span class='ocrx_word' id='word_1_361' title='bbox 3389 4416 3744 4498; x_wconf 76' lang='lat' dir='ltr'><strong>pubescant·</strong></span> 
     </span>
     <span class='ocr_line' id='line_1_35' title="bbox 1098 4510 3744 4593; baseline -0.001 -21"><span class='ocrx_word' id='word_1_362' title='bbox 1098 4510 1311 4584; x_wconf 89' lang='lat' dir='ltr'><strong>Quare</strong></span> <span class='ocrx_word' id='word_1_363' title='bbox 1355 4530 1495 4572; x_wconf 91' lang='lat' dir='ltr'><strong>cum</strong></span> <span class='ocrx_word' id='word_1_364' title='bbox 1542 4510 1693 4572; x_wconf 86' lang='lat' dir='ltr'><strong>solis</strong></span> <span class='ocrx_word' id='word_1_365' title='bbox 1739 4511 1903 4593; x_wconf 85' lang='lat' dir='ltr'><strong>ignis</strong></span> <span class='ocrx_word' id='word_1_366' title='bbox 1949 4511 2175 4573; x_wconf 86' lang='lat' dir='ltr'><strong>similis</strong></span> <span class='ocrx_word' id='word_1_367' title='bbox 2222 4531 2437 4574; x_wconf 90' lang='lat' dir='ltr'><strong>eorum</strong></span> <span class='ocrx_word' id='word_1_368' title='bbox 2484 4512 2721 4593; x_wconf 86' lang='lat' dir='ltr'><strong>ignium</strong></span> <span class='ocrx_word' id='word_1_369' title='bbox 2769 4512 2880 4584; x_wconf 91' lang='lat' dir='ltr'><strong>sit,</strong></span> <span class='ocrx_word' id='word_1_370' title='bbox 2931 4511 3041 4593; x_wconf 88' lang='lat' dir='ltr'><strong>qui</strong></span> <span class='ocrx_word' id='word_1_371' title='bbox 3089 4518 3240 4572; x_wconf 91' lang='lat' dir='ltr'><strong>sunt</strong></span> <span class='ocrx_word' id='word_1_372' title='bbox 3279 4510 3341 4572; x_wconf 91' lang='lat' dir='ltr'><strong>in</strong></span> <span class='ocrx_word' id='word_1_373' title='bbox 3390 4510 3744 4593; x_wconf 88' lang='lat' dir='ltr'><strong>corporibus</strong></span> 
     </span>
    </p>

    <p class='ocr_par' dir='ltr' id='par_1_7' title="bbox 1018 4602 3747 4782">
     <span class='ocr_line' id='line_1_36' title="bbox 1018 4602 3747 4689; baseline -0.001 -21"><span class='ocrx_word' id='word_1_374' title='bbox 1018 4604 1537 4677; x_wconf 51' lang='lat' dir='ltr'><strong>&amp;animantium,</strong></span> <span class='ocrx_word' id='word_1_375' title='bbox 1596 4605 1794 4667; x_wconf 90' lang='lat' dir='ltr'><strong>solem</strong></span> <span class='ocrx_word' id='word_1_376' title='bbox 1840 4625 2096 4688; x_wconf 88' lang='lat' dir='ltr'><strong>quoque</strong></span> <span class='ocrx_word' id='word_1_377' title='bbox 2142 4607 2524 4668; x_wconf 89' lang='lat' dir='ltr'><strong>animantem</strong></span> <span class='ocrx_word' id='word_1_378' title='bbox 2573 4625 2710 4667; x_wconf 88' lang='lat' dir='ltr'><strong>esse</strong></span> <span class='ocrx_word' id='word_1_379' title='bbox 2758 4613 3033 4688; x_wconf 90' lang='lat' dir='ltr'><strong>oportet,</strong></span> <span class='ocrx_word' id='word_1_380' title='bbox 3078 4612 3272 4689; x_wconf 86' lang='lat' dir='ltr'><strong>atque</strong></span> <span class='ocrx_word' id='word_1_381' title='bbox 3314 4605 3464 4667; x_wconf 91' lang='lat' dir='ltr'><strong>item</strong></span> <span class='ocrx_word' id='word_1_382' title='bbox 3510 4602 3747 4685; x_wconf 72' lang='lat' dir='ltr'><strong>reliqua</strong></span> 
     </span>
     <span class='ocr_line' id='line_1_37' title="bbox 1096 4696 3747 4782; baseline -0.002 -19"><span class='ocrx_word' id='word_1_383' title='bbox 1096 4707 1295 4774; x_wconf 87' lang='lat' dir='ltr'><strong>astra,</strong></span> <span class='ocrx_word' id='word_1_384' title='bbox 1339 4719 1504 4782; x_wconf 89' lang='lat' dir='ltr'><strong>quae</strong></span> <span class='ocrx_word' id='word_1_385' title='bbox 1549 4699 1832 4763; x_wconf 89' lang='lat' dir='ltr'><strong>oriantur</strong></span> <span class='ocrx_word' id='word_1_386' title='bbox 1874 4702 1941 4764; x_wconf 89' lang='lat' dir='ltr'><strong>in</strong></span> <span class='ocrx_word' id='word_1_387' title='bbox 1978 4700 2204 4763; x_wconf 89' lang='lat' dir='ltr'><strong>ardore</strong></span> <span class='ocrx_word' id='word_1_388' title='bbox 2236 4700 2526 4774; x_wconf 89' lang='lat' dir='ltr'><strong>caelesti,</strong></span> <span class='ocrx_word' id='word_1_389' title='bbox 2573 4700 2682 4782; x_wconf 89' lang='lat' dir='ltr'><strong>qui</strong></span> <span class='ocrx_word' id='word_1_390' title='bbox 2714 4699 2936 4763; x_wconf 90' lang='lat' dir='ltr'><strong>aether</strong></span> <span class='ocrx_word' id='word_1_391' title='bbox 2965 4700 3065 4762; x_wconf 85' lang='lat' dir='ltr'><strong>vel</strong></span> <span class='ocrx_word' id='word_1_392' title='bbox 3099 4700 3344 4762; x_wconf 91' lang='lat' dir='ltr'><strong>caelum</strong></span> <span class='ocrx_word' id='word_1_393' title='bbox 3377 4696 3747 4760; x_wconf 85' lang='lat' dir='ltr'><strong>nominatur.</strong></span> 
     </span>
    </p>
   </div>
   <div class='ocr_carea' id='block_1_3' title="bbox 1094 4979 3852 5951">
    <p class='ocr_par' dir='ltr' id='par_1_8' title="bbox 1094 4979 3852 5878">
     <span class='ocr_line' id='line_1_38' title="bbox 1228 4979 3852 5049; baseline -0.001 -17"><span class='ocrx_word' id='word_1_394' title='bbox 1228 4984 1275 5032; x_wconf 95' lang='grc'><strong>4.</strong></span> <span class='ocrx_word' id='word_1_395' title='bbox 1314 4995 1459 5045; x_wconf 73' lang='lat' dir='ltr'><strong>aqum</strong></span> <span class='ocrx_word' id='word_1_396' title='bbox 1494 4982 1779 5045; x_wconf 85' lang='lat' dir='ltr'><strong>(superscr.</strong></span> <span class='ocrx_word' id='word_1_397' title='bbox 1819 4980 1981 5031; x_wconf 84' lang='lat' dir='ltr'><strong>altera</strong></span> <span class='ocrx_word' id='word_1_398' title='bbox 2019 4981 2066 5044; x_wconf 82' lang='lat' dir='ltr'><strong>u)</strong></span> <span class='ocrx_word' id='word_1_399' title='bbox 2103 4984 2171 5043; x_wconf 94' lang='lat' dir='ltr'><strong>A,</strong></span> <span class='ocrx_word' id='word_1_400' title='bbox 2223 4996 2362 5032; x_wconf 77' lang='lat' dir='ltr'><strong>ccum</strong></span> <span class='ocrx_word' id='word_1_401' title='bbox 2396 4984 2545 5047; x_wconf 55' lang='lat' dir='ltr'><strong>(supr</strong></span> <span class='ocrx_word' id='word_1_402' title='bbox 2557 5001 2623 5033; x_wconf 59' lang='lat' dir='ltr'><strong>rs*</strong></span> <span class='ocrx_word' id='word_1_403' title='bbox 2633 5001 2683 5033; x_wconf 86' lang='grc' dir='ltr'><strong>·τ·</strong></span> <span class='ocrx_word' id='word_1_404' title='bbox 2717 4985 2761 5049; x_wconf 68' lang='grc' dir='ltr'>ιζι,ι’</span> <span class='ocrx_word' id='word_1_405' title='bbox 2801 4985 2837 5029; x_wconf 69' lang='grc' dir='ltr'><strong>Ἱι</strong></span> <span class='ocrx_word' id='word_1_406' title='bbox 2885 5009 2933 5019; x_wconf 80' lang='grc'>-</span> <span class='ocrx_word' id='word_1_407' title='bbox 2978 4985 3025 5033; x_wconf 69' lang='lat' dir='ltr'><strong>&#39;l</strong></span> <span class='ocrx_word' id='word_1_408' title='bbox 3061 4985 3218 5045; x_wconf 56' lang='lat' dir='ltr'><strong>persis</strong></span> <span class='ocrx_word' id='word_1_409' title='bbox 3197 4980 3310 5029; x_wconf 65' lang='lat' dir='ltr'><strong>ruhi</strong></span> <span class='ocrx_word' id='word_1_410' title='bbox 3346 4980 3382 5029; x_wconf 78' lang='grc' dir='ltr'><strong>Ι]</strong></span> <span class='ocrx_word' id='word_1_411' title='bbox 3422 5009 3474 5017; x_wconf 52' lang='grc' dir='ltr'><strong>τ</strong></span> <span class='ocrx_word' id='word_1_412' title='bbox 3514 4980 3562 5029; x_wconf 72' lang='lat'><strong>3</strong></span> <span class='ocrx_word' id='word_1_413' title='bbox 3598 4989 3750 5041; x_wconf 63' lang='lat' dir='ltr'><strong>nequ*</strong></span> <span class='ocrx_word' id='word_1_414' title='bbox 3845 4979 3852 4980; x_wconf 63' lang='grc'><em>’</em></span> 
     </span>
     <span class='ocr_line' id='line_1_39' title="bbox 1094 5049 3750 5125; baseline 0 -16"><span class='ocrx_word' id='word_1_415' title='bbox 1094 5058 1226 5109; x_wconf 74' lang='lat' dir='ltr'><strong>onim</strong></span> <span class='ocrx_word' id='word_1_416' title='bbox 1257 5063 1331 5108; x_wconf 75' lang='lat' dir='ltr'><strong>est</strong></span> <span class='ocrx_word' id='word_1_417' title='bbox 1363 5057 1462 5107; x_wconf 91' lang='lat' dir='ltr'><strong>cod</strong></span> <span class='ocrx_word' id='word_1_418' title='bbox 1510 5055 1888 5120; x_wconf 81' lang='lat' dir='ltr'><strong>Glogaviensis.</strong></span> <span class='ocrx_word' id='word_1_419' title='bbox 1928 5060 2045 5108; x_wconf 93' lang='grc' dir='ltr'><strong>Ο-</strong></span> <span class='ocrx_word' id='word_1_420' title='bbox 2086 5059 2133 5108; x_wconf 91' lang='grc'><strong>6.</strong></span> <span class='ocrx_word' id='word_1_421' title='bbox 2162 5061 2283 5120; x_wconf 74' lang='lat' dir='ltr'><strong>quid</strong></span> <span class='ocrx_word' id='word_1_422' title='bbox 2316 5061 2475 5124; x_wconf 69' lang='grc' dir='ltr'><strong>ἐρίων</strong></span> <span class='ocrx_word' id='word_1_423' title='bbox 2508 5059 2566 5110; x_wconf 65' lang='grc' dir='ltr'><strong>Ἢ.</strong></span> <span class='ocrx_word' id='word_1_424' title='bbox 2617 5063 2685 5109; x_wconf 68' lang='grc' dir='ltr'><strong>εΗ</strong></span> <span class='ocrx_word' id='word_1_425' title='bbox 2721 5077 2769 5125; x_wconf 68' lang='lat' dir='ltr'><strong>p.</strong></span> <span class='ocrx_word' id='word_1_426' title='bbox 2805 5061 2989 5118; x_wconf 45' lang='lat'><strong>&#39;1111523</strong></span> <span class='ocrx_word' id='word_1_427' title='bbox 3029 5089 3074 5097; x_wconf 50' lang='grc' dir='ltr'><strong><em>ω</em></strong></span> <span class='ocrx_word' id='word_1_428' title='bbox 3121 5061 3302 5109; x_wconf 62' lang='lat' dir='ltr'><strong>idm</strong></span> <span class='ocrx_word' id='word_1_429' title='bbox 3338 5061 3462 5117; x_wconf 71' lang='lat'><strong>5²11.</strong></span> <span class='ocrx_word' id='word_1_430' title='bbox 3502 5053 3602 5109; x_wconf 66' lang='lat' dir='ltr'><strong>dul</strong></span> <span class='ocrx_word' id='word_1_431' title='bbox 3630 5049 3750 5109; x_wconf 59' lang='lat' dir='ltr'><strong>aad.</strong></span> 
     </span>
     <span class='ocr_line' id='line_1_40' title="bbox 1095 5125 3721 5220; baseline 0 -39"><span class='ocrx_word' id='word_1_432' title='bbox 1095 5144 1167 5183; x_wconf 89' lang='lat' dir='ltr'><strong>m.</strong></span> <span class='ocrx_word' id='word_1_433' title='bbox 1206 5131 1251 5180; x_wconf 87' lang='lat' dir='ltr'>V</span> <span class='ocrx_word' id='word_1_434' title='bbox 1289 5159 1342 5168; x_wconf 93' lang='lat'>—</span> <span class='ocrx_word' id='word_1_435' title='bbox 1381 5138 1450 5181; x_wconf 78' lang='lat' dir='ltr'><strong>est</strong></span> <span class='ocrx_word' id='word_1_436' title='bbox 1483 5138 1649 5183; x_wconf 74' lang='lat' dir='ltr'><strong>autem</strong></span> <span class='ocrx_word' id='word_1_437' title='bbox 1683 5136 1721 5184; x_wconf 93' lang='grc' dir='ltr'><strong>Ο</strong></span> <span class='ocrx_word' id='word_1_438' title='bbox 1758 5160 1812 5170; x_wconf 95' lang='grc'>-</span> <span class='ocrx_word' id='word_1_439' title='bbox 1855 5136 1901 5184; x_wconf 88' lang='grc'><strong>9.</strong></span> <span class='ocrx_word' id='word_1_440' title='bbox 1941 5136 1991 5183; x_wconf 76' lang='lat' dir='ltr'><strong>in</strong></span> <span class='ocrx_word' id='word_1_441' title='bbox 2026 5149 2149 5197; x_wconf 81' lang='lat' dir='ltr'><strong>equo</strong></span> <span class='ocrx_word' id='word_1_442' title='bbox 2186 5149 2337 5197; x_wconf 84' lang='lat' dir='ltr'><strong>quam</strong></span> <span class='ocrx_word' id='word_1_443' title='bbox 2372 5149 2512 5186; x_wconf 88' lang='lat' dir='ltr'><strong>corr.</strong></span> <span class='ocrx_word' id='word_1_444' title='bbox 2553 5153 2657 5185; x_wconf 61' lang='lat' dir='ltr'><strong>sec.</strong></span> <span class='ocrx_word' id='word_1_445' title='bbox 2693 5153 2761 5185; x_wconf 81' lang='grc' dir='ltr'><strong>ιιι.</strong></span> <span class='ocrx_word' id='word_1_446' title='bbox 2793 5153 2853 5185; x_wconf 70' lang='grc' dir='ltr'>ιῑτιι</span> <span class='ocrx_word' id='word_1_447' title='bbox 2893 5153 2949 5185; x_wconf 62' lang='grc' dir='ltr'><strong>ιιι]</strong></span> <span class='ocrx_word' id='word_1_448' title='bbox 2957 5149 3213 5197; x_wconf 45' lang='lat' dir='ltr'><strong>Uim-Munna</strong></span> <span class='ocrx_word' id='word_1_449' title='bbox 3246 5137 3369 5181; x_wconf 62' lang='grc' dir='ltr'><strong>Ψ-</strong></span> <span class='ocrx_word' id='word_1_450' title='bbox 3406 5133 3574 5220; x_wconf 58' lang='lat' dir='ltr'><strong>ecula*</strong></span> <span class='ocrx_word' id='word_1_451' title='bbox 3602 5125 3650 5187; x_wconf 71' lang='grc' dir='ltr'>Ι</span> <span class='ocrx_word' id='word_1_452' title='bbox 3690 5141 3721 5201; x_wconf 74' lang='grc' dir='ltr'><strong>ιΙ</strong></span> 
     </span>
     <span class='ocr_line' id='line_1_41' title="bbox 1094 5189 3675 5294; baseline 0.001 -34"><span class='ocrx_word' id='word_1_453' title='bbox 1094 5209 1138 5260; x_wconf 85' lang='lat' dir='ltr'><strong>A</strong></span> <span class='ocrx_word' id='word_1_454' title='bbox 1171 5207 1264 5259; x_wconf 86' lang='lat' dir='ltr'><strong>litt.</strong></span> <span class='ocrx_word' id='word_1_455' title='bbox 1305 5189 1591 5272; x_wconf 67' lang='lat' dir='ltr'><strong>penulfllne</strong></span> <span class='ocrx_word' id='word_1_456' title='bbox 1629 5214 1919 5273; x_wconf 80' lang='lat' dir='ltr'><strong>expuncta</strong></span> <span class='ocrx_word' id='word_1_457' title='bbox 1959 5214 2013 5259; x_wconf 86' lang='lat' dir='ltr'><strong>ut</strong></span> <span class='ocrx_word' id='word_1_458' title='bbox 2048 5213 2118 5261; x_wconf 85' lang='lat' dir='ltr'><strong>sit</strong></span> <span class='ocrx_word' id='word_1_459' title='bbox 2148 5212 2304 5273; x_wconf 77' lang='lat' dir='ltr'><strong>ceule,</strong></span> <span class='ocrx_word' id='word_1_460' title='bbox 2342 5214 2393 5263; x_wconf 90' lang='lat' dir='ltr'><strong>in</strong></span> <span class='ocrx_word' id='word_1_461' title='bbox 2432 5214 2470 5262; x_wconf 94' lang='lat' dir='ltr'>C</span> <span class='ocrx_word' id='word_1_462' title='bbox 2508 5225 2565 5262; x_wconf 78' lang='lat' dir='ltr'><strong>su</strong></span> <span class='ocrx_word' id='word_1_463' title='bbox 2557 5229 2722 5277; x_wconf 64' lang='grc' dir='ltr'><strong>ιμῡικ-ῑι.</strong></span> <span class='ocrx_word' id='word_1_464' title='bbox 2705 5229 2777 5261; x_wconf 57' lang='lat' dir='ltr'><strong>er.</strong></span> <span class='ocrx_word' id='word_1_465' title='bbox 2817 5213 3041 5277; x_wconf 50' lang='lat' dir='ltr'><strong>aquiliam</strong></span> <span class='ocrx_word' id='word_1_466' title='bbox 3081 5213 3262 5273; x_wconf 60' lang='lat' dir='ltr'><strong>aqum</strong></span> <span class='ocrx_word' id='word_1_467' title='bbox 3294 5209 3422 5294; x_wconf 74' lang='grc' dir='ltr'><strong>ῦ -</strong></span> <span class='ocrx_word' id='word_1_468' title='bbox 3467 5222 3471 5223; x_wconf 48' lang='lat'><em>⁷</em></span> <span class='ocrx_word' id='word_1_469' title='bbox 3582 5244 3610 5285; x_wconf 85' lang='lat'><strong>·.</strong></span> <span class='ocrx_word' id='word_1_470' title='bbox 3668 5210 3675 5220; x_wconf 81' lang='lat'><strong>‘</strong></span> 
     </span>
     <span class='ocr_line' id='line_1_42' title="bbox 1095 5285 3465 5342; baseline 0.001 -8"><span class='ocrx_word' id='word_1_471' title='bbox 1095 5297 1161 5334; x_wconf 84' lang='lat' dir='ltr'><strong>ex</strong></span> <span class='ocrx_word' id='word_1_472' title='bbox 1194 5297 1368 5334; x_wconf 77' lang='lat' dir='ltr'><strong>canem</strong></span> <span class='ocrx_word' id='word_1_473' title='bbox 1403 5285 1439 5334; x_wconf 88' lang='grc' dir='ltr'><strong>Β</strong></span> <span class='ocrx_word' id='word_1_474' title='bbox 1470 5311 1524 5320; x_wconf 90' lang='grc'><strong>-</strong></span> <span class='ocrx_word' id='word_1_475' title='bbox 1564 5285 1643 5334; x_wconf 92' lang='grc'><strong>44.</strong></span> <span class='ocrx_word' id='word_1_476' title='bbox 1680 5287 1894 5336; x_wconf 74' lang='lat' dir='ltr'><strong>idcorr.</strong></span> <span class='ocrx_word' id='word_1_477' title='bbox 1922 5287 2114 5337; x_wconf 87' lang='lat' dir='ltr'><strong>eadem</strong></span> <span class='ocrx_word' id='word_1_478' title='bbox 2149 5301 2313 5337; x_wconf 75' lang='lat' dir='ltr'><strong>m.e1</strong></span> <span class='ocrx_word' id='word_1_479' title='bbox 2348 5289 2391 5338; x_wconf 77' lang='lat' dir='ltr'><strong>is</strong></span> <span class='ocrx_word' id='word_1_480' title='bbox 2422 5288 2561 5342; x_wconf 86' lang='lat' dir='ltr'><strong>AV;</strong></span> <span class='ocrx_word' id='word_1_481' title='bbox 2593 5293 2645 5337; x_wconf 73' lang='lat' dir='ltr'><strong>is</strong></span> <span class='ocrx_word' id='word_1_482' title='bbox 2681 5289 2713 5337; x_wconf 77' lang='grc' dir='ltr'>Ε</span> <span class='ocrx_word' id='word_1_483' title='bbox 2743 5289 2777 5337; x_wconf 74' lang='lat'><strong>3</strong></span> <span class='ocrx_word' id='word_1_484' title='bbox 2809 5313 2859 5325; x_wconf 55' lang='lat'><strong>——2</strong></span> <span class='ocrx_word' id='word_1_485' title='bbox 2909 5289 2985 5341; x_wconf 80' lang='lat' dir='ltr'><strong>ll</strong></span> <span class='ocrx_word' id='word_1_486' title='bbox 3013 5289 3202 5341; x_wconf 63' lang='lat' dir='ltr'><strong>munda</strong></span> <span class='ocrx_word' id='word_1_487' title='bbox 3334 5293 3465 5336; x_wconf 64' lang='grc' dir='ltr'><strong>ῗ--ῑ</strong></span> 
     </span>
     <span class='ocr_line' id='line_1_43' title="bbox 1095 5358 3138 5423; baseline 0.005 -14"><span class='ocrx_word' id='word_1_488' title='bbox 1095 5358 1198 5409; x_wconf 90' lang='lat' dir='ltr'><strong>del.</strong></span> <span class='ocrx_word' id='word_1_489' title='bbox 1239 5371 1310 5409; x_wconf 88' lang='lat' dir='ltr'><strong>m.</strong></span> <span class='ocrx_word' id='word_1_490' title='bbox 1348 5372 1459 5409; x_wconf 86' lang='lat' dir='ltr'><strong>sec.</strong></span> <span class='ocrx_word' id='word_1_491' title='bbox 1499 5360 1568 5415; x_wconf 66' lang='grc' dir='ltr'><strong>νς</strong></span> <span class='ocrx_word' id='word_1_492' title='bbox 1605 5367 1660 5409; x_wconf 80' lang='lat' dir='ltr'><strong>ut</strong></span> <span class='ocrx_word' id='word_1_493' title='bbox 1692 5367 1734 5411; x_wconf 74' lang='lat' dir='ltr'><strong>A</strong></span> <span class='ocrx_word' id='word_1_494' title='bbox 1775 5389 1828 5398; x_wconf 92' lang='lat'>—</span> <span class='ocrx_word' id='word_1_495' title='bbox 1872 5363 1949 5411; x_wconf 72' lang='lat'><strong>⁴7</strong></span> <span class='ocrx_word' id='word_1_496' title='bbox 1987 5363 2295 5413; x_wconf 76' lang='lat' dir='ltr'><strong>nobilissima</strong></span> <span class='ocrx_word' id='word_1_497' title='bbox 2329 5360 2537 5415; x_wconf 69' lang='lat' dir='ltr'><strong>pve-</strong></span> <span class='ocrx_word' id='word_1_498' title='bbox 2649 5369 2770 5413; x_wconf 50' lang='lat' dir='ltr'><strong>*ssi</strong></span> <span class='ocrx_word' id='word_1_499' title='bbox 2805 5377 2939 5417; x_wconf 69' lang='lat' dir='ltr'><strong>uus:</strong></span> <span class='ocrx_word' id='word_1_500' title='bbox 3010 5380 3081 5423; x_wconf 37' lang='grc' dir='ltr'><strong>,ν’</strong></span> <span class='ocrx_word' id='word_1_501' title='bbox 3127 5408 3138 5419; x_wconf 68' lang='grc'><strong>.</strong></span> 
     </span>
     <span class='ocr_line' id='line_1_44' title="bbox 1095 5365 2837 5502; baseline 0.006 -18"><span class='ocrx_word' id='word_1_502' title='bbox 1095 5435 1138 5484; x_wconf 89' lang='lat' dir='ltr'><strong>A</strong></span> <span class='ocrx_word' id='word_1_503' title='bbox 1178 5460 1229 5470; x_wconf 90' lang='lat'>-</span> <span class='ocrx_word' id='word_1_504' title='bbox 1269 5434 1350 5482; x_wconf 71' lang='lat'><strong>22.</strong></span> <span class='ocrx_word' id='word_1_505' title='bbox 1387 5434 1503 5483; x_wconf 77' lang='lat' dir='ltr'><strong>solis</strong></span> <span class='ocrx_word' id='word_1_506' title='bbox 1535 5440 1580 5484; x_wconf 79' lang='lat' dir='ltr'><strong>ct</strong></span> <span class='ocrx_word' id='word_1_507' title='bbox 1613 5437 1806 5485; x_wconf 81' lang='lat' dir='ltr'><strong>candor</strong></span> <span class='ocrx_word' id='word_1_508' title='bbox 1838 5435 2097 5487; x_wconf 85' lang='lat' dir='ltr'><strong>Klotzius:</strong></span> <span class='ocrx_word' id='word_1_509' title='bbox 2137 5438 2254 5488; x_wconf 78' lang='lat' dir='ltr'><strong>solis</strong></span> <span class='ocrx_word' id='word_1_510' title='bbox 2284 5438 2429 5489; x_wconf 80' lang='lat' dir='ltr'><strong>calor</strong></span> <span class='ocrx_word' id='word_1_511' title='bbox 2458 5443 2508 5491; x_wconf 72' lang='lat' dir='ltr'><strong>et</strong></span> <span class='ocrx_word' id='word_1_512' title='bbox 2537 5365 2747 5502; x_wconf 61' lang='lat' dir='ltr'><strong>candor</strong></span> <span class='ocrx_word' id='word_1_513' title='bbox 2829 5470 2837 5473; x_wconf 57' lang='lat'>&gt;</span> 
     </span>
     <span class='ocr_line' id='line_1_45' title="bbox 1094 5506 2638 5577; baseline 0.005 -19"><span class='ocrx_word' id='word_1_514' title='bbox 1094 5510 1148 5558; x_wconf 75' lang='lat' dir='ltr'><strong>in</strong></span> <span class='ocrx_word' id='word_1_515' title='bbox 1182 5522 1288 5559; x_wconf 90' lang='lat' dir='ltr'><strong>om.</strong></span> <span class='ocrx_word' id='word_1_516' title='bbox 1327 5506 1373 5560; x_wconf 69' lang='lat'><strong>‘11</strong></span> <span class='ocrx_word' id='word_1_517' title='bbox 1421 5536 1475 5545; x_wconf 91' lang='lat'>—</span> <span class='ocrx_word' id='word_1_518' title='bbox 1521 5510 1601 5560; x_wconf 79' lang='lat'><strong>23.</strong></span> <span class='ocrx_word' id='word_1_519' title='bbox 1640 5516 1686 5561; x_wconf 78' lang='lat' dir='ltr'><strong>ct</strong></span> <span class='ocrx_word' id='word_1_520' title='bbox 1727 5512 1800 5560; x_wconf 77' lang='lat' dir='ltr'><strong>his</strong></span> <span class='ocrx_word' id='word_1_521' title='bbox 1834 5510 1947 5575; x_wconf 86' lang='lat' dir='ltr'><strong>(litt.</strong></span> <span class='ocrx_word' id='word_1_522' title='bbox 1985 5513 2016 5560; x_wconf 72' lang='lat' dir='ltr'><strong>h</strong></span> <span class='ocrx_word' id='word_1_523' title='bbox 2054 5512 2245 5577; x_wconf 86' lang='lat' dir='ltr'><strong>delete)</strong></span> <span class='ocrx_word' id='word_1_524' title='bbox 2281 5514 2326 5564; x_wconf 84' lang='lat' dir='ltr'><strong>V</strong></span> <span class='ocrx_word' id='word_1_525' title='bbox 2362 5539 2414 5553; x_wconf 89' lang='lat'>-</span> <span class='ocrx_word' id='word_1_526' title='bbox 2633 5541 2638 5555; x_wconf 90' lang='lat'><em>·</em></span> 
     </span>
     <span class='ocr_line' id='line_1_46' title="bbox 1096 5578 2658 5651; baseline 0.006 -16"><span class='ocrx_word' id='word_1_527' title='bbox 1096 5589 1216 5651; x_wconf 76' lang='lat' dir='ltr'><strong>post</strong></span> <span class='ocrx_word' id='word_1_528' title='bbox 1247 5590 1302 5635; x_wconf 76' lang='lat' dir='ltr'><strong>ue</strong></span> <span class='ocrx_word' id='word_1_529' title='bbox 1335 5584 1500 5636; x_wconf 79' lang='lat' dir='ltr'><strong>habet</strong></span> <span class='ocrx_word' id='word_1_530' title='bbox 1534 5585 1573 5636; x_wconf 85' lang='lat' dir='ltr'><strong>B</strong></span> <span class='ocrx_word' id='word_1_531' title='bbox 1603 5611 1657 5623; x_wconf 90' lang='lat'>-</span> <span class='ocrx_word' id='word_1_532' title='bbox 1684 5586 1765 5636; x_wconf 74' lang='lat'><strong>25.</strong></span> <span class='ocrx_word' id='word_1_533' title='bbox 1794 5587 1968 5649; x_wconf 73' lang='lat' dir='ltr'><strong>inquid</strong></span> <span class='ocrx_word' id='word_1_534' title='bbox 2002 5589 2058 5637; x_wconf 80' lang='lat' dir='ltr'><strong>e·</strong></span> <span class='ocrx_word' id='word_1_535' title='bbox 2079 5589 2117 5639; x_wconf 93' lang='lat' dir='ltr'><strong>c</strong></span> <span class='ocrx_word' id='word_1_536' title='bbox 2142 5615 2198 5626; x_wconf 93' lang='lat'><em>-</em></span> <span class='ocrx_word' id='word_1_537' title='bbox 2222 5589 2382 5642; x_wconf 68' lang='lat' dir='ltr'><strong>um</strong></span> <span class='ocrx_word' id='word_1_538' title='bbox 2525 5589 2532 5593; x_wconf 88' lang='grc'><strong>··</strong></span> <span class='ocrx_word' id='word_1_539' title='bbox 2588 5594 2595 5600; x_wconf 70' lang='grc'><strong>’</strong></span> <span class='ocrx_word' id='word_1_540' title='bbox 2655 5578 2658 5581; x_wconf 79' lang='grc'>’</span> 
     </span>
     <span class='ocr_line' id='line_1_47' title="bbox 1102 5661 2305 5718; baseline 0.007 -8"><span class='ocrx_word' id='word_1_541' title='bbox 1102 5661 1907 5713; x_wconf 72' lang='lat' dir='ltr'><strong>—27.eicorr.exoisv-</strong></span> <span class='ocrx_word' id='word_1_542' title='bbox 1948 5665 2305 5718; x_wconf 63' lang='lat' dir='ltr'><strong>astantum</strong></span> 
     </span>
     <span class='ocr_line' id='line_1_48' title="bbox 1096 5734 2270 5803; baseline 0.001 -14"><span class='ocrx_word' id='word_1_543' title='bbox 1096 5734 1176 5789; x_wconf 65' lang='lat'><strong>⁶21:</strong></span> <span class='ocrx_word' id='word_1_544' title='bbox 1215 5735 1284 5785; x_wconf 77' lang='lat' dir='ltr'><strong>ad</strong></span> <span class='ocrx_word' id='word_1_545' title='bbox 1312 5736 1499 5785; x_wconf 78' lang='lat' dir='ltr'><strong>victum</strong></span> <span class='ocrx_word' id='word_1_546' title='bbox 1534 5738 1573 5787; x_wconf 94' lang='grc' dir='ltr'><strong>Ο</strong></span> <span class='ocrx_word' id='word_1_547' title='bbox 1613 5763 1667 5773; x_wconf 89' lang='grc'>-</span> <span class='ocrx_word' id='word_1_548' title='bbox 1706 5737 1787 5787; x_wconf 79' lang='lat'><strong>28.</strong></span> <span class='ocrx_word' id='word_1_549' title='bbox 1826 5737 2141 5787; x_wconf 71' lang='lat' dir='ltr'><strong>contineatur</strong></span> <span class='ocrx_word' id='word_1_550' title='bbox 2175 5736 2270 5803; x_wconf 76' lang='lat' dir='ltr'><strong>(lm</strong></span> 
     </span>
     <span class='ocr_line' id='line_1_49' title="bbox 1098 5810 2214 5878; baseline 0.003 -15"><span class='ocrx_word' id='word_1_551' title='bbox 1098 5825 1194 5877; x_wconf 75' lang='lat' dir='ltr'><strong>quc</strong></span> <span class='ocrx_word' id='word_1_552' title='bbox 1227 5810 1290 5871; x_wconf 67' lang='grc'><strong>*1.</strong></span> <span class='ocrx_word' id='word_1_553' title='bbox 1330 5812 1460 5864; x_wconf 90' lang='lat' dir='ltr'><strong>Vide</strong></span> <span class='ocrx_word' id='word_1_554' title='bbox 1497 5812 1563 5863; x_wconf 86' lang='lat' dir='ltr'><strong>ad</strong></span> <span class='ocrx_word' id='word_1_555' title='bbox 1601 5826 1653 5878; x_wconf 85' lang='lat' dir='ltr'><strong>p.</strong></span> <span class='ocrx_word' id='word_1_556' title='bbox 1679 5813 1795 5872; x_wconf 78' lang='lat'><strong>280,</strong></span> <span class='ocrx_word' id='word_1_557' title='bbox 1819 5813 1900 5863; x_wconf 80' lang='grc'><strong>45.</strong></span> <span class='ocrx_word' id='word_1_558' title='bbox 1930 5836 1985 5849; x_wconf 91' lang='grc'><strong>-</strong></span> <span class='ocrx_word' id='word_1_559' title='bbox 2023 5812 2108 5864; x_wconf 74' lang='lat'><strong>29.</strong></span> <span class='ocrx_word' id='word_1_560' title='bbox 2143 5827 2214 5866; x_wconf 73' lang='lat' dir='ltr'><strong>ou·</strong></span> 
     </span>
    </p>

    <p class='ocr_par' dir='ltr' id='par_1_9' title="bbox 1097 5885 2164 5951">
     <span class='ocr_line' id='line_1_50' title="bbox 1097 5885 2164 5951; baseline 0.003 -14"><span class='ocrx_word' id='word_1_561' title='bbox 1097 5900 1149 5937; x_wconf 80' lang='lat' dir='ltr'><strong>v.</strong></span> <span class='ocrx_word' id='word_1_562' title='bbox 1186 5887 1267 5939; x_wconf 69' lang='lat'><strong>34.</strong></span> <span class='ocrx_word' id='word_1_563' title='bbox 1312 5914 1365 5925; x_wconf 97' lang='lat'><strong>—</strong></span> <span class='ocrx_word' id='word_1_564' title='bbox 1401 5902 1517 5939; x_wconf 82' lang='lat' dir='ltr'><strong>cum</strong></span> <span class='ocrx_word' id='word_1_565' title='bbox 1549 5890 1623 5939; x_wconf 71' lang='lat' dir='ltr'><strong>his</strong></span> <span class='ocrx_word' id='word_1_566' title='bbox 1658 5887 1820 5940; x_wconf 86' lang='lat' dir='ltr'><strong>BCV</strong></span> <span class='ocrx_word' id='word_1_567' title='bbox 1855 5888 1936 5951; x_wconf 86' lang='lat' dir='ltr'><strong>(in</strong></span> <span class='ocrx_word' id='word_1_568' title='bbox 1971 5888 2073 5939; x_wconf 85' lang='lat' dir='ltr'><strong>BV</strong></span> <span class='ocrx_word' id='word_1_569' title='bbox 2105 5885 2164 5940; x_wconf 64' lang='lat' dir='ltr'><strong>ut</strong></span> 
     </span>
    </p>
   </div>
   <div class='ocr_carea' id='block_1_4' title="bbox 1098 5962 2125 6032">
    <p class='ocr_par' dir='ltr' id='par_1_10' title="bbox 1098 5962 2125 6032">
     <span class='ocr_line' id='line_1_51' title="bbox 1098 5962 2125 6032; baseline 0.002 -17"><span class='ocrx_word' id='word_1_570' title='bbox 1098 5964 1327 6030; x_wconf 72' lang='lat' dir='ltr'><strong>p.⁴24):</strong></span> <span class='ocrx_word' id='word_1_571' title='bbox 1362 5970 1411 6020; x_wconf 77' lang='grc' dir='ltr'><strong>οι</strong></span> <span class='ocrx_word' id='word_1_572' title='bbox 1443 5967 1644 6032; x_wconf 73' lang='lat' dir='ltr'><strong>qtu’dom</strong></span> <span class='ocrx_word' id='word_1_573' title='bbox 1677 5963 1801 6020; x_wconf 64' lang='lat' dir='ltr'><strong>mo.</strong></span> <span class='ocrx_word' id='word_1_574' title='bbox 1840 5963 2012 6017; x_wconf 67' lang='lat' dir='ltr'><strong>cnm</strong></span> <span class='ocrx_word' id='word_1_575' title='bbox 2045 5962 2125 6031; x_wconf 67' lang='lat'><strong>8⁴</strong></span> 
     </span>
    </p>
   </div>
   <div class='ocr_carea' id='block_1_5' title="bbox 464 1048 3878 6387">
    <p class='ocr_par' dir='ltr' id='par_1_11' title="bbox 464 1048 3878 6387">
     <span class='ocr_line' id='line_1_52' title="bbox 464 1048 3878 6387; baseline 0 0"><span class='ocrx_word' id='word_1_576' title='bbox 464 1048 622 6387; x_wconf 95' lang='lat' dir='ltr'><strong> </strong></span> <span class='ocrx_word' id='word_1_577' title='bbox 2928 5160 3878 5441; x_wconf 95' lang='lat' dir='ltr'><strong>     </strong></span> 
     </span>
     <span class='ocr_line' id='line_1_53' title="bbox 2733 5441 3878 5522; baseline 0 1937"><span class='ocrx_word' id='word_1_578' title='bbox 2733 5441 3878 5522; x_wconf 95' lang='lat' dir='ltr'><strong> </strong></span> 
     </span>
     <span class='ocr_line' id='line_1_54' title="bbox 2520 5522 3878 5626; baseline 0 1833"><span class='ocrx_word' id='word_1_579' title='bbox 2520 5522 3878 5626; x_wconf 95' lang='lat' dir='ltr'><strong> </strong></span> 
     </span>
    </p>
   </div>
  </div>
 </body>
</html>
