4342 7459
444 1232 507 1299 soa
697 1238 917 1304 mscuunu.
930 1239 1140 1304 n1srurar.
1161 1242 1228 1305 nn.
1244 1241 1298 1304 ur.
1320 1238 1365 1325 §a
1388 1238 1524 1305 ss-sa.

445 1418 575 1482 corpore
597 1397 734 1461 curando
756 1398 904 1463 minimae
927 1399 1020 1463 etiam
1043 1400 1136 1483 parti,
1159 1401 1187 1463 si
1210 1400 1382 1476 condoluit,
1405 1401 1586 1477 medentur,
1604 1402 1651 1466 sic
1666 1402 1771 1486 philo·

443 1493 557 1575 sophia
580 1514 649 1556 cum
672 1493 852 1557 universam
874 1493 1102 1577 aegritudinem
1126 1495 1262 1569 sustulit,
1285 1497 1406 1559 sustulit
1420 1498 1524 1571 etiam,
1547 1497 1574 1559 si
1595 1497 1667 1580 quis
1682 1518 1772 1561 error

443 1588 589 1651 alicunde
612 1587 728 1662 extitit,
757 1587 784 1650 si
806 1596 976 1671 pauperius
999 1589 1185 1664 momordit,
1208 1590 1234 1652 si
1258 1590 1431 1673 ignominia
1461 1591 1613 1674 pupugit,
1643 1590 1771 1675 siquid

443 1685 642 1748 tenebrarum
665 1681 789 1745 obludit
808 1682 955 1745 exsilium
976 1692 1030 1746 aut
1052 1703 1173 1758 eorum,
1196 1704 1278 1767 quae
1298 1684 1392 1747 modo
1408 1682 1492 1759 dixi,
1514 1684 1541 1747 si
1557 1686 1635 1767 quid
1651 1685 1771 1759 extitit;

418 1780 502 1842 setsi
525 1777 717 1859 singularum
739 1795 845 1839 rerum
866 1784 940 1838 suut
961 1778 1107 1859 propriae
1129 1776 1377 1851 consolationes,
1400 1779 1440 1840 de
1463 1777 1580 1861 quibus
1602 1778 1715 1841 audies
1738 1786 1772 1841 tu

442 1871 583 1954 quidem,
598 1892 669 1933 cum
684 1869 782 1933 voles.
812 1870 873 1933 Sed
889 1869 929 1932 ad
945 1870 1080 1933 eundem
1095 1869 1214 1933 iontem
1228 1869 1450 1933 revertendum
1466 1877 1525 1944 est,
1541 1872 1771 1955 aegritudinem

441 1985 567 2028 omnem
588 1963 700 2049 procul
721 1964 831 2027 abesse
852 1983 871 2027 a
893 1965 1049 2045 sapiente,
1071 1964 1158 2047 quod
1181 1966 1283 2028 inanis
1306 1966 1361 2040 sit,
1384 1965 1471 2048 quod
1487 1964 1603 2028 frustra
1619 1965 1773 2050 suscipia-

441 2065 507 2132 tur,
530 2057 617 2142 quod
639 2077 703 2120 non
725 2065 837 2120 natura
858 2058 1036 2131 exoriatur,
1059 2058 1115 2120 sed
1138 2058 1272 2132 iudicio,
1296 2060 1352 2123 sed
1374 2060 1538 2141 opinione,
1560 2058 1616 2122 sed
1633 2061 1771 2144 quadam

441 2154 626 2217 invitatione
648 2151 688 2215 ad
711 2150 898 2224 dolendum,
921 2171 992 2214 cum
1007 2151 1040 2213 id
1056 2152 1289 2215 decreverimus
1304 2153 1349 2216 ita
1364 2150 1433 2216 fieri
1449 2162 1607 2236 oportere.
1636 2150 1687 2214 83.
1703 2153 1772 2215 lloc

404 2246 600 2321 rodetraato,
622 2246 707 2328 quod
725 2253 827 2309 totum
842 2252 889 2308 est
904 2245 1132 2322 voluntarium,
1154 2247 1317 2329 aegritudo
1333 2249 1394 2311 erit
1408 2247 1532 2310 sublata
1547 2246 1601 2310 illa
1616 2265 1772 2320 maerens,

441 2360 566 2404 morsus
596 2348 702 2402 mmeu
735 2346 768 2402 ct
795 2339 1082 2403 contractiunculae
1112 2342 1267 2424 quaedam
1295 2342 1391 2405 animi
1413 2341 1645 2424 relinquentur.
1682 2341 1771 2403 Hanc

441 2435 548 2498 dicant
575 2453 650 2497 sane
679 2434 868 2507 naturalem,
895 2433 971 2496 dum
1000 2435 1208 2517 aegritudinis
1237 2455 1352 2498 nomen
1374 2435 1457 2499 absit
1484 2454 1596 2518 grave,
1625 2441 1771 2509 taetrum,

440 2527 616 2603 funestum,
639 2527 725 2611 quod
748 2547 818 2590 cum
841 2527 995 2610 sapientia
1018 2547 1088 2590 esse
1110 2537 1222 2611 atque,
1244 2535 1279 2593 ut
1301 2530 1346 2592 ita
1368 2529 1485 2603 dicam,
1512 2527 1654 2592 habitare
1678 2527 1767 2590 nullo

441 2622 536 2685 modo
565 2622 676 2704 possit.
717 2622 759 2684 At
787 2639 869 2703 quae
898 2620 1010 2703 stirpes
1039 2628 1111 2684 sunt
1138 2623 1358 2704 aegritudinis,
1390 2641 1484 2706 quam
1507 2622 1643 2696 multae,
1675 2640 1771 2703 quam

403 2717 585 2779 reamaracl
616 2734 699 2798 quae
727 2715 798 2798 ipso
826 2722 937 2778 trunco
960 2734 1070 2778 everso
1093 2735 1204 2778 omues
1226 2715 1394 2780 elidendae
1417 2721 1562 2788 suntet,
1588 2716 1770 2778 si'necesse

440 2810 515 2885 crit,
537 2810 669 2893 siugulis
691 2807 968 2891 disputationibus.
1003 2808 1153 2892 Superest
1175 2810 1259 2872 enim
1283 2811 1375 2874 uobis
1397 2810 1475 2883 boc,
1498 2807 1690 2873 cuicuimodi
1711 2814 1769 2884 est,

364 2928 368 2936 “
440 2905 550 2968 otium.
584 2902 646 2966 Sed
668 2903 748 2965 ratio
769 2921 834 2963 uua
854 2901 993 2964 omnium
1017 2911 1065 2965 est
1086 2904 1334 2985 aegritudinum,
1358 2904 1449 2988 plura
1472 2903 1618 2975 nomina;
1642 2921 1715 2964 nam
1738 2909 1770 2964 et

439 2998 582 3061 inridere
610 2995 818 3078 aegritudiuis
847 3004 896 3058 est
923 3002 954 3058 et
981 2997 1131 3059 aemulari
1162 3006 1193 3059 et
1218 2999 1395 3061 obtrectare
1417 2995 1610 3060 etmisereri
1634 2995 1770 3078 ataugi,

361 3088 365 3095 ’
439 3092 564 3174 lugere,
585 3110 737 3163 maerere,
758 3109 909 3153 aerumna
924 3086 1030 3164 adfici,
1052 3090 1227 3164 lamentari,
1250 3091 1422 3164 sollicitari,
1438 3090 1555 3164 dolere,
1577 3088 1608 3149 iu
1625 3086 1770 3150 molestia

346 3185 350 3191 ⁴
401 3202 526 3259 adesse,
548 3184 711 3257 adflictari,
733 3183 911 3265 desperare.
944 3179 997 3245 84.
1015 3183 1101 3245 Haec
1116 3184 1224 3247 omnia
1239 3182 1393 3246 deliniunt
1409 3183 1523 3256 Stoici,
1548 3201 1648 3264 eaque
1661 3177 1769 3256 verba,

440 3299 521 3361 quae
544 3279 625 3352 dixi,
648 3276 841 3359 singularum
864 3297 968 3339 rerum
991 3286 1079 3350 sunt,
1102 3297 1180 3351 nou,
1203 3284 1239 3340 ut
1261 3278 1422 3351 videntur,
1445 3276 1573 3340 easdem
1596 3294 1647 3336 rec
1670 3274 1769 3356 signi-

439 3374 550 3448 licaut,
572 3372 629 3436 sed
651 3370 773 3454 aliquid
796 3371 962 3443 differunt,
985 3370 1069 3453 quod
1092 3371 1155 3435 alio
1181 3371 1252 3434 loco
1274 3372 1409 3434 fortasse
1431 3368 1643 3434 tractabimus.
1680 3367 1768 3439 Haec

439 3475 512 3530 sunt
532 3465 608 3528 illae
630 3462 726 3527 fibrae
748 3464 908 3545 stirpium,
939 3484 1017 3545 quas
1041 3464 1130 3526 iuitio
1154 3464 1234 3538 dixi,
1264 3464 1501 3548 persequendae
1523 3469 1556 3525 et
1577 3479 1686 3523 omnes
1709 3460 1765 3523 eli·

439 3559 579 3633 dandae,
603 3579 643 3621 ne
665 3576 813 3641 umquam
836 3555 900 3618 ulla
921 3556 1023 3638 possit
1043 3558 1190 3620 existere.
1224 3560 1371 3640 llaguum
1390 3578 1469 3640 opus
1484 3565 1516 3619 et
1531 3552 1669 3629 difficile,
1692 3555 1765 3638 quis

402 3655 553 3735 senegai?
576 3651 653 3734 quid
674 3659 779 3714 autem
802 3650 996 3734 praeclarum
1018 3671 1081 3713 uon
1103 3652 1186 3714 idem
1210 3652 1365 3714 arduum‘i
1388 3651 1443 3714 scd
1466 3660 1570 3714 tamen
1593 3651 1625 3714 id
1641 3669 1675 3713 sc
1691 3650 1767 3713 elle·

436 3755 554 3809 cturam
582 3744 782 3829 philosophia
811 3741 992 3828 profitetur,
1026 3765 1084 3808 nos
1121 3746 1215 3809 modo
1246 3735 1438 3808 curationem
1467 3746 1536 3808 eius
1563 3744 1766 3827 recipiamus.

435 3840 553 3902 Verum
574 3839 653 3901 baec
676 3837 804 3921 quidem
828 3839 994 3900 hacteuus:
1017 3848 1122 3902 cetera
1137 3840 1424 3923 quotienscumque
1441 3838 1555 3902 voletis
1570 3844 1602 3902 et
1616 3838 1678 3901 hoc
1694 3837 1765 3901 loco

436 3943 468 3999 et
489 3934 559 3997 aliis
581 3940 688 4017 parata
710 3932 801 3995 robis
824 3940 924 3994 eruut.

501 4162 524 4208 4,
542 4158 645 4206 minime
661 4155 710 4204 Gli
726 4180 753 4188 -
773 4154 797 4202 2.
816 4152 925 4212 sustulit,
944 4153 1042 4203 autulii
1061 4154 1149 4214 etiam,
1167 4156 1189 4204 si
1206 4153 1302 4205 Keilius
1322 4156 1448 4216 (Quaestl.
1466 4152 1531 4204 Tull.
1551 4155 1629 4218 Spec.
1643 4168 1669 4219 p.
1684 4155 1763 4205 livill

434 4235 498 4299 sql:
516 4232 627 4292 sustulit,
640 4237 731 4289 tamus,
749 4229 826 4278 sico
844 4256 869 4266 -
887 4229 1001 4277 aluuadc
1014 4229 1162 4279 Ernestius:
1182 4230 1282 4279 aliunde
1298 4231 1356 4279 CO.
1377 4229 1438 4280 «Ubi
1451 4230 1544 4278 Cicero
1556 4228 1634 4278 dicit:
1656 4232 1685 4277 ut
1702 4241 1763 4279 me·

433 4311 484 4360 dici
501 4311 526 4359 iu
542 4313 593 4357 tcto
605 4318 716 4369 corpore
728 4303 846 4353 curando
864 4304 988 4353 minimae
1001 4304 1081 4353 etium
1094 4306 1172 4366 parti,
1191 4305 1212 4353 si
1225 4303 1399 4363 condoluerit,
1413 4304 1580 4361 medeantur,
1593 4304 1632 4353 sic
1644 4301 1763 4367 philoso-

432 4387 522 4451 phiam
539 4385 655 4432 unicusa
671 4378 835 4442 aegritudine
852 4378 955 4428 sublata
970 4382 1059 4428 tamen
1076 4379 1234 4441 singularum
1250 4379 1443 4440 aegritudinum
1456 4379 1493 4439 tut
1505 4378 1677 4443 paupertatis,
1690 4378 1764 4440 iguo·

432 4463 540 4519 minias,
554 4457 631 4514 exilii,
644 4456 755 4506 aliarum
767 4468 856 4504 rerum
867 4455 986 4519 proprias
996 4453 1190 4503 consolationes
1202 4453 1308 4511 allerre,
1319 4466 1413 4503 omnes
1426 4452 1503 4515 vulgo
1516 4456 1555 4503 sic
1567 4453 1662 4503 edunt:
1675 4455 1696 4501 si
1707 4452 1763 4515 quis

433 4551 505 4587 error
517 4537 541 4597 (i.
553 4548 576 4584 e.
590 4534 678 4598 opinio
690 4531 752 4581 mali
764 4532 921 4595 praesentis,
935 4530 960 4579 iu
973 4543 1026 4593 quo
1038 4531 1098 4591 angi
1110 4532 1233 4592 oportere
1246 4528 1372 4589 videatur)
1385 4528 1514 4577 aliunde
1530 4529 1613 4578 extitit
1622 4530 1674 4577 cet.
1693 4526 1762 4587 Quid

433 4614 473 4662 est
489 4610 610 4659 aliunde?
627 4621 660 4656 au
677 4605 839 4667 intelligitur:
859 4610 934 4666 atque
950 4606 1101 4653 uniuersa
1117 4603 1269 4666 acgntudo‘l
1286 4605 1319 4652 at
1336 4602 1402 4651 hacc
1415 4600 1523 4665 quidem
1536 4603 1643 4666 cogitari
1659 4605 1762 4653 tautum

432 4689 532 4749 potest:
558 4698 591 4734 ex
612 4681 812 4743 cananaeam
835 4692 864 4728 ro
888 4692 939 4728 nou
963 4679 1058 4727 existit.
1087 4677 1262 4727 scribendum
1280 4680 1336 4727 est:
1360 4677 1453 4738 siquis
1469 4689 1542 4727 error
1558 4677 1703 4727 alicunde
1720 4679 1761 4739 (ex

432 4759 518 4823 aliqua
537 4771 588 4808 uuu
605 4772 634 4808 re
651 4780 681 4805 =
698 4771 731 4807 ex
746 4756 850 4819 singulis
866 4755 947 4816 rebus)
963 4756 1057 4814 extitit,
1077 4754 1148 4818 quod
1166 4754 1295 4817 superiori
1311 4753 1431 4801 minimae
1446 4753 1522 4802 etiam
1536 4753 1643 4814 parti,
1664 4754 1763 4804 naon-

431 4834 509 4884 dotuit
526 4835 574 4882 rite
592 4833 744 4897 respondet.
764 4832 802 4880 Ile
816 4831 939 4879 codicum
951 4829 1105 4879 contusione
1119 4828 1151 4878 cl.
1165 4830 1184 4889 1,
1198 4828 1256 4877 53.»
1271 4827 1311 4876 W.
1328 4853 1353 4862 -
1368 4825 1393 4875 3.
1409 4827 1508 4889 pupigit
1525 4826 1630 4876 (9441-
1645 4825 1669 4877 l.
1683 4840 1762 4889 puae·

432 4922 479 4970 pue
500 4910 573 4957 neoda
596 4908 614 4957 C
638 4932 665 4943 -
690 4909 714 4957 a.
733 4906 777 4956 etsi
794 4905 820 4968 (i.
840 4918 863 4954 e.
883 4906 1044 4965 quamquam)
1063 4903 1175 4953 Keilius:
1194 4903 1253 4952 etsi
1271 4901 1304 4959 C3
1324 4899 1355 4964 [ot
1371 4901 1400 4965 si]
1419 4900 1547 4950 lambino
1565 4904 1673 4951 auctore
1692 4902 1712 4952 0
1731 4928 1758 4938 -

431 4984 456 5032 9.
474 4984 518 5031 boc
535 4984 645 5031 detracto
656 5008 693 5018 --
704 4982 876 5042 relinquuntur
891 4980 989 5029 Nonius
1007 4992 1034 5042 p.
1047 4979 1089 5027 92.
1105 5004 1131 5013 -
1153 4978 1190 5026 40.
1210 4975 1264 5039 illa]
1283 4976 1320 5024 ila
1336 4977 1366 5023 G¹
1380 5003 1406 5012 -
1427 4977 1466 5025 44.
1485 4976 1702 5026 contractiuncula
1718 4990 1761 5027 re-

431 5058 558 5119 linquetur
574 5055 693 5117 Bentley,
712 5057 732 5105 0
752 5082 778 5091 -
798 5049 983 5116 condonati*
1002 5077 1029 5087 -
1049 5052 1089 5102 44.
1105 5057 1184 5114 potest
1202 5052 1270 5100 Bake
1289 5048 1305 5099 l.
1319 5048 1336 5099 Ι.
1355 5063 1380 5113 ρ.
1395 5051 1436 5099 or.
1457 5078 1484 5086 -
1503 5051 1534 5101 At
1551 5064 1615 5112 quoe
1631 5050 1757 5115 Bentley:

431 5137 506 5193 atque
523 5132 542 5181 C
561 5156 588 5166 -
610 5133 650 5180 ⁴5.
667 5130 794 5193 eligendae
812 5129 846 5187 C,
865 5128 999 5178 uiciendae
1016 5126 1148 5182 lilotzius;
1167 5128 1231 5175 item
1249 5139 1274 5174 v.
1286 5125 1318 5174 93
1337 5126 1394 5188 (uisi
1412 5125 1483 5187 quod
1501 5125 1536 5175 ibi
1554 5126 1680 5190 eligendae
1696 5128 1723 5175 iu
1740 5127 1760 5176 lt

431 5218 468 5255 m.
487 5204 637 5254 recentiore
660 5206 810 5253 correctum
832 5205 872 5252 est
893 5203 919 5252 iu
940 5202 1083 5263 elidendae).
1110 5200 1149 5250 Cl.
1168 5203 1188 5250 ll
1208 5202 1222 5264 5
1239 5202 1279 5250 97.
1301 5226 1328 5237 -
1354 5201 1392 5250 48.
1412 5206 1435 5250 et
1456 5205 1516 5251 ante
1539 5204 1600 5265 angi
1616 5214 1671 5252 om.
1690 5203 1711 5251 0
1729 5227 1756 5237 -

432 5281 472 5330 49.
490 5279 621 5329 sollicitari
638 5292 691 5329 om.
707 5274 737 5328 G¹
757 5306 783 5314 -
803 5278 843 5327 2⁰.
861 5277 941 5327 statici
958 5277 978 5324 G
999 5303 1025 5312 -
1043 5277 1083 5325 22.
1102 5276 1169 5324 llaec
1186 5276 1220 5326 C:
1240 5276 1337 5325 44ωο.
1357 5274 1418 5324 Cl.l
1437 5274 1504 5338 599.
1524 5276 1554 5324 lv
1569 5276 1636 5340 536.
1655 5275 1757 5339 9584.

432 5354 583 5405 Fleckeisen
601 5355 626 5402 in
644 5354 709 5404 llus.
730 5353 812 5402 Rhea.
831 5354 860 5402 N.
880 5353 906 5401 s.
920 5350 974 5408 Vll,
986 5350 1034 5399 273
1046 5362 1106 5413 sqq.
1128 5376 1154 5385 -
1174 5348 1214 5399 st.
1233 5350 1287 5398 ulla
1303 5362 1423 5411 umquam
1440 5349 1460 5398 0
1480 5376 1507 5386 -
1525 5350 1566 5400 27.
1584 5350 1645 5400 toea
1661 5350 1760 5412 wdem

430 5432 464 5483 W
482 5430 549 5495 (coll.
568 5432 610 5490 lll,
629 5428 653 5481 l.
672 5429 713 5480 ts.
731 5428 774 5488 lV,
793 5428 816 5478 3.
836 5428 856 5489 1,
874 5427 915 5476 99.
934 5424 991 5475 449.
1010 5424 1042 5484 V,
1061 5426 1101 5475 ll.
1121 5423 1160 5474 39.
1185 5423 1266 5474 acad.
1286 5425 1305 5486 1,
1323 5424 1365 5474 94.
1388 5422 1462 5473 Oitlc.
1481 5424 1500 5484 l,
1520 5423 1559 5474 49.
1578 5425 1621 5487 111,
1640 5424 1682 5476 47.
1700 5425 1756 5476 lnv.

429 5506 461 5568 u,
480 5508 549 5569 rest:
570 5505 669 5566 quem
684 5504 744 5554 naec
762 5491 826 5558 cb.
