4342 7459
769 1241 836 1304 bre.
858 1239 896 1302 V.
927 1235 1000 1304 Car.
1022 1237 1159 1303 11-111.
1186 1235 1233 1321 §5
1254 1235 1363 1301 5-3.
1669 1232 1731 1301 333

407 1409 440 1467 et
459 1400 568 1465 multis
582 1410 656 1465 ante
671 1400 805 1465 saeculis
821 1401 1016 1485 Lycurgum,
1040 1401 1129 1463 cuiue
1145 1397 1338 1483 temporibus
1353 1398 1510 1461 Homerus
1524 1397 1620 1461 etiam
1633 1395 1732 1462 inisse

406 1504 479 1559 ante
500 1495 583 1559 hanc
604 1496 714 1558 urbem
736 1495 893 1558 conditam
915 1494 1060 1566 traditur,
1082 1500 1116 1556 et
1136 1494 1198 1556 iam
1219 1492 1359 1555 heroicis
1382 1491 1536 1555 aetatibus
1557 1492 1682 1556 Ulixem
1700 1499 1734 1556 et

405 1589 571 1652 Nestorem
600 1589 779 1673 accepimus
812 1596 844 1650 et
870 1587 969 1650 fuisse
999 1597 1029 1649 et
1057 1585 1182 1648 habitos
1211 1605 1282 1649 esse
1310 1585 1472 1669 sapientis.
1518 1583 1549 1648 8.
1571 1587 1635 1650 Nec
1656 1606 1733 1651 vero

406 1683 516 1746 Atlans
546 1684 703 1745 sustinere
731 1680 854 1745 caelum
884 1702 943 1743 nec
973 1680 1179 1743 Prometheus
1202 1677 1326 1743 adfixus
1349 1678 1488 1742 Caucaso
1509 1699 1569 1743 nec
1590 1681 1735 1744 stellatus

408 1774 551 1858 Cepheus
573 1796 644 1839 cum
667 1795 786 1846 uxore,
808 1795 938 1856 genero,
968 1772 1031 1836 tilia
1053 1772 1239 1846 traderetur,
1260 1774 1324 1835 nisi
1347 1773 1530 1836 caelestium
1553 1774 1660 1838 divina
1681 1791 1757 1837 co·s

407 1868 504 1949 gnitio
539 1889 655 1932 nomen
690 1889 800 1931 eorum
834 1868 872 1930 ad
903 1888 1039 1931 errorem
1068 1866 1193 1929 fabulae
1215 1867 1417 1930 traduxisset.
1461 1868 1625 1951 Aquibus
1647 1868 1734 1932 ducti
1798 1899 1801 1904 ,

408 1960 558 2045 deinceps
581 1982 709 2035 omnes,
731 1964 786 2044 qui
810 1964 841 2024 in
865 1982 969 2024 rerum
985 1960 1253 2042 contemplatione
1269 1959 1374 2024 studia
1392 1960 1561 2043 ponebant,
1577 1962 1734 2044 sapientes

407 2063 439 2117 et
459 2055 659 2119 habebantur
681 2064 714 2117 et
735 2055 986 2125 nominabantur,
1009 2053 1105 2136 idque
1127 2073 1236 2117 eorum
1255 2073 1371 2117 nomen
1393 2074 1495 2138 usque
1516 2052 1555 2116 ad
1580 2054 1735 2139 Pythago·

407 2167 459 2212 rae
480 2150 621 2213 manarit
641 2156 792 2221 aetatem,
825 2168 936 2230 quem,
967 2155 1001 2209 ut
1030 2148 1141 2210 scribit
1161 2148 1287 2211 auditor
1307 2148 1444 2215 Platonis
1466 2149 1614 2212 Ponticus
1636 2150 1734 2213 Hera·

408 2242 515 2313 clides,
529 2243 580 2305 vir
594 2243 707 2305 doctus
729 2246 762 2304 in
777 2242 898 2324 primis,
916 2240 1097 2304 Phliuntem
1112 2242 1218 2304 ierunt
1232 2242 1355 2304 venisse
1369 2260 1504 2324 eumque
1519 2262 1589 2306 curn
1604 2243 1734 2318 Leonte,
1745 2257 1772 2304 tc

408 2335 550 2419 principe
571 2335 808 2409 Phliasiorum,
823 2334 914 2397 docte
937 2343 968 2397 et
989 2335 1118 2417 copiose
1132 2335 1318 2398 disseruisse
1334 2334 1501 2417 quaedam.
1528 2334 1626 2398 Cuius
1647 2335 1735 2419 inge·

407 2430 492 2492 nium
515 2438 548 2493 et
569 2429 785 2513 eloquentiam
808 2449 878 2491 cum
900 2427 1072 2490 admiratus
1096 2436 1180 2491 essct
1201 2430 1298 2501 Leon,
1320 2428 1516 2511 quaesivisse
1538 2449 1579 2491 cx
1601 2450 1650 2503 eo,
1672 2448 1735 2513 que

408 2524 543 2588 maxime
554 2531 621 2586 arte
633 2521 820 2595 confiderem
836 2530 867 2583 at
878 2521 967 2583 illurn
979 2530 1076 2583 artem
1087 2522 1215 2603 quidem
1227 2542 1261 2584 se
1277 2524 1358 2586 scire
1373 2522 1503 2596 nullam,
1514 2522 1571 2586 sed
1585 2542 1655 2587 esse
1665 2523 1736 2607 pbi-

408 2614 584 2699 losophum.
613 2614 643 2677 9.
659 2616 855 2679 Admiratum
878 2615 1028 2676 Leontem
1045 2617 1216 2677 novitatem
1231 2616 1368 2679 nominis
1384 2617 1591 2700 quaesivisse,
1607 2618 1734 2703 quinam

408 2719 513 2774 essent
540 2710 723 2794 philosophi
754 2710 882 2791 etquid
914 2708 1075 2769 intereos
1098 2709 1291 2792 etreliquos
1313 2710 1496 2785 interesset3
1527 2710 1773 2795 Pythagoremts

408 2811 511 2865 entem
534 2803 737 2887 respondisse
760 2803 896 2867 similem
920 2800 979 2864 sihi
1004 2801 1103 2864 videri
1120 2803 1214 2865 vitam
1235 2803 1398 2866 hominum
1414 2811 1446 2866 et
1466 2812 1638 2869 mercatum
1654 2826 1735 2879 essm,

409 2897 462 2980 qui
489 2896 661 2961 haberetur
695 2917 842 2960 maxumo
875 2896 1020 2957 ludorum
1051 2903 1203 2977 apparatu
1238 2897 1335 2959 totius
1363 2897 1514 2960 Graeciae
1543 2898 1735 2961 celebritate.

408 2990 484 3053 Nam
512 2998 549 3052 ut
568 2990 642 3053 -illic
670 2991 724 3053 alii
754 2990 941 3071 corporibus
972 2988 1152 3050 exercitatis
1175 2989 1306 3070 gloriam
1328 2997 1361 3051 et
1381 2989 1579 3053 nobilitatem
1600 3010 1735 3055 coronae

408 3090 565 3165 peterent,
595 3084 647 3146 alii
676 3083 802 3145 emendi
830 3091 885 3144 aut
913 3080 1070 3143 vendendi
1093 3089 1228 3163 quaestu
1250 3090 1282 3144 ct
1310 3083 1397 3145 lucro
1421 3082 1624 3157 ducerentur,
1651 3092 1737 3149 esset

409 3183 515 3238 antem
544 3175 706 3259 quoddam
735 3196 836 3257 genus
865 3195 989 3246 coruus,
1017 3173 1117 3257 idque
1146 3174 1196 3237 vel
1225 3176 1362 3238 maxime
1383 3176 1572 3257 ingenuum,
1602 3178 1656 3261 qui
1677 3195 1774 3245 necte

409 3267 554 3350 plausum
578 3289 636 3332 nec
660 3269 779 3331 lucrum
804 3275 1006 3352 quaererent,
1030 3268 1084 3329 scd
1108 3268 1230 3330 visendi
1253 3288 1348 3331 causa
1364 3270 1508 3333 venirent
1529 3271 1735 3357 studioseque

410 3364 626 3444 perspicerent
655 3364 732 3446 quid
761 3370 907 3445 ageretur
935 3372 966 3423 et
995 3382 1058 3445 quo
1090 3362 1202 3424 modo:
1231 3362 1305 3425 item
1328 3382 1387 3425 nos
1410 3363 1502 3446 quasi
1524 3364 1558 3427 in
1580 3375 1735 3430 mercatos

411 3456 569 3538 quandam
593 3457 808 3519 celebritatem
831 3477 871 3518 ex
894 3456 971 3517 urbe
993 3456 1113 3536 aliqua,
1136 3456 1234 3517 sicin
1258 3454 1340 3519 hanc
1361 3458 1454 3519 sitam
1477 3477 1517 3519 ex
1539 3457 1601 3521 alia
1619 3460 1682 3523 rita
1704 3469 1736 3524 et

410 3559 519 3613 natura
541 3550 717 3632 proiectos,
747 3548 824 3613 alios
846 3551 964 3631 gloriae
987 3550 1120 3621 servire,
1143 3548 1222 3611 alios
1244 3551 1415 3631 pecuniae3
1437 3570 1525 3614 raros
1548 3571 1618 3617 esse
1640 3574 1736 3637 quos·

410 3640 495 3716 dam,
518 3644 573 3725 qui
597 3644 709 3706 ceteris
732 3645 878 3707 omnibus
901 3663 958 3727 pro
982 3642 1082 3704 nihilo
1106 3641 1221 3704 habitis
1244 3662 1349 3704 rerum
1364 3652 1507 3708 naturam
1523 3644 1665 3710 studiose
1687 3647 1773 3713 in·ee

410 3743 587 3808 tuerentur;
611 3737 669 3797 hos
691 3757 725 3798 sc
745 3735 908 3819 appellare
923 3737 1099 3818 sapientiae
1115 3736 1286 3810 studiosos,
1308 3737 1340 3798 id
1356 3746 1403 3800 est
1418 3739 1502 3801 enim
1519 3739 1735 3825 philosophos,
1829 3772 1852 3830 3,

411 3838 440 3892 et
460 3838 495 3893 ut
513 3830 578 3892 illic
596 3830 851 3892 liberalissimum
871 3837 954 3892 esset
972 3838 1114 3912 spectare
1133 3828 1213 3891 nihil
1235 3831 1294 3893 sibi
1308 3831 1541 3915 adquirentem,
1563 3835 1657 3898 sicin
1673 3838 1735 3900 vita
1842 3827 1848 3838 ’

410 3921 503 4005 longe
525 3923 672 3986 omnibus
694 3922 809 3984 studiis
831 3922 1131 4005 contemplationem
1150 3943 1255 3986 rerum
1272 3925 1553 4011 cognitionemque
1567 3939 1735 4013 praestare.

789 4053 815 4060 --
824 4053 868 4060 ο...
877 4052 948 4060 ..ι-ο·-
957 4052 1173 4063 -n—oo-—u-

474 4127 497 4173 4.
516 4125 651 4188 lggurgsnn
668 4126 716 4172 644
738 4151 759 4158 -
780 4124 803 4173 4.
823 4128 846 4171 et
862 4124 914 4171 iam
925 4122 1036 4173 Orellius
1054 4125 1087 4173 tin
1099 4124 1289 4186 adnotationel:
1308 4128 1384 4176 etiam
1396 4128 1447 4178 CO
1462 4156 1485 4164 -
1507 4128 1529 4179 4.
1550 4132 1648 4182 amians
1664 4146 1734 4185 corr.

411 4201 436 4249 iu
452 4201 535 4250 atlans
552 4201 585 4249 lt:
605 4200 722 4247 44444444
738 4211 806 4248 corr.
826 4200 851 4247 io
870 4199 968 4247 athlans
986 4201 1020 4252 6;
1043 4200 1114 4249 Atlas
1131 4202 1178 4250 440
1198 4228 1224 4237 -
1243 4202 1268 4251 6.
1287 4204 1455 4253 4444444444
1472 4206 1491 4254 6
1510 4204 1567 4267 (sed
1586 4208 1610 4255 in
1629 4208 1682 4256 Gn
1700 4208 1735 4259 ab

412 4275 468 4324 ead.
487 4289 523 4325 m.
543 4277 738 4338 superscripta,
762 4274 786 4322 in
806 4275 824 4322 8
843 4277 941 4336 puncto
958 4272 1046 4323 deleta
1063 4276 1123 4335 est).
1148 4276 1212 4325 Vide
1230 4275 1263 4325 ad
1281 4278 1314 4326 lll
1332 4276 1347 4339 fi
1364 4278 1404 4327 34.
1427 4304 1454 4315 -
1479 4281 1502 4328 8.
1517 4281 1650 4343 phitagore
1666 4284 1687 4331 G
1705 4307 1733 4320 -

412 4352 450 4400 46.
463 4352 602 4414 philuntem
620 4351 639 4400 C
660 4376 686 4385 -
712 4348 751 4398 44,
771 4349 953 4398 atmirotumG
981 4374 1006 4383 -
1033 4349 1072 4398 46.
1092 4350 1146 4398 uita
1164 4352 1212 4399 Gli
1233 4378 1258 4387 -
1280 4351 1317 4401 48.
1338 4352 1396 4416 iilic]
1414 4354 1451 4401 illi
1468 4354 1487 4403 C
1507 4379 1533 4389 -
1552 4353 1593 4404 44.
1609 4359 1737 4419 perspice-

410 4425 472 4489 rent]
498 4427 535 4475 ui.
559 4439 583 4475 e.
603 4425 811 4487 cognoscerent,
839 4422 871 4473 ci.
892 4423 933 4480 441,
951 4423 983 4472 80
1002 4424 1142 4485 perspicere
1164 4438 1224 4475 cum
1249 4427 1301 4475 Fet.
1322 4426 1336 4490 g
1356 4428 1395 4486 40,
1421 4427 1466 4476 ubi
1483 4429 1508 4478 in
1526 4429 1622 4482 eodem
1640 4433 1735 4499 Zopyri

411 4498 479 4548 dicto
497 4504 539 4551 est
553 4513 699 4561 pernoscere
712 4519 724 4542 ·
743 4499 785 4547 W.
807 4524 832 4532 -
853 4501 901 4547 iter
917 4511 961 4546 nos
977 4499 1050 4558 quusi
1061 4524 1098 4535 --
1110 4500 1198 4561 aliqua
1215 4502 1312 4551 Nonius
1330 4515 1355 4565 p.
1368 4501 1424 4552 434.
1444 4529 1470 4539 -
1489 4503 1529 4553 43.
1548 4508 1679 4567 quandam
1694 4523 1737 4560 ce-

411 4573 521 4624 lebritate
539 4576 587 4624 644
609 4602 635 4613 -
654 4574 694 4623 48.
714 4574 937 4635 cogitationemque
953 4573 988 4621 C.
1009 4574 1113 4622 nectari
1130 4574 1207 4623 codd.
1221 4578 1294 4624 recte
1306 4578 1525 4639 cognitionemque.
1546 4579 1595 4640 Ci,
1614 4582 1659 4632 ubi
1671 4584 1737 4634 item

411 4650 461 4697 uita
479 4648 683 4713 contemplativa
701 4643 729 4710 (ὁ
746 4642 921 4717 θεωρητικὸς
936 4645 1011 4711 βίος)
1035 4651 1132 4698 ceteris
1150 4652 1218 4700 vitae
1235 4650 1373 4713 degendae
1390 4654 1537 4704 rationibus
1554 4658 1736 4719 praeponitur,

411 4722 444 4773 de
468 4725 521 4775 Fio.
544 4725 576 4784 V,
599 4726 625 4773 44
656 4724 723 4772 Vitae
748 4723 872 4783 degendae
895 4724 1025 4783 ration,
1053 4725 1079 4772 in
1101 4725 1368 4788 contemplatione
1391 4732 1422 4777 et
1446 4728 1630 4791 cognitione
1652 4732 1738 4793 posita

410 4811 513 4849 rerum
531 4803 583 4850 cet.
608 4799 640 4849 58
656 4799 787 4847 44444444
806 4798 939 4858 (actiones)
957 4804 1013 4847 sunt
1026 4801 1291 4850 --consideratio
1307 4803 1513 4865 cognitioque
1533 4817 1640 4854 rerum
1654 4806 1737 4856 caele·

410 4876 482 4923 stium
499 4879 551 4924 cet.
579 4875 611 4924 87
629 4886 706 4935 quam
723 4873 811 4933 (vitam
830 4871 947 4932 beatam)
964 4876 986 4922 si
1002 4876 1078 4923 etiam
1095 4877 1122 4924 in
1138 4889 1242 4924 rerum
1264 4878 1445 4940 cognitione
1463 4878 1585 4941 ponebat,
1604 4885 1687 4930 tamen
1702 4895 1738 4931 44

410 4952 454 5001 illa
475 4952 664 5015 investigatione
683 4954 792 4998 naturae
809 4951 861 4998 cet.
891 4949 924 4997 de
942 4949 1053 4997 Divinat.
1073 4950 1098 5008 l,
1118 4950 1161 4998 444
1183 4951 1278 4999 ttamen
1294 4955 1331 4999 est
1346 4953 1472 5012 quoddam
1487 4966 1564 5016 genus
1580 4968 1675 5014 eorum,
1693 4958 1738 5019 qui

411 5050 446 5062 --
457 5026 491 5074 ad
502 5026 616 5074 diuinam
632 5038 738 5073 rerum
755 5024 970 5087 cognitionem
981 5049 1017 5060 --
1029 5025 1171 5087 rapiuntur.
1191 5025 1267 5073 Tusc.
1282 5025 1354 5088 Diep.
1368 5026 1387 5083 l,
1401 5024 1433 5077 44
1445 5026 1622 5090 destiterimus,
1634 5043 1737 5080 cum--

411 5105 472 5148 totos
497 5113 543 5148 nos
567 5101 597 5148 in
621 5099 870 5159 contemplandis
901 5098 993 5147 rebus
1013 5100 1314 5161 perspiciendisque
1339 5105 1737 5167 ponemus--cognitionem

410 5186 510 5222 rerum
530 5174 719 5222 caelestium.
751 5174 789 5223 Ci.
809 5174 888 5223 etiam
911 5173 944 5222 de
969 5175 1063 5223 eadem
1086 5173 1127 5223 illa
1151 5172 1371 5237 contemplatione
1397 5189 1487 5227 rerum
1504 5176 1548 5248 (τῇ
1566 5178 1683 5251 θεωρίᾳ)
1701 5181 1735 5232 de

411 5246 483 5297 offic.
503 5249 522 5306 l,
541 5247 588 5296 453
605 5250 748 5310 cognitio
770 5248 1058 5309 contemplatioque
1078 5254 1195 5298 naturae.
1222 5248 1269 5299 454
1285 5251 1312 5299 44
1333 5253 1505 5314 perspicienda
1521 5266 1736 5316 cognoscen-

411 5322 523 5383 daque
549 5335 635 5370 rerum
660 5328 764 5371 4444444.
792 5324 839 5372 455
865 5335 972 5382 quorum
997 5325 1051 5372 uita
1076 5326 1156 5372 omnis
1179 5326 1206 5373 in
1234 5337 1337 5373 rerum
1364 5328 1542 5390 cognitione
1565 5335 1667 5379 444444
1690 5336 1734 5379 est.

411 5398 457 5446 4444
475 5397 639 5459 cognitionem
655 5411 748 5447 rerum.
776 5398 816 5447 43.
834 5400 1044 5461 cognitionem
1065 5412 1169 5448 rerum
1190 5406 1235 5449 aut
1257 5401 1411 5450 occultarum
1432 5407 1477 5451 ant
1499 5403 1686 5453 admirabilium
1701 5406 1739 5453 ad

411 5470 479 5520 44444
499 5472 632 5520 uiuendum
649 5473 815 5522 necessariam
837 5473 957 5521 ducimus.
992 5471 1096 5522 Tuscul.
1116 5474 1216 5537 Disput.
1236 5475 1266 5535 V,
1285 5476 1316 5526 68
1333 5489 1397 5526 unus
1421 5479 1511 5536 (animi
1528 5477 1605 5540 letus)
1630 5479 1658 5527 in
1681 5492 1738 5528 co·

411 5547 551 5609 positione
573 5559 675 5596 rerum
692 5548 787 5606 positm
803 5552 827 5595 et
846 5549 872 5596 in
888 5548 1053 5609 supinatione
1068 5553 1185 5598 naturae.
1216 5550 1257 5609 lV,
1279 5552 1310 5600 bl
1334 5554 1483 5612 sementiam
1503 5565 1553 5602 esse
1567 5564 1654 5601 rerum
1669 5553 1734 5603 44444-

411 5633 503 5669 sam
523 5626 546 5669 et
567 5620 736 5668 humanorum
752 5620 882 5669 scientiam
900 5624 1189 5684 cognitionemque,
1209 5638 1273 5687 quae
1291 5626 1409 5688 cuiusque
1427 5628 1465 5675 rei
1483 5639 1561 5676 caum
1577 5627 1609 5675 sit
1623 5648 1654 5675 =
1670 5628 1701 5688 V,
1719 5630 1736 5678 4

412 5696 556 5743 4444444444
577 5694 792 5757 humanarumque
817 5710 934 5757 rerum,
963 5703 1016 5745 tum
1036 5699 1166 5748 initiorum
1188 5713 1372 5762 causarumque
1390 5703 1509 5765 cuiusque
1531 5703 1569 5751 rei
1593 5703 1737 5765 cogniti-

412 5781 474 5819 one.
501 5769 675 5820 8cueiestium
701 5772 788 5820 divino
806 5774 946 5834 cognitio
963 5798 977 5810 ·
993 5800 1007 5809 ·
1023 5776 1050 5821 in
1071 5788 1158 5823 rerum
1178 5778 1383 5838 contemplatione
1407 5777 1452 5836 (68
1472 5778 1507 5826 ad
1526 5778 1736 5839 cognitionem

412 5845 663 5907 intellegentiamque,
685 5852 714 5895 ot
735 5847 769 5896 de
793 5846 866 5896 otfic
886 5848 909 5906 l,
929 5848 967 5898 48.
987 5849 1028 5898 49.
1057 5850 1103 5900 458
1123 5852 1231 5911 cognitio
1252 5858 1274 5899 et
1290 5853 1405 5912 scientio,
1430 5852 1486 5902 tes.
1506 5850 1562 5900 4443.
1581 5851 1629 5901 454
1647 5856 1736 5917 cogni-

413 5919 465 5983 444).
493 5917 597 5979 Quinti.
617 5922 651 5982 lt,
671 5923 711 5983 48,
731 5923 740 5969 4
762 5923 857 5972 artium
877 5922 943 5973 oliae
960 5925 1058 5985 positae
1077 5928 1106 5975 in
1128 5925 1321 5988 inspectione
1338 5928 1381 5991 (ε
1396 5924 1638 5991 contemplatione),
1658 5928 1686 5979 id
1700 5935 1737 5981 est
