4342 7459
680 1263 748 1326 m..
763 1263 803 1325 11.
836 1260 1218 1326 cmxxxvn-xu.
1249 1256 1457 1345 §poa-as.
1669 1253 1731 1321 sta

407 1425 481 1511 dos,
503 1444 569 1512 qua
589 1424 776 1511 disciplina,
799 1426 917 1511 quibus
939 1427 1084 1492 moribus
1106 1428 1164 1491 sut
1186 1425 1319 1515 iegibus
1340 1423 1547 1491 constituere
1567 1422 1625 1489 vel
1645 1441 1733 1490 con-

407 1548 548 1596 servare
570 1533 747 1615 possimus.

492 1633 661 1701 XXXIX.
696 1630 759 1700 65.
791 1636 856 1701 4446
879 1635 1080 1702 Africanus:
1114 1635 1201 1701 Puto
1231 1635 1330 1700 nobis
1358 1654 1434 1699 mox
1456 1632 1498 1698 de
1520 1630 1733 1698 instituendis

407 1740 443 1804 64
464 1737 710 1806 conservandis
732 1741 926 1806 civitatibus
946 1742 1119 1825 aptiorem,
1141 1739 1285 1827 Tubero,
1308 1739 1381 1805 iore
1402 1735 1592 1803 disserundi
1615 1737 1748 1833 locum.⁸

407 1842 459 1907 146
502 1846 626 1927 optimo
670 1847 780 1909 autem
822 1847 915 1909 statu
958 1843 1108 1929 equidem
1152 1835 1340 1909 arbitrabar
1375 1860 1425 1906 me
1460 1843 1547 1906 satis
1581 1833 1759 1925 responl-ti

407 1944 498 2010 disse
524 1944 567 2010 ad
589 1946 638 2031 ld,
663 1946 750 2032 quod
773 1949 961 2032 quaesierat
984 1948 1129 2012 Laelius.
1172 1946 1314 2012 Primum
1338 1947 1423 2010 enim
1446 1964 1582 2011 numero
1605 1934 1733 2026 [pila.

407 2048 596 2115 definieram
623 2070 751 2140 genera
773 2053 944 2117 civitatum
968 2054 1031 2116 tria
1054 2051 1257 2134 probabilia,
1286 2050 1475 2135 perniciosa
1494 2054 1606 2115 autem
1628 2048 1735 2113 tribus

407 2155 473 2219 illis
495 2153 632 2219 totidem
655 2156 839 2236 contraria,
861 2155 1050 2239 nullumque
1073 2173 1116 2220 ex
1139 2156 1188 2219 cis
1210 2172 1308 2219 unum
1332 2172 1406 2220 esse
1429 2157 1596 2238 optimum,
1617 2150 1678 2220 sed
1700 2149 1735 2215 id

407 2263 581 2341 praestare
610 2259 773 2345 singulis,
802 2257 889 2344 quod
920 2275 938 2324 e
968 2259 1075 2324 tribus
1103 2259 1216 2341 primis
1237 2259 1330 2321 esset
1353 2256 1480 2322 modice
1502 2260 1731 2342 temperatum.

408 2353 471 2424 66.
500 2358 597 2440 Quod
622 2357 752 2435 lautam
776 2362 929 2446 exemplo
951 2367 1090 2425 nostrae
1112 2362 1261 2426 civitatis
1283 2380 1363 2425 usus
1384 2379 1472 2443 sum,
1493 2380 1560 2424 non
1603 2350 1773 2442 [plico

406 2462 450 2527 ad
479 2463 699 2530 dednicndum
730 2467 886 2550 optimum
916 2468 1040 2530 statum
1069 2466 1175 2530 valuit
1206 2496 1246 2510 -
1274 2482 1349 2528 nam
1376 2464 1410 2528 id
1439 2464 1507 2529 lieri
1530 2466 1640 2549 potuit
1661 2466 1734 2529 sine

407 2568 561 2651 exemplo
583 2596 643 2653 -‚
671 2567 732 2632 sed
754 2572 791 2631 ut
813 2570 953 2634 civitate
974 2569 1116 2634 maximo
1137 2585 1259 2653 reapse
1281 2571 1490 2653 cerneretur,
1518 2568 1615 2653 quale
1643 2569 1734 2632 esset

408 2669 460 2750 ld,
489 2669 577 2755 quod
605 2674 692 2735 ratio
720 2674 894 2757 oratioque
922 2670 1141 2738 describeret·
1186 2666 1249 2738 Sin
1271 2674 1381 2736 autem
1403 2672 1475 2736 sine
1497 2671 1597 2735 ullius
1621 2669 1734 2755 populi

407 2776 560 2859 exemplo
589 2792 699 2866 genos
720 2775 825 2859 ipsam
848 2776 996 2860 exquiris
1018 2775 1130 2858 optimi
1153 2779 1280 2857 status,
1310 2778 1451 2839 naturae
1477 2775 1621 2864 imagine
1639 2775 1734 2838 uien·
1768 2779 1771 2784 '

408 2876 482 2942 dum
506 2882 558 2943 esi
580 2879 692 2961 nobis,
722 2880 875 2963 quoniam
899 2881 936 2942 46
957 2877 1045 2944 6666
1065 2879 1242 2967 imaginem
1265 2877 1356 2943 urbis
1378 2879 1411 2942 et
1433 2877 1548 2963 populi
1569 2877 1602 2941 ni
1618 2867 1646 2925 ³*
1661 2867 1689 2925 ³*
1705 2864 1774 2930 *ti

892 2974 1002 3062 [anua
1022 2974 1252 3062 cinnamon]

492 3084 566 3151 Xia
597 3081 660 3151 67.
681 3078 711 3134 4
726 3076 755 3133 44
771 3076 799 3134 4
822 3105 848 3150 s
871 3104 971 3175 qarern
993 3081 1076 3163 liam
1099 3084 1220 3150 dudum
1243 3104 1367 3172 quaero
1390 3089 1424 3152 et
1445 3084 1488 3150 ad
1511 3104 1605 3171 quem
1628 3075 1734 3166 [pi9.

407 3190 506 3274 cupio
529 3195 716 3275 pervenire.
758 3212 789 3256 ι.
819 3188 1018 3255 Prudentem
1048 3190 1195 3281 fortasse
1218 3182 1380 3276 quaeris?
1416 3189 1498 3256 Tum
1520 3192 1592 3257 llic:
1629 3191 1734 3257 istum

406 3296 525 3379 ipsum·
568 3317 600 3361 6.
630 3296 692 3361 Est
714 3297 773 3362 tibi
796 3314 840 3361 ex
862 3297 911 3360 eis
933 3297 1035 3378 ipsis,
1065 3297 1122 3381 qui
1148 3294 1290 3380 adsunt,
1320 3295 1408 3361 bella
1429 3296 1548 3379 copis,
1577 3294 1633 3360 vel
1654 3297 1735 3359 uta

408 3400 442 3463 te
469 3402 543 3484 ipso
571 3399 713 3465 ordiare.
755 3400 836 3465 'l'um
859 3396 993 3484 Scipio:
1033 3400 1148 3486 Atque
1178 3401 1302 3464 utinam
1333 3418 1376 3465 ex
1408 3402 1494 3464 omni
1524 3402 1643 3465 senatu
1674 3402 1772 3481 proti

407 3504 481 3565 rata
498 3506 594 3586 parte
609 3497 715 3569 esset!
748 3500 811 3570 Set
834 3508 943 3569 tamen
966 3507 1019 3569 est
1042 3504 1098 3567 ille
1121 3501 1278 3587 prudens,
1301 3505 1366 3589 qul,
1387 3506 1425 3567 ut
1446 3520 1550 3589 saepe
1565 3503 1599 3566 in
1614 3503 1734 3569 Attica

409 3606 567 3691 vidimus,
597 3610 726 3674 immani
749 3613 783 3673 64
805 3615 925 3674 vastae
947 3606 1098 3674 insidens
1119 3609 1238 3675 beluae
1259 3612 1395 3674 coercet
1425 3612 1458 3672 et
1485 3609 1574 3696 regit
1596 3607 1735 3693 beluam,

410 3729 616 3797 quocumque
638 3714 710 3778 volt
733 3714 801 3778 levi
822 3712 1002 3799 admonitu,
1024 3732 1091 3777 non
1113 3707 1198 3792 66146
1219 3711 1358 3779 indocili
1379 3712 1467 3777 illam
1486 3711 1602 3777 feram·
1627 3701 1735 3792 [p·20·

408 3833 438 3878 u·
463 3814 549 3878 Novi
573 3818 624 3895 et,
655 3817 713 3882 tibi
736 3834 808 3882 cum
832 3835 937 3881 essem
961 3817 1113 3905 legatus,
1138 3834 1242 3901 saepe
1264 3814 1343 3881 vidi.
1387 3834 1414 3881 s
1437 3813 1530 3904 ltlrgo
1554 3814 1609 3880 iile
1632 3812 1738 3908 indus

408 3921 466 3981 aut
489 3917 624 3984 Poenus
647 3939 744 3986 unam
767 3925 902 3987 coercet
925 3921 1053 3987 beluam
1083 3924 1118 3985 ei
1148 3939 1219 3986 eam
1242 3919 1381 3987 docilem
1404 3922 1438 3984 et
1461 3919 1612 3984 humanis
1632 3916 1774 3983 mori-¹⁸

409 4021 473 4087 bus
500 4020 691 4088 adsuetam:
727 4028 763 4089 64
790 4042 872 4090 vero
902 4043 960 4109 ea,
991 4042 1076 4109 quae
1098 4025 1182 4090 latei
1203 4024 1238 4088 in
1259 4025 1377 4088 animis
1399 4021 1564 4087 hominum
1585 4038 1736 4107 quaeque

409 4144 490 4209 pars
511 4128 609 4191 animi
632 4148 725 4195 mens
747 4135 900 4212 vocatur,
921 4147 989 4193 non
1011 4147 1108 4193 unam
1131 4131 1188 4193 aui
1211 4127 1342 4193 facilem
1364 4125 1406 4191 ad
1430 4124 1649 4215 subigendum
1670 4124 1737 4190 ire·
1775 4194 1779 4203 ,

409 4233 469 4293 664
492 4234 527 4294 64
548 4231 674 4318 domat,
696 4234 723 4297 si
748 4232 880 4318 quando
904 4230 936 4295 ld
959 4230 1072 4313 cilicii,
1095 4230 1184 4316 quod
1205 4249 1344 4317 perraro
1366 4234 1488 4316 potest.
1530 4229 1679 4315 Namque
1701 4232 1737 4296 et

409 4333 466 4397 illa
488 4335 633 4401 tenenda
656 4340 708 4402 est
731 4337 829 4401 ferox
844 4326 873 4383 44
888 4326 917 4383 44
931 4326 961 4382 4

704 4467 932 4557 [desiderantur
952 4471 1111 4534 minimum
1131 4476 1273 4553 66644666
1286 4462 1442 4553 popinae]

495 4624 586 4691 xiii.
622 4620 684 4690 644.
722 4618 753 4685 4.
781 4624 823 4686 Μ.
848 4622 965 4685 Tollius
984 4622 1019 4685 de
1040 4640 1073 4685 re
1089 4620 1172 4703 publ.
1193 4622 1242 4685 444.
1259 4622 1328 4684 41.·“
1351 4640 1435 4706 quae
1456 4619 1610 4703 magadae
1630 4618 1735 4700 alitpr,
1763 4591 1767 4597 ’

409 4736 491 4800 quae
513 4718 547 4779 in
569 4718 655 4780 omni
677 4714 862 4781 crudelitate
883 4718 929 4781 sic
951 4717 1084 4791 exaltat,
1106 4724 1142 4781 ut
1162 4717 1217 4782 vix
1238 4716 1403 4781 homiuum
1424 4714 1547 4779 acerbis
1568 4712 1734 4778 funeribus

409 4812 551 4876 satietur.
594 4808 756 4895 (Nonius
782 4832 812 4876 v.
833 4812 971 4876 sortitore
991 4833 1023 4896 p.
1038 4809 1126 4893 300.)

1744 4448 1773 4497 ³0

474 5072 499 5125 i.
517 5078 542 5124 et
558 5075 584 5124 in
601 5074 621 5125 C
638 5085 699 5139 sup.
712 5072 757 5124 446.
777 5100 804 5113 -
829 5036 987 5126 6666666664
1005 5074 1036 5137 C,
1053 5074 1224 5125 disserntdio
1251 5099 1279 5112 -
1307 5074 1348 5123 44.
1364 5077 1394 5123 st
1409 5072 1519 5136 64644646]
1536 5072 1614 5135 Quod
1630 5074 1667 5124 ait
1683 5072 1734 5124 4464

408 5150 632 5214 praepositionem
655 5164 672 5200 6
693 5151 903 5215 superscriptam
924 5164 1003 5212 esse,
1031 5153 1110 5215 negat
1130 5152 1170 5201 Du
1184 5152 1250 5202 liieu
1271 5148 1354 5201 ullum
1373 5149 1514 5214 vestigium
1533 5148 1734 5213 praepositionis

408 5282 538 5335 apparere
566 5297 590 5310 -
619 5272 748 5323 amnasC
777 5298 804 5308 -
831 5235 1008 5333 6666666646
1032 5300 1060 5312 -
1089 5274 1130 5325 it.
1146 5274 1236 5336 otiaris
1252 5274 1481 5338 circumscriptam
1497 5284 1559 5324 esse
1575 5268 1733 5335 iudicas--l

407 5391 540 5458 supplevit
555 5394 586 5444 Α.
600 5395 649 5444 4464
678 5420 705 5431 -
733 5395 773 5445 44.
792 5398 956 5446 rarouooac
984 5421 1011 5432 -
1039 5397 1138 5447 srarc
1166 5421 1193 5433 -
1221 5396 1262 5447 t8.
1278 5354 1449 5447 4666466644
1477 5421 1505 5432 -
1533 5394 1647 5444 amurcae
1665 5393 1685 5445 C
1704 5418 1733 5430 -

408 5468 449 5518 49.
468 5482 506 5517 crs
524 5470 553 5531 c,
572 5482 587 5518 r
605 5482 681 5520 erasa
698 5472 767 5520 teste
784 5471 910 5531 Dultteu;
929 5472 967 5521 bis
983 5472 1003 5521 0
1028 5498 1055 5508 -
1082 5484 1159 5522 aaran
1176 5471 1206 5532 C,
1225 5471 1274 5524 aed
1291 5485 1324 5522 ex
1341 5485 1357 5522 s
1374 5471 1442 5523 46646
1460 5468 1602 5520 1-oeist
1618 5464 1735 5520 malebat

407 5591 459 5642 4464
476 5595 523 5641 664
537 5597 566 5642 64
581 5593 621 5643 664
643 5617 671 5630 -
694 5566 810 5642 arerrmo
827 5594 863 5651 ῦς
881 5592 941 5644 lort.
960 5609 978 5645 o
994 5598 1065 5645 46664
1079 5594 1134 5657 ipso
1159 5618 1186 5630 -
1210 5593 1251 5643 44.
1269 5605 1380 5643 mearco
1397 5590 1429 5644 C¹
1446 5617 1474 5630 -
1497 5592 1539 5643 44.
1556 5551 1589 5641 'aa
1606 5591 1626 5642 C
1646 5615 1674 5627 -
1691 5591 1733 5641 44.

407 5672 503 5717 coercet
519 5672 542 5717 64
557 5669 622 5732 repit
637 5668 736 5719 beluam
752 5666 804 5718 del.
817 5669 979 5733 steinaclor,
996 5669 1095 5720 beluam
1105 5670 1207 5726 Osann:
1225 5670 1385 5733 scripturam
1401 5669 1428 5718 in
1444 5668 1495 5718 bac
1511 5680 1571 5732 pag.
1589 5666 1625 5718 ad
1641 5665 1735 5732 legeo-

408 5790 474 5843 dom
492 5789 671 5842 difficillimam
689 5804 748 5842 esso
765 5792 864 5842 notavit
881 5792 921 5843 Du
930 5792 994 5844 44466
1011 5805 1038 5857 p.
1048 5790 1090 5844 i8.
1117 5816 1145 5829 -
1172 5791 1213 5843 43.
1236 5751 1278 5842 'fr
1296 5792 1316 5843 C
1336 5818 1364 5828 -
1381 5790 1431 5842 4664
1448 5790 1516 5842 6664.
1532 5787 1691 5842 Doederlein
1707 5791 1735 5841 64

408 5915 543 5965 16666-
562 5914 603 5966 44.
622 5877 686 5965 6446
704 5915 723 5965 c
743 5939 771 5952 -
789 5913 831 5964 28.
849 5878 952 5964 666466
968 5915 988 5967 C
1007 5940 1035 5951 -
1052 5913 1094 5964 44.
1111 5914 1187 5977 [aroc
1202 5912 1239 5979 [64
1255 5914 1281 5964 46
1297 5911 1375 5964 nobis
1392 5910 1502 5973 inclusa,
1520 5910 1734 5979 umqmmtm,

408 5989 553 6055 mscuodia]
570 5990 703 6058 supplevit
718 5991 778 6055 4464,
796 6002 859 6043 cum
875 5990 917 6042 iris
933 5990 1098 6056 coniungens
1113 5988 1292 6056 lragmenium
1310 6002 1343 6043 ex
1357 5989 1442 6042 Nonio
1458 5987 1531 6053 qood
1546 5988 1677 6054 sequane
