4342 7459
703 1270 771 1335 nn.
786 1271 827 1337 11.
862 1264 1451 1353 cn.xx1v-xxv.§§so-oa.
1667 1262 1731 1330 coa

411 1437 460 1495 est
480 1428 673 1494 vestibulum
695 1427 863 1513 sepulchri,
885 1429 1087 1492 bustumve
1108 1450 1177 1493 usn
1199 1430 1282 1513 capi
1305 1436 1403 1504 vetat,
1425 1436 1533 1493 tuetur
1551 1428 1602 1491 ins
1625 1425 1731 1510 sepul·

411 1524 568 1591 ebrorum.
611 1523 698 1586 Haec
718 1522 870 1586 hahemus
892 1521 925 1584 in
947 1544 1008 1597 ιη,
1037 1542 1114 1586 sano
1136 1521 1309 1586 secundum
1331 1530 1490 1597 naturam,
1517 1540 1598 1605 quae
1620 1539 1732 1583 norma

410 1615 488 1699 legis
511 1623 568 1678 est.
612 1616 745 1698 Reliqua
769 1616 896 1679 suntin
918 1636 1023 1691 more,
1049 1616 1146 1680 funus
1168 1625 1203 1680 nt
1225 1614 1399 1691 indicatur,
1427 1617 1453 1679 si
1477 1616 1553 1700 qnid
1575 1614 1730 1687 indorum,

411 1709 622 1792 dominusque
650 1709 771 1772 funeris
799 1718 904 1773 utatur
925 1730 1058 1774 accenso
1079 1721 1175 1793 atque
1197 1710 1377 1774 lictoribus:
1419 1707 1474 1772 62.
1504 1710 1731 1772 honoratorum

410 1801 549 1866 virorum
580 1802 690 1865 landes
719 1804 751 1865 in
781 1805 926 1866 contione
948 1811 1160 1868 memorentur
1181 1823 1299 1887 easque
1321 1805 1415 1867 etiam
1438 1811 1546 1867 cantus
1567 1801 1608 1865 ad
1630 1799 1754 1865 tinini-s

409 1916 482 1958 nem
504 1905 731 1979 prosequatur,
753 1898 804 1960 cui
826 1918 941 1962 noman
963 1900 1093 1973 neniae',
1117 1920 1180 1982 quo
1203 1898 1354 1962 vocabulo
1376 1898 1471 1962 etiam
1492 1897 1572 1979 aptsd
1593 1895 1731 1958 Graecos

410 1998 520 2053 cantus
543 1989 690 2071 lugubres
712 1992 922 2055 nominantur.

494 2084 593 2145 XXV.
627 2085 663 2162 Q.
693 2085 823 2147 Gaudeo
846 2094 952 2149 nostra
975 2086 1103 2149 iurand
1131 2095 1275 2151 naturam
1303 2084 1535 2150 accommodari
1562 2083 1731 2147 maiorum·

411 2196 474 2259 que
504 2177 659 2260 sapientia
688 2178 856 2242 admodum
887 2179 1034 2242 delector.
1086 2182 1129 2243 M.
1163 2181 1224 2243 Sed
1253 2181 1365 2254 credo,
1400 2180 1536 2255 Quinte,
1571 2183 1606 2239 ut
1632 2174 1729 2237 ceteri

410 2276 571 2353 sumptus,
600 2272 646 2334 sic
674 2273 768 2335 etiam
797 2273 1035 2356 sepulchrorum
1059 2275 1186 2337 modum
1209 2282 1292 2337 reeta
1315 2274 1450 2356 requiri:
1480 2290 1561 2354 quos
1584 2270 1666 2332 enim
1688 2269 1768 2336 adro

409 2372 554 2445 sumptus
584 2385 749 2447 progressa
778 2368 839 2429 iam
868 2368 927 2429 ista
956 2388 1006 2429 res
1035 2368 1091 2440 sit,
1123 2369 1155 2429 in
1184 2368 1218 2435 C.
1239 2366 1341 2449 Figuli
1368 2364 1535 2449 sepulchro
1556 2363 1674 2425 vidisse
1697 2368 1729 2425 te

410 2458 516 2519 credo.
575 2458 735 2523 Minimam
770 2461 844 2524 olim
878 2462 969 2523 istius
1004 2463 1048 2522 rei
1082 2458 1179 2524 luisse
1213 2460 1436 2540 cupiditatem,
1473 2456 1569 2520 multa
1602 2462 1730 2519 exstant

410 2551 556 2633 exempla
578 2554 742 2617 maiorum.
775 2556 907 2617 Nostrae
929 2556 1058 2637 quidem
1082 2555 1160 2636 legis
1182 2555 1381 2637 interpretes,
1404 2571 1469 2635 quo
1491 2550 1594 2633 capita
1616 2549 1729 2612 iuben·

409 2652 461 2706 tur
488 2653 630 2727 sumptus
660 2656 692 2709 et
719 2647 836 2710 luctum
864 2668 1025 2711 removere
1048 2668 1067 2709 a
1090 2648 1221 2711 deorum
1244 2648 1383 2709 manium
1405 2646 1493 2718 iure,
1523 2646 1583 2706 hoc
1604 2640 1729 2705 intelle·

409 2746 484 2820 gant
504 2737 537 2798 in
561 2740 681 2820 primis,
704 2739 939 2823 sepulchrorum
962 2741 1225 2823 magnificentiam
1247 2762 1318 2805 asse
1341 2740 1555 2803 minuendam.
1586 2733 1639 2799 63.
1663 2738 1766 2801 Nacta

410 2832 488 2894 haec
510 2852 529 2893 a
552 2831 794 2914 sapientissimis
817 2835 921 2916 legum
944 2835 1149 2917 scriptoribus
1172 2835 1315 2916 neglecta
1338 2841 1422 2896 sunt.
1457 2833 1536 2894 Nam
1551 2829 1728 2894 eththenis

410 2926 471 2988 iam
498 2926 553 2988 ille
583 2945 650 2988 mos
679 2946 698 2989 a
721 2926 874 3009 Cecrope,
903 2936 939 2991 ut
966 2930 1069 3003 aiunt,
1098 2928 1287 3013 permansit,
1316 2946 1430 3012 eorpus
1457 2935 1541 2989 terra
1567 2923 1729 2998 humandi,

409 3019 493 3104 qnod
517 3041 612 3103 quom
635 3022 778 3103 proxumi
800 3021 940 3084 fecerant
962 3022 1160 3106 obductaque
1182 3031 1265 3086 terra
1286 3030 1370 3095 erat,
1399 3020 1540 3103 frugibus
1561 3017 1729 3081 obseraba-

409 3122 469 3187 tur,
492 3123 527 3176 nt
549 3114 636 3175 sinus
659 3121 691 3175 et
712 3115 865 3194 gremium
890 3116 980 3198 qnasi
1005 3117 1111 3179 matris
1135 3124 1261 3178 mortuo
1284 3116 1486 3186 tribueretur,
1503 3115 1607 3177 solnm
1622 3121 1729 3175 autem

408 3206 550 3290 frugibus
580 3208 741 3290 expiatum
771 3216 806 3269 ut
827 3209 908 3271 vivis
930 3209 1124 3271 redderetur.
1170 3209 1391 3291 Sequebantur
1412 3206 1541 3288 epulae,
1571 3224 1649 3288 quas
1669 3205 1766 3271 ini-aa

410 3310 480 3365 rent
503 3295 671 3385 propinqui
695 3302 847 3375 coronati,
868 3301 953 3385 apud
977 3322 1059 3385 quos
1082 3302 1257 3365 demortui
1280 3299 1374 3363 laude
1397 3320 1504 3384 quom,
1527 3302 1553 3364 si
1569 3299 1647 3383 qnid
1661 3299 1729 3361 reri

404 3404 533 3475 poterat,
556 3402 623 3457 erat
643 3394 857 3477 praedicatum
878 3428 921 3442 -
943 3414 1013 3458 nam
1037 3396 1161 3459 mentiri
1184 3395 1272 3458 netas
1293 3394 1542 3467 habebatur-,
1556 3393 1640 3455 iusta
1654 3412 1730 3455 con-

473 3637 497 3684 t.
516 3635 644 3686 beatamne
660 3639 681 3687 ,4
697 3638 723 3687 in
743 3650 793 3686 ras,
814 3637 896 3688 habet
923 3664 948 3675 -
979 3638 1109 3703 macopi]
1127 3638 1166 3688 sie
1183 3637 1351 3687 disiunctah
1379 3662 1405 3672 -
1433 3637 1457 3687 i.
1476 3635 1503 3684 in
1520 3637 1540 3685 Α
1557 3647 1616 3700 sup.
1634 3633 1680 3685 lin.
1702 3661 1728 3671 -

409 3710 432 3760 ³.
450 3711 578 3759 indicatur
593 3711 755 3774 Stephanus:
774 3713 946 3762 indncotnrc
972 3740 998 3748 -
1023 3712 1047 3764 4.
1066 3715 1228 3778 dominamque
1245 3713 1387 3763 Manutius:
1406 3709 1576 3773 domusqueC
1596 3734 1624 3745 -
1642 3721 1732 3759 occaso

409 3787 429 3835 C
449 3810 476 3820 —
495 3785 654 3835 inconsona
685 3813 711 3822 -
739 3790 763 3836 5.
781 3790 900 3836 ninorrsm
917 3789 966 3838 ΒΗ
987 3815 1012 3824 -
1032 3790 1171 3839 sonnonem
1188 3788 1208 3836 c
1228 3814 1255 3823 -
1274 3790 1441 3837 memorentur
1457 3786 1619 3849 Stephanus:
1636 3796 1732 3833 mono·

408 3860 537 3908 rantan
568 3885 592 3894 -
620 3861 697 3908 ctiam
715 3862 861 3911 Manutius:
888 3864 964 3911 ctiam
980 3865 1039 3914 ctC
1068 3891 1094 3900 —
1123 3864 1147 3913 6.
1165 3863 1247 3913 ueniat
1263 3863 1300 3921 hl,
1323 3861 1371 3913 aed
1389 3874 1449 3926 sup.
1467 3859 1512 3911 lin.
1530 3859 1685 3911 mironio
1701 3884 1728 3897 -

409 3936 476 3998 npnd
493 3935 602 3984 Graecos
619 3932 772 3997 Feldhiigel:
799 3937 919 3998 gracchos
934 3940 969 3994 Α,
994 3952 1101 4002 graecam
1118 3938 1152 3995 Β,
1178 3951 1264 4001 precor
1279 3938 1315 3995 ii,
1339 3938 1442 3987 Graecis
1459 3937 1478 3986 0
1496 3947 1557 3986 cum
1575 3933 1730 3991 Gebhardo;

409 4010 545 4062 nGraaois
561 4009 633 4058 Klotz
660 4035 686 4045 -
715 4012 739 4061 7.
757 4011 906 4060 taconrcsa
935 4038 961 4047 —
988 4012 1013 4061 8.
1031 4014 1195 4061 accomodare
1212 4007 1242 4061 B¹
1268 4037 1294 4049 -
1322 4012 1347 4063 9.
1364 4012 1510 4061 sedrcesdo
1533 4010 1553 4061 C
1580 4036 1605 4046 -
1635 4008 1732 4074 Quinte]

409 4085 669 4148 pertenitpnnron
688 4112 713 4122 -
730 4087 805 4135 ceteri
816 4084 890 4135 nn:
908 4088 994 4134 ceteris
1006 4082 1043 4141 13¹,
1055 4081 1226 4136 oeterostt’ii'
1241 4112 1268 4123 -
1291 4086 1505 4147 nonanoeane
1522 4110 1549 4122 -
1566 4085 1734 4145 ttproesno

411 4163 464 4209 inin
474 4160 555 4209 eatae
576 4183 602 4194 -
622 4160 649 4207 in
661 4160 697 4224 0.]
710 4161 766 4210 hinc
778 4161 796 4210 B
811 4186 837 4195 -
855 4161 945 4209 vidisse
955 4166 978 4211 tc
989 4162 1062 4209 credo
1074 4161 1191 4223 Madvig:
1208 4161 1299 4211 uidisse
1308 4162 1382 4210 credo
1394 4161 1423 4217 C,
1441 4161 1516 4209 videa.
1529 4160 1578 4209 Sed
1587 4158 1690 4208 crcdoO
1701 4184 1734 4195 -

411 4238 449 4286 ta.
468 4236 600 4285 mininsam
617 4234 707 4283 clinem
728 4236 767 4295 A,
792 4236 888 4283 minam
904 4235 975 4283 ollem
997 4236 1034 4294 B,
1059 4236 1164 4283 minimo
1179 4234 1319 4284 motlcmll
1347 4260 1380 4271 -
1406 4237 1485 4283 reiro
1502 4234 1566 4291 liin
1584 4235 1646 4294 ras.)
1663 4235 1685 4283 Α
1700 4255 1736 4271 -

409 4316 507 4363 mimi
518 4310 631 4371 exempta
645 4309 761 4372 Madvig:
778 4315 896 4359 morene
907 4309 1024 4371 amplae
1043 4307 1082 4372 (η’
1093 4316 1182 4359 satore
1193 4313 1208 4341 ⁴·
1216 4308 1300 4372 lgilo).
1330 4312 1396 4359 ante
1408 4308 1565 4371 Madvigium
1577 4309 1648 4356 totus
1659 4303 1734 4355 locus

410 4388 448 4436 sic
465 4382 635 4447 vulgabatur:
666 4386 693 4433 ln
715 4384 741 4434 C.
761 4384 842 4447 Fipnli
862 4385 989 4447 sepulchro
1011 4384 1088 4433 eides.
1123 4385 1171 4434 Sed
1191 4384 1265 4433 credo
1286 4384 1417 4432 minimam
1437 4384 1496 4432 otim
1516 4382 1588 4431 latina
1606 4379 1696 4441 reil‘

410 4461 585 4522 cupiditatem
602 4458 714 4519 alioquin
732 4458 807 4516 [haec
824 4472 873 4507 vox
891 4459 968 4509 deest
979 4460 1004 4508 in
1018 4461 1046 4518 C)
1064 4460 1144 4508 multo
1161 4463 1288 4508 exstarent
1305 4458 1420 4518 camapio
1435 4471 1481 4514 m..
1499 4455 1533 4506 de
1550 4467 1602 4519 qua
1620 4451 1734 4504 lectione

411 4533 554 4596 Madvigius
572 4534 711 4583 verissime
729 4534 834 4583 scribit:
855 4532 1096 4596 sinelegantissime
1114 4534 1182 4584 duae
1200 4535 1341 4584 continuae
1358 4534 1505 4583 sententiae
1522 4529 1556 4580 ab
1569 4528 1663 4580 iisdem
1676 4541 1735 4579 ver·

410 4608 452 4659 bis
474 4609 613 4671 incipiunt:
640 4608 682 4657 aed
699 4610 784 4665 eredo;
811 4607 873 4659 clim
897 4622 993 4673 parcos
1014 4610 1040 4659 in
1064 4610 1115 4659 hoc
1138 4621 1236 4671 genere
1260 4610 1392 4659 Romanos
1413 4606 1505 4666 luisse,
1532 4616 1584 4654 non
1605 4603 1735 4655 credebat

411 4685 505 4734 Cicero
522 4695 572 4732 nec
590 4682 768 4733 concludebat
784 4697 815 4733 er
834 4697 881 4743 eo,
907 4685 978 4746 quod
1001 4683 1069 4734 nulla
1094 4688 1185 4734 essent
1204 4684 1335 4734 contraria
1354 4684 1542 4737 monumenta.
1565 4679 1614 4731 sed
1630 4679 1735 4730 sciebat

412 4758 607 4814 monumentis,
630 4771 699 4821 quae
718 4757 847 4821 permulta
866 4757 965 4822 ubique
983 4765 1073 4820 erant,
1092 4758 1259 4810 testantibus.
1295 4758 1349 4808 lam
1365 4756 1487 4807 vocabuli
1504 4756 1617 4821 alioqum
1633 4753 1734 4805 nullum

410 4837 452 4885 est
469 4835 495 4884 in
513 4832 591 4882 codd.
611 4832 664 4882 tide
682 4834 766 4896 dignis
784 4835 937 4896 vestigium:
964 4835 1045 4885 iidem
1067 4837 1156 4886 cidisse
1177 4834 1250 4884 credo
1272 4832 1397 4884 habent.»
1427 4858 1454 4869 -
1485 4831 1524 4882 43.
1544 4832 1608 4895 iopes
1629 4830 1677 4880 ΑΒ
1703 4856 1731 4867 -

410 4909 668 4970 mnnccproensn
693 4935 719 4945 -
747 4908 861 4958 iubemur
877 4909 897 4957 0
915 4921 975 4959 cum
994 4911 1124 4968 Manutio;
1142 4911 1170 4958 at
1186 4921 1211 4957 v.
1230 4908 1350 4969 Madvigii
1367 4906 1530 4970 opinanti.
1558 4931 1585 4942 -
1613 4904 1653 4956 44.
1672 4905 1732 4956 na

410 4984 437 5035 ln
454 4997 505 5034 ras.
528 5010 553 5019 -
579 4996 698 5032 resonare
716 4979 747 5033 ii¹
776 5011 801 5020 -
828 4985 972 5048 intellegant
989 4985 1021 5033 C:
1042 4984 1180 5046 intelligant
1196 4984 1216 5032 0
1234 4984 1261 5031 et
1277 4982 1354 5045 pauci
1371 4981 1436 5031 dett.
1466 5005 1493 5016 -
1521 4983 1561 5031 lb.
1579 4981 1733 5030 naiaco·-

409 5059 497 5108 sintil
525 5084 551 5094 -
580 5058 619 5107 46.
638 5072 700 5107 nnm
716 5071 775 5121 sup.
795 5057 879 5109 linit
909 5086 933 5095 -
961 5060 1147 5108 ctiamAthonis
1164 5059 1298 5119 (omium)
1321 5058 1408 5108 Moser
1433 5080 1460 5092 -
1489 5057 1529 5106 47.
1547 5054 1733 5104 itlemmhii’

411 5134 468 5196 (sed
486 5135 506 5183 Α
523 5145 590 5181 eninr
606 5134 631 5181 in
650 5134 727 5193 ras.):
748 5134 790 5182 iilo
806 5147 887 5183 morea
903 5133 963 5183 B¹ii
992 5160 1016 5169 -
1045 5148 1076 5182 ac
1093 5135 1228 5196 atropoli
1258 5160 1284 5170 -
1311 5147 1402 5195 oorpm
1418 5133 1581 5196 Stephanus:
1599 5131 1685 5181 horim
1701 5129 1731 5189 C,

410 5220 468 5258 ossa
484 5208 568 5259 Bake.
589 5212 717 5257 marturam
732 5206 817 5266 Klotz,
842 5210 953 5270 corporn
970 5209 1122 5268 Lambinus,
1141 5223 1172 5257 cc
1187 5212 1227 5259 nn
1244 5207 1411 5271 Feidhuegel,
1429 5208 1498 5257 ocius
1514 5208 1549 5265 03
1571 5205 1615 5255 itio
1630 5216 1700 5254 moro
1715 5215 1734 5254 n

411 5283 437 5333 C.
455 5308 469 5319 ·
481 5308 494 5319 ·
510 5283 649 5343 permansit
665 5283 709 5330 noc
725 5284 765 5331 ius
780 5283 928 5332 turnebus.
963 5281 1033 5332 Alias
1055 5283 1256 5334 emendationes
1279 5284 1314 5333 de
1335 5281 1393 5333 loco
1416 5281 1534 5333 nondum
1551 5281 1644 5330 sanato
1661 5291 1687 5327 v.
1705 5278 1733 5329 in

411 5354 585 5418 Feldhuegelii
603 5359 795 5407 commentario
812 5371 871 5422 pag.
883 5357 939 5407 att.
967 5358 1020 5405 Nec
1038 5370 1131 5407 verum
1150 5356 1254 5407 videtur
1270 5358 1310 5406 illc
1319 5370 1373 5406 mos
1389 5368 1442 5420 qno
1461 5355 1518 5406 loco
1536 5367 1605 5406 nunc
1623 5352 1730 5416 tegnam

410 5432 444 5481 lta
466 5432 537 5481 enim
562 5430 643 5479 verba
666 5433 718 5480 inm
735 5446 752 5479 o
770 5433 875 5495 Cecrope
897 5433 993 5482 misere
1016 5430 1181 5483 divelluntur.
1211 5458 1237 5467 -
1269 5433 1308 5482 48.
1327 5430 1563 5493 quodniocsrnnt
1586 5429 1682 5478 Brutos
1705 5430 1733 5478 et

410 5506 543 5557 Davisius:
568 5518 646 5566 qaam
659 5534 693 5545 --
707 5508 817 5568 {emant
835 5509 869 5564 C,
895 5521 972 5569 qnam
983 5532 1018 5543 -·
1030 5509 1167 5556 iniecerant
1183 5508 1203 5556 0
1222 5519 1283 5556 cum
1301 5508 1433 5565 Manutio;
1457 5508 1484 5555 at
1500 5518 1526 5554 v.
1546 5503 1666 5565 Madvigii
1682 5503 1731 5566 Op.

411 5583 502 5640 tirso
521 5584 610 5630 nott.
632 5608 658 5617 -
678 5582 718 5632 49.
736 5584 812 5631 aimus
830 5579 860 5631 li¹
891 5610 916 5619 -
944 5582 985 5630 20.
1003 5582 1152 5641 sequebatur
1168 5580 1237 5632 n¹n¹
1256 5608 1281 5618 -
1302 5583 1473 5644 sepulcrali
1498 5606 1524 5616 -
1549 5576 1730 5630 inirentdli¹z

410 5656 507 5704 inirent
525 5651 593 5713 3¹11.
613 5655 709 5704 inibant
726 5656 746 5705 0
766 5680 792 5691 -
813 5657 853 5703 it.
868 5669 929 5718 quoa
941 5655 1043 5717 Madvig
1054 5657 1158 5719 (Opnsc.
1172 5657 1202 5716 ll,
1217 5656 1286 5717 caol:
1306 5670 1369 5718 qnos
1385 5657 1444 5713 ΑΒ,
1463 5656 1584 5717 geswil
1606 5680 1631 5690 -
1650 5653 1733 5703 lacida

412 5730 433 5780 ll
463 5757 489 5767 —
517 5744 605 5792 quom,
623 5732 644 5778 si
661 5730 790 5791 quidceri
804 5736 903 5791 poterat
920 5732 1013 5793 scripsi
1031 5733 1177 5793 praeeunte
1194 5731 1335 5793 Madviglo:
1363 5732 1464 5793 qnomni
1480 5731 1540 5792 qnid
1555 5732 1610 5780 acri
1627 5732 1657 5787 A,
1674 5742 1732 5780 nnn

411 5807 626 5868 omniquidem·
649 5806 682 5862 Β,
705 5808 788 5854 mmai
806 5807 865 5866 qnid
881 5806 936 5853 neri
959 5806 993 5863 Η,
1017 5818 1094 5866 qaam
1110 5806 1170 5866 qnid
1185 5806 1239 5855 ocri
1255 5806 1289 5859 0:
1316 5804 1358 5855 alii
1381 5806 1552 5855 coniecerunt
1573 5807 1619 5854 aut
1638 5803 1732 5853 camd

411 5882 471 5944 qaid
486 5882 540 5930 ocri
561 5883 606 5930 ant
628 5894 685 5929 cnm
701 5882 819 5942 quicquid
834 5882 887 5929 cers·
903 5882 971 5941 (sins
987 5882 1097 5943 poterat)
1122 5905 1157 5919 -
1183 5882 1226 5932 22.
1242 5881 1309 5931 iacto
1324 5880 1436 5944 consecto
1458 5881 1603 5932 Manutius:
1631 5879 1732 5930 abacta

411 5956 529 6018 (minata
546 5948 617 6020 lt'B)
635 5955 746 6006 coniecta
763 5956 798 6016 C,
821 5956 859 6006 ita
873 5955 941 6006 iusta
956 5970 978 6007 c.
997 5956 1104 6008 Daviea.
