4342 7459
447 1211 509 1281 240
774 1217 1093 1281 Tusculanarum
1117 1217 1443 1283 DISPUTATIONUM

445 1372 519 1449 fuit,
541 1374 649 1457 itaque
671 1374 750 1436 nihil
771 1375 999 1438 mathematicis
1020 1376 1197 1439 inlustrius.
1232 1378 1271 1439 ht
1291 1397 1351 1440 nos
1373 1376 1523 1440 metiendi
1544 1376 1768 1441 ratiocinandi·

446 1488 508 1553 que
529 1468 665 1531 utilitate
687 1469 783 1531 huius
805 1470 881 1532 artis
906 1471 1143 1533 terminavimus
1166 1470 1304 1533 modum.

528 1564 582 1625 lll.
612 1564 651 1625 ht
673 1572 789 1629 vcontra
811 1572 969 1626 oratorem
991 1563 1133 1626 celeriter
1155 1565 1312 1646 complexi
1335 1586 1457 1639 sumus,
1491 1585 1548 1627 nec
1571 1566 1767 1651 cumprime

446 1656 618 1730 eruditum,
640 1663 747 1739 aptum
768 1665 873 1720 tamen
895 1655 937 1719 ad
958 1657 1141 1731 dicendum,
1168 1666 1239 1739 post
1261 1667 1366 1721 autem
1389 1658 1556 1721 eruditum.
1592 1660 1671 1722 Nam
1695 1657 1768 1720 Gal·

420 1747 534 1825 ebam,
557 1749 752 1822 Africanum,
782 1751 922 1813 Laelium
946 1751 1056 1813 doctos
1078 1748 1177 1812 luisse
1198 1750 1347 1813 traditum
1370 1762 1436 1826 est,
1462 1752 1639 1816 studiosum
1662 1760 1768 1816 autem

444 1866 534 1919 eum,
557 1846 612 1928 qui
633 1844 673 1906 iis
695 1852 798 1905 aetate
820 1844 974 1916 anteibat,
998 1844 1166 1916 Catonem;
1196 1853 1267 1927 post
1289 1864 1363 1906 vero
1386 1846 1556 1928 Lepidum,
1581 1845 1767 1919 Carbonem,

444 1939 619 2010 Gracchos3
641 1937 715 1999 inde
737 1938 781 1999 ita
802 1956 934 2017 magnos
955 1946 1092 1999 nostram
1114 1936 1154 1999 ad
1169 1946 1320 2012 aetatem,
1343 1946 1458 2001 utnon
1474 1939 1605 2001 multum
1621 1946 1676 2001 aut
1688 1936 1767 2000 nihil

444 2034 573 2096 omnino
602 2030 728 2095 Graecis
757 2031 929 2093 cederetur.
973 2028 1177 2113 Philosophia
1206 2032 1303 2094 iacuit
1331 2051 1432 2115 usque
1461 2032 1501 2094 ad
1530 2035 1611 2095 hanc
1632 2039 1767 2095 44444444

444 2147 504 2189 nec
526 2127 624 2189 ullum
646 2125 756 2188 habuit
780 2123 887 2186 lumen
910 2124 1080 2186 litterarum
1103 2125 1301 2198 Latinarum;
1334 2146 1415 2209 quae
1438 2126 1636 2188 inlustranda
1658 2134 1689 2188 at
1712 2145 1767 2188 ex·

405 2220 567 2283 recitanda
588 2218 679 2282 nobis
701 2226 765 2292 est,
787 2226 839 2293 ut,
862 2218 888 2279 si
911 2219 1055 2299 occupati
1079 2217 1252 2300 profuimus
1272 2219 1391 2302 aliquid
1408 2220 1527 2281 civibus
1543 2220 1673 2292 nostris,
1696 2238 1767 2301 pro·

442 2315 541 2377 simus
563 2312 673 2387 etiam,
696 2312 721 2374 si
745 2331 928 2394 possumus,
952 2311 1056 2373 otiosi.
1100 2310 1129 2373 6.
1152 2313 1188 2373 ln
1210 2332 1274 2394 quo
1297 2333 1335 2375 eo
1358 2313 1458 2395 magis
1480 2313 1569 2376 nobis
1592 2320 1640 2375 est
1661 2311 1768 2375 elabo-

442 2407 593 2479 randum,
616 2405 701 2489 quod
725 2406 814 2467 multi
836 2406 898 2468 iam
921 2425 990 2467 esse
1015 2405 1085 2466 libri
1110 2406 1212 2468 Latini
1236 2405 1385 2468 dicuntur
1406 2406 1511 2489 scripti
1534 2404 1766 2468 inconsiderate

442 2502 481 2564 ab
503 2492 629 2582 optimis
651 2499 714 2561 illia
736 2499 865 2582 quidem
887 2498 979 2571 viris,
1001 2497 1057 2559 sed
1080 2518 1143 2559 non
1167 2500 1243 2562 satis
1270 2499 1410 2562 eruditis.
1444 2500 1527 2561 Fieri
1542 2508 1646 2563 autem
1662 2506 1768 2581 potest

441 2603 476 2656 ut
497 2601 581 2656 recte
604 2594 675 2675 quis
697 2594 813 2655 sentiat
834 2601 866 2654 et
887 2592 937 2666 id,
967 2594 1053 2676 quod
1076 2593 1186 2665 sentit,
1216 2593 1314 2674 polite
1345 2592 1453 2675 eloqui
1475 2611 1538 2653 non
1562 2593 1679 2674 possit3
1710 2592 1766 2657 aed

404 2687 590 2750 remandare
613 2707 803 2770 quemquam
824 2686 936 2748 litteris
959 2686 1164 2767 cogitationes
1187 2706 1275 2759 suas,
1298 2686 1353 2769 qui
1377 2706 1430 2748 eas
1450 2706 1509 2748 nec
1524 2686 1693 2768 disponere
1709 2706 1767 2749 nec

441 2780 608 2843 inlustrare
637 2781 738 2861 possit
767 2799 824 2841 nac
854 2779 1064 2841 delectatione
1087 2779 1194 2863 aliqua
1216 2780 1343 2842 allicere
1365 2779 1530 2853 lectorem,
1559 2779 1696 2842 hominis
1718 2787 1768 2842 est

441 2873 687 2956 intemperanter
707 2873 867 2936 abutentis
890 2882 921 2935 at
942 2871 1007 2935 otio
1030 2882 1062 2934 ct
1083 2873 1205 2935 littaris.
1242 2874 1353 2956 ltaque
1376 2893 1452 2935 suos
1468 2872 1565 2936 libros
1580 2872 1642 2954 ipsi
1657 2872 1767 2955 legunt

441 2987 512 3029 cum
533 2968 610 3039 suis,
632 2986 691 3028 nec
714 2968 881 3048 quisquam
904 2966 1027 3046 attingit
1050 2976 1268 3049 praeterens,
1291 2966 1345 3048 qui
1368 2965 1500 3028 eandem
1518 2965 1677 3028 licentiam
1693 2965 1767 3029 scri·

440 3060 535 3123 hendi
569 3061 627 3123 sibi
659 3061 797 3144 permitti
824 3061 944 3127 volunt.
990 3060 1061 3134 Qua
1088 3079 1121 3121 ra
1148 3061 1175 3121 si
1204 3059 1323 3142 aliquid
1353 3061 1508 3123 oratoriae
1538 3059 1638 3123 laudis
1661 3067 1767 3124 nostra

402 3170 431 3216 ao
440 3155 602 3217 attulimus
630 3154 802 3227 industria,
829 3155 928 3216 multo
955 3153 1126 3217 studiosius
1151 3153 1371 3237 philosophiae
1402 3152 1499 3217 fontis
1526 3153 1766 3236 aperiemus,e

440 3248 554 3331 quibus
576 3247 671 3310 etiam
692 3248 746 3310 illa
768 3248 944 3310 manabant.
1487 3267 1490 3272 ·
1644 3319 1647 3324 ¹

525 3342 575 3403 lV.
597 3338 626 3402 7.
651 3342 713 3403 Sed
736 3350 771 3402 ut
791 3341 992 3413 Aristoteles,
1015 3341 1063 3401 vir
1084 3360 1206 3402 summo
1229 3341 1369 3421 ingenio,
1391 3339 1538 3414 scientia,
1562 3339 1670 3423 copia,
1693 3360 1765 3402 cum

441 3444 544 3498 motus
574 3443 657 3497 esset
685 3434 830 3496 Isocratis
853 3434 986 3495 rhetoris
1009 3434 1126 3515 gloria,
1157 3432 1260 3495 dicere
1288 3434 1390 3495 4444444
1413 3433 1507 3496 etiam
1530 3435 1635 3516 coepit
1656 3432 1766 3508 adule-

440 3536 564 3591 scentes
586 3536 617 3589 et
645 3525 844 3609 prudentiam
875 3547 945 3588 cum
973 3526 1156 3608 eloquentia
1185 3527 1331 3607 iungere,
1365 3527 1411 3589 sic
1444 3527 1536 3590 nobis
1568 3528 1670 3611 placet
1707 3547 1765 3590 nec

401 3621 607 3705 aspristinum
636 3618 761 3682 dicendi
790 3618 929 3682 studium
958 3620 1119 3702 deponere
1145 3620 1231 3682 etin
1252 3619 1311 3681 bac
1332 3621 1450 3681 maiore
1474 3629 1505 3682 et
1527 3620 1672 3683 uberiore
1696 3629 1764 3683 arte

439 3715 567 3778 versari.
610 3714 698 3776 llanc
725 3713 808 3774 enim
837 3712 1007 3794 perlectam
1034 3713 1267 3795 philosophiam
1290 3733 1414 3796 semper
1435 3713 1589 3788 iudicavi,
1619 3714 1765 3797 quaeda

427 3808 584 3871 'maximis
606 3802 844 3890 quaestionibus
872 3806 1001 3887 copiose
1029 3815 1134 3888 posset
1156 3815 1327 3890 ornateque
1351 3806 1474 3882 dicere,
1502 3808 1535 3870 in
1557 3828 1651 3891 quam
1673 3828 1766 3873 exer·

439 3900 617 3963 citationem
649 3900 694 3962 ita
726 3919 785 3961 nos
816 3898 956 3961 studiose
989 3897 1147 3974 dedimus,
1181 3908 1215 3962 ut
1249 3900 1311 3963 iam
1348 3901 1440 3963 etiam
1473 3902 1598 3965 scholas
1628 3901 1765 3966 Graeco·

438 4014 506 4056 rum
536 4012 623 4056 more
651 3990 769 4055 babere
798 3990 1001 4054 auderemus:
1031 4001 1066 4054 ut
1092 4014 1192 4076 nuper
1217 4004 1306 4056 tuum
1336 4003 1409 4077 post
1430 3994 1603 4058 discessum
1630 3998 1663 4057 in
1685 3998 1766 4060 Tus·

401 4088 569 4160 44441444,
599 4108 670 4149 cum
698 4093 805 4148 essent
832 4084 1007 4168 complures
1038 4107 1158 4149 mecum
1188 4087 1374 4161 familiares,
1402 4090 1551 4169 temptavi
1573 4088 1650 4170 quid
1670 4090 1705 4152 in
1726 4109 1765 4153 eo

439 4200 554 4263 genere
584 4198 719 4262 possem.
763 4178 802 4240 Ut
831 4178 916 4240 enim
943 4188 1034 4241 antea
1062 4180 1299 4243 declamitabam
1326 4200 1450 4254 causas,
1482 4180 1568 4263 quod
1594 4202 1687 4246 nemo
1714 4202 1764 4244 me

440 4275 558 4338 diutius
580 4274 671 4347 lecit,
693 4273 739 4334 sic
761 4271 840 4333 baec
861 4271 938 4333 mibi
963 4292 1047 4333 nunc
1062 4274 1169 4335 senilis
1185 4288 1233 4337 est
1248 4274 1441 4336 declamatio.
1476 4275 1597 4337 Ponere
1616 4275 1763 4338 iubebam

441 4368 480 4430 de
503 4388 566 4451 quo
589 4366 660 4450 quis
683 4364 791 4428 audire
813 4364 922 4427 vellet:
952 4364 992 4425 ad
1022 4365 1054 4426 id
1077 4375 1131 4427 aut
1152 4366 1265 4429 sedens
1288 4378 1342 4429 aut
1365 4364 1530 4430 ambulans
1553 4365 1764 4450 disputabam.

440 4458 471 4523 8.
496 4462 607 4544 ltaque
629 4458 750 4521 dierum
766 4458 909 4540 quinqua
932 4456 1072 4532 scholas,
1097 4466 1131 4521 ut
1146 4459 1257 4523 Graeci
1273 4461 1448 4544 appellant,
1470 4460 1502 4522 in
1519 4460 1649 4524 totidem
1664 4460 1763 4523 libros

401 4555 568 4621 secontuli.
604 4554 716 4615 Fiebat
744 4560 849 4613 autem
875 4552 935 4624 ita,
965 4558 999 4613 ut
1020 4572 1092 4614 cum
1114 4552 1156 4626 is,
1186 4554 1241 4636 qui
1263 4554 1372 4616 audire
1394 4553 1503 4627 vellat,
1532 4553 1664 4616 dixisset
1685 4549 1763 4636 quid

440 4644 501 4710 sibi
523 4645 696 4718 videretur,
719 4654 784 4706 tum
807 4663 866 4725 ego
889 4651 997 4706 contra
1020 4642 1165 4707 dicerem.
1203 4646 1288 4709 llaec
1310 4656 1358 4708 est
1380 4647 1480 4720 enim,
1506 4653 1541 4707 ut
1564 4647 1643 4718 scis,
1672 4652 1763 4707 vetus

441 4750 473 4803 et
494 4740 651 4803 Socratica
672 4737 751 4802 ratio
773 4745 881 4800 contra
903 4737 1034 4800 alterius
1055 4739 1236 4819 opinionem
1252 4739 1445 4815 disserendi3
1468 4759 1541 4801 nam
1555 4740 1601 4803 ita
1615 4738 1763 4802 facillime

505 5001 529 5049 4.
547 4998 587 5063 ,44]
604 4999 754 5048 adGll1-
774 4997 798 5045 6.
816 4996 919 5046 hisco
940 5024 964 5033 -
984 4997 1122 5047 Carbonem
1134 4995 1290 5047 Beroaldus:
1309 4998 1451 5047 cotonean
1466 5021 1494 5032 -
1513 4998 1554 5047 40.
1566 5004 1594 5047 at
1610 5000 1764 5050 rinottod

439 5075 539 5126 Nonius
556 5087 582 5136 p.
596 5073 653 5122 345.
674 5098 701 5108 -
726 5072 766 5120 44.
782 5074 903 5132 possimus
920 5071 954 5120 ab
972 5070 1068 5121 cadem
1087 5086 1123 5122 m.
1143 5086 1210 5122 corr.
1230 5074 1256 5121 in
1270 5085 1401 5133 possumus
1418 5074 1437 5120 G
1457 5098 1483 5107 -
1508 5073 1549 5123 44.
1568 5072 1652 5122 luas
1668 5073 1763 5125 444440

442 5174 469 5184 -
489 5147 528 5198 tt.
546 5149 567 5196 44
588 5160 658 5197 corr.
677 5148 703 5195 44
724 5146 751 5195 td
770 5144 865 5195 eadem
883 5159 919 5195 m.
939 5148 960 5195 G
977 5171 1003 5181 -
1025 5147 1064 5195 49.
1083 5148 1215 5198 4444444414
1238 5147 1308 5195 444444
1325 5148 1354 5196 0.
1378 5147 1416 5197 ct.
1436 5148 1571 5211 Wopkens
1594 5148 1676 5198 lectt.
1694 5145 1762 5199 rull.

440 5237 466 5286 p.
481 5223 512 5272 68
523 5234 564 5283 sq.
578 5220 620 5270 ed.
635 5220 718 5269 llaud.
734 5246 761 5255 -
780 5221 821 5270 it.
834 5220 949 5279 44444444,
968 5220 1040 5280 copto
1053 5221 1209 5271 Lambinus:
1228 5222 1346 5269 4444444444
1362 5222 1434 5281 copto
1451 5221 1470 5270 C
1490 5248 1517 5257 -
1537 5221 1610 5282 copto
1626 5226 1764 5272 commotus

439 5304 498 5348 44444
515 5298 543 5347 C.
563 5298 667 5358 «Nuper
684 5295 720 5342 lo.
739 5295 833 5344 Balrius
850 5294 935 5344 schol.
950 5295 1082 5357 Hypomn.
1097 5296 1138 5354 lv,
1153 5297 1179 5344 74
1201 5297 1226 5345 44
1245 5295 1367 5355 eandem,
1386 5309 1466 5358 quam
1484 5310 1533 5359 ego
1548 5295 1610 5345 olim
1625 5298 1760 5359 proposui,

440 5374 620 5423 coniecturam
641 5368 743 5425 incidit,
767 5372 796 5417 ut
815 5374 950 5418 commotas
971 5382 1019 5431 pro
1038 5381 1095 5417 com
1111 5374 1267 5419 maturescet
1284 5369 1364 5419 scribi
1381 5368 1469 5431 vellet,
1487 5370 1560 5434 quod
1577 5374 1683 5434 negavit
1699 5373 1760 5436 hoc,

439 5445 510 5509 quod
528 5445 623 5495 dicitur
640 5444 697 5501 hic,
721 5442 754 5492 ad
776 5456 858 5493 unum
876 5443 917 5493 vel
940 5444 1037 5493 iactum
1055 5442 1097 5493 vel
1115 5448 1220 5507 tempus
1237 5446 1380 5508 pertinere.
1408 5446 1463 5505 Qua
1482 5446 1507 5495 in
1524 5460 1554 5495 re
1571 5450 1662 5510 aperte
1681 5447 1762 5500 lalana

439 5525 488 5572 eet.
515 5522 580 5571 Nam
599 5519 691 5569 Cicero
708 5520 765 5581 ipse
782 5517 846 5566 444444
862 5518 896 5568 de
908 5519 978 5568 0444.
992 5518 1024 5566 lll
1042 5517 1056 5580 ς
1075 5517 1117 5568 444
1139 5518 1304 5569 Aristotelem
1323 5522 1466 5569 mutavisse
1483 5523 1539 5570 tum
1556 5527 1654 5583 repente
1675 5525 1761 5573 totam

439 5595 551 5645 lormem
569 5606 652 5657 prope
669 5589 821 5655 disciplinae
840 5604 913 5652 suae,
932 5596 961 5642 ut
974 5604 1038 5641 sana
1049 5591 1083 5640 ad
1097 5605 1178 5642 unum
1192 5597 1297 5657 tempus
1308 5607 1352 5643 res
1362 5597 1495 5658 pertinere
1508 5595 1654 5646 videatur.»
1666 5597 1759 5647 Keorz.

441 5696 468 5706 -
481 5671 522 5721 43.
539 5668 674 5719 4444444440
693 5692 720 5703 -
737 5668 843 5716 rethoris
859 5669 947 5717 644-
967 5667 1053 5716 docere
1064 5679 1117 5715 om.
1132 5668 1165 5725 C3
1188 5669 1248 5730 post
1267 5669 1432 5718 adulescentes
1451 5674 1491 5719 est
1508 5672 1533 5718 in
1552 5671 1571 5720 0
1589 5695 1623 5706 —
1638 5671 1679 5722 43.
1699 5672 1760 5723 boec

439 5742 473 5793 ab
491 5742 586 5793 eadem
598 5756 634 5793 m.
648 5754 717 5791 corr.
731 5742 756 5790 44
770 5742 865 5791 harich
880 5768 905 5778 -
924 5743 965 5792 28.
983 5754 1027 5789 nos
1043 5753 1097 5789 om.
1110 5741 1129 5790 B
1145 5766 1170 5776 -
1189 5742 1300 5791 4444444444
1311 5745 1441 5793 Muretus:
1459 5757 1561 5805 44444444
1572 5745 1684 5795 &dimas
1695 5746 1715 5797 C
1728 5770 1756 5784 -

437 5816 587 5867 4444444)-
607 5815 800 5879 30.4444ιρ444444
821 5816 889 5864 tht¹
910 5840 936 5850 -
960 5818 1000 5867 34.
1018 5816 1149 5877 persone
1174 5841 1200 5851 —
1224 5815 1265 5865 ³2.
1283 5816 1395 5867 labebom
1417 5820 1438 5868 G
1464 5842 1491 5854 —
1514 5818 1555 5869 33.
1572 5819 1615 5884 od]
1637 5825 1666 5871 444
1687 5821 1709 5873 C
1727 5845 1755 5861 -

437 5888 1136 5941 at.scctcsoa-ae.maao-caarrtoa.
