4342 7459
683 1260 752 1327 ua
773 1261 813 1326 n
841 1260 916 1327 cu».
938 1260 1203 1326 xxx-xxm.
1231 1258 1278 1345 §s
1299 1256 1467 1327 ec-roo.
1698 1244 1741 1314 37

416 1433 546 1508 vitiose,
573 1431 693 1496 minam
721 1429 881 1514 Diogenes
903 1430 980 1494 mihi
1000 1431 1154 1495 reddetzo
1185 1431 1225 1495 ab
1247 1450 1285 1495 eo
1308 1432 1392 1496 enim
1414 1432 1521 1496 Stoico
1542 1430 1741 1496 dialecticam

417 1527 589 1602 didicerat3
609 1526 690 1589 haec
711 1533 815 1590 autem
838 1545 960 1589 merces
981 1534 1049 1589 erat
1063 1525 1310 1590 dialecticorum.
1347 1529 1471 1611 Sequor
1484 1527 1581 1610 igitur
1594 1546 1648 1590 eas
1662 1526 1741 1603 vias,

416 1641 497 1707 quas
512 1620 609 1685 didici
622 1620 664 1683 ab
677 1618 850 1694 Antiocho,
872 1639 931 1682 neo
945 1620 1081 1704 reperio,
1103 1640 1168 1704 qno
1184 1618 1280 1683 modo
1295 1619 1432 1683 iudicem
1449 1621 1496 1683 osi
1513 1619 1614 1696 lucet,
1635 1619 1738 1684 luceto

415 1736 527 1780 rerum
548 1734 637 1790 esse,
658 1713 700 1778 ob
721 1733 792 1777 eam
813 1732 957 1789 causam,
979 1712 1066 1797 quod
1088 1713 1132 1778 ita
1153 1714 1269 1788 didici,
1291 1734 1398 1789 omne,
1421 1712 1508 1797 quod
1530 1714 1632 1798 ipsum
1651 1733 1741 1778 exse

415 1830 577 1877 conexum
597 1809 655 1885 sit,
683 1828 793 1874 rerum
814 1827 900 1882 esse,
921 1828 987 1871 non
1007 1807 1145 1872 iudicem
1169 1810 1216 1872 osi
1237 1809 1394 1883 mentiris,
1423 1807 1603 1883 mentiris,o
1627 1807 1764 1876 eodems

414 1906 509 1971 modo
533 1899 631 1989 [esse]
654 1922 822 1967 conexum.
856 1901 920 1966 Aut
939 1902 1036 1985 igitur
1056 1902 1118 1967 boc
1141 1912 1173 1967 et
1193 1902 1290 1979 illud,
1320 1910 1390 1978 aut,
1416 1901 1479 1965 nisi
1500 1900 1578 1978 boo,
1600 1923 1641 1967 ne
1660 1903 1740 1967 illud

414 1999 547 2084 quidem
567 1998 727 2061 iudicabo.

499 2094 620 2159 xxxi
643 2092 706 2155 Sed
726 2098 764 2155 ut
784 2110 894 2156 omnes
916 2092 994 2155 istos
1015 2092 1143 2156 aculeos
1158 2098 1191 2155 et
1208 2097 1308 2155 totum
1324 2096 1503 2155 tortuosum
1518 2111 1618 2174 genus
1633 2092 1742 2178 dispu-

414 2190 503 2259 tandi
525 2188 742 2270 relinquamus
757 2185 1023 2270 ostendamusque
1038 2187 1094 2270 qui
1110 2188 1218 2261 simus,
1240 2186 1302 2249 iam
1319 2186 1474 2269 explicata
1489 2192 1555 2250 tota
1570 2184 1741 2252 Carneadis

414 2284 573 2353 sententia
585 2280 759 2345 Antiochea
779 2281 841 2344 ista
860 2286 1013 2344 conruent
1027 2282 1183 2344 universa.
1215 2282 1281 2343 Nec
1293 2300 1369 2344 vero
1384 2280 1556 2363 quicquam
1570 2280 1614 2344 ita
1628 2281 1741 2359 dicam,
1751 2304 1779 2351 ro

414 2381 646 2464 nequisquam
675 2374 708 2438 id
733 2372 810 2457 fingi
837 2375 1030 2457 suspicetur:
1059 2394 1078 2438 a
1109 2373 1303 2439 Clitomacho
1332 2394 1470 2449 sumam,
1500 2376 1556 2458 qui
1577 2396 1679 2460 usque
1701 2376 1740 2440 ad

413 2480 612 2543 senectutem
639 2488 711 2534 cum
741 2467 903 2532 Carneade
931 2467 1007 2543 luit,
1034 2468 1131 2531 bomo
1157 2476 1190 2531 et
1210 2474 1336 2541 acutus,
1365 2476 1402 2531 ut
1422 2469 1565 2544 Poenae,
1595 2477 1628 2532 et
1648 2469 1740 2533 valde

413 2569 578 2637 studiosus
598 2584 636 2628 ac
658 2562 805 2647 diligens.
840 2563 881 2625 llt
901 2569 1051 2645 quattuor
1072 2563 1142 2626 eius
1164 2562 1237 2624 libri
1258 2570 1332 2625 sunt
1353 2563 1393 2625 de
1415 2561 1609 2627 sustinendis
1628 2564 1741 2627 adsen-

413 2662 568 2731 sionibus.
603 2659 691 2721 Haec
711 2665 833 2732 autem,
856 2674 939 2740 quae
961 2657 1023 2720 iam
1039 2657 1156 2732 dicam,
1179 2664 1253 2720 sunt
1267 2665 1393 2739 sumpta
1407 2655 1447 2719 de
1461 2656 1573 2740 primo.
1605 2654 1655 2721 99.
1670 2659 1741 2722 Duo

411 2759 516 2845 placet
537 2751 781 2819 esseCarneadi
803 2771 919 2834 genera
940 2750 1097 2815 visorum:
1120 2752 1154 2814 in
1175 2770 1238 2815 uno
1253 2751 1335 2814 banc
1351 2751 1555 2815 divisionem:
1579 2751 1661 2816 «alia
1674 2751 1780 2820 viseto

412 2871 481 2917 esse
509 2867 596 2935 qnae
622 2845 742 2931 percipi
770 2845 906 2928 possint,
940 2844 1002 2908 alia
1027 2864 1110 2927 quae
1139 2866 1203 2908 non
1235 2847 1393 2929 possint,o
1424 2846 1458 2909 in
1486 2844 1587 2909 altero
1617 2853 1740 2911 antem:

414 2947 493 3010 «alia
518 2944 589 3008 risa
617 2960 689 3004 esse
715 2939 908 3024 probabilia,
936 2938 998 3003 alia
1026 2959 1092 3002 nou
1122 2940 1325 3023 probabilia.»
1370 2942 1499 3024 ltaque,
1527 2960 1609 3024 quae
1631 2947 1741 3005 contm

411 3059 522 3105 sensns
549 3040 726 3119 contraque
755 3034 1008 3118 perspicuitatem
1037 3034 1200 3110 dieantur,
1228 3054 1266 3098 ea
1290 3035 1448 3118 pertinere
1476 3033 1519 3099 ad
1545 3035 1740 3119 superiorem

411 3133 618 3198 divisionem:
647 3134 758 3192 contra
782 3127 989 3212 posteriorem
1014 3128 1094 3191 nibil
1124 3128 1186 3191 dici
1216 3136 1379 3212 oportere;
1408 3147 1506 3213 quare
1532 3129 1576 3192 ita
1597 3128 1740 3212 placere:

411 3226 471 3291 tale
491 3226 599 3290 risum
621 3222 744 3287 nullum
766 3241 853 3297 esse,
875 3230 910 3285 ut
930 3223 1094 3307 perceptio
1115 3230 1380 3307 consequeretur,
1402 3228 1438 3286 ut
1459 3229 1565 3287 autem
1586 3222 1778 3306 probatiore

410 3318 518 3386 multa.
562 3317 692 3383 Etenim
720 3323 829 3380 contm
857 3323 1000 3380 naturam
1030 3325 1095 3393 est,
1127 3315 1290 3402 probabile
1320 3315 1400 3380 nibil
1421 3336 1509 3380 esse:
1542 3323 1575 3380 et
1596 3316 1742 3399 sequitur

410 3414 512 3479 omnis
535 3412 623 3477 ritae
645 3431 699 3487 ea,
727 3431 824 3496 quarn
845 3416 896 3485 tu,
925 3411 1075 3486 Luculle,
1098 3411 1382 3487 commemorabas,
1405 3410 1539 3475 eversio.
1575 3411 1687 3494 ltaque
1708 3417 1741 3474 et

409 3510 557 3575 sanemus
583 3505 749 3593 probanda
777 3505 874 3570 multa
899 3512 990 3581 sunt,
1016 3511 1159 3569 teneatur
1186 3504 1281 3568 modo
1303 3505 1402 3582 illud,
1431 3524 1497 3568 non
1519 3506 1623 3569 inesse
1644 3504 1678 3567 in
1699 3506 1740 3569 iis

411 3604 586 3688 quicquam
608 3601 690 3677 tale,
712 3600 807 3685 quale
829 3620 893 3663 non
916 3602 1010 3664 etiam
1030 3599 1144 3663 susum
1166 3598 1247 3662 nibil
1268 3600 1362 3663 abeo
1378 3598 1527 3663 dillerens
1542 3598 1739 3682 essepossit.

410 3700 477 3774 Sic,
500 3694 658 3782 quidquid
680 3695 831 3759 acciderit
851 3695 957 3778 specie
978 3693 1159 3778 probabile,
1181 3694 1209 3762 si
1231 3694 1310 3758 nibil
1332 3715 1367 3759 se
1382 3696 1494 3759 offeret
1509 3693 1595 3779 quod
1611 3694 1653 3758 sit
1666 3714 1778 3777 pro-ao

409 3786 565 3856 habilitati
579 3789 628 3853 illi
644 3789 846 3863 conharium,
866 3795 974 3853 utetur
988 3810 1026 3853 eo
1041 3790 1179 3873 sapiens,
1200 3809 1238 3854 ac
1253 3790 1299 3853 sic
1314 3791 1414 3853 omnis
1429 3788 1510 3854 ratio
1526 3789 1609 3852 vitae
1624 3788 1740 3871 guber·

409 3886 544 3951 nabitur.
576 3884 703 3948 Etenim
724 3883 753 3947 is
769 3904 916 3967 quoque,
938 3886 993 3967 qui
1008 3904 1028 3948 a
1042 3884 1132 3948 robis
1147 3884 1272 3968 sapiens
1287 3883 1458 3958 inducitur,
1481 3882 1579 3945 multa
1594 3881 1740 3966 sequitur

408 3979 603 4069 probabilia,
625 3997 690 4041 non
712 3977 931 4060 conprehensa
944 3997 1050 4062 neque
1068 3985 1218 4062 percepta
1237 3998 1340 4063 neque
1362 3977 1513 4053 adsensa,
1543 3977 1601 4041 sed
1623 3976 1739 4040 similia

408 4076 492 4140 serit
515 4093 599 4157 quae
615 4072 676 4136 nisi
692 4071 816 4156 probet,
835 4071 938 4134 omnis
953 4073 1017 4135 vita
1033 4072 1170 4135 tollatur.
1203 4068 1276 4134 ⁴00.
1292 4072 1376 4148 Quid
1392 4074 1498 4136 enimi
1521 4071 1737 4136 conscendens

409 4190 521 4234 navem
544 4168 672 4251 sapiens
694 4187 768 4229 num
791 4166 1043 4248 conprehensum
1066 4167 1172 4228 animo
1195 4165 1290 4230 babet
1311 4174 1405 4249 atque
1434 4174 1619 4250 perceptum
1641 4184 1675 4227 se
1698 4184 1775 4232 exeo

410 4264 569 4327 sententia
590 4263 832 4344 navigaturum?
856 4262 911 4344 qui
934 4263 1061 4343 potest?
1095 4260 1157 4322 Sed
1179 4261 1205 4323 si
1227 4260 1289 4323 iam
1305 4282 1346 4323 ex
1360 4261 1422 4324 hoc
1436 4262 1507 4324 loco
1523 4258 1738 4343 proficiscatur

409 4355 559 4420 Puteolos
581 4355 684 4419 stadia
701 4356 841 4438 triginta,
863 4356 962 4439 probo
985 4355 1129 4437 navigio,
1150 4356 1234 4418 bono
1257 4355 1483 4437 gubernatore,
1504 4355 1564 4418 bac
1585 4351 1738 4435 tranquil-

407 4451 513 4525 litate,
542 4449 707 4534 probabile
733 4450 880 4515 rideatur
907 4470 941 4514 se
969 4449 1044 4512 illuc
1074 4457 1239 4512 venturum
1262 4468 1331 4512 esse
1354 4448 1485 4512 salvum.
1529 4446 1738 4512 Huiusmodi

475 4702 500 4751 t.
518 4701 613 4751 misem
630 4700 649 4751 Β
667 4701 693 4751 in
710 4714 774 4762 ras„
792 4700 897 4751 minimo
913 4701 943 4750 V¹
958 4727 984 4737 -
1002 4702 1125 4765 Dioqeoes
1140 4702 1201 4751 mihi
1217 4700 1325 4765 scripsi:
1344 4700 1441 4765 dtoqeat
1454 4701 1488 4762 C;
1507 4701 1629 4764 Dioqeoes
1645 4700 1692 4750 b0
1707 4725 1735 4738 -

408 4779 500 4829 reddet
516 4778 648 4830 Manutius
667 4802 694 4812 -
713 4776 869 4827 dialecticem
885 4777 960 4827 13²v:
979 4778 1110 4827 dialectica
1127 4777 1215 4828 AB¹O
1235 4801 1261 4813 -
1281 4776 1305 4825 3.
1325 4778 1423 4825 actioso
1439 4790 1484 4826 ecc
1501 4777 1540 4837 (ne
1555 4789 1596 4839 pr.
1616 4776 1661 4837 m.)
1679 4790 1738 4839 rep-

406 4855 480 4918 peric
497 4855 518 4904 Α
532 4879 559 4888 -
579 4853 710 4914 quomodo,
727 4866 785 4902 oum
801 4853 905 4903 iudicem
917 4853 1027 4913 Davies;
1047 4855 1074 4902 at
1084 4866 1110 4903 v.
1123 4852 1209 4903 Madv.
1223 4853 1247 4913 1,
1266 4865 1293 4916 p.
1306 4851 1346 4900 31.
1357 4877 1383 4886 -
1403 4851 1466 4901 lueet
1482 4849 1565 4901 semel
1584 4849 1684 4900 bahent
1700 4852 1735 4910 C;

409 4929 524 4979 alterum
542 4929 569 4979 in
586 4941 671 4991 marg.
684 4926 868 4992 Vsuppletum
887 4956 915 4965 -
933 4930 989 4979 bet
999 4929 1023 4977 6.
1036 4942 1171 4978 sconsum
1190 4929 1261 4978 a1-
1280 4927 1304 4975 6.
1317 4940 1367 4976 esse
1383 4928 1491 4976 auctore
1510 4926 1612 4975 Christo
1628 4923 1738 4976 inclusi-

408 5016 479 5063 mus,
498 5004 543 5066 qui
560 5001 630 5053 bene
642 5002 707 5053 vidit
722 5004 881 5054 sententiam
898 5017 972 5055 csse:
992 5017 1042 5053 nec
1060 5005 1175 5067 reperio,
1194 5015 1247 5066 quo
1260 5001 1341 5051 modo
1355 5000 1416 5051 illud
1435 5001 1544 5052 effatum
1557 5001 1594 5050 «si
1606 5002 1735 5062 mentiris,

408 5079 559 5139 mentiris»,
578 5078 675 5129 eodem
692 5078 773 5130 modo
791 5093 936 5139 conexum,
955 5093 1008 5130 non
1026 5080 1141 5130 iudicem
1159 5093 1218 5130 esse
1237 5091 1340 5127 verum.
1352 5103 1385 5114 -
1402 5083 1424 5127 et
1440 5072 1483 5127 1³²:
1502 5078 1578 5127 oecC
1594 5104 1620 5113 -
1639 5077 1693 5126 illut
1707 5078 1736 5127 1³¹

409 5180 437 5191 -
458 5155 482 5204 7.
500 5153 616 5204 mecho
638 5151 721 5205 deleri
745 5154 818 5204 iubet
840 5154 946 5205 Durand
969 5156 996 5204 in
1013 5167 1069 5204 cur.
1089 5167 1143 5204 sec.
1166 5181 1190 5191 -
1216 5155 1240 5204 8.
1259 5167 1330 5204 omne
1345 5155 1367 5202 st
1382 5154 1441 5202 istos
1457 5153 1488 5202 V¹
1505 5180 1537 5188 -
1559 5157 1583 5201 et
1598 5152 1643 5201 boc
1659 5157 1738 5202 totum

408 5230 477 5279 coni.
497 5228 589 5280 lamb.
609 5253 635 5263 -
656 5228 695 5278 to.
714 5229 847 5279 Antiochea
863 5228 924 5279 cod.
943 5229 1083 5280 Cantaba:
1109 5229 1220 5279 antioche
1238 5229 1302 5289 CG,
1321 5229 1429 5278 antiochi
1445 5228 1477 5288 E,
1496 5228 1625 5278 Antiochia
1642 5228 1677 5287 0;
1701 5228 1735 5278 ci.

408 5304 424 5368 3
443 5304 499 5353 tto.
521 5331 548 5340 -
570 5302 609 5353 13.
629 5308 747 5365 quattuor
763 5305 861 5367 quidem
878 5304 985 5354 Durand
1003 5306 1028 5354 in
1047 5317 1102 5354 cur.
1117 5317 1172 5354 sec.
1188 5330 1214 5339 —
1237 5301 1274 5352 tl.
1294 5315 1358 5365 quoe
1374 5303 1426 5351 tom
1443 5302 1526 5351 ὀὶεαηι
1542 5316 1606 5365 quoe
1622 5308 1678 5352 scot
1689 5304 1736 5352 ΑΒ

410 5404 439 5417 -
461 5380 500 5430 lb.
518 5380 573 5429 etto
588 5379 644 5428 oisc
660 5392 710 5430 esee
720 5406 757 5418 -·
765 5381 907 5443 probabitis
924 5381 977 5430 olto
994 5394 1044 5430 nco
1057 5394 1107 5441 pro
1124 5379 1206 5429 habet
1222 5378 1244 5426 V
1261 5392 1297 5428 m.
1316 5378 1331 5427 2
1349 5378 1374 5427 in
1393 5375 1450 5428 loco
1469 5390 1561 5436 eraso;
1579 5390 1627 5438 quc
1640 5378 1737 5439 percipi

405 5455 501 5519 pontu
521 5454 576 5503 otto
596 5466 661 5517 quoe
679 5456 774 5517 percipi
797 5455 864 5517 (om.
881 5457 976 5519 percipi
993 5468 1029 5505 m.
1047 5456 1063 5505 2
1081 5456 1107 5505 in
1126 5456 1154 5516 V)
1177 5453 1347 5515 nonpossint.
1366 5453 1392 5502 ia
1412 5453 1491 5503 attero
1508 5458 1593 5504 eutem
1609 5454 1663 5503 olto
1679 5453 1737 5503 etse

408 5542 460 5580 asse
472 5528 616 5593 probcbttto
634 5530 660 5578 in
676 5530 697 5579 Α
715 5530 741 5579 in
758 5543 840 5593 marg.
860 5531 925 5580 ma
942 5529 1030 5579 addita
1049 5557 1077 5566 —
1097 5530 1138 5579 46.
1154 5534 1252 5591 possent
1269 5529 1298 5577 ΒΙ
1312 5555 1339 5565 -
1358 5528 1412 5578 olto
1428 5541 1492 5591 quoe
1507 5542 1557 5579 noo
1572 5530 1734 5591 potetatem.

408 5605 442 5665 s,
461 5606 487 5654 in
505 5615 589 5667 marg.
609 5605 652 5654 est
668 5604 721 5653 clia
737 5618 801 5667 quoe
814 5606 911 5667 percipi
927 5620 977 5656 ooo
990 5606 1086 5668 possint
1099 5632 1126 5641 -
1146 5606 1185 5655 ⁴7.
1204 5617 1269 5665 quoe
1286 5617 1339 5654 om.
1353 5602 1383 5654 Αἱ
1396 5630 1423 5639 -
1443 5605 1484 5654 20.
1498 5599 1558 5655 tort.
1571 5607 1737 5665 consequetur

408 5706 442 5716 -
458 5680 499 5729 at.
518 5684 554 5728 est
568 5679 640 5742 prob.
659 5680 720 5728 nibil
735 5693 799 5730 esse:
823 5686 845 5731 et
863 5680 963 5731 Christ:
986 5687 1046 5732 esset
1059 5682 1132 5744 prob.
1152 5680 1213 5730 osec
1229 5685 1289 5730 esset
1306 5682 1340 5736 C;
1363 5685 1435 5742 esset,
1458 5680 1480 5729 rt
1499 5679 1571 5743 prob.
1589 5678 1651 5727 cibit
1666 5683 1734 5729 esset

408 5755 441 5805 Et
452 5755 472 5804 0
485 5753 531 5814 (sic
548 5754 601 5804 iam
618 5768 645 5815 r,
664 5754 714 5805 sed
730 5757 786 5806 sine
798 5757 853 5815 Εης
871 5762 930 5806 esset
946 5758 967 5805 st
981 5757 1053 5820 prob.
1072 5758 1133 5807 nihil
1148 5763 1221 5816 essen
1238 5763 1382 5820 sequeretur
1392 5760 1458 5808 enim
1470 5756 1562 5809 bamb.
1578 5782 1604 5790 -
1622 5762 1737 5819 sequetur

409 5825 500 5878 malim
518 5853 547 5864 -
567 5828 608 5879 23.
626 5829 655 5878 te
670 5830 708 5880 his
724 5829 744 5880 0
761 5858 793 5868 -
809 5834 850 5881 25.
868 5832 990 5881 accederit
1006 5830 1037 5881 V¹
1051 5858 1077 5867 —
1097 5832 1133 5881 nit
1149 5833 1169 5880 V
1183 5859 1209 5867 -
1229 5836 1499 5895 afferren-uteretur
1516 5830 1586 5882 B¹V¹
1599 5858 1626 5867 -
1645 5831 1685 5882 27.
1698 5832 1737 5881 bis

408 5904 430 5952 Α
446 5929 478 5939 -
494 5902 566 5952 sobo
582 5904 602 5955 E
619 5906 647 5955 et
664 5904 723 5955 cod.
742 5906 824 5960 Ursini
842 5932 870 5942 -
893 5907 1013 5956 swidero
1029 5908 1048 5955 B
1068 5933 1095 5942 —
1119 5907 1159 5956 29.
1177 5908 1228 5957 etri
1249 5906 1279 5959 Βι
1298 5934 1325 5945 -
1350 5907 1391 5959 30.
1409 5920 1469 5959 arco
1485 5908 1507 5959 ll
1522 5908 1550 5959 in
1567 5919 1630 5970 ras..
1648 5906 1734 5959 oooB

413 6006 439 6016 -
457 5979 498 6032 ³2.
515 5980 564 6032 hoc
580 5976 625 6032 13²:
645 5994 676 6031 cc
693 5980 712 6031 C
731 6006 758 6018 -
778 5981 817 6033 33.
837 5982 990 6034 audeatur
1006 5981 1098 6032 bamb.
