4342 7459
368 1203 373 1220 '
448 1206 510 1275 tlt
733 1211 787 1275 llll
809 1211 967 1276 FlNlBUS
991 1211 1192 1277 ΒΟΝΟΒΒΜ
1213 1210 1266 1275 ΕΤ
1287 1210 1488 1276 uenenum

447 1399 524 1443 saxa
552 1378 697 1443 discendi
728 1379 899 1463 cupiditate
926 1379 1201 1444 adhaerescerent.
1249 1380 1296 1443 lta
1325 1381 1411 1443 enim
1437 1378 1572 1443 invitant
1593 1378 1716 1442 Ulixem
1737 1410 1779 1427 -

446 1493 519 1536 nam
541 1476 635 1550 verti,
657 1482 693 1536 ut
714 1475 869 1557 quaedam
891 1475 1038 1549 Homeri,
1060 1476 1106 1538 sic
1130 1476 1226 1539 istum
1248 1475 1353 1558 ipsum
1376 1475 1480 1538 locum
1505 1496 1561 1536 -ε

531 1565 703 1631 Odecus
724 1568 976 1652 Argolicum,
999 1570 1099 1652 quin
1123 1570 1286 1653 puppim
1308 1567 1472 1643 flectis,
1497 1568 1650 1642 Ulixes,

529 1662 697 1725 Auribus
718 1669 759 1724 ut
779 1670 942 1725 nostros
964 1664 1099 1746 possis
1122 1682 1348 1744 agnoscere
1371 1664 1538 1726 cantusl

421 1774 436 1820 o
529 1757 618 1819 Nam
640 1775 746 1819 nemo
768 1755 861 1819 haec
882 1776 1056 1840 umquam
1079 1763 1138 1819 est
1159 1764 1401 1820 transvectus
1424 1756 1579 1819 caerula
1601 1775 1733 1830 cursu,

529 1849 631 1925 Quin
653 1851 767 1932 prius
788 1849 1169 1922 adstiteritvocum
1191 1850 1418 1913 dulcedine
1441 1856 1606 1933 captus,

529 1945 622 2007 Post
642 1942 769 2005 variis
790 1942 908 2005 avido
931 1945 1111 2006 satiatus
1135 1952 1302 2025 pectore
1325 1945 1464 2018 musis,

527 2037 694 2100 Doctior
712 2035 757 2099 ad
779 2037 938 2120 patrias
961 2036 1103 2119 lapsus
1125 2037 1376 2120 pervenerit
1398 2058 1502 2101 ores.

527 2131 606 2194 Nos
629 2148 751 2213 grave
772 2138 979 2194 certamen
1000 2130 1106 2194 belli
1131 2130 1373 2215 clademque
1395 2140 1600 2206 tenemus,

408 2245 435 2292 to
527 2224 696 2287 Graecia
718 2244 830 2307 quarn
851 2225 995 2289 Troiae
1018 2224 1158 2289 divino
1180 2226 1345 2289 numine
1367 2226 1500 2300 vexit,

528 2316 751 2401 Omniaque
774 2339 792 2381 e
813 2318 914 2381 latis
936 2338 1066 2382 rerum
1090 2318 1268 2402 vestigia
1289 2320 1426 2383 terris.

442 2412 529 2479 Vidit
555 2412 715 2476 Homerus
744 2412 872 2495 probari
900 2410 1040 2475 fabulam
1068 2432 1132 2474 non
1161 2433 1272 2495 posse,
1304 2415 1330 2476 si
1364 2413 1575 2477 cantiunculis
1598 2422 1705 2479 tantus
1727 2415 1776 2478 vir

441 2507 582 2570 irretitus
604 2512 779 2570 teneretur:
801 2506 966 2570 scientiam
988 2504 1197 2589 pollicentur,
1220 2526 1317 2590 quam
1341 2527 1406 2570 non
1430 2516 1498 2571 erat
1520 2508 1632 2573 mirum
1651 2509 1777 2594 sapien·

443 2601 505 2664 tiae
528 2599 643 2683 cupido
666 2600 767 2682 patria
788 2601 941 2664 cariorem
964 2620 1034 2663 esse.
1073 2603 1177 2681 Atque
1201 2601 1307 2663 omnia
1330 2603 1458 2685 quidem
1481 2603 1571 2676 seire,
1594 2603 1775 2666 cuiuscum-

406 2714 507 2778 esque
537 2693 624 2755 modi
649 2695 725 2767 sint,
752 2714 868 2777 cupere
896 2695 1108 2767 curiosorum,
1140 2695 1210 2757 duci
1233 2714 1307 2758 vero
1332 2697 1485 2758 maiorum
1507 2716 1612 2760 rerum
1631 2691 1775 2759 ‘contem-

443 2787 585 2869 platione
607 2785 647 2850 ad
670 2786 872 2871 cupiditatem
895 2788 1048 2865 scientiae
1070 2798 1265 2850 summorum
1288 2788 1429 2853 virorum
1452 2798 1501 2852 est
1522 2789 1708 2873 putandum.

527 2882 614 2943 xlx.
637 2878 689 2942 50.
712 2881 815 2956 Quem
838 2881 922 2944 enim
944 2881 1091 2944 ardorem
1114 2879 1209 2944 studii
1232 2884 1369 2946 censetis
1400 2882 1498 2947 finisse
1521 2884 1554 2947 in
1575 2882 1773 2956 Archimede,

444 2975 594 3061 quidum
616 2976 649 3038 in
671 2974 801 3058 pulvere
825 2977 981 3059 quaedam
1004 2975 1155 3038 describit
1175 2977 1342 3050 attentius,
1365 2995 1405 3039 ne
1428 2978 1561 3060 patriam
1577 2977 1707 3061 quidem
1723 2995 1774 3039 ca·

443 3079 527 3153 ptam
549 3089 619 3134 esse
642 3070 799 3133 senserit?
822 3077 974 3153 quantum
998 3068 1179 3132 Aristoxeni
1202 3069 1366 3151 ingenium
1389 3078 1611 3153 consumptum
1630 3070 1773 3133 videmus

404 3185 433 3231 eo
443 3165 476 3228 in
498 3164 650 3227 musicis?
673 3183 738 3247 quo
754 3162 860 3227 studio
875 3162 1118 3247 Aristophanem
1134 3169 1283 3245 putamus
1298 3170 1434 3226 aetatem
1448 3165 1480 3225 in
1495 3163 1611 3227 litteris
1626 3163 1773 3227 duxisset

444 3259 528 3335 Quid
551 3259 591 3322 de
613 3257 812 3342 Pythagora?
842 3256 917 3340 quid
941 3255 980 3318 dc
1003 3257 1134 3319 Platone
1156 3264 1211 3319 aut
1232 3257 1272 3319 de
1294 3257 1475 3320 Democrito
1497 3256 1635 3340 loquari
1661 3257 1773 3340 aqui·

441 3353 502 3416 bus
523 3359 652 3436 propter
672 3349 816 3414 discendi
839 3350 1043 3432 cupiditatem
1065 3347 1211 3412 videmus
1232 3350 1360 3413 ultimas
1382 3359 1483 3415 terras
1497 3370 1568 3414 esee
1583 3360 1772 3434 peragratas.

443 3447 532 3522 Quae
548 3447 602 3530 qui
617 3466 678 3509 non
694 3445 805 3507 vident
819 3442 898 3505 nihil
914 3462 1065 3526 umquam
1078 3444 1099 3521 †
1111 3461 1224 3523 magna
1236 3446 1414 3527 cognitione
1430 3444 1562 3529 dignum
1577 3453 1772 3508 amaverunt.

441 3543 546 3623 Atque
568 3540 628 3602 hoc
649 3538 720 3602 loco
748 3538 802 3620 qui
824 3545 954 3620 propter
974 3536 1071 3598 animi
1087 3536 1268 3618 voluptates
1283 3538 1346 3600 coli
1361 3538 1474 3602 dicunt
1495 3559 1534 3601 ea
1552 3537 1666 3613 studia,
1689 3558 1771 3621 quae

403 3634 523 3707 sedixi,
545 3653 608 3695 non
631 3631 821 3713 intellegunt
842 3629 961 3693 idcirco
984 3650 1054 3693 esse
1076 3650 1113 3693 ea
1135 3639 1266 3713 propter
1288 3651 1322 3693 sc
1345 3632 1545 3714 expetenda,
1575 3631 1661 3715 quod
1683 3632 1771 3694 nulla

441 3726 578 3790 utilitate
606 3726 728 3789 obiecta
754 3723 950 3787 delectentur
979 3725 1075 3787 animi
1098 3731 1193 3807 atque
1216 3725 1285 3807 ipsa
1307 3725 1456 3801 seientia,
1486 3726 1581 3789 etiam
1604 3724 1630 3787 si
1651 3724 1772 3788 incom-

441 3821 605 3883 modatura
628 3820 686 3893 sit,
709 3818 878 3903 gaudeant.
914 3813 967 3882 bl.
990 3818 1051 3881 Sed
1075 3817 1152 3901 quid
1175 3818 1341 3881 attinetde
1356 3820 1529 3883 robustam
1545 3818 1665 3902 apertis
1680 3820 1771 3902 plura

441 3915 623 3997 requireret
645 3914 710 3996 lpsi
733 3914 817 3976 enim
842 3932 1030 3996 quaeramus
1053 3912 1201 3985 anobis,
1224 3912 1385 3976 stellarum
1409 3922 1513 3977 motus
1529 3911 1771 3996 contemplatio·

440 4028 562 4092 nosque
590 4028 695 4070 rerum
724 4007 907 4071 caelestium
931 4027 1106 4090 eorumque
1129 4006 1287 4094 omnium,
1317 4027 1398 4090 quae
1426 4015 1557 4069 naturae
1580 4004 1770 4069 obscuritate

402 4103 650 4175 seoccultantur‚
673 4102 867 4184 cognitiones
890 4121 984 4185 quem
1007 4101 1046 4164 ad
1070 4101 1197 4164 modum
1220 4119 1279 4163 nos
1298 4108 1461 4175 moveant,
1485 4099 1615 4183 etquid
1637 4099 1769 4163 historia

440 4198 588 4269 delectet,
619 4214 714 4278 quam
736 4194 876 4258 solemus
898 4195 1047 4278 persequi
1071 4215 1173 4278 usque
1195 4194 1235 4257 ad
1259 4200 1453 4267 extremum,
1475 4192 1699 4277 praetermissa
1720 4213 1769 4256 re-

439 4291 594 4374 petimus,
622 4289 769 4353 inchoata
795 4290 1025 4372 persequimur.
1069 4290 1134 4350 Nec
1164 4307 1237 4350 vero
1267 4307 1336 4349 sum
1359 4287 1485 4350 nescius
1508 4308 1578 4350 esse
1601 4288 1768 4351 utilitatem

438 4386 471 4447 in
493 4385 639 4456 historia,
661 4403 724 4446 non
747 4383 841 4445 modo
865 4381 1070 4464 voluptatem.
1110 4380 1217 4455 Quid?
1241 4401 1313 4443 cum
1336 4378 1423 4443 fictas
1445 4378 1584 4455 tabulas,
1611 4401 1629 4443 e
1652 4382 1768 4465 quibus

440 4477 560 4541 utilitas
581 4476 668 4539 nulla
691 4475 763 4538 elici
786 4481 906 4557 potest,
934 4495 1004 4537 cum
1028 4475 1189 4557 voluptate
1212 4474 1371 4556 legimus?
1415 4471 1465 4535 52.
1489 4474 1598 4550 Quidt
1620 4496 1691 4539 cum
1713 4494 1769 4538 vo·

401 4571 542 4634 telumue
569 4569 699 4633 nomina
726 4589 853 4643 eorum,
883 4569 938 4651 qui
968 4569 1046 4653 quid
1076 4568 1249 4651 gesserint,
1277 4576 1352 4631 nota
1378 4568 1469 4631 nobis
1492 4588 1576 4641 esse,
1603 4576 1767 4652 parentes,

437 4664 589 4747 patriam,
620 4661 717 4725 multa
738 4669 901 4745 praeterea
924 4664 1052 4725 minime
1075 4660 1274 4726 necessaria?
1304 4661 1414 4736 Quint
1445 4662 1529 4744 quod
1551 4662 1697 4726 homines
1720 4663 1767 4725 in·

439 4755 509 4821 lima
530 4757 670 4830 l'ortuna,
692 4755 780 4820 nulla
802 4776 858 4838 spe
881 4774 984 4818 rerum
1007 4755 1234 4836 gerendarum,
1257 4752 1387 4837 opifices
1410 4754 1550 4839 denique
1570 4755 1767 4819 delectantur

436 4849 593 4913 historia?
621 4850 822 4932 maximeque
851 4868 907 4911 eos
934 4848 1042 4912 videre
1071 4867 1240 4931 possumus
1270 4868 1320 4911 res
1349 4856 1452 4932 gestas
1475 4849 1584 4913 audire
1607 4857 1638 4913 et
1660 4850 1765 4934 legere

502 5158 527 5207 Β.
545 5155 581 5220 ut]
599 5162 644 5205 oet
660 5155 709 5205 ΒΕ
724 5183 750 5192 -
770 5155 794 5205 3.
814 5154 882 5219 quia}
900 5155 944 5216 out
960 5156 1009 5205 ΒΒ
1030 5182 1055 5191 -
1077 5155 1148 5205 Ultce
1164 5155 1184 5203 O
1200 5181 1225 5189 -
1245 5154 1270 5202 6.
1284 5152 1358 5216 odic]
1371 5154 1414 5215 qut
1431 5154 1520 5204 BF.-
1539 5155 1562 5203 7.
1582 5156 1762 5205 sociotmE-

437 5234 476 5281 tt.
489 5245 575 5281 rerum
587 5232 703 5282 Morsus:
722 5245 809 5294 repam
823 5230 901 5280 codd.
917 5232 1003 5292 (etium
1019 5231 1047 5291 E}
1063 5257 1088 5266 -
1110 5230 1151 5278 ts.
1170 5228 1281 5277 irretitus
1296 5229 1339 5277 air
1356 5229 1374 5276 Β
1395 5255 1422 5264 -
1443 5227 1482 5278 tl.
1498 5241 1525 5290 p.
1538 5227 1639 5279 caetori
1656 5227 1688 5279 ὄὸ
1701 5242 1762 5279 nos:

433 5321 459 5370 p.
470 5301 571 5357 cariori
584 5306 678 5364 codd.;
690 5320 716 5368 p.
726 5306 907 5355 essecon'orem
917 5317 979 5354 eum
989 5303 1116 5353 lumbino
1127 5303 1188 5353 ΜΟ.
1202 5301 1241 5352 Cl.
1252 5317 1277 5366 p.
1289 5302 1344 5362 479,
1357 5303 1428 5354 ts·
1440 5304 1480 5352 to.
1491 5302 1653 5367 mmmoeum]
1662 5317 1765 5353 sacram

435 5383 484 5432 ΒΒ
499 5409 525 5418 -
544 5382 585 5431 tl.
604 5380 676 5445 caim]
693 5394 751 5429 cum
767 5381 786 5429 Β
802 5407 828 5415 -
848 5380 888 5429 48.
901 5379 999 5442 quidem
1011 5391 1064 5429 om.
1078 5379 1097 5428 Β
1112 5405 1139 5414 -
1159 5378 1198 5427 ts.
1217 5377 1310 5440 ingenti
1327 5377 1390 5425 D-
1409 5377 1450 5427 23.
1468 5376 1703 5441 muqsmlmogncm
1720 5383 1765 5429 out

436 5458 571 5515 Davisius,
596 5467 717 5517 magnam
733 5467 764 5502 oc
780 5453 910 5503 Bremius.
932 5480 959 5489 —
977 5453 1018 5502 26.
1036 5466 1067 5502 eo
1084 5464 1137 5502 om.
1157 5452 1177 5500 0
1197 5479 1222 5487 -
1243 5452 1283 5502 30.
1302 5452 1501 5515 cognitionemque
1516 5453 1651 5502 odmodm
1667 5453 1715 5504 ΒΕ
1734 5480 1760 5489 -

435 5533 476 5583 31.
492 5532 606 5595 persequi
624 5531 657 5580 B:
672 5528 790 5592 prosequi
807 5529 856 5578 ΕΟ
874 5555 899 5563 -
920 5529 960 5579 32.
979 5527 1074 5577 nesciae
1091 5527 1124 5576 B:
1143 5526 1265 5575 {muoso
1279 5551 1305 5562 —
1326 5525 1383 5589 ease]
1400 5526 1475 5575 ettam
1487 5526 1506 5575 Β
1527 5553 1553 5562 -
1567 5526 1607 5575 33.
1620 5527 1678 5590 aon]
1695 5527 1763 5577 nullo

436 5607 454 5655 Β
474 5632 500 5641 -
521 5604 664 5655 «Offendor
681 5602 797 5654 nonnihil
818 5605 984 5667 intemperie
1001 5601 1192 5664 significatione
1207 5602 1280 5665 quid,
1299 5616 1355 5651 com
1368 5603 1442 5667 potas
1455 5602 1555 5666 (eoum
1571 5605 1598 5652 et
1615 5605 1687 5664 qaid,
1706 5616 1762 5653 cum

434 5681 560 5730 volscum:
584 5692 646 5729 nam
669 5692 757 5743 neque
781 5691 880 5743 perse
903 5682 964 5743 epta
985 5678 1104 5736 videtur,
1127 5678 1253 5738 quoniam
1277 5681 1338 5727 ante
1359 5690 1411 5727 non
1430 5690 1461 5727 ea
1480 5678 1563 5727 torme
1582 5679 1675 5728 Cicero
1698 5691 1761 5728 usus

435 5758 488 5815 est,
507 5758 547 5816 ut,
566 5767 628 5804 cum
645 5755 698 5806 hoc
716 5754 758 5805 vel
777 5752 841 5803 illud
858 5752 1020 5813 laceremus,
1040 5756 1096 5802 tum
1113 5751 1211 5816 aliquid
1228 5752 1343 5817 intellegi
1360 5752 1475 5812 diceret,
1495 5756 1522 5802 et
1538 5754 1671 5815 sequitur:
1691 5753 1759 5815 qaid,

435 5832 501 5892 quod
515 5831 624 5881 locanes
640 5833 691 5879 cet.
719 5831 810 5893 Neque
829 5832 917 5878 temen
935 5831 1038 5879 mutare
1056 5825 1170 5877 audeo.»
1188 5828 1272 5878 Merv.
1287 5855 1314 5864 -
1333 5827 1374 5879 at.
1387 5828 1450 5889 elios]
1468 5828 1516 5877 dict
1533 5828 1552 5876 Β
1572 5853 1600 5863 -
1619 5832 1673 5876 tam
1688 5827 1760 5876 colu·

433 5908 551 5968 eumn
571 5934 597 5943 -
616 5906 656 5956 se.
675 5904 867 5969 qusqsmss
886 5931 913 5941 -
932 5903 1168 5967 aestuemus.
1193 5901 1231 5953 cr.
1250 5915 1276 5966 ρ.
1297 5902 1353 5964 eso,
1372 5903 1395 5951 a.
