4342 7459
439 1225 501 1290 266
762 1231 1084 1297 Tusculanarum
1105 1232 1432 1297 bisaurastortutt

439 1388 580 1451 rabilem.
622 1388 710 1452 Unde
736 1390 832 1472 igitur
854 1392 981 1454 ordiart
1009 1410 1049 1454 an
1076 1392 1186 1454 eadem
1206 1391 1345 1454 breviter
1366 1392 1531 1474 attingam,
1560 1409 1642 1476 quae
1664 1393 1759 1457 modo

441 1480 523 1553 dixi,
546 1501 610 1563 quo
631 1482 754 1547 facilius
777 1486 876 1548 oratio
897 1486 1045 1567 progredi
1067 1487 1166 1566 possit
1188 1484 1335 1568 longius?
1371 1481 1422 1545 43.
1439 1487 1524 1547 luter
1539 1485 1642 1548 omnis
1663 1488 1760 1569 igitur

439 1572 500 1635 hoc
521 1583 642 1638 constat
662 1596 721 1639 nec
736 1576 848 1639 doctos
867 1579 1012 1641 homines
1027 1577 1146 1650 solum,
1168 1577 1225 1639 sed
1242 1579 1336 1641 etiam
1352 1577 1512 1651 indoctos,
1534 1580 1672 1642 virorum
1689 1597 1759 1643 esse

439 1667 564 1730 fortium
587 1678 620 1732 et
640 1671 909 1752 magnanimorum
931 1678 963 1734 et
984 1671 1166 1753 patientium
1183 1679 1215 1733 et
1229 1671 1366 1734 humana
1380 1671 1570 1733 vincentium
1586 1671 1761 1736 toleranter

416 1760 581 1824 statorem
603 1763 687 1846 pati,
717 1784 776 1826 nec
796 1784 871 1827 vero
894 1765 1060 1847 quisquam
1083 1763 1143 1825 luit
1165 1764 1218 1846 qui
1244 1782 1329 1838 eum,
1357 1763 1412 1846 qui
1433 1763 1476 1824 ita
1499 1771 1673 1847 pateretur,
1695 1784 1759 1829 non

440 1853 630 1918 laudandum
662 1864 796 1939 putaret.
848 1856 940 1932 Quod
974 1876 1050 1939 ergo
1080 1864 1112 1919 et
1140 1856 1318 1939 postulatur
1339 1874 1357 1917 a
1378 1854 1512 1919 fortibus
1542 1864 1573 1920 et
1604 1857 1760 1932 laudatur,

440 1967 510 2009 cum
533 1944 580 2024 bt,
601 1948 633 2012 id
655 1957 710 2012 aut
732 1951 937 2013 extimescere
958 1951 1089 2013 veniens
1111 1958 1165 2013 aut
1186 1970 1251 2012 non
1269 1949 1350 2011 serre
1369 1968 1520 2031 praesens
1539 1970 1647 2014 nonne
1668 1959 1760 2035 turpe

439 2045 510 2103 est?
532 2044 649 2126 Atquin
671 2043 742 2107 vide
764 2064 820 2117 ne,
843 2064 912 2107 cum
936 2065 1045 2108 omnes
1067 2051 1170 2106 rectae
1185 2043 1281 2105 animi
1296 2042 1491 2105 adfectiones
1506 2044 1638 2107 virtutes
1652 2045 1761 2128 appel·

440 2133 557 2211 lentur,
592 2158 653 2201 non
685 2139 728 2200 sit
756 2138 817 2201 hoc
847 2139 1009 2221 proprium
1038 2156 1154 2200 nomen
1176 2137 1334 2210 omnium,
1367 2136 1423 2199 sed
1446 2136 1486 2198 ab
1507 2156 1560 2212 ea,
1593 2156 1676 2221 quae
1697 2156 1761 2201 una

403 2237 431 2284 10
440 2231 551 2293 ceteris
579 2231 768 2305 excellebat,
796 2252 905 2295 omnes
932 2233 1112 2295 nominatae
1142 2231 1215 2293 sint.
1251 2230 1417 2312 Appellata
1447 2238 1494 2293 est
1522 2231 1605 2294 enim
1628 2252 1670 2294 ex
1692 2234 1760 2297 vim

439 2324 554 2397 virtus3
577 2325 633 2387 riri
654 2333 759 2388 autem
781 2326 909 2408 propria
931 2326 1067 2388 maxime
1088 2332 1136 2388 est
1155 2323 1323 2398 tortitudo,
1347 2324 1435 2386 cuius
1457 2343 1586 2387 munera
1607 2324 1672 2389 duo
1688 2335 1763 2390 sunt

439 2416 585 2491 maxima,
607 2420 716 2482 mortis
738 2418 923 2502 dolorisque
945 2419 1147 2501 contemptio.
1184 2416 1342 2480 Utendum
1364 2424 1413 2479 est
1440 2418 1535 2500 igitur
1555 2418 1621 2493 bis,
1652 2419 1680 2482 si
1701 2421 1762 2484 vir·

439 2509 513 2570 tutis
541 2519 700 2594 compotes
728 2512 778 2574 vel
809 2513 914 2594 potius
943 2513 969 2574 si
991 2513 1047 2575 viri
1069 2512 1215 2574 volumus
1238 2530 1323 2583 esse,
1354 2511 1504 2594 quoniam
1526 2530 1544 2574 a
1566 2512 1641 2575 viris
1663 2514 1762 2576 virtus

439 2620 554 2665 nomen
577 2613 625 2667 est
646 2611 794 2667 mutuata.
832 2606 971 2680 Quaeres
988 2604 1138 2678 tortasse,
1163 2624 1227 2687 quo
1243 2603 1355 2677 modo,
1377 2612 1409 2666 et
1429 2611 1533 2680 recte3
1566 2605 1661 2668 talem
1677 2606 1761 2668 enim

403 2704 430 2750 ⁴⁵
441 2695 628 2761 medicinam
649 2698 849 2781 philosophia
872 2698 1045 2781 profitetur.

523 2788 682 2854 1111111.
706 2793 799 2855 Venit
820 2794 992 2876 Epicurus,
1016 2793 1111 2855 homo
1134 2792 1263 2854 minime
1285 2792 1386 2855 malus
1410 2792 1460 2855 rel
1482 2792 1589 2875 potius
1611 2792 1661 2856 vir
1681 2793 1776 2876 opti-¹

439 2907 527 2950 mus:
555 2894 674 2949 tantum
697 2894 819 2960 monet,
849 2894 1001 2969 quantum
1024 2886 1187 2968 intellegit.
1223 2884 1408 2967 «Neglegen
1433 2886 1537 2969 inquit
1561 2886 1761 2949 adoloreme.

440 2978 519 3054 Quis
540 2979 600 3042 hoc
623 2980 720 3042 dictat
742 2979 826 3042 idem
849 2981 903 3064 qui
926 2981 1065 3044 dolorem
1081 2999 1238 3042 summum
1254 2979 1380 3041 malum.
1404 2980 1465 3042 Vix
1480 2981 1556 3043 satis
1571 2986 1762 3043 constanter.

439 3071 622 3136 Audiamus.
659 3073 715 3135 asi
739 3093 880 3138 summus
902 3074 994 3138 dolor
1016 3084 1087 3137 estn
1116 3074 1234 3154 inquit,
1260 3072 1410 3137 ebrevem
1433 3093 1563 3137 necesse
1584 3081 1633 3137 est
1655 3091 1764 3138 esses.

400 3175 430 3221 ²⁰
963 3169 1068 3231 ltera
1092 3166 1177 3229 dum
1200 3167 1336 3229 eadem
1358 3166 1491 3230 istaec
1513 3167 1628 3230 mihil

439 3280 502 3323 non
525 3262 609 3323 enim
639 3262 716 3324 satis
738 3262 889 3343 intellego
911 3261 986 3344 quid
1010 3280 1166 3324 summum
1190 3261 1276 3323 dicas
1298 3280 1383 3333 esse,
1410 3260 1485 3345 quid
1507 3262 1613 3324 breve.
1649 3263 1765 3326 «Sum-

440 3373 522 3415 mum
546 3356 610 3435 quo
633 3355 712 3418 nihil
734 3358 775 3418 sit
796 3356 961 3437 superius,
984 3355 1078 3418 breve
1101 3374 1166 3438 quo
1190 3353 1266 3417 nihil
1282 3354 1419 3417 brevius.
1454 3354 1628 3418 Contemno
1643 3357 1765 3439 magni·

439 3447 580 3511 tudinem
603 3448 736 3521 doloris,
759 3469 776 3511 a
800 3469 862 3529 qua
885 3467 934 3511 me
958 3450 1092 3512 brevitas
1112 3447 1261 3530 temporis
1277 3447 1449 3510 vindicabit
1462 3456 1536 3511 ante
1552 3468 1654 3531 paene
1669 3468 1764 3533 quarn

439 3540 589 3602 venerit.»
630 3541 692 3604 Sed
722 3542 748 3604 si
779 3551 827 3605 est
858 3550 963 3605 tantm
994 3541 1083 3604 dolor
1113 3550 1250 3624 quantus
1278 3540 1493 3604 Philoctetae?
1532 3543 1639 3603 «Bene
1670 3542 1764 3626 plane

401 3643 572 3714 utmagnus
594 3633 668 3696 mihi
691 3634 817 3717 quidem
840 3635 978 3706 videtur,
1001 3633 1055 3696 sed
1079 3644 1182 3697 tamen
1206 3654 1269 3697 non
1292 3654 1453 3709 summus;
1485 3625 1563 3697 nihil
1579 3636 1663 3698 enim
1679 3635 1766 3699 dolet

440 3728 501 3789 nisi
522 3748 596 3810 pest
619 3737 754 3809 possunt
775 3728 874 3801 oculi,
899 3736 1002 3811 potest
1024 3737 1132 3810 caput,
1155 3728 1269 3801 latera,
1293 3728 1472 3809 pulmones,
1496 3737 1629 3810 possunt
1643 3731 1764 3793 omnia:

439 3820 531 3902 longe
562 3821 658 3903 igitur
687 3821 777 3884 abest
812 3842 829 3884 a
863 3842 986 3885 summo
1015 3823 1134 3885 dolore.
1179 3824 1287 3903 Ergon
1318 3822 1420 3905 inquit
1455 3822 1570 3885 ndolor
1598 3822 1766 3887 diuturnus

439 3913 534 3975 habet
556 3914 693 3977 laetitiae
717 3915 785 3998 plus
809 3935 903 3999 quam
926 3916 1123 3979 molestiae».
1147 3912 1197 3977 15.
1233 3917 1324 3977 Hunc
1347 3935 1406 3997 ego
1423 3935 1483 3979 non
1500 3936 1628 3999 possum
1643 3924 1766 3980 tantum

440 4005 597 4069 hominem
627 4008 704 4070 nihil
732 4028 843 4092 sapere
872 4010 993 4083 dicere,
1024 4011 1078 4072 sed
1102 4030 1161 4071 nos
1183 4010 1223 4072 ab
1245 4029 1283 4071 eo
1306 4009 1443 4071 derideri
1467 4019 1554 4091 puto.
1590 4010 1657 4090 Ego
1679 4029 1765 4072 sum·

402 4111 525 4164 ³0mum
548 4102 687 4164 dolorem
710 4136 751 4149 -
774 4124 927 4166 summum
951 4113 1054 4166 autem
1080 4104 1165 4177 dico,
1189 4105 1281 4165 etiam
1306 4102 1331 4164 si
1348 4101 1457 4165 decem
1473 4103 1586 4165 atomis
1602 4110 1651 4164 est
1666 4103 1766 4168 maior

490 4348 512 4394 t.
526 4347 655 4408 adtingam
666 4348 686 4394 G
698 4371 725 4382 -
739 4347 761 4394 1.
776 4348 842 4406 qaod
853 4348 873 4395 G
886 4348 962 4408 (corr.
975 4348 1000 4395 in
1014 4359 1061 4406 nno
1073 4358 1108 4394 m.
1122 4345 1280 4401 recentiore,
1294 4343 1343 4393 sed
1354 4341 1468 4405 antiqua)
1480 4369 1506 4378 -
1522 4342 1546 4392 l.
1559 4356 1654 4406 mapsa
1666 4346 1768 4393 aninso-

438 4435 496 4470 mm
508 4423 553 4471 611
568 4447 592 4455 -
607 4422 752 4470 tolleranter
764 4423 809 4470 GR
825 4448 851 4458 -
871 4422 1040 4470 1110111168
1053 4435 1058 4467 ε
1078 4434 1127 4468 non
1139 4422 1158 4469 R
1171 4419 1226 4479 (sed
1240 4431 1308 4467 corr.
1323 4432 1358 4468 m.
1374 4420 1481 4480 antiqua
1500 4421 1525 4467 in
1537 4422 1625 4475 nonne)
1640 4444 1667 4454 —-
1687 4419 1768 4469 8111-

440 4493 617 4557 11111116111111
641 4494 794 4556 6111111110.
815 4496 852 4546 Ct.
868 4495 1011 4558 Philippii
1029 4496 1043 4557 5
1062 4496 1100 4542 tl.
1123 4521 1149 4528 -
1169 4495 1191 4543 9.
1211 4506 1281 4540 cana
1298 4504 1366 4540 corr.
1386 4494 1410 4541 in
1428 4505 1480 4540 nno
1498 4495 1517 4541 G
1537 4518 1563 4528 -
1587 4494 1627 4542 16.
1647 4495 1769 4544 matteas

441 4571 615 4621 Camerarius.
637 4570 804 4619 «Rectissime
823 4582 854 4617 ex
871 4570 1024 4631 archetypo
1042 4568 1136 4629 legitur
1152 4566 1284 4617 eseellebat
1303 4567 1369 4626 (eius
1386 4569 1481 4623 aetate,
1499 4568 1543 4629 qui
1556 4568 1658 4630 primus
1672 4581 1768 4620 omnes

440 4649 527 4695 rectas
545 4646 623 4693 animi
641 4645 794 4694 allectiones
812 4645 922 4694 virtutes
940 4645 1108 4704 nontinavit);
1132 4642 1163 4692 ct.
1184 4642 1225 4698 lV,
1246 4640 1291 4690 tl:
1315 4641 1380 4689 Bene
1395 4642 1474 4703 igitar
1489 4642 1581 4699 merri,
1604 4655 1661 4691 cum
1682 4647 1769 4693 onrnia

441 4725 538 4769 essent
560 4721 585 4767 in
606 4720 714 4769 moribus
734 4721 810 4778 vitia,
835 4721 900 4779 qaod
921 4720 1016 4767 nnllam
1039 4721 1108 4766 erat
1131 4715 1264 4763 iracundia
1281 4715 1388 4773 (aredius,
1414 4717 1550 4764 iracundos
1571 4718 1635 4766 solos
1657 4732 1770 4769 morosos

440 4796 685 4844 nominaverant.
706 4796 841 4856 Wopkens
853 4794 886 4843 ad
898 4796 927 4843 N.
942 4795 971 4843 1).
983 4796 1013 4850 ll,
1029 4793 1074 4841 113
1088 4791 1188 4854 (manns
1205 4791 1279 4838 etiarn
1297 4790 1372 4837 data
1389 4796 1422 4837 est
1439 4791 1577 4851 elephanto,
1596 4794 1657 4853 ocio
1668 4794 1769 4858 --dit-

438 4872 514 4933 1111111
530 4872 613 4919 aditus
629 4869 761 4919 babebat
778 4871 812 4919 ad
827 4875 934 4931 portien.
957 4872 1000 4928 tr,
1023 4868 1110 4929 onibus
1126 4866 1207 4913 bestiis
1223 4869 1293 4913 erat
1309 4864 1331 4911 is
1347 4863 1427 4923 cibus,
1452 4871 1479 4913 nt
1491 4892 1528 4903 --
1540 4872 1705 4928 casmrmtur,
1724 4871 1770 4917 aut

439 4946 505 4994 circs
520 4952 616 4993 natura
631 4945 715 4995 dedit
732 4951 776 4993 ant
792 4944 965 5007 retardatam),
984 4944 1028 5006 qni
1046 4941 1136 4991 laudat
1151 4942 1180 4989 N.
1194 4941 1225 4988 1).
1239 4939 1269 4996 11,
1284 4938 1315 4987 63
1335 4938 1501 5000 retraetans:
1521 4940 1632 4991 addsN.
1646 4942 1678 4992 1).
1692 4943 1764 5001 11,64

440 5020 643 5081 (minuerat).
672 5021 711 5070 tat
734 5019 920 5082 (patuerat).
952 5018 1093 5068 indicativo
1116 5015 1196 5064 etiam
1221 5013 1319 5061 excellit
1342 5012 1393 5062 dici
1417 5015 1514 5075 poluit,
1539 5017 1568 5063 ut
1585 5016 1615 5064 N.
1635 5016 1666 5065 D.
1686 5017 1718 5071 11,
1736 5017 1770 5067 68

440 5095 546 5143 insident
562 5097 588 5143 et
599 5100 634 5143 est
645 5101 729 5144 tantm
742 5121 754 5131 -
764 5121 778 5131 -
790 5100 902 5156 apparel.
923 5092 1095 5142 Coniunctivo
1108 5092 1200 5139 Cicero
1214 5088 1323 5137 dixisset
1334 5088 1474 5149 recelleret,
1494 5092 1523 5138 ul
1535 5090 1576 5147 lll,
1589 5090 1613 5139 9.
1632 5090 1678 5140 nbi
1690 5092 1771 5154 Treg-

440 5168 521 5218 derus
533 5171 605 5217 recle
614 5175 702 5230 posset.
722 5171 751 5219 N.
765 5170 795 5220 b.
808 5170 838 5228 ll,
852 5170 883 5218 69
895 5170 990 5231 (Dtana
1002 5169 1106 5224 dicta,
1125 5166 1185 5224 quio
1196 5189 1210 5199 ·
1219 5188 1232 5198 -
1243 5162 1367 5224 efficeret).
1382 5160 1445 5211 ibid.
1459 5162 1580 5225 (veniret).
1595 5164 1635 5215 61.
1649 5166 1708 5214 lt.»
1722 5167 1766 5216 W.

443 5269 469 5278 -
490 5245 529 5293 10.
549 5244 657 5304 apellata
681 5247 701 5292 G
725 5270 751 5279 -
778 5244 817 5294 ts.
839 5246 988 5305 Quaerentes
1011 5241 1040 5290 G¹
1061 5267 1087 5275 -
1116 5240 1155 5288 16.
1179 5238 1423 5300 Venitnintellegit
1441 5239 1576 5289 Charisius
1598 5253 1623 5304 p.
1642 5242 1701 5301 166,
1721 5242 1768 5298 ts;

443 5318 528 5367 Veniat
540 5343 575 5355 --
587 5321 700 5380 optimus.
724 5320 748 5367 Is
769 5324 866 5367 tantam
880 5318 1035 5379 --intellipo
1057 5315 1126 5364 bale
1149 5313 1166 5363 l.
1185 5312 1200 5363 l.
1221 5327 1246 5377 p.
1266 5312 1297 5362 81
1315 5326 1355 5374 sq.
1375 5339 1407 5350 -
1430 5314 1469 5362 tl.
1488 5319 1569 5363 monet
1590 5321 1613 5364 et
1635 5314 1729 5367 litteris
1745 5318 1771 5366 et

440 5394 578 5455 expunctis
596 5394 614 5441 G
635 5420 661 5429 -
686 5393 716 5441 tl
736 5396 762 5441 et
780 5394 818 5440 ts.
837 5393 925 5453 inquid
942 5389 971 5441 G¹
990 5416 1016 5426 ·-
1044 5391 1082 5439 ts.
1102 5401 1197 5438 necesse
1214 5393 1248 5436 ert
1264 5388 1361 5435 brevem
1379 5400 1428 5436 esse
1444 5389 1464 5436 0
1483 5415 1510 5425 —
1530 5389 1570 5438 16.
1589 5389 1732 5441 nemean
1748 5392 1769 5441 C

443 5492 469 5503 -
489 5469 564 5516 istaec
582 5469 725 5517 Manutius:
746 5470 795 5516 ista
813 5469 870 5516 CO.
891 5466 929 5517 Ct.
949 5465 1029 5516 acad.
1048 5466 1068 5514 ll
1089 5465 1103 5526 5
1121 5464 1160 5514 88.
1183 5490 1208 5499 -
1228 5464 1267 5511 al.
1287 5462 1356 5510 broni
1374 5463 1421 5511 Gli
1436 5489 1462 5499 -
1483 5463 1523 5512 11.
1543 5464 1609 5524 qnod
1626 5464 1771 5525 (111111611-

440 5541 506 5603 uius)
525 5539 555 5590 6ι
570 5570 595 5578 -
614 5549 758 5604 contempno
776 5544 823 5591 611
838 5568 864 5577 -
884 5543 924 5590 86.
944 5541 1045 5589 summis
1063 5537 1093 5588 6Ι
1107 5566 1131 5574 -
1152 5538 1192 5586 16.
1212 5537 1295 5597 capud
1311 5535 1340 5583 G'
1355 5563 1379 5571 -
1400 5538 1440 5585 st.
1453 5538 1541 5601 inquid
1553 5534 1582 5587 G¹
1597 5566 1624 5575 -
1642 5539 1683 5589 118.
1697 5540 1772 5590 Nnc

441 5618 499 5666 CO.
520 5617 593 5678 «Ego
611 5619 655 5678 qui
674 5618 801 5675 nesciam,
820 5615 882 5678 quid
901 5629 966 5663 nunc
982 5615 1031 5664 sibi
1049 5613 1126 5668 uelit.
1147 5625 1207 5661 cnm
1226 5609 1325 5673 aliquot
1343 5610 1479 5661 codicibus
1496 5611 1599 5662 scribo:
1623 5612 1709 5663 Hunc
1724 5627 1771 5677 ego

441 5707 490 5739 non
510 5706 609 5752 possam
631 5698 729 5741 tantam
749 5692 871 5740 bominem
894 5692 931 5751 (ε
948 5691 1039 5752 utpote
1057 5690 1102 5751 qui
1121 5690 1206 5736 tantus
1226 5687 1305 5733 homo
1324 5689 1371 5743 esti
1395 5686 1458 5735 nibil
1479 5689 1530 5735 cet.
1560 5689 1610 5736 l’er
1627 5688 1691 5737 bunc
1708 5692 1769 5752 epte

442 5766 639 5816 demonstratur
657 5767 797 5830 Epicurus,
816 5768 845 5814 ut
861 5767 954 5814 Stoicis
972 5764 1087 5827 quodam
1108 5762 1186 5811 modo
1199 5763 1363 5824 opponatur;
1383 5760 1416 5809 ct.
1436 5773 1504 5823 quae
1522 5761 1588 5811 intra
1606 5767 1766 5827 sequuntur:

444 5842 591 5891 Omittamus
611 5844 689 5891 hune
709 5843 788 5906 igitar
798 5840 971 5902 --praebcat
999 5839 1103 5888 Aliunde
1125 5839 1203 5901 igitur
1219 5840 1254 5885 est
1271 5837 1414 5897 quomenda
1430 5837 1553 5887 medicina
1569 5843 1592 5887 et
1608 5840 1721 5889 mammo
1736 5837 1769 5888 ab

441 5916 486 5977 iis,
505 5918 634 5977 quidet.»
652 5918 695 5967 W.
