4342 7459
761 1275 829 1338 n..
850 1272 890 1337 u.
919 1272 994 1337 cn.
1015 1272 1134 1336 44444.
1160 1268 1206 1354 pp
1229 1266 1374 1333 oo-se.
1688 1259 1730 1326 ee

407 1452 501 1510 44444
522 1446 623 1521 enim,
649 1444 714 1508 nisi
735 1444 864 1507 cavetis.
909 1442 1043 1506 Cautum
1065 1449 1127 1516 est,
1152 1440 1266 1524 inquit
1308 1440 1415 1503 Placet
1435 1438 1520 1502 enim
1543 1435 1731 1521 Chrysippo,

407 1561 477 1604 cum
507 1538 662 1623 gradatim
689 1540 919 1621 interrogetur,
948 1536 1034 1600 verbi
1062 1555 1158 1599 causa
1183 1534 1267 1598 utria
1286 1553 1388 1618 pauca
1408 1532 1473 1596 sint
1493 1550 1575 1595 anne
1596 1529 1732 1602 multas,

407 1633 572 1718 aliqunto
593 1634 681 1717 prius
703 1652 797 1717 44444
820 1632 860 1695 ad
882 1630 981 1695 multa
1001 1629 1165 1715 perveniat
1185 1629 1367 1712 quiescere,
1388 1626 1421 1689 id
1443 1631 1508 1701 est,
1529 1622 1614 1709 quod
1628 1623 1668 1686 ab
1682 1621 1733 1685 bis

408 1729 540 1802 dicitur,
561 1721 744 1813 ἡσυχάζειν.
780 1728 840 1789 Per
860 1746 911 1789 me
926 1724 977 1787 vel
993 1731 1106 1786 stertas
1121 1722 1208 1797 licet,
1229 1723 1335 1806 inquit
1349 1718 1537 1794 Carneades,
1557 1737 1623 1781 non
1639 1715 1733 1780 modo

408 1823 568 1905 quiescas.
613 1822 676 1885 Sed
699 1820 776 1904 quid
802 1819 952 1903 proficit?
986 1818 1139 1900 Sequitur
1160 1817 1262 1890 enim,
1291 1815 1345 1899 qui
1368 1822 1399 1878 te
1422 1834 1463 1878 44
1483 1831 1597 1877 somno
1619 1810 1758 1874 excitetl

409 1924 441 1978 et
466 1916 581 1978 eodem
608 1915 702 1979 modo
730 1915 920 1995 interroget:
950 1933 1015 1995 quo
1037 1915 1068 1976 in
1092 1930 1225 1975 numero
1249 1909 1443 1984 conticuisti,
1474 1909 1501 1973 si
1522 1905 1562 1971 ad
1585 1924 1657 1968 eum
1678 1922 1737 1964 nu·

407 2030 530 2073 merum
551 2029 650 2073 unum
673 2006 842 2081 addidero,
873 2007 1014 2070 multane
1037 2010 1155 2069 erunt‘l
1188 2003 1393 2086 Progrediere
1414 2022 1541 2078 rursus,
1563 1996 1669 2084 444444
1690 1996 1737 2059 vi·

409 2103 546 2166 debitus.
589 2101 675 2177 Quid
702 2101 817 2183 plural
850 2101 911 2164 hoc
940 2101 1024 2163 enim
1051 2099 1178 2173 fateris,
1211 2116 1317 2180 neque
1340 2097 1484 2160 ultimum
1506 2104 1538 2159 te
1565 2109 1736 2179 paucorum

409 2217 515 2281 neque
537 2197 672 2280 primum
694 2195 864 2258 multorum
886 2193 1081 2276 respondere
1103 2212 1208 2275 posse.
1247 2191 1344 2254 Cuius
1366 2190 1492 2273 generis
1507 2209 1594 2253 error
1608 2188 1653 2251 ita
1673 2202 1738 2247 ma-

409 2300 483 2365 nat,
509 2299 547 2354 ut
567 2309 632 2352 nou
653 2289 777 2353 videam
800 2307 865 2372 quo
888 2308 953 2351 non
974 2288 1076 2372 possit
1098 2287 1259 2351 accedere.
1296 2282 1348 2348 94.
1369 2284 1457 2349 Nihil
1477 2303 1529 2348 me
1550 2280 1663 2356 laedit,
1691 2279 1739 2341 in·
1748 2293 1775 2339 4ο

409 2386 497 2469 quit:
519 2404 581 2467 ego
603 2384 705 2458 enim,
727 2390 763 2445 ut
783 2384 919 2465 agitator
934 2382 1076 2455 callidus,
1098 2381 1185 2464 prius
1203 2399 1298 2463 quam
1313 2378 1353 2441 ad
1369 2378 1465 2442 finem
1480 2378 1617 2453 veniam
1639 2393 1739 2458 equos

410 2478 590 2552 sustinebo,
620 2497 723 2561 eoque
747 2478 863 2560 magis,
892 2478 918 2541 si
941 2476 1029 2540 loeus
1051 2476 1095 2549 is,
1127 2494 1193 2556 quo
1216 2473 1358 2538 ferentur
1379 2472 1471 2555 equi,
1496 2489 1649 2555 praeceps
1670 2468 1739 2533 erit.

411 2571 463 2634 Sic
485 2592 552 2646 sne,
578 2571 701 2655 inquit,
727 2578 800 2634 ante
832 2571 975 2633 sustineo
997 2590 1056 2633 nec
1079 2569 1198 2632 diutius
1220 2568 1359 2652 captiose
1381 2566 1588 2649 interroganti
1610 2581 1741 2647 respon·

411 2664 481 2727 deo.
520 2665 555 2727 Si
577 2663 677 2727 habes
699 2662 786 2746 quod
807 2664 927 2745 liqueat
947 2682 1053 2746 neque
1075 2663 1267 2745 respondes,
1285 2663 1365 2742 sucis
1386 2661 1539 2743 superbe:
1561 2659 1589 2723 si
1606 2678 1671 2723 non
1685 2656 1741 2719 ha·

410 2758 484 2832 bes,
512 2778 555 2821 ne
577 2765 612 2820 tu
635 2757 764 2841 quidem
787 2757 935 2840 percipis.
980 2758 1030 2831 Si,
1057 2758 1132 2840 quia
1154 2756 1303 2829 obscura,
1326 2752 1484 2819 concedo:
1512 2752 1568 2818 sed
1590 2770 1688 2835 negas
1710 2757 1780 2812 4444

412 2870 515 2934 44444
536 2850 578 2913 ad
600 2850 735 2913 obscura
754 2849 919 2934 progredi3
941 2850 1129 2912 inlustribus
1144 2850 1240 2931 igitur
1253 2849 1347 2913 rebus
1362 2849 1492 2913 insistis.
1525 2848 1560 2912 Si
1573 2846 1606 2911 id
1620 2852 1741 2909 lantum

412 2945 524 3019 modo,
546 2952 582 3008 ut
603 2951 725 3018 taceas,
747 2942 827 3006 nihil
849 2942 1045 3026 adsequeris.
1083 2942 1167 3017 Quid
1190 2943 1274 3005 enim
1296 2943 1335 3007 ad
1358 2943 1464 3018 illum,
1487 2942 1542 3027 qui
1563 2947 1595 3005 te
1616 2946 1743 3023 captare

412 3038 495 3113 vult,
523 3045 630 3101 444444
659 3044 818 3100 tacentem
846 3037 975 3100 inretiat
1004 3044 1035 3100 te
1062 3055 1104 3098 an
1126 3037 1332 3119 loquentem?
1373 3037 1429 3101 Sin
1451 3044 1558 3101 autem
1578 3052 1681 3117 usque
1703 3029 1743 3097 ad

412 3151 542 3206 novem,
563 3130 652 3195 verbi
674 3132 788 3213 gnua,
811 3129 881 3194 sine
903 3130 1101 3193 dubitatione
1122 3130 1299 3213 respondes
1320 3150 1422 3216 pauca
1444 3151 1530 3205 esse,
1555 3129 1589 3192 iu
1611 3129 1744 3191 decumo

411 3224 549 3299 insistis,
570 3225 666 3287 etiam
689 3244 709 3288 a
730 3224 823 3287 certis
845 3230 878 3287 et
898 3223 1134 3287 inlustrioribus
1149 3222 1279 3287 cohibes
1294 3226 1473 3288 adsensum.
1507 3223 1577 3287 lloc
1594 3223 1679 3286 idem
1694 3231 1782 3284 meso

412 3319 447 3382 in
482 3318 629 3381 obscuris
658 3317 761 3382 iacere
783 3337 849 3380 non
870 3318 959 3380 sinis.
994 3317 1080 3380 Nihil
1103 3318 1199 3400 igitur
1220 3326 1252 3381 te
1274 3326 1383 3382 contra
1404 3319 1516 3382 soritas
1538 3336 1588 3381 ars
1609 3317 1670 3381 ista
1691 3315 1746 3378 ad·

411 3413 512 3486 iurat,
541 3430 625 3495 quae
653 3430 712 3475 nec
741 3411 885 3494 augentis
913 3430 973 3473 nec
999 3411 1189 3486 minuentis,
1218 3410 1295 3495 quid
1317 3419 1373 3476 aut
1392 3412 1527 3496 primum
1550 3411 1592 3474 sit
1612 3418 1668 3473 aut
1688 3429 1746 3492 po·

414 3513 584 3580 444444444,
606 3504 709 3568 docet.
753 3502 805 3567 95.
827 3503 936 3580 Quidl
959 3504 1045 3588 quod
1068 3504 1178 3568 eadem
1201 3504 1257 3567 illa
1278 3524 1345 3581 ars,
1369 3505 1459 3589 quasi
1475 3505 1635 3586 Penelope
1650 3502 1746 3567 telam

414 3608 585 3674 relexens,
606 3598 691 3662 tollit
711 3596 751 3664 ad
774 3607 950 3663 extremum
973 3599 1147 3682 superiora.
1180 3599 1289 3662 Utrum
1305 3619 1343 3663 ea
1357 3606 1462 3664 vestra
1475 3618 1516 3663 an
1531 3606 1639 3662 nostra
1652 3595 1747 3678 culpa

414 3694 489 3757 esti
522 3693 645 3775 Nempe
669 3691 909 3755 fundamentum
941 3691 1125 3755 dialecticae
1158 3699 1221 3767 est,
1250 3692 1408 3777 quidquid
1435 3691 1618 3756 enuntietur
1644 3722 1686 3738 -·
1714 3686 1784 3751 idas

414 3793 523 3850 autem
537 3785 701 3869 appellant
714 3779 853 3868 ἀξίωμα,
877 3784 964 3868 quod
989 3792 1038 3849 est
1059 3785 1151 3869 quasi
1172 3785 1333 3849 ecfatum
1352 3820 1395 3835 -
1413 3794 1469 3850 aut
1481 3805 1590 3850 verum
1606 3803 1676 3848 esse
1690 3790 1745 3846 aut

414 3880 542 3945 falsum.
580 3878 667 3956 Quid
687 3879 810 3961 igiturt
837 3879 917 3942 haec
938 3897 1012 3942 vera
1033 3898 1074 3942 an
1095 3878 1176 3942 falsa
1196 3883 1291 3942 sunt‘l
1323 3881 1375 3944 eSi
1398 3888 1430 3943 te
1449 3879 1576 3943 mentiri
1596 3876 1675 3943 dicis
1696 3874 1745 3940 id·

414 3992 480 4058 que
501 3993 612 4037 verum
635 3972 729 4047 dieis,
751 3972 895 4035 mentiris
917 3991 958 4035 an
973 3992 1082 4035 verum
1098 3971 1224 4035 dieislr
1262 3973 1348 4037 llaec
1370 3973 1493 4036 scilicet
1509 3969 1746 4055 inexplicabilia

415 4086 486 4131 esse
514 4065 633 4132 dicitis.
675 4064 770 4142 Quod
797 4074 845 4130 est
866 4063 1009 4129 odiosius
1032 4084 1129 4148 quam
1150 4066 1222 4141 illa,
1253 4085 1337 4150 quae
1358 4086 1418 4129 nos
1439 4085 1505 4131 non
1526 4064 1746 4148 conprehensa

416 4170 449 4224 et
469 4181 535 4225 non
557 4167 708 4245 percepta
730 4159 871 4222 dicimus.
1753 4165 1782 4212 so

486 4393 511 4443 3.
531 4392 669 4456 4444444444
686 4391 716 4441 444
733 4416 760 4427 -
777 4390 910 4453 pensatus
926 4390 1044 4449 Ernesti,
1061 4391 1224 4452 perveniatur
1241 4394 1359 4442 Goerenz
1375 4418 1408 4429 -
1425 4397 1529 4443 estem
1547 4394 1567 4442 B
1586 4418 1614 4428 -
1631 4393 1699 4443 iis0
1718 4418 1745 4429 -

417 4467 443 4519 i.
459 4469 603 4530 44νώ44444
618 4468 654 4527 B,
672 4466 790 4517 4444444444
806 4465 860 4515 AV
878 4491 905 4502 -
932 4466 956 4514 s.
972 4466 1106 4529 4444444444
1121 4465 1180 4515 cod.
1200 4466 1305 4528 breed,
1320 4468 1423 4531 44444444
1438 4470 1485 4517 aut
1497 4468 1579 4529 prosit
1594 4469 1703 4526 Davies3
1721 4470 1749 4518 at

418 4556 444 4592 v.
461 4542 568 4606 iladvig
585 4543 613 4603 l,
632 4540 693 4600 484,
712 4541 757 4603 qui
774 4540 926 4591 subiectum
943 4551 1003 4589 esse
1021 4534 1055 4587 τὸ
1073 4533 1228 4605 ἡσυχάζειν
1246 4543 1355 4592 monuit.
1369 4570 1401 4579 -
1419 4543 1444 4593 6.
1463 4556 1511 4605 puo
1528 4543 1588 4594 cod.
1601 4545 1708 4596 Manutii
1722 4546 1749 4594 el

418 4617 567 4668 tharisii:
592 4615 659 4679 puod
680 4616 747 4683 0,-
773 4627 842 4664 mero
859 4614 902 4673 13¹,
921 4627 1023 4665 4444444
1039 4610 1072 4663 V¹
1091 4645 1117 4654 —
1145 4617 1169 4666 7.
1189 4618 1306 4668 addidere
1321 4620 1351 4668 B¹
1376 4645 1403 4654 -
1431 4619 1456 4669 8.
1473 4619 1590 4682 [44404444
1606 4617 1698 4669 Lamh.
1718 4645 1745 4655 -

418 4698 442 4741 44
455 4704 597 4754 paucorum
613 4706 639 4741 a.
654 4690 767 4752 pdmun
784 4702 838 4739 cm.
856 4685 888 4738 A¹
905 4715 932 4726 -
952 4689 977 4739 9.
996 4691 1035 4739 ltu
1051 4693 1071 4740 A
1089 4704 1148 4756 sup.
1168 4691 1212 4741 lin.
1234 4719 1258 4729 -
1284 4694 1323 4742 44.
1341 4694 1439 4753 osuiu,
1458 4705 1533 4753 equos
1548 4693 1674 4744 4444444444
1691 4706 1749 4744 ma-

419 4764 492 4816 lebat
508 4766 620 4824 Daeies;
639 4767 666 4815 at
682 4765 760 4814 Stoici
778 4767 865 4814 estse
884 4764 971 4828 ipsum
989 4765 1113 4816 callidum
1131 4780 1262 4829 equorum
1280 4768 1436 4830 agitatorem
1453 4766 1600 4832 appellare,
1618 4772 1648 4819 ut
1664 4771 1750 4820 omnis

419 4841 509 4905 operis
531 4841 648 4905 optimus
671 4839 757 4903 epilex
780 4837 830 4888 sibi
856 4838 1006 4890 videbatur.
1026 4867 1053 4877 —
1078 4842 1117 4890 ta.
1135 4842 1251 4903 feruutur
1267 4840 1299 4890 V¹
1318 4869 1345 4880 -
1365 4843 1405 4893 43.
1424 4843 1752 4907 uetiuebu--rsspoudebo

419 4914 513 4966 lamb.
531 4941 565 4953 -
582 4914 623 4966 44.
640 4914 786 4977 respondes,
803 4914 867 4975 [ocis
883 4915 986 4977 superbe
1002 4917 1111 4980 scripsi:
1130 4917 1249 4979 responde
1264 4916 1368 4979 superbe
1384 4919 1473 4978 CGv,
1491 4920 1637 4981 respondes:
1654 4919 1752 4982 superbi

419 5003 447 5050 r,
469 4988 602 5053 rependes
622 4986 733 5049 superbis
749 4987 770 5037 0
787 5000 849 5053 cum
870 4988 890 5038 E
908 4992 935 5038 el
951 4989 1051 5053 aliquot
1068 4990 1144 5052 dett,
1167 5005 1236 5054 quae
1254 5005 1349 5042 vereor
1365 4995 1394 5041 ut
1410 4996 1483 5044 recle
1501 4995 1535 5045 sit
1553 4994 1704 5044 emendatio
1724 5020 1750 5030 -

420 5065 462 5115 ts.
481 5064 591 5127 percipis
615 5062 675 5113 cod.
701 5059 841 5112 ecumbe:
863 5063 970 5125 persipis
987 5065 1051 5125 BV,
1070 5066 1227 5128 perspicisA
1252 5067 1309 5129 (sed
1326 5069 1362 5117 cis
1379 5072 1406 5118 el
1426 5072 1448 5117 si
1464 5082 1581 5133 sequeus
1600 5072 1625 5120 in
1641 5073 1704 5133 ras.)
1723 5094 1750 5105 -

421 5138 462 5188 49.
479 5139 631 5202 respuam
648 5137 728 5196 A²V¹,
748 5137 812 5186 ilem
829 5138 864 5196 B,
884 5137 934 5187 sed
950 5138 993 5188 bic
1011 5153 1080 5190 corr.
1100 5154 1131 5191 44
1149 5143 1284 5203 respondes
1297 5168 1324 5178 -
1344 5143 1385 5192 40.
1404 5143 1561 5193 desertoribus
1572 5144 1602 5204 V,
1621 5144 1756 5194 illustribus

420 5214 442 5265 0
459 5227 521 5267 com
537 5213 632 5266 lamb.
653 5239 680 5250 -
705 5214 747 5264 st.
766 5212 870 5262 adiubet
886 5215 916 5263 B¹
935 5240 962 5250 -
987 5216 1028 5264 m.
1048 5218 1162 5279 eupeuts's
1178 5231 1222 5266 uec
1238 5219 1371 5267 4444444444
1387 5219 1497 5282 scripsi:
1522 5220 1630 5282 eupmdl
1646 5233 1691 5269 uec
1706 5221 1756 5270 ml·

419 5292 512 5341 sseedl
528 5290 634 5351 44444,
661 5290 776 5353 dependo
792 5302 837 5339 uec
852 5290 986 5340 minuendo
1002 5290 1046 5349 1³²,
1070 5293 1171 5355 superati
1193 5306 1237 5341 uec
1253 5293 1375 5343 minuenti
1392 5293 1411 5342 0
1429 5305 1490 5341 cum
1509 5293 1601 5344 Lamb.
1628 5295 1659 5346 Ut
1675 5307 1755 5358 saepe

421 5365 520 5417 lectum
536 5365 677 5424 videmus,
702 5364 851 5413 terminatio
868 5377 958 5414 accus.
976 5363 1045 5429 plur.
1064 5366 1090 5415 in
1109 5367 1129 5416 is
1149 5365 1270 5417 librarios
1289 5369 1313 5417 iu
1331 5380 1451 5418 errorem
1471 5368 1579 5419 induxit.
1598 5397 1630 5407 —
1653 5370 1693 5420 23.
1712 5372 1757 5419 Pe-

421 5441 524 5505 nelopae
540 5438 645 5500 bamb,
662 5439 797 5501 pueuslops
812 5441 847 5500 A,
866 5438 915 5489 sed
929 5453 962 5501 ps
978 5441 1004 5490 in
1023 5454 1088 5500 ras„
1106 5443 1170 5491 item
1187 5442 1236 5491 4444
1252 5448 1366 5492 retexens
1382 5468 1415 5479 -
1432 5443 1481 5492 telo
1498 5443 1560 5503 Ae,
1579 5444 1642 5493 tecle
1659 5445 1690 5504 V,
1709 5443 1756 5494 sed

421 5528 529 5567 cerasa
549 5541 576 5551 -
601 5512 643 5564 ii.
661 5526 692 5564 eu
712 5518 801 5579 4444444
822 5527 856 5563 uu
877 5520 961 5564 444444
984 5513 1058 5565 malit
1075 5516 1162 5566 Christ
1181 5540 1208 5552 -
1228 5518 1269 5567 te.
1288 5518 1398 5579 quoquld
1415 5517 1450 5579 V,
1476 5520 1564 5567 ortum
1582 5531 1614 5567 44
1631 5519 1757 5580 quicquid,

424 5592 453 5639 ul
470 5592 511 5641 est
527 5590 555 5641 in
571 5589 622 5640 All
639 5615 674 5627 -
690 5590 850 5641 enuntiestur
867 5596 886 5639 A
902 5615 930 5624 -
948 5591 989 5641 40.
1008 5592 1114 5641 axioma
1132 5593 1150 5642 C
1165 5619 1193 5628 —
1212 5593 1316 5654 etsalum
1334 5593 1377 5651 444,
1397 5592 1510 5654 exsulum
1522 5588 1563 5653 Ψ,
1581 5594 1683 5655 effetum
1700 5594 1761 5643 Ail²

423 5663 496 5725 040,
515 5662 566 5715 sed
583 5666 604 5715 A
621 5663 689 5727 stin
705 5676 759 5715 ras.
775 5691 802 5701 -
821 5664 861 5713 ii.
880 5663 956 5714 44444
972 5665 993 5714 si
1010 5665 1032 5713 V
1050 5679 1120 5715 corr.
1139 5679 1171 5715 44
1188 5666 1263 5715 suuui
1277 5693 1306 5704 -
1324 5667 1399 5727 idque
1413 5680 1473 5716 4444
1490 5669 1526 5727 A,
1545 5666 1594 5716 sed
1611 5679 1624 5717 4
1641 5669 1760 5717 extrema

426 5738 452 5786 in
469 5750 520 5789 ras.
538 5764 567 5776 -
584 5739 627 5789 28.
644 5739 758 5790 meluis
774 5753 808 5789 ou
825 5752 912 5789 uuum
928 5739 989 5789 dicis
1005 5741 1133 5790 Schuetz:
1152 5742 1265 5790 mentiris
1280 5754 1370 5791 uerum
1388 5742 1419 5803 (et
1433 5744 1552 5790 uerumA
1566 5733 1645 5802 corr.)
1658 5742 1718 5791 diois
1730 5743 1760 5801 (Ξ,

424 5814 535 5863 4444444444
559 5813 580 5864 0
605 5825 669 5865 cum
686 5812 766 5864 codd.
785 5815 863 5863 Goer.
887 5812 926 5863 Ci.
945 5816 975 5865 A.
993 5813 1067 5864 Gellii
1084 5816 1114 5865 N.
1134 5819 1164 5864 A.
1183 5815 1277 5876 livill,
1296 5815 1324 5875 4,
1345 5815 1390 5864 td:
1415 5816 1559 5877 Quaesitum
1575 5814 1609 5863 ibi
1625 5821 1674 5877 444,
1698 5830 1763 5877 quae

427 5892 486 5937 esest
500 5888 576 5939 buius
592 5901 691 5952 quoque
707 5888 865 5952 sophismatis
881 5889 985 5939 solutio:
1003 5904 1075 5939 4444444
1092 5890 1199 5940 mentior
1215 5895 1237 5939 44
1252 5890 1353 5940 mentiri
1369 5904 1408 5940 ms
1425 5892 1493 5953 dico,
1510 5890 1618 5941 mentior
1631 5905 1666 5942 au
1676 5905 1764 5943 uuum

426 5960 518 6014 ⁸⁰⁰7·
537 5991 567 6004 -
585 5963 714 6022 wlleus
731 5965 759 6018 in
776 5978 829 6017 ras.
848 5962 930 6017 hahet
945 5991 979 6004 -·
995 5964 1036 6016 30.
1055 5965 1159 6015 cluimus
1177 5964 1196 6014 C
1215 5976 1283 6015 corr.
1303 5978 1335 6016 44
1353 5965 1442 6016 deuo.
