4342 7459
729 1253 866 1322 cam
893 1253 1170 1321 cmxc-xv.
1197 1253 1407 1341 sero-ar.
1669 1254 1732 1324 seo

408 1421 596 1505 optimates.
636 1414 677 1485 Si
698 1437 781 1484 vero
802 1419 947 1504 populus
968 1420 1140 1504 plurimum
1163 1422 1277 1506 potest
1305 1423 1479 1507 omniaque
1500 1425 1572 1490 cios
1592 1425 1732 1492 arbitrio

407 1525 582 1612 reguntur,
596 1519 726 1616 dicitur
747 1523 805 1588 iila
826 1524 974 1608 libertas,
996 1527 1049 1589 eat
1070 1541 1154 1589 vero
1175 1524 1322 1591 licentia.
1356 1520 1428 1593 Sed
1446 1544 1520 1593 cum
1534 1528 1620 1594 aliua
1634 1530 1733 1594 allon

408 1629 516 1710 timet,
538 1630 573 1690 et
593 1624 690 1690 homo
715 1625 876 1692 hominem
899 1630 933 1692 et
955 1625 1037 1692 ordo
1060 1626 1223 1712 ordinem,
1246 1634 1323 1713 tum,
1346 1632 1422 1715 qula
1443 1631 1506 1696 sibi
1528 1649 1624 1694 nemo
1647 1650 1734 1696 eon-

409 1730 489 1816 lidlt,
511 1730 605 1814 quasi
627 1730 739 1812 pactio
762 1723 913 1810 litlinter
935 1732 1091 1814 populum
1114 1734 1148 1796 et
1163 1733 1325 1815 potentis:
1351 1751 1395 1799 ex
1410 1753 1475 1821 quo
1490 1737 1604 1799 existit
1628 1726 1734 1815 [p.58.

408 1832 443 1898 id
465 1832 552 1919 quod
574 1828 690 1918 Scipio
712 1829 871 1899 laudabat
892 1834 1106 1898 coniunctum
1126 1835 1275 1900 civitatis
1288 1853 1407 1923 genua
1443 1835 1574 1902 illenim
1587 1839 1758 1906 iustitiaei

408 1955 475 2001 non
504 1937 624 2000 natura
654 1953 716 2001 nec
746 1937 921 2014 volontas,
948 1934 1010 2000 sed
1037 1936 1239 2003 inbecillitas
1261 1941 1366 2003 mater
1387 1942 1449 2003 est.
1491 1937 1573 2006 Nam
1596 1957 1668 2006 eum
1692 1939 1734 2006 de

407 2040 515 2105 tribus
536 2057 633 2102 unum
656 2041 747 2104 esset
769 2036 967 2124 optandum,
996 2043 1054 2104 aut
1077 2039 1190 2106 iacere
1213 2041 1362 2107 iniuriam
1391 2060 1454 2108 nec
1475 2043 1647 2128 accipere,
1675 2046 1734 2108 aut

407 2146 439 2207 el
464 2140 577 2207 iecere
600 2144 634 2205 et
655 2143 825 2228 accipere,
854 2145 912 2207 aut
934 2145 1103 2225 neutrum,
1133 2143 1289 2228 optimum
1311 2147 1364 2210 est
1386 2144 1517 2231 iacere,
1545 2148 1678 2231 impune
1705 2148 1735 2212 sl

408 2245 535 2331 possis,
556 2243 737 2311 secundum
761 2264 823 2312 nec
845 2244 958 2311 faeere
981 2264 1043 2312 nec
1066 2247 1150 2331 pati,
1172 2248 1384 2313 miserrimum
1406 2246 1583 2338 digladiari
1603 2269 1736 2335 semper

407 2346 669 2499 mmffgndis
698 2352 765 2414 tum
795 2346 1000 2434 accipiendis
1027 2350 1166 2415 iniuriis.
1215 2349 1269 2415 lta
1291 2352 1346 2437 qui
1368 2353 1505 2438 primum
1527 2353 1609 2418 iilud
1630 2353 1774 2421 adse-⁴⁰

408 2452 463 2537 qui

859 2528 992 2616 [iaaac
1008 2534 1142 2615 mnae
1161 2530 1291 2617 am]

492 2673 576 2736 xrv.
598 2668 652 2735 ar.
678 2669 764 2757 [xrr.
786 2668 852 2756 oo]
876 2675 919 2737 u.
938 2675 1054 2737 ructa
1074 2675 1109 2738 a
1130 2693 1164 2736 re
1178 2675 1262 2757 por.
1284 2676 1335 2740 io.
1351 2677 1419 2742 111.-
1445 2678 1524 2741 ram
1546 2698 1617 2743 cum
1639 2698 1736 2763 quaa

408 2773 533 2832 roratur
553 2786 594 2829 ex
616 2786 670 2842 eo,
693 2787 757 2851 quo
780 2765 899 2830 sceiere
920 2767 1067 2852 inpulsus
1089 2788 1174 2832 mare
1195 2766 1328 2834 haberet
1347 2769 1496 2836 iniectum
1518 2791 1582 2835 uno
1604 2792 1737 2858 myopa-

409 2880 500 2935 rone,
521 2859 657 2935 Eodem,
677 2860 796 2945 inquit,
820 2880 884 2945 quo
906 2868 941 2924 tu
962 2861 1069 2925 orbem
1091 2869 1204 2925 terrae.
1248 2857 1415 2944 (Nonius
1437 2884 1466 2929 v.
1487 2864 1633 2946 Insertum
1652 2873 1775 2930 morelli

407 2954 526 3018 aueo
546 2976 577 3039 p.
590 2950 663 3016 lat.
685 2975 716 3017 r.
731 2953 837 3017 tedere
858 2975 888 3038 p.
903 2950 979 3017 318.
1002 2975 1033 3019 v.
1052 2975 1197 3037 myoparo
1218 2976 1251 3040 p.
1262 2952 1348 3038 534.)

476 3107 553 3176 XV.
576 3102 659 3190 [xli
670 3100 734 3189 it]
758 3099 787 3157 a
801 3100 831 3157 ti
845 3100 875 3156 a
886 3100 891 3188 Ι
904 3109 989 3173 omni
1089 3114 1172 3175 tote.
1193 3104 1370 3194 Sapientia
1384 3108 1476 3177 iubet
1488 3129 1614 3200 augere
1631 3104 1735 3192 [pii.

410 3232 503 3300 opes,
524 3213 726 3299 amplificare
749 3211 896 3296 diuitias,
919 3213 1072 3298 proferre
1095 3214 1230 3278 linis-
1254 3213 1342 3280 unde
1364 3217 1450 3279 eninr
1472 3219 1564 3281 esset
1585 3216 1642 3282 illa
1662 3217 1739 3283 leue

409 3321 443 3382 in
470 3338 670 3383 summorum
697 3321 936 3403 imperatorum
962 3319 1069 3384 incisu
1096 3322 1333 3383 monumentis:
1376 3319 1471 3384 Frros
1493 3339 1627 3385 aaaron
1649 3339 1739 3385 ono·

408 3441 575 3504 nocuum,
607 3421 669 3485 nisi
691 3418 815 3507 aliquid
838 3419 879 3487 de
901 3422 1011 3487 alieno
1033 3412 1264 3488 accessisset?
1286 3451 1324 3465 -
1356 3423 1519 3508 imperare
1541 3441 1637 3507 quam
1660 3424 1778 3507 plu-ao

409 3526 515 3604 rimis,
542 3524 606 3589 frui
629 3524 875 3609 voluptatibus,
904 3524 1048 3610 pollere,
1077 3542 1239 3612 regnare,
1261 3523 1432 3589 dominari.
1474 3525 1608 3591 lustitia
1629 3531 1739 3592 autem

409 3628 574 3714 praecipit
596 3644 736 3711 parcere
758 3628 925 3711 omnibus,
957 3628 1134 3693 consulere
1156 3627 1273 3713 generi
1296 3625 1476 3710 hominum,
1503 3648 1599 3693 suum
1621 3632 1740 3715 cuique

409 3729 563 3812 reddere,
578 3749 688 3813 sacra,
704 3730 852 3818 publica,
874 3731 989 3796 elicita
1011 3749 1079 3795 non
1101 3732 1254 3819 tangere·
1272 3727 1280 3805 Ι
1299 3728 1387 3811 Quid
1409 3731 1512 3821 igitur
1533 3732 1610 3797 eiii-
1633 3726 1675 3816 [p.
1688 3726 1741 3793 le.

411 3835 509 3921 citur,
531 3837 559 3899 si
582 3836 768 3919 sapientiae
791 3826 940 3920 pareas?
962 3833 1110 3921 divitiae,
1134 3836 1331 3919 potestates,
1347 3854 1440 3924 opes,
1458 3835 1613 3925 honores,
1633 3841 1740 3924 impe-

409 3940 479 4018 ria,
509 3957 615 4026 regna
646 3938 701 4002 vei
734 3939 876 4023 privatis
903 3938 960 4003 vel
989 3938 1132 4024 populis.
1181 3933 1252 4005 Sed
1283 3941 1434 4026 quoniam
1467 3937 1510 4006 de
1542 3958 1579 4006 re
1609 3940 1780 4027 publicato

410 4042 589 4126 loquimur,
611 4046 690 4107 sunt
714 4041 907 4106 inlustriora
928 4061 1012 4127 quae
1037 4041 1168 4126 publice
1190 4039 1285 4123 fiunt,
1309 4042 1528 4128 quoniamque
1550 4042 1664 4110 eadem
1688 4050 1742 4112 est

411 4148 499 4211 ratio
527 4147 607 4210 iuris
637 4148 670 4210 ln
699 4148 857 4231 utroque,
884 4144 926 4209 de
950 4146 1063 4229 popuii
1085 4146 1253 4230 sapientia
1275 4143 1449 4212 dicendum
1471 4150 1563 4232 puio.
1610 4146 1655 4212 at
1677 4151 1740 4214 lam

413 4251 560 4314 omittam
583 4249 682 4313 alios:
707 4251 823 4313 noster
844 4247 899 4313 hie
921 4249 1075 4332 populus,
1099 4266 1194 4333 quem
1209 4248 1393 4316 Africanus
1414 4248 1573 4315 hesterno
1588 4268 1741 4316 sermone

1266 4494 1276 4521 Ι

475 4536 501 4585 a.
520 4547 641 4585 rnsrrrrur
658 4534 678 4585 C
696 4535 820 4599 punctata
837 4546 855 4584 a
872 4535 940 4584 wate
957 4534 1071 4584 Duliieu
1101 4559 1128 4568 -
1156 4531 1179 4581 9.
1199 4533 1323 4583 rosaesc
1347 4557 1374 4571 ν
1394 4533 1434 4582 lo.
1453 4533 1557 4597 adaequt
1574 4533 1741 4599 [nequiverit.

410 4612 436 4661 in
460 4609 580 4662 seeundo
603 4610 628 4659 ei
651 4607 851 4659 consistendum
876 4610 932 4668 est,
959 4606 1084 4659 videlieet
1104 4608 1135 4657 ut
1154 4619 1243 4670 neque
1266 4605 1345 4657 iaciat
1366 4606 1488 4658 iniuriam
1509 4620 1597 4672 neque
1619 4609 1743 4675 patiatur]

410 4684 497 4750 suppl.
512 4686 561 4736 ilai
582 4709 610 4722 -
630 4683 669 4735 li.
688 4685 820 4746 conpatres
836 4683 916 4735 codd.
935 4685 1022 4747 primo
1040 4682 1107 4745 loco,
1126 4682 1260 4745 imputans
1276 4680 1360 4732 altero
1377 4708 1404 4719 -
1429 4684 1470 4733 li.
1483 4684 1596 4735 mundar
1606 4684 1745 4748 masana

411 4763 432 4813 0
451 4760 601 4812 seeundum
613 4761 663 4811 ilai
675 4758 906 4825 supplementum
924 4762 952 4809 at
968 4760 1107 4821 quaeritate
1124 4771 1172 4823 pro
1190 4758 1277 4822 spatio
1293 4770 1378 4809 vacuo
1395 4757 1498 4821 landus
1514 4762 1556 4811 cet
1571 4759 1742 4812 vocobulum.

411 4834 547 4887 Detielsen
564 4835 657 4886 codice
675 4837 790 4899 primum
808 4836 930 4899 inspecto
947 4834 999 4884 hoc
1016 4833 1066 4885 sibi
1078 4834 1219 4884 euaserat
1231 4831 1378 4884 detexisse:
1398 4810 1635 4914 ornatilialillirorr
1652 4836 1743 4899 (omat-

411 4910 457 4960 tua
472 4910 626 4973 cumiculi.
645 4909 694 4961 sed
712 4921 744 4961 eo
762 4910 859 4960 iurum
876 4910 997 4974 inspecto
1013 4909 1065 4959 hoc
1080 4909 1170 4975 potius
1187 4907 1238 4959 sibi
1255 4909 1329 4958 visus
1346 4910 1387 4959 est
1403 4905 1506 4972 legere:
1533 4903 1742 4968 ousraoiilii'rorr

412 4998 475 5037 eum
492 4986 603 5047 vestigio
620 4984 723 5036 litterae
741 4998 757 5034 n
775 4987 835 5049 post
851 4998 895 5045 uo,
914 4989 944 5035 ut
960 4983 1135 5035 scribendum
1147 4996 1207 5034 esse
1220 4982 1354 5033 videatur:
1373 4985 1441 5035 omui
1457 4989 1578 5036 monetote
1595 5011 1624 5023 -
1643 4973 1743 5037 ninius

411 5073 434 5111 a.
453 5074 478 5110 v.
498 5060 613 5124 prolerre
634 5074 660 5126 p.
674 5059 735 5111 all:
766 5060 897 5122 Sapientia
912 5059 978 5109 tutet
993 5060 1108 5122 profem
1123 5071 1194 5121 opes,
1217 5057 1375 5121 amplificare
1390 5060 1501 5110 dtutttru¹
1542 5061 1609 5111 Cum
1627 5060 1654 5110 in
1671 5061 1690 5111 C
1708 5061 1743 5111 sit

411 5136 505 5185 vitium
522 5148 692 5193 turnucum,
717 5134 883 5186 monendum
905 5137 947 5185 eat
970 5147 1002 5185 ex
1024 5134 1110 5198 spatio
1127 5145 1213 5183 vacuo
1229 5145 1360 5197 apparere
1378 5146 1431 5185 noo
1447 5148 1552 5196 toccu,
1578 5135 1628 5187 sed
1643 5147 1742 5186 roccae

411 5212 541 5275 scriptum
558 5209 654 5270 luisse,
677 5211 796 5274 itemque
814 5211 901 5273 potius
918 5222 1042 5259 rroecnnc
1059 5221 1140 5273 quam
1158 5221 1275 5258 reomau
1297 5222 1330 5260 ex
1350 5210 1467 5273 vestigiis
1487 5209 1632 5262 litterarum
1650 5211 1743 5261 evanl-

411 5284 507 5336 darum
527 5283 687 5335 eliciendum
705 5296 765 5336 esse
782 5285 889 5350 scripsit
905 5284 1049 5336 Detietsen.
1070 5310 1097 5319 -
1117 5283 1158 5333 lt.
1176 5283 1242 5334 uado
1258 5285 1324 5334 mto
1339 5290 1400 5335 aar
1415 5286 1460 5336 tila
1475 5286 1580 5336 aas„
1590 5298 1742 5337 recreatore

411 5358 558 5411 Detieioen:
586 5359 652 5410 uado
667 5361 734 5410 mun
747 5396 855 5411 ......
874 5365 911 5411 tet
927 5359 1086 5424 {dlaoaderl
1104 5371 1273 5410 Mamur...
1290 5360 1431 5425 water
1447 5398 1453 5412 .
1470 5362 1564 5412 ...tu
1582 5396 1739 5412 ........

412 5433 509 5499 [mia]
524 5436 585 5498 itaet
600 5436 700 5499 trutperti
714 5438 868 5500 propaqaoil
884 5435 946 5486 edd.
966 5449 1029 5487 eom
1045 5435 1123 5488 aare.
1157 5435 1225 5487 Com
1243 5447 1276 5486 ex
1293 5433 1398 5497 littaris,
1418 5448 1485 5501 quar
1503 5435 1637 5488 lietlelm
1654 5436 1740 5500 prima

411 5509 524 5562 lectione
542 5512 631 5560 certas
647 5511 698 5562 sibi
715 5510 863 5575 disperisse
881 5512 953 5561 visus
970 5513 1041 5570 erat,
1060 5510 1146 5559 conici
1163 5511 1256 5575 posset
1273 5511 1298 5560 in
1316 5509 1412 5562 codice
1429 5510 1558 5562 voeabula
1574 5511 1619 5560 illo
1635 5510 1741 5560 taur·-

411 5599 566 5637 mmorun
580 5587 763 5647 imperatorum
774 5587 903 5636 ”tecua
924 5586 1018 5645 luisse,
1043 5585 1084 5634 llis
1101 5584 1218 5647 vestigia
1235 5585 1369 5647 ingressus
1386 5584 1524 5650 praeclara
1542 5583 1739 5649 emendatione,

411 5662 559 5714 litterarum
577 5662 693 5725 recogita
710 5664 735 5712 lo
754 5661 847 5713 codice
865 5661 1032 5719 confirmate.
1050 5657 1140 5711 locum
1157 5660 1183 5710 io
1201 5661 1333 5723 integrum
1351 5662 1472 5711 mautult.
1492 5685 1520 5696 -
1541 5660 1584 5710 2⁰.
1602 5659 1741 5710 acumini

412 5764 450 5775 --
461 5751 512 5787 aon
528 5736 639 5801 tenpore]
656 5738 814 5802 apographo
832 5737 903 5804 quod
921 5737 996 5789 dedit
1012 5734 1146 5787 Detletsen
1164 5733 1271 5787 alterius
1288 5735 1438 5796 columnae,
1456 5735 1596 5788 firmantur
1610 5732 1740 5786 lectiones

414 5827 429 5863 a
447 5813 515 5864 licio
532 5815 623 5863 emtas
648 5839 676 5848 -
702 5817 828 5877 imparata
843 5814 1060 5876 quumplorano,
1078 5812 1131 5875 {aut
1148 5809 1265 5861 distinxit
1282 5811 1399 5861 Lehoer:
1425 5811 1559 5873 turperare,
1577 5822 1655 5872 quam
1668 5809 1739 5872 plur.

414 5890 467 5954 aa
482 5891 503 5941 0
519 5902 583 5942 cum
598 5889 667 5940 llaio
693 5913 721 5925 -
747 5887 789 5939 2³.
806 5889 922 5953 amatu,
939 5888 997 5938 air.
1011 5888 1123 5949 wear?
1139 5886 1250 5938 Diuitias
1270 5885 1388 5939 dudoni
1403 5886 1543 5938 Heinrich:
1568 5886 1695 5951 amaturi
1710 5882 1741 5939 St

414 5962 1303 6028 aap.paraas,utatttaoo-ri.arC:vt0mmflelnrtchto.
1473 5957 1474 5962 ’
