4342 7459
437 1224 499 1290 bib
906 1233 910 1238 '
928 1221 982 1285 DE
1004 1218 1272 1284 DIVINATIONE

439 1385 571 1449 scientia
597 1384 737 1447 olearum
765 1383 939 1445 ubertatem
966 1381 1045 1444 fore.
1089 1381 1128 1443 Et
1150 1378 1278 1461 quidem
1302 1378 1385 1441 idem
1413 1379 1534 1461 primus
1557 1380 1769 1446 delectionem

439 1481 534 1553 solis,
557 1499 640 1562 quae
663 1479 799 1560 Astyage
820 1484 972 1559 regnante
995 1474 1075 1537 lacta
1099 1483 1161 1545 est,
1184 1472 1382 1554 praedixisse
1405 1472 1513 1535 fertur.
1691 1467 1693 1472 ⁴

524 1575 557 1633 L.
591 1571 689 1634 blulta
713 1570 845 1643 medici,
873 1569 972 1631 multa
995 1570 1238 1650 gubernatores,
1261 1566 1419 1648 agricolae
1442 1569 1536 1631 etiam
1560 1570 1657 1632 multa
1679 1591 1770 1653 prae·

439 1669 588 1739 sentiunt,
611 1666 667 1728 sed
689 1663 811 1727 nullam
833 1683 942 1725 eorum
966 1661 1190 1725 divinationem
1214 1680 1311 1734 voco,
1334 1660 1476 1724 ncillam
1492 1663 1638 1745 quidem,
1653 1666 1772 1749 quasb

415 1758 674 1822 shnaximandro
702 1757 832 1840 physico
859 1756 968 1818 moniti
992 1755 1235 1818 Lacedaemonii
1262 1764 1338 1818 suut
1363 1764 1398 1818 ut
1419 1755 1529 1817 urbem
1553 1765 1585 1819 et
1605 1764 1688 1821 tecta
1710 1759 1773 1821 lin-

439 1861 573 1936 querent
587 1853 764 1935 armatique
786 1851 817 1912 iu
841 1869 917 1932 agro
940 1849 1146 1921 excubarent,
1169 1849 1254 1931 quod
1278 1857 1379 1910 terrae
1402 1857 1506 1912 motus
1529 1850 1671 1926 instaret,
1693 1860 1772 1928 tum,

438 1968 509 2010 cum
533 1957 566 2009 et
587 1946 662 2008 urbs
685 1953 752 2007 tota
773 1944 891 2006 corruit
913 1950 946 2006 et
967 1952 1074 2006 monte
1089 1945 1228 2025 Taygeto
1252 1951 1393 2005 extrema
1413 1943 1530 2005 montis
1546 1945 1637 2027 quasi
1653 1948 1771 2030 puppis

437 2043 546 2103 avolsa
576 2050 633 2103 est
676 2040 723 2100 Ne
753 2037 951 2119 Pherecydes
981 2036 1128 2120 quidem,
1159 2036 1212 2098 ille
1243 2035 1440 2120 Pythagorae
1470 2039 1636 2120 magister,
1666 2042 1772 2123 potius

438 2134 565 2197 divinus
588 2133 753 2197 habebitur
779 2150 873 2213 quam
898 2130 1062 2212 physicus,
1097 2129 1205 2212 quod,
1240 2149 1311 2192 cum
1334 2130 1466 2195 vidisset
1487 2132 1632 2195 haustam
1654 2151 1772 2217 aquam

400 2229 478 2292 toda
500 2229 568 2309 iugi
591 2238 698 2312 puteo,
720 2236 822 2289 terrae
845 2235 948 2288 motus
970 2225 1053 2287 dixit
1073 2226 1202 2287 instare.
1247 2219 1319 2287 tt3.
1343 2228 1407 2288 Nec
1429 2245 1505 2288 vero
1528 2247 1679 2312 umquam
1702 2229 1773 2293 ani·

437 2345 509 2388 mus
530 2323 670 2386 hominis
693 2320 878 2384 naturaliter
899 2319 1037 2394 divinat,
1064 2320 1126 2381 uisi
1148 2340 1219 2382 cunr
1242 2320 1284 2381 ita
1307 2320 1430 2383 solutus
1454 2329 1503 2384 est
1523 2330 1555 2384 et
1577 2341 1713 2395 vacuus,
1737 2330 1773 2385 ut

438 2420 468 2480 ei
490 2418 583 2501 plane
606 2415 684 2479 nihil
706 2418 748 2479 sit
769 2437 840 2478 curn
864 2434 1014 2497 corpore:
1038 2414 1124 2495 quod
1148 2421 1203 2476 aut
1225 2415 1349 2477 vatibus
1372 2416 1527 2498 contingit
1541 2424 1596 2479 aut
1611 2414 1772 2495 dormien-

437 2512 535 2574 tibus.
570 2511 679 2593 Itaque
702 2530 738 2573 ea
762 2510 825 2573 duo
848 2528 965 2592 genera
987 2508 1216 2571 allicaearcho
1239 2509 1414 2591 probantur
1435 2519 1482 2581 et,
1505 2519 1542 2572 ut
1564 2510 1639 2583 dixi,
1662 2509 1772 2573 aCra·

438 2607 528 2688 tippo
550 2612 670 2666 nostro.
702 2604 735 2667 Si
758 2611 936 2687 propterea,
960 2601 1047 2685 quod
1071 2622 1108 2663 ea
1132 2602 1406 2684 proficiscuntura
1423 2612 1553 2678 natura,
1569 2605 1773 2667 sintsumms

402 2707 526 2772 tisana,
548 2696 643 2759 modo
665 2717 705 2760 ne
728 2697 816 2760 sola:
839 2696 888 2759 siu
911 2704 1015 2758 autem
1039 2693 1118 2757 nihil
1142 2716 1212 2758 esse
1235 2695 1267 2757 in
1292 2696 1513 2760 observatione
1529 2704 1655 2782 putant,
1669 2697 1774 2761 multa

438 2793 570 2867 tollunt,
592 2792 709 2875 quibus
731 2792 814 2854 vitae
836 2791 918 2853 ratio
941 2789 1129 2852 continetur.
1170 2789 1232 2852 Sed
1257 2790 1407 2872 quoniam
1435 2790 1512 2854 dant
1532 2791 1654 2874 aliquid
1675 2791 1772 2874 idque

438 2903 504 2949 non
524 2905 656 2969 parvum
679 2885 920 2949 vaticinationes
943 2904 1015 2946 cum
1039 2882 1182 2958 somniis,
1205 2882 1285 2945 nihil
1309 2885 1465 2967 estquod
1488 2905 1559 2947 cum
1582 2886 1632 2949 his
1656 2905 1772 2969 magno

439 2999 536 3062 opere
558 2999 753 3061 pugnemus,
780 2978 965 3061 praesertim
988 2997 1057 3039 cum
1081 2975 1146 3038 sint
1168 2977 1223 3060 qui
1247 2978 1377 3040 omuino
1400 2978 1519 3040 nullam
1542 2978 1772 3043 divinationem

438 3074 581 3157 probent.
615 3067 695 3133 itt·
709 3072 792 3155 Ergo
816 3081 848 3135 et
868 3072 907 3146 il,
931 3091 1066 3153 quorum
1081 3070 1179 3132 animi
1196 3072 1312 3153 spretis
1326 3071 1515 3153 corporibus
1532 3072 1661 3136 evolant
1675 3082 1771 3156 atque

400 3174 611 3230 soexcurrunt
632 3165 733 3239 loras,
756 3166 871 3229 ardore
894 3164 1001 3246 aliquo
1024 3165 1208 3226 inflammati
1231 3173 1327 3247 atque
1344 3165 1464 3228 incitati
1482 3176 1614 3230 cernunt
1628 3166 1683 3229 illa
1699 3187 1772 3250 pro·

438 3260 536 3335 lecto,
560 3279 641 3343 quae
664 3261 872 3322 vaticinantes
894 3260 1117 3340 pronuntiant,
1141 3258 1312 3342 multisque
1334 3259 1428 3322 rebus
1444 3257 1678 3323 inflammantur
1692 3261 1771 3323 tales

438 3355 552 3428 animi,
576 3355 630 3438 qui
652 3353 839 3435 corporibus
862 3371 925 3413 nou
948 3351 1133 3425 inhaerent,
1155 3360 1191 3414 ut
1212 3353 1251 3426 ii,
1274 3353 1329 3434 qui
1353 3373 1433 3415 sono
1456 3355 1593 3436 quodam
1608 3374 1724 3417 vocum
1740 3361 1771 3416 et

438 3448 588 3532 Phrygiis
603 3448 747 3510 cantibus
762 3447 940 3508 incitantur.
970 3445 1087 3508 Multos
1109 3466 1238 3508 nemora
1260 3446 1440 3530 silvaeque,
1462 3448 1577 3510 multos
1592 3468 1702 3511 amnes
1718 3454 1772 3511 aut

439 3543 539 3605 maria
560 3549 774 3614 commovent,
804 3559 940 3622 quorum
962 3538 1135 3601 furibunda
1157 3560 1246 3602 mens
1268 3540 1356 3604 videt
1377 3550 1450 3604 ante
1472 3540 1571 3603 multo
1601 3561 1685 3625 quas
1707 3542 1772 3604 siut

401 3636 556 3699 solutura.
586 3636 659 3709 Quo
681 3635 721 3697 de
744 3654 859 3717 genere
882 3633 937 3695 illa
960 3642 1050 3695 suut:

953 3727 1064 3789 Eheu
1095 3728 1252 3790 videtel

482 3821 687 3886 Iudicabit
714 3822 899 3884 inclitum
929 3820 1119 3883 iudicium
1151 3822 1258 3884 inter
1286 3821 1377 3884 deas
1407 3822 1485 3885 tris
1515 3822 1680 3904 aliquis:

483 3916 563 3991 Quo
585 3916 733 3980 iudicio
756 3915 1060 3979 Lacedaemonia
1082 3915 1238 3989 mulier,
1260 3915 1441 3979 luciacum
1464 3937 1553 3989 una,
1576 3916 1770 3981 adveniet.

439 4037 558 4101 Eodem
588 4039 672 4100 enim
702 4037 796 4100 modo
827 4037 924 4099 multa
953 4057 972 4099 a
1002 4038 1247 4101 vaticinantibus
1270 4058 1365 4121 saepe
1388 4040 1548 4123 praedicta
1571 4046 1645 4103 sunt
1667 4056 1770 4123 neque

402 4134 544 4195 aceolum
568 4132 686 4206 verbis,
709 4132 764 4195 sed
788 4133 882 4195 etiam

569 4236 771 4309 Versibus,
803 4256 899 4317 quos
929 4236 1024 4298 olim
1054 4238 1175 4299 Fauni
1204 4245 1402 4318 vatesque
1432 4238 1643 4300 canebant.

442 4356 513 4421 tib.
545 4359 697 4421 Similiter
723 4359 857 4421 Marcius
885 4365 917 4419 et
939 4358 1099 4420 Publicius
1129 4366 1216 4420 vates
1247 4361 1398 4421 cecinisse
1429 4359 1598 4422 dicuntur:
1633 4380 1698 4442 quo
1731 4359 1769 4422 de

441 4472 557 4535 genere
579 4452 736 4534 Apollinis
766 4460 875 4533 operta
905 4454 1027 4533 prolata
1058 4462 1141 4514 suut.
1186 4454 1286 4516 Credo
1316 4456 1408 4516 etiam
1433 4455 1591 4531 anhelitus
1615 4453 1769 4536 quosdam

441 4546 539 4609 luisse
562 4557 732 4619 terrarum,
755 4543 870 4629 quibus
892 4546 1019 4608 inflatae
1042 4557 1163 4609 mentes
1187 4547 1291 4608 oracla
1314 4547 1494 4610 funderent.

506 4871 530 4919 7.
550 4875 631 4919 monte
647 4866 761 4919 A¹B¹Ht
785 4869 812 4916 bs
828 4873 911 4918 monte
927 4871 1004 4927 Aeas,
1028 4876 1140 4919 smonte
1157 4872 1186 4929 V,
1214 4873 1342 4922 demente
1359 4871 1466 4932 salisb,
1493 4887 1526 4923 es
1542 4874 1662 4923 monteO
1687 4898 1714 4909 —
1737 4886 1772 4923 «a

442 4947 547 5008 tappete
563 4952 678 4995 secretae
694 4958 756 5005 pars
771 4946 861 4993 mostis
878 4945 991 4993 Schuetz
1016 4972 1044 4982 -
1070 4947 1095 4995 8.
1114 4960 1145 4995 ns
1163 4948 1196 4996 C:
1216 4948 1331 5009 neqnsO
1356 4973 1383 4984 -
1412 4949 1435 4997 9.
1455 4949 1565 5002 diunius
1583 4950 1603 4999 ΙΙ
1624 4975 1651 4986 -
1675 4949 1772 4999 bibisset

441 5018 631 5070 aldobrandini
648 5033 720 5084 susp.
737 5046 763 5054 —
783 5020 898 5068 hanutum
916 5020 950 5078 Η,
969 5021 1120 5071 exhaustum
1138 5023 1169 5081 B,
1188 5023 1236 5073 sed
1254 5037 1286 5072 ec
1304 5025 1329 5072 in
1348 5037 1400 5073 ras.
1420 5049 1447 5059 -
1468 5026 1507 5074 40.
1527 5031 1607 5075 motas
1625 5028 1658 5076 C:
1677 5033 1772 5076 motatur

441 5093 519 5142 codd.
539 5092 604 5142 dett.
624 5097 651 5142 et
668 5095 687 5143 0
706 5120 732 5129 —
756 5107 869 5155 uuquam
886 5092 975 5145 Ιι.1.ΙΙ
997 5122 1024 5131 -
1050 5098 1090 5145 tt.
1109 5099 1140 5145 sit
1158 5099 1296 5158 quodcum
1314 5099 1346 5156 B,
1366 5097 1414 5147 sed
1432 5099 1632 5160 quoddcleturu
1654 5128 1679 5136 -
1706 5102 1771 5163 quod

440 5171 548 5219 Acorr.
568 5182 598 5216 ex
617 5182 666 5229 quo
689 5195 716 5205 -
744 5174 766 5218 st
782 5169 881 5218 cutibus
897 5174 959 5218 cont.
980 5174 1004 5218 et
1020 5172 1100 5222 dorm.
1124 5174 1226 5222 amicus
1250 5174 1346 5222 Davisii
1372 5201 1403 5210 -
1430 5175 1469 5224 46,
1488 5180 1523 5224 set
1540 5175 1570 5224 A*
1590 5203 1617 5211 -
1644 5178 1684 5226 47.
1703 5177 1771 5225 uoti-

439 5244 552 5293 clonesll
568 5270 594 5279 -
613 5257 764 5306 magnopere
781 5246 842 5293 C-
863 5244 903 5294 49.
917 5250 940 5294 st
956 5245 981 5293 hi
999 5247 1042 5305 {hii
1055 5247 1083 5308 ΙΙ)
1103 5249 1138 5305 C;
1157 5248 1190 5298 de
1208 5253 1230 5298 et
1247 5261 1272 5299 v.
1286 5248 1389 5311 Madvig
1407 5249 1515 5300 delion.
1533 5265 1559 5314 p.
1570 5251 1614 5300 804
1632 5276 1658 5285 -
1679 5252 1721 5300 20.
1734 5251 1770 5300 illi

440 5320 527 5370 Roosii
544 5332 617 5383 susp.
637 5346 663 5354 -
693 5320 732 5367 2⁴.
755 5333 827 5380 quem
845 5319 865 5368 H
886 5346 912 5353 -
934 5325 1117 5381 praenuntiant
1133 5324 1155 5370 V
1173 5336 1204 5372 er
1223 5336 1304 5380 corr..
1325 5325 1375 5373 ΗΟ
1397 5352 1421 5360 -
1446 5326 1487 5373 22.
1506 5332 1534 5373 at
1550 5326 1575 5373 hi
1593 5326 1634 5385 (bii
1652 5326 1683 5387 Η)
1702 5326 1721 5376 C
1743 5352 1768 5361 -

438 5408 524 5445 sorano
541 5394 610 5445 B¹-
630 5393 671 5443 ll.
689 5395 739 5442 ss'nt
756 5395 790 5444 C:
814 5402 872 5445 sunt
888 5393 981 5444 salisb.
1002 5401 1028 5445 et
1045 5399 1065 5445 0
1085 5424 1111 5433 -
1131 5398 1172 5446 26.
1191 5404 1214 5446 et
1229 5399 1276 5447 beu
1294 5400 1314 5447 ll
1334 5424 1359 5433 -
1390 5400 1428 5448 27.
1447 5402 1570 5449 iudicauit
1588 5404 1622 5460 C;
1649 5403 1770 5452 iudicabil

440 5470 547 5519 emend.
567 5470 653 5532 Haupt
670 5471 695 5518 iu
713 5467 845 5531 suatotogo
864 5471 908 5526 ΙΙΙ,
921 5470 978 5530 stt,
998 5474 1042 5534 qui
1060 5474 1131 5522 idem
1151 5486 1277 5522 numeros
1295 5476 1428 5524 coustituit
1445 5481 1522 5526 autea
1541 5478 1575 5527 de
1594 5479 1690 5527 Davisii
1708 5491 1770 5529 sen·

440 5548 521 5595 tentia
542 5546 580 5594 sic
601 5544 760 5608 dispositos:
792 5545 871 5604 Eheu,
894 5546 990 5594 videte:
1013 5548 1132 5597 iudicavit
1148 5549 1268 5597 testatum
1294 5550 1304 5609 ΙΙ
1329 5550 1606 5616 Iudicium--atiqus's
1630 5558 1642 5619 11
1668 5555 1771 5615 Quo·-

439 5621 635 5670 Loceduemoas'u
665 5618 676 5677 ΙΙ
704 5620 969 5669 Mulier--odceniet
995 5647 1029 5659 -
1055 5624 1167 5672 irretitam
1189 5622 1291 5672 AB¹H:
1319 5626 1440 5686 inclytum
1461 5627 1525 5686 B2V,
1552 5630 1675 5677 v'nctutam
1698 5628 1718 5677 0
1741 5652 1768 5663 ·-

438 5696 583 5744 interisio
597 5708 679 5757 marg.
708 5721 733 5730 -
761 5694 802 5742 29.
822 5694 888 5742 enim
909 5697 1001 5744 unuh
1032 5725 1056 5734 -
1085 5699 1125 5748 34.
1147 5712 1194 5760 qao
1212 5700 1291 5747 solam
1308 5701 1338 5748 At
1357 5727 1383 5735 -
1413 5702 1452 5751 32.
1472 5702 1723 5764 ooosgeusrsllv
1741 5725 1768 5737 -·

439 5769 480 5819 33.
498 5771 617 5832 Apollinis
626 5772 732 5832 Aperlae
749 5772 776 5818 et
793 5769 835 5818 hic
852 5772 879 5818 et
895 5770 925 5825 ΙΙ,
941 5770 1012 5833 §tta
1030 5777 1149 5823 Goercnz
1162 5788 1193 5823 ex
1207 5774 1283 5823 Festo
1302 5776 1366 5838 pii
1380 5777 1412 5825 bl.
1426 5790 1558 5840 reponere
1572 5777 1666 5837 voluit;
1687 5776 1771 5828 verba

439 5857 488 5905 quo
505 5847 535 5894 ds
550 5845 791 5909 pensrsnprotcta
807 5850 865 5892 sunt
882 5847 942 5907 post
958 5847 1090 5907 [undussa
1108 5849 1304 5913 transponenda
1322 5864 1381 5901 esse
1394 5853 1498 5902 censuit
1510 5852 1636 5916 Meyerus
1651 5880 1674 5890 -
1698 5854 1772 5902 huss

438 5919 496 5967 titus
512 5920 565 5978 AV,
585 5921 692 5969 coelitus
709 5920 730 5970 ΙΙ
750 5946 775 5954 -
801 5917 843 5969 bl.
861 5920 966 5983 ammas
983 5923 1119 5985 Herelius,
1138 5927 1165 5974 at
1182 5924 1215 5975 cl.
1234 5924 1259 5987 Ι,
1273 5925 1329 5988 8⁴²
1349 5951 1375 5962 -
1399 5926 1506 5978 oracula
1523 5929 1551 5976 0.
