4342 7459
430 1219 493 1308 aoo
919 1241 973 1305 nn
995 1241 1261 1305 numanonn

433 1414 545 1490 retque
566 1406 597 1468 in
620 1404 725 1466 animo
747 1421 858 1465 navem
882 1401 1115 1475 conscendere,
1138 1401 1260 1465 moneri
1282 1400 1370 1464 visus
1393 1408 1441 1464 est
1462 1421 1502 1465 ne
1524 1399 1556 1464 id
1578 1402 1697 1467 laceret
1717 1403 1758 1467 sb

433 1524 482 1575 eo,
504 1520 598 1584 quem
621 1496 779 1580 sepultura
802 1494 978 1569 adfecerat3
1004 1498 1030 1558 si
1053 1496 1279 1577 navigavisset,
1302 1514 1373 1557 eum
1398 1494 1560 1579 naufragio
1583 1518 1653 1561 esse
1675 1499 1760 1588 peri·

433 1605 555 1660 turum:
586 1594 695 1674 itaque
718 1590 911 1652 Simonidem
934 1589 1074 1661 redisse,
1098 1590 1220 1672 perisse
1243 1597 1385 1663 ceteros,
1415 1589 1470 1674 qui
1494 1598 1561 1652 tum
1584 1591 1762 1675 navigavis-

392 1756 394 1759 Α
434 1697 514 1752 sent.
550 1684 601 1748 57.
630 1685 771 1747 Alterum
793 1684 837 1745 ita
859 1682 1023 1757 traditum,
1052 1684 1169 1746 clarum
1193 1682 1364 1747 admodum
1387 1682 1555 1747 somnium.
1596 1686 1673 1749 Cum
1696 1685 1761 1750 duo

411 1783 561 1865 equidam
582 1779 717 1842 Arcades
739 1777 909 1840 familiares
932 1778 991 1839 iter
1013 1797 1076 1840 una
1099 1775 1238 1840 lacerent
1260 1786 1291 1840 et
1305 1779 1464 1860 Megaram
1488 1778 1661 1853 venisseut,
1682 1779 1764 1843 slte-

435 1897 504 1940 rum
527 1875 566 1937 ad
589 1892 743 1956 coponem
767 1871 952 1945 devertisse,
974 1871 1013 1933 ad
1037 1872 1195 1953 hospitem
1220 1872 1367 1934 alterum.
1406 1870 1469 1947 Qui
1485 1880 1520 1935 nt
1536 1872 1639 1937 cenati
1655 1873 1764 1957 quies·

435 1978 557 2042 cerent,
585 1966 738 2030 concubia
767 1973 861 2028 nocte
889 1965 989 2027 visum
1020 1985 1091 2028 esse
1120 1965 1152 2027 in
1177 1966 1295 2029 somnis
1318 1966 1363 2038 ei,
1392 1966 1446 2049 qui
1468 1973 1535 2029 eret
1556 1966 1590 2030 in
1611 1966 1764 2050 bospitio,

435 2065 523 2127 illurn
553 2062 687 2125 alterum
715 2080 805 2123 orare
833 2067 869 2121 ut
891 2059 1091 2131 subveniret,
1123 2059 1208 2143 quod
1232 2058 1291 2122 sibi
1316 2079 1334 2122 a
1357 2079 1480 2142 copone
1502 2060 1650 2127 interitus
1671 2080 1765 2144 para·

436 2165 541 2221 retur:
575 2175 647 2218 eum
673 2153 775 2236 primo
804 2153 1005 2236 perterritum
1035 2153 1161 2216 somnio
1190 2154 1386 2227 surrexisse,
1417 2154 1492 2217 dein
1523 2174 1595 2217 cum
1623 2174 1658 2217 se
1689 2175 1765 2218 con·

398 2251 565 2334 relegisset
593 2248 692 2331 idque
718 2248 821 2310 visum
850 2268 907 2331 pro
939 2248 1038 2310 uibilo
1065 2246 1248 2310 babendum
1278 2268 1348 2310 esse
1371 2246 1534 2324 duxisset,
1566 2247 1765 2332 recubuisse:

437 2355 503 2408 tum
527 2343 555 2406 ei
579 2341 746 2405 dormienti
770 2343 905 2405 eundem
930 2342 1021 2405 illum
1043 2342 1145 2404 visum
1168 2361 1238 2404 esse
1254 2361 1365 2424 rogare
1381 2346 1432 2416 ut,
1448 2343 1597 2426 quoniam
1614 2342 1675 2406 sibi
1691 2344 1765 2406 vivo

437 2457 501 2502 non
523 2434 732 2507 subvenisset,
755 2445 886 2499 mortem
911 2456 999 2499 suam
1021 2455 1062 2498 ne
1077 2434 1210 2497 inultam
1227 2455 1297 2499 esse
1313 2442 1492 2518 pateretur:
1514 2457 1549 2499 se
1565 2435 1766 2501 interiectum

437 2533 472 2596 in
493 2532 665 2615 plaustrum
687 2550 705 2592 a
729 2548 851 2612 copone
874 2549 943 2593 esse
966 2531 1139 2593 coniectum
1163 2539 1195 2592 et
1216 2550 1312 2612 supra
1327 2537 1448 2593 stercus
1463 2529 1636 2604 iniectum
1658 2538 1767 2614 petere

438 2634 474 2689 ut
496 2644 587 2687 mane
613 2624 652 2686 ad
681 2632 805 2705 portam
836 2623 977 2696 adesset,
1007 2624 1095 2705 prius
1124 2643 1218 2705 qnam
1246 2624 1422 2705 plaustrum
1446 2643 1485 2686 ex
1508 2623 1629 2706 oppido
1652 2625 1766 2689 exiret

401 2720 506 2784 tenue
541 2738 616 2781 vero
647 2737 720 2780 eum
753 2720 877 2780 somnio
911 2725 1100 2781 commotum
1130 2738 1222 2780 mane
1253 2714 1391 2781 bubulco
1420 2725 1546 2801 praesto
1574 2717 1614 2780 ad
1643 2726 1767 2802 portam

438 2813 547 2885 luisse,
569 2813 731 2894 quaesisse
753 2831 794 2873 ex
816 2831 854 2874 eo
876 2811 953 2894 quid
976 2819 1061 2873 esset
1082 2810 1115 2872 in
1133 2811 1289 2894 plaustro:
1311 2811 1400 2873 illum
1416 2811 1620 2894 perterritum
1635 2811 1769 2896 fugisse,

440 2916 596 2974 monuum
619 2914 743 2971 erutum
766 2926 847 2980 esse,
869 2926 1022 2989 coponem
1045 2925 1078 2967 re
1102 2903 1258 2987 patefacta
1279 2925 1399 2989 poenas
1422 2906 1562 2969 dedisse.

525 3001 668 3063 xxvttt.
691 2997 743 3062 58.
765 2999 851 3075 Quid
874 2998 935 3061 boc
958 2999 1082 3062 somnio
1106 2997 1168 3062 diei
1193 2998 1329 3062 divinius
1351 3003 1482 3083 potest‘l
1525 2999 1589 3063 Sed
1613 3000 1691 3084 quid
1714 3007 1769 3064 ent

439 3097 530 3182 plura
560 3103 614 3158 sut
642 3103 747 3157 vetera
777 3095 984 3176 quaerimus?
1028 3093 1130 3175 Saepe
1156 3092 1212 3155 tibi
1243 3112 1347 3155 meum
1375 3094 1515 3167 narravi,
1543 3114 1639 3178 saepe
1667 3115 1707 3158 ex
1737 3101 1769 3158 te

402 3190 545 3255 ”audivi
568 3199 657 3252 tuum
679 3188 856 3252 somnium:
888 3208 951 3259 me,
980 3208 1050 3250 cum
1074 3188 1168 3249 Asiae
1197 3204 1255 3268 pro
1278 3188 1410 3250 consule
1432 3207 1628 3270 praeessem,
1650 3189 1768 3254 vidisse

440 3286 620 3370 inquiete,
651 3302 720 3344 cum
752 3290 786 3343 tu
818 3301 901 3363 equo
930 3282 1079 3344 advectus
1108 3281 1147 3343 ad
1179 3280 1338 3365 quandam
1367 3281 1472 3364 magni
1494 3277 1633 3346 fluminis
1657 3282 1769 3366 ripam,

441 3386 610 3463 provectus
639 3376 744 3439 subito
771 3382 866 3458 atque
894 3375 1041 3459 delapsus
1068 3376 1100 3437 in
1129 3371 1264 3447 llumen,
1292 3394 1449 3458 nusquam
1472 3378 1690 3459 apparuisses,
1719 3396 1769 3439 me

442 3473 668 3535 contremuisse
690 3471 802 3531 timore
825 3469 1043 3550 perterritum:
1076 3477 1143 3530 tum
1172 3477 1203 3531 te
1232 3476 1362 3551 repente
1392 3468 1509 3531 laetum
1532 3469 1693 3534 exstitisse
1715 3491 1769 3535 eo·

442 3565 581 3650 demque
608 3583 691 3646 equo
716 3563 881 3624 adversam
911 3561 1093 3624 ascendisse
1121 3563 1223 3643 ripam
1252 3582 1375 3644 nosque
1403 3561 1486 3623 inter
1512 3583 1572 3625 nos
1601 3583 1672 3628 esse
1695 3584 1771 3628 con·

404 3659 565 3743 seplexos.
608 3655 721 3718 tacitis
742 3656 923 3718 coniectura
945 3654 1039 3717 huius
1062 3656 1187 3730 somnii,
1210 3655 1351 3738 mihique
1374 3675 1393 3718 a
1413 3655 1525 3738 peritis
1540 3662 1575 3719 in
1590 3657 1665 3720 Asia
1680 3676 1771 3741 prae·

443 3753 560 3816 dictum
584 3759 632 3813 est
650 3749 719 3813 lore
742 3769 797 3812 eos
820 3759 952 3812 eventus
974 3768 1089 3822 rerum,
1112 3752 1166 3833 qni
1189 3750 1383 3813 acciderunt.
1420 3746 1471 3810 59.
1494 3750 1598 3813 Venio
1621 3771 1706 3814 nnnc
1728 3749 1769 3813 ad

443 3857 541 3911 tuum.
585 3843 697 3906 Audivi
726 3843 873 3927 equidem
904 3863 943 3905 ex
972 3843 1110 3927 teipso,
1141 3843 1197 3906 sed
1221 3844 1297 3905 mihi
1320 3844 1448 3926 saepius
1470 3851 1578 3907 noster
1600 3846 1771 3909 Sallustius

443 3941 602 4006 narravit:
635 3958 706 4000 enm
729 3938 761 3999 in
784 3937 838 3999 illa
860 3936 950 4018 luga,
981 3937 1072 3999 nobis
1095 3936 1252 4020 gloriosa,
1275 3937 1397 4022 patriae
1419 3936 1619 4014 calamitosa,
1641 3939 1676 4002 in
1698 3938 1772 4003 villa

445 4037 581 4119 quadam
603 4033 705 4115 campi
720 4032 854 4092 Atinatis
878 4050 1020 4093 maneres
1045 4051 1254 4115 magnamque
1278 4039 1396 4113 partem
1420 4031 1523 4095 noctis
1537 4031 1712 4115 vigilasses,
1732 4029 1772 4094 ad

406 4130 546 4192 ³⁰lucem
574 4127 712 4208 denique
735 4133 801 4187 arte
824 4134 855 4186 et
877 4128 1013 4207 graviter
1035 4125 1204 4187 dormitare
1227 4127 1380 4210 coepisse.
1425 4126 1549 4208 ltaque,
1580 4147 1771 4211 quamquam

444 4226 505 4286 iter
526 4224 668 4292 instaret,
691 4240 725 4282 se
748 4227 850 4281 tamen
874 4219 1033 4281 silentium
1055 4220 1122 4281 fieri
1147 4220 1277 4281 iussisse
1301 4238 1406 4303 neque
1430 4238 1499 4280 esse
1522 4239 1648 4301 passum
1671 4228 1703 4282 te
1719 4239 1774 4281 ex·

445 4317 555 4379 citari:
579 4335 649 4376 cum
672 4323 776 4376 autem
800 4322 1003 4394 experrectus
1026 4334 1112 4376 esses
1134 4314 1211 4376 hora
1234 4316 1372 4376 secunda
1388 4312 1470 4387 lere,
1492 4320 1521 4376 te
1538 4314 1598 4375 sibi
1614 4314 1772 4376 somnium

447 4410 641 4473 narravisse:
664 4408 766 4470 visum
789 4408 843 4470 tibi
868 4429 947 4481 esse,
964 4429 1034 4469 cum
1050 4409 1083 4469 in
1099 4408 1177 4469 locis
1193 4408 1268 4470 solis
1285 4417 1420 4471 maestus
1438 4427 1570 4480 errares,
1594 4407 1627 4468 C.
1640 4408 1774 4469 Marium

448 4524 519 4566 cnm
541 4502 679 4565 fascibus
702 4502 849 4565 laureatis
872 4522 1024 4584 quaerere
1051 4522 1091 4563 ex
1115 4510 1145 4563 te
1169 4502 1246 4584 quid
1270 4502 1369 4566 tristis
1392 4522 1495 4577 esses,
1527 4520 1665 4584 cumque
1687 4508 1721 4564 tu
1743 4507 1774 4563 te

1593 4651 1776 4662 -ι--ο-ι-

512 4736 536 4784 2.
560 4735 698 4796 acsectarot
716 4734 736 4782 ll
762 4761 788 4770 -
813 4734 992 4797 sraoipassctO
1016 4761 1041 4769 -
1067 4734 1091 4785 3.
1111 4739 1163 4783 tum
1180 4746 1233 4783 om.
1253 4732 1275 4782 Η
1300 4758 1326 4767 -
1351 4732 1540 4796 nauipauisssnt
1557 4732 1591 4780 B:
1615 4732 1778 4794 nauipassset

447 4805 570 4868 A²HVO,
587 4812 731 4873 nauipasset
747 4808 776 4858 A¹
795 4836 821 4843 —
846 4808 869 4858 i.
889 4810 999 4857 traditur
1017 4810 1154 4870 llottinger
1174 4836 1198 4843 -
1218 4821 1331 4857 somnum
1349 4810 1371 4857 H
1392 4834 1416 4843 -
1437 4810 1461 4857 a.
1478 4807 1621 4869 familiares
1637 4805 1728 4854 omil
1747 4829 1774 4840 -

447 4887 554 4936 aderam
570 4886 599 4933 B¹
619 4909 645 4921 -
666 4884 689 4932 6.
707 4897 844 4945 cauponem
861 4883 991 4942 AB²V²0,
1011 4884 1058 4933 sed
1076 4897 1126 4932 cau
1142 4886 1162 4932 A
1181 4885 1207 4932 ln
1225 4898 1276 4933 ras.
1300 4911 1325 4919 -
1345 4884 1473 4932 divertisse
1490 4884 1577 4932 Moser
1595 4907 1621 4916 -
1641 4881 1739 4931 coenad
1757 4878 1776 4928 0

450 4987 477 4995 -
496 4960 520 5009 8.
540 4973 557 5008 a
573 4972 664 5021 copone
680 4954 724 5006 V¹:
760 4976 789 5002 n·
805 4970 870 5019 pone
886 4957 925 5016 A¹,
949 4971 1029 5019 apone
1046 4954 1083 5014 1³¹,
1108 4971 1200 5021 copone
1217 4957 1255 5019 Η,
1277 4972 1294 5007 a
1310 4970 1423 5019 caupone
1439 4956 1573 5007 A²B¹V²0
1594 4982 1620 4990 -
1640 4955 1665 5004 9.
1684 4968 1741 5005 sum
1757 4956 1778 5004 A

449 5037 474 5084 in
492 5048 543 5084 ras.
565 5061 591 5070 -
608 5033 767 5096 perterritom
783 5029 813 5082 A¹
833 5059 859 5067 —
879 5034 1002 5084 mindaii
1023 5060 1048 5069 -
1075 5036 1115 5084 to.
1134 5037 1237 5084 dixisset
1254 5034 1273 5082 B
1293 5059 1320 5068 -
1338 5034 1478 5083 recubuisse
1494 5038 1547 5081 tum
1564 5035 1599 5093 A,
1619 5031 1669 5082 sed
1687 5036 1733 5080 set
1751 5030 1778 5080 ln

448 5122 501 5159 ras.
522 5136 543 5144 -
569 5109 609 5159 ti.
625 5108 793 5170 potereturv
814 5134 840 5145 -
866 5108 904 5157 ts.
924 5122 1068 5170 ocaupone
1087 5106 1181 5160 B²V⁹0
1202 5135 1227 5143 -
1245 5108 1338 5169 petell
1359 5134 1385 5144 -
1412 5106 1451 5158 tl.
1471 5107 1555 5155 adesse
1571 5105 1593 5153 V
1610 5132 1642 5141 -
1657 5105 1780 5167 plostrum

449 5184 468 5233 li
494 5208 520 5218 -
546 5183 586 5231 46.
606 5185 777 5244 quaesissexeo
794 5176 824 5232 A¹
846 5210 868 5219 -
888 5183 985 5243 plustre
1003 5185 1031 5232 ΒΙ
1051 5210 1077 5219 -
1103 5186 1299 5247 lincopensem
1320 5183 1451 5236 nico
1476 5210 1503 5219 -
1525 5182 1658 5247 pamasll
1684 5207 1711 5218 -
1737 5181 1777 5232 ta.

446 5263 526 5321 potest
542 5258 686 5307 diviniusO
713 5283 740 5293 -
769 5258 828 5318 quid
843 5258 958 5318 plurali
985 5285 1011 5293 -
1041 5259 1081 5307 ⁴9.
1100 5260 1163 5321 Seps
1179 5261 1283 5309 enimll
1308 5285 1334 5295 -
1360 5260 1400 5309 20.
1419 5259 1542 5308 soinnium
1560 5270 1613 5306 om.
1633 5254 1728 5307 Salisb.
1748 5279 1776 5292 -

447 5346 536 5395 procos
553 5333 586 5388 B,
610 5335 695 5394 procis
713 5333 766 5391 AV,
790 5333 929 5395 prouinciis
948 5334 1009 5394 ΗΟ,
1037 5347 1094 5383 exc.
1117 5334 1199 5393 Pith.;
1227 5338 1365 5399 receptum
1382 5332 1525 5384 lectionem
1543 5333 1642 5395 optime
1661 5329 1779 5381 delendit

450 5409 631 5470 Bergmannus
649 5408 674 5457 in
693 5406 926 5470 pullulantium
945 5434 971 5443 -
991 5410 1031 5457 it.
1050 5410 1179 5459 delatusll
1198 5436 1225 5445 —
1245 5411 1408 5471 nunquamll
1428 5434 1455 5446 -
1474 5409 1514 5457 25.
1534 5406 1685 5468 contesimo]
1697 5410 1780 5455 cetera

450 5484 472 5532 Η
496 5508 523 5519 -
551 5483 591 5530 26.
615 5496 701 5532 rerum
717 5483 809 5531 metum
825 5485 921 5543 estqui
942 5486 977 5541 A,
1005 5483 1053 5532 sed
1070 5484 1163 5532 uictum
1181 5489 1215 5534 est
1238 5497 1277 5548 pr.
1297 5498 1332 5534 m.
1352 5486 1507 5547 punctatum
1533 5509 1558 5518 -
1594 5482 1635 5530 st.
1654 5479 1780 5529 sallustius

449 5555 519 5607 Νι
538 5557 656 5606 salustius
672 5554 792 5607 lillll²0
814 5584 838 5593 -
858 5558 899 5606 29.
917 5559 1105 5607 atinatinatisB
1126 5585 1152 5593 -
1172 5560 1314 5622 utpitassem
1327 5559 1347 5607 Η
1361 5584 1387 5593 -
1408 5558 1448 5607 30.
1468 5563 1537 5606 arcte
1554 5560 1577 5605 ts
1593 5562 1616 5605 st
1634 5557 1661 5606 F.
1672 5559 1702 5606 A.
1710 5552 1782 5606 Woll

453 5658 479 5668 -
498 5634 617 5693 coepisses
633 5628 698 5691 ΒΨ,
716 5632 851 5693 cepissesll
871 5658 898 5667 —
924 5646 1070 5693 quanquam
1088 5633 1146 5690 llV,
1166 5646 1234 5696 quac
1253 5633 1366 5682 varietas
1385 5645 1438 5681 non
1455 5631 1508 5680 iam
1526 5627 1661 5680 notabitur
1681 5657 1707 5666 -
1737 5629 1778 5679 tt.

449 5708 497 5755 iter
513 5719 573 5769 sup.
592 5705 636 5756 ltn.
656 5708 674 5756 B
694 5733 719 5741 -
739 5707 766 5755 in
783 5712 909 5755 uetaret
927 5710 946 5756 A
973 5734 998 5743 -
1023 5720 1049 5757 se
1066 5714 1149 5757 tamen
1167 5709 1192 5757 F.
1204 5711 1233 5758 A.
1248 5705 1320 5757 Wolt
1335 5710 1362 5756 et
1379 5706 1484 5756 Dobree
1511 5704 1631 5769 (Advers.
1650 5706 1686 5765 ll,
1705 5703 1778 5766 3741:

451 5788 473 5830 te
490 5787 573 5830 tamen
590 5783 636 5831 CO
654 5808 686 5817 -
704 5780 858 5830 teaeitoriA
879 5806 904 5814 -
931 5782 971 5829 32.
991 5786 1152 5843 asporrectus
1170 5782 1190 5830 Η
1211 5809 1237 5816 -
1262 5794 1309 5829 ora
1327 5785 1346 5831 A
1367 5808 1392 5815 -
1412 5780 1505 5843 {moll
1528 5803 1556 5815 -
1580 5779 1620 5830 33.
1640 5779 1733 5830 Gaium
1750 5776 1781 5840 V,

452 5857 482 5905 G.
502 5856 582 5907 ΑΒΗ
601 5881 627 5891 -
652 5854 693 5906 il.
716 5855 850 5916 [ambusti
876 5880 903 5890 -
927 5856 1008 5905 tristes
1025 5856 1055 5905 V¹
1079 5882 1106 5891 —
1130 5861 1158 5905 tu
1174 5858 1301 5918 lupatria
1323 5857 1424 5906 Moser:
1450 5859 1472 5905 te
1490 5854 1619 5917 lupatria
1636 5853 1733 5915 snt,
1755 5854 1783 5904 n

449 5934 537 5994 patrio
553 5936 577 5979 te
594 5931 628 5996 ll,
650 5936 678 5979 tu
694 5934 718 5981 te
733 5935 779 5979 tua
792 5932 881 5993 patria
899 5931 1037 5982 Manutius.
