4342 7459
685 1255 789 1322 ‘ma
811 1256 865 1322 ru.
893 1256 967 1320 cr».
989 1255 1189 1318 xn-x1v.
1217 1254 1263 1339 §a
1285 1252 1433 1321 as-ao.
1464 1270 1467 1279 ·
1675 1254 1738 1320 aaa

408 1419 541 1501 imperio
563 1436 672 1481 carere
694 1439 758 1480 nou
781 1425 911 1501 poterat.
953 1419 1127 1500 Tarquinio
1149 1437 1224 1480 vero
1247 1415 1324 1499 qaid
1348 1415 1571 1497 inpudentius,
1593 1415 1648 1499 qui
1671 1415 1739 1478 bel·

408 1512 473 1577 lum
494 1521 618 1595 gereret
639 1533 709 1575 cum
732 1513 787 1585 iis,
818 1513 873 1595 qui
904 1514 973 1575 eius
995 1533 1059 1574 uon
1083 1512 1219 1574 tulerant
1241 1509 1445 1590 superbiant
1468 1510 1498 1571 ls
1522 1530 1592 1572 cum
1613 1509 1738 1574 restitui

408 1606 443 1668 in
462 1626 595 1689 reguum
618 1627 676 1668 nec
692 1606 871 1669 Veientium
894 1626 951 1668 nec
973 1607 1155 1669 Latinorum
1179 1604 1274 1667 armis
1297 1603 1467 1685 potuisset,
1491 1602 1605 1667 Cumas
1627 1612 1738 1667 contu·

408 1700 482 1763 liare
504 1721 539 1763 se
562 1699 679 1762 dicitur
699 1701 797 1783 inque
821 1720 858 1761 ea
882 1700 957 1761 urbe
981 1700 1070 1762 senio
1093 1706 1125 1760 et
1146 1695 1345 1780 aegritudine
1367 1716 1437 1758 esse
1459 1695 1631 1760 conlectus.

493 1793 579 1855 XlIl.
606 1793 674 1855 Hoc
704 1802 738 1855 tu
767 1793 863 1875 igitur
892 1812 1001 1854 censes
1024 1791 1162 1873 sapienti
1184 1791 1329 1853 accidere
1350 1809 1460 1872 posse,
1485 1797 1518 1851 ut
1540 1790 1761 1874 aegritudines

409 1888 622 1970 opprimatur,
650 1885 682 1947 id
711 1894 760 1949 est
789 1887 934 1948 miserint
971 1888 1049 1947 Nam
1077 1906 1150 1947 cum
1179 1884 1283 1946 omnis
1314 1883 1507 1965 perturbatio
1529 1886 1657 1948 miseria
1679 1894 1738 1961 est,

408 1988 474 2043 tum
504 1977 687 2043 carnilicina
715 1988 763 2042 est
790 1980 963 2062 aegritudo.
1004 1980 1107 2041 Habet
1135 1977 1278 2041 ardorem
1301 1978 1412 2051 libido,
1438 1977 1596 2042 levitatem
1619 1980 1739 2043 laetitia

408 2073 564 2155 gestiens,
585 2072 795 2135 bumilitatem
818 2080 933 2146 metus,
957 2072 1012 2135 sed
1028 2073 1195 2154 aegritudo
1211 2073 1329 2135 maiora
1345 2070 1509 2154 quaedam,
1532 2069 1647 2147 tabem,
1670 2095 1739 2137 cru·

410 2168 543 2240 ciatum,
565 2166 828 2240 adflictationem,
850 2165 1053 2240 foeditatem
1077 2167 1209 2239 lacerat,
1233 2173 1324 2228 exest
1337 2166 1476 2228 animum
1492 2166 1650 2251 planeque
1665 2189 1739 2231 con·

410 2261 484 2323 licit.
518 2262 606 2324 lianc
630 2261 690 2323 nisi
715 2262 859 2323 exuimus
882 2261 938 2333 sic,
962 2267 997 2322 ut
1011 2260 1195 2333 abiciamus,
1218 2260 1344 2323 miseria
1360 2279 1466 2321 carere
1481 2280 1542 2321 nou
1559 2281 1739 2343 possumus.
1749 2274 1777 2320 to

493 2350 547 2416 28.
571 2358 674 2436 Atque
700 2353 761 2417 boc
782 2353 912 2438 quidem
943 2356 1145 2435 perspicuum
1166 2361 1230 2427 est,
1253 2362 1318 2415 tum
1340 2354 1570 2436 aegritudinem
1592 2356 1739 2431 existere,

411 2469 481 2512 eum
504 2448 582 2531 quid
606 2449 649 2510 ita
672 2448 773 2510 visum
796 2448 853 2521 sit,
885 2455 919 2510 ut
950 2468 1097 2529 maguum
1121 2448 1278 2530 quoddam
1304 2447 1418 2510 malum
1441 2448 1552 2511 adesse
1575 2457 1606 2512 et
1629 2471 1740 2533 urgere

412 2542 563 2605 rideatur.
597 2542 732 2625 Epicuro
755 2548 859 2604 autem
883 2540 986 2623 placet
1002 2542 1187 2623 opinionem
1202 2542 1276 2608 mali
1291 2542 1519 2623 aegritudinem
1535 2564 1604 2607 esse
1620 2553 1741 2619 natura,

412 2646 444 2699 ut
472 2638 665 2721 quicumque
693 2636 852 2698 intueatur
884 2637 916 2697 in
944 2633 1073 2718 aliquod
1104 2637 1205 2698 maius
1227 2636 1362 2710 malum,
1396 2638 1421 2698 si
1449 2636 1481 2698 id
1504 2637 1564 2699 sibi
1587 2638 1741 2700 accidisse

413 2732 573 2812 opinetur,
596 2732 637 2793 sit
658 2731 809 2793 continuo
830 2732 863 2792 iu
885 2729 1093 2811 aegritudine.
1129 2730 1293 2813 Cyrenaici
1316 2751 1380 2793 non
1399 2731 1484 2792 omni
1507 2731 1589 2794 malo
1605 2732 1778 2814 aegritu-ta

413 2824 516 2886 dinem
547 2823 629 2886 ellici
653 2831 798 2898 censent,
829 2824 885 2886 sed
908 2824 1069 2906 insperato
1092 2832 1125 2887 et
1146 2824 1336 2906 necopinato
1359 2824 1451 2888 malo.
1482 2827 1539 2887 Est
1558 2825 1590 2888 id
1613 2825 1741 2909 quidem

413 2938 476 2981 non
499 2918 656 2981 mediocre
672 2918 711 2980 ad
730 2917 962 3000 aegritudinem
977 2919 1172 3000 augendam3
1195 2918 1343 2982 videntur
1356 2918 1439 2980 enim
1455 2917 1561 2981 omnia
1575 2919 1741 3001 repentina

412 3012 566 3093 graviora.
600 3014 649 3075 Ex
669 3013 731 3076 boc
754 3021 786 3075 et
807 3012 862 3075 illa
883 3013 952 3076 inre
975 3013 1160 3075 laudantur:

452 3107 532 3190 Ego
555 3126 639 3170 cum
662 3108 796 3191 genui,
818 3114 898 3170 tum
921 3107 1138 3169 morituros
1161 3106 1262 3169 scivi
1284 3107 1380 3169 etei
1405 3108 1463 3170 rei
1486 3106 1646 3170 sustuli.

454 3202 667 3265 Praeterea
688 3203 734 3265 ad
756 3202 911 3264 Troiam
933 3221 1014 3264 cum
1037 3201 1128 3263 misi
1150 3202 1198 3263 ob
1222 3199 1775 3273 defendendamGraeciam,so
1846 3218 1849 3225 ·

457 3296 608 3359 Scibam
631 3318 687 3359 me
718 3298 758 3359 in
781 3295 1036 3360 mortiferum
1057 3294 1223 3368 bellum,
1246 3314 1324 3357 nou
1347 3297 1384 3358 in
1406 3294 1550 3378 epulas
1572 3293 1740 3358 mittere.

496 3390 580 3452 xlv.
606 3386 657 3452 29.
679 3391 764 3453 Haec
787 3392 883 3473 igitur
905 3388 1144 3471 praemeditatio
1166 3388 1342 3451 futurorum
1362 3388 1518 3451 malorum
1540 3389 1619 3452 lenit
1633 3408 1742 3451 eorum

415 3482 601 3557 adrentum,
624 3504 704 3568 quae
728 3485 887 3547 venientia
909 3483 1004 3564 longe
1026 3490 1098 3545 aute
1122 3482 1248 3546 videris.
1287 3482 1398 3565 ltaque
1420 3481 1505 3564 apud
1526 3483 1701 3566 Euripiden
1723 3501 1743 3545 a

413 3577 538 3641 Theseo
561 3578 645 3641 dicta
667 3578 852 3652 laudantur;
879 3578 953 3641 licet
975 3578 1075 3650 enim,
1105 3585 1139 3639 ut
1166 3596 1261 3659 saepe
1289 3576 1435 3650 iacimus,
1466 3578 1498 3639 iu
1520 3576 1667 3640 Latinum
1688 3575 1743 3638 illa

414 3679 616 3735 convertere:
1750 3681 1779 3727 aa

539 3768 629 3829 Nam
653 3766 717 3850 qui
739 3766 835 3829 baec
858 3765 996 3827 audita
1018 3785 1036 3827 a
1059 3766 1178 3828 docto
1200 3763 1470 3827 meminissem
1491 3763 1594 3838 viro,

539 3863 717 3923 Futuras
739 3880 887 3922 mecum
910 3859 1213 3923 commentabar
1234 3859 1440 3921 miserias:

539 3956 614 4017 Aut
635 3961 799 4018 mortem
822 3957 1005 4016 acerbam
1027 3961 1098 4016 aut
1120 3952 1218 4016 exili
1242 3960 1431 4015 maestam
1452 3951 1585 4035 fugam

538 4051 615 4112 Aut
637 4068 789 4131 semper
810 4048 986 4131 aliquam
1008 4049 1153 4111 molem
1175 4047 1407 4111 meditabar
1429 4046 1538 4120 mali,

540 4142 598 4217 Ut,
620 4143 653 4205 si
678 4162 750 4226 qua
773 4144 935 4205 invecta
957 4141 1102 4205 diritas
1126 4163 1216 4205 casu
1238 4141 1362 4214 foret,
1751 4154 1780 4199 so

540 4240 591 4300 Ne
614 4258 669 4300 me
693 4238 920 4318 inparatum
944 4257 1038 4299 cura
1062 4237 1269 4299 laceraret
1289 4255 1444 4316 repens.

411 4328 466 4395 30.
488 4332 581 4407 Quod
605 4339 710 4394 autem
733 4331 875 4392 Theseus
898 4350 916 4391 a
939 4331 1031 4393 docto
1054 4352 1088 4393 se
1110 4331 1238 4393 audisse
1261 4330 1354 4403 dicit,
1376 4328 1409 4390 id
1429 4329 1468 4390 de
1491 4347 1524 4389 se
1547 4330 1616 4411 ipso
1640 4329 1743 4412 loqui·
1830 4379 1832 4382 ,

412 4437 466 4490 tur
486 4426 664 4508 Euripides.
703 4426 818 4487 Fuerat
847 4426 930 4487 enim
960 4424 1087 4486 auditor
1109 4428 1334 4507 Anaxagorae,
1356 4443 1451 4505 quem
1472 4418 1579 4484 lerunt
1600 4425 1744 4487 nuntiata

410 4528 514 4583 morte
535 4519 595 4582 lilii
617 4520 754 4582 dixisse:
780 4519 948 4581 «Sciebam
971 4539 1020 4580 me
1036 4519 1184 4600 genuisse
1200 4517 1394 4580 mortalemr
1421 4517 1511 4591 Quae
1527 4537 1589 4580 vox
1605 4518 1744 4582 declarat

409 4615 454 4676 iis
476 4634 547 4676 esso
569 4612 648 4675 baec
670 4609 797 4685 acerba,
821 4613 937 4695 quibus
961 4633 1024 4674 non
1048 4613 1166 4674 luerint
1187 4613 1332 4695 cogitata.
1369 4612 1453 4692 Ergo
1474 4610 1505 4671 id
1530 4612 1657 4692 quidem
1679 4623 1780 4675 non³⁵

409 4704 561 4780 dubium,
584 4707 662 4788 quin
686 4706 809 4777 omnia,
832 4726 914 4788 quae
937 4707 1018 4768 mala
1041 4714 1208 4789 putentur,
1231 4707 1294 4766 sint
1315 4704 1475 4787 inprovisa
1497 4706 1650 4785 graviora.
1684 4709 1744 4769 lta·

410 4821 477 4885 que
499 4819 693 4883 quamquam
717 4820 780 4861 non
803 4800 881 4862 baec
905 4821 967 4863 una
989 4821 1039 4862 res
1055 4798 1152 4862 elficit
1175 4800 1344 4862 maximam
1360 4797 1606 4881 aegritudinem,
1627 4808 1743 4873 tamen,

408 4896 567 4981 quoniam
601 4894 734 4956 multum
768 4902 873 4976 potest
905 4896 1045 4977 provisio
1074 4896 1171 4957 animi
1195 4901 1227 4957 et
1253 4893 1451 4977 praeparatio
1474 4892 1515 4955 ad
1537 4894 1743 4956 minuendum

462 5204 487 5251 Ι.
506 5215 563 5251 mm
579 5201 617 5249 nir
634 5202 653 5252 C
672 5228 694 5235 -
715 5200 739 5249 3.
754 5203 895 5263 degentiam
912 5202 960 5251 RB
974 5202 1008 5262 tin
1022 5203 1039 5250 n
1052 5201 1099 5251 litt.
1116 5214 1279 5264 qsuperscr.
1293 5202 1302 5249 i
1314 5214 1350 5250 m.
1363 5201 1494 5263 antiqua);
1506 5201 1641 5250 aeienttam
1652 5200 1677 5250 iu
1691 5213 1744 5250 ras.

408 5282 472 5329 G-
487 5276 640 5326 monac
655 5300 680 5309 ·-
695 5273 719 5324 Ι.
732 5275 914 5337 aegritudinem
926 5272 955 5324 (3¹
970 5302 996 5312 -
1010 5277 1033 5325 9.
1047 5276 1213 5338 adflictionem
1226 5278 1244 5325 B
1256 5301 1282 5311 -
1298 5276 1338 5325 tt.
1352 5280 1405 5325 tam
1417 5289 1475 5339 sup.
1490 5274 1535 5325 lin.
1549 5277 1598 5324 G-
1613 5274 1651 5324 ta.
1662 5275 1746 5336 placet

407 5354 597 5417 aegritudinem
609 5365 658 5401 eise
668 5356 777 5399 naturae
787 5349 888 5409 (verbis
899 5352 1038 5412 opinionem
1049 5353 1112 5400 mati
1124 5350 1225 5414 deletis)
1238 5351 1343 5402 Dobree
1356 5352 1466 5402 advers.
1480 5352 1501 5400 tl
1513 5365 1539 5414 p.
1551 5350 1606 5401 373.
1627 5349 1665 5400 Ct.
1675 5350 1744 5400 Rata

409 5428 426 5479 Ι.
441 5428 460 5477 Ι.
474 5439 501 5491 p.
512 5427 553 5485 st,
573 5427 634 5490 qui,
654 5427 702 5475 nisi
716 5422 855 5474 violentius
873 5428 953 5485 esset,
973 5441 1021 5490 pro
1038 5441 1087 5477 esse
1104 5430 1247 5491 reponeret
1263 5428 1367 5491 aspicere.
1383 5454 1409 5463 -
1430 5428 1469 5477 lb.
1483 5428 1509 5476 in
1521 5426 1702 5490 aegritudinem
1714 5424 1743 5473 C.

409 5502 481 5553 Vide
499 5501 533 5551 ad
552 5503 561 5551 l
579 5501 594 5564 5
613 5502 653 5550 90.
677 5528 701 5537 -
728 5501 796 5549 mato
817 5514 886 5549 corr.
906 5514 937 5549 ex
960 5503 1069 5552 modolt
1090 5530 1116 5538 -
1140 5503 1297 5565 aegritudine
1314 5504 1334 5551 G
1353 5529 1379 5538 -
1407 5503 1447 5553 ts.
1465 5506 1488 5552 et
1509 5500 1580 5551 delet
1601 5502 1670 5551 Balla
1690 5498 1707 5548 l.
1726 5496 1743 5548 l.

410 5591 438 5642 p.
460 5577 501 5626 ΙΙΙ,
520 5580 553 5626 ΑΙ
570 5575 603 5626 cl.
623 5576 655 5624 tv
673 5578 688 5639 5
705 5575 745 5624 73.
767 5602 793 5610 -
817 5577 856 5624 to.
876 5576 930 5638 Ego
950 5589 1007 5625 cnm
1019 5603 1056 5613 --
1068 5578 1164 5626 eustati.
1193 5578 1325 5626 Praeterea
1347 5591 1404 5625 cam
1423 5579 1450 5626 in
1473 5574 1541 5638 (cod.
1560 5575 1596 5636 ob)
1617 5580 1746 5624 torrenten

409 5652 502 5703 orbem
518 5653 575 5701 miri
593 5651 622 5700 ob
638 5651 814 5713 defendendum
832 5653 979 5712 imperinm,
997 5651 1091 5700 sedam
1106 5665 1146 5700 me
1163 5653 1188 5699 in
1205 5652 1337 5713 mortifera
1352 5651 1430 5710 betta,
1448 5664 1498 5698 non
1509 5650 1535 5698 in
1549 5648 1634 5711 epulas
1648 5650 1746 5698 mittere

411 5728 514 5777 tronto
531 5724 564 5775 de
582 5724 652 5775 bello
671 5726 757 5776 Parth.
777 5740 803 5789 p.
823 5728 870 5776 499
888 5727 930 5775 ed.
945 5728 1018 5776 ltom.
1036 5728 1094 5789 (⁴05
1107 5726 1206 5785 Nieb.];
1225 5739 1270 5790 epo
1286 5740 1344 5775 cam
1360 5727 1434 5789 qenai
1450 5730 1502 5773 tren
1518 5726 1669 5773 moritammr
1685 5725 1747 5773 reiut

410 5804 437 5850 et
454 5799 514 5849 troie
530 5800 567 5849 rei
583 5802 672 5849 rutuli
689 5802 790 5850 Seneca
808 5800 842 5849 ad
854 5799 944 5863 Polyb.
959 5801 993 5851 de
1006 5799 1107 5851 consol.
1123 5803 1161 5860 tt,
1176 5800 1215 5849 30.
1233 5827 1259 5837 -
1276 5802 1428 5849 morituram
1438 5800 1553 5857 Seneca,
1568 5800 1587 5849 0
1602 5825 1628 5835 -
1642 5800 1683 5849 ΙΙ.
1696 5800 1746 5849 sci-

412 5876 475 5925 taer
491 5876 602 5925 Fronto:
621 5875 727 5926 sciebam
745 5877 764 5925 C
784 5900 810 5910 -
830 5876 871 5926 ΙΙ.
890 5876 1035 5937 Euripidem
1052 5878 1072 5926 0
1088 5902 1112 5911 -
1133 5874 1173 5926 at.
1187 5875 1278 5926 tirum
1295 5877 1341 5926 (tlt
1356 5901 1383 5911 -
1402 5876 1443 5926 28.
1457 5879 1502 5925 aat
1518 5872 1620 5925 addidit
1637 5875 1663 5924 lu
1675 5875 1694 5924 G
1707 5886 1743 5925 ux.

414 5949 1083 6001 rec-aedac-nraeaemo-aatac.
