4342 7459
737 1264 806 1326 Lra.
829 1265 866 1325 V.
893 1263 969 1327 Car.
993 1265 1175 1326 Vlll-lll.
1196 1262 1242 1346 §S
1265 1259 1409 1327 2l-2b.
1674 1253 1736 1322 t8³

406 1439 458 1494 aut
485 1430 655 1493 bonestum
684 1440 751 1495 aut·
768 1439 860 1513 turpe
883 1434 939 1507 sit,
973 1443 1091 1515 negent
1111 1455 1182 1498 esse
1204 1434 1300 1496 ullam
1324 1454 1467 1506 causam,
1497 1454 1553 1497 cur
1574 1433 1659 1497 aliud
1682 1433 1736 1497 alii

407 1532 632 1608 anteponatur,
661 1546 720 1588 nec
748 1527 831 1589 inter
858 1547 911 1589 eas
939 1547 990 1589 res
1018 1528 1188 1610 quicquam
1217 1529 1347 1590 omnino
1377 1534 1488 1610 putant
1513 1528 1682 1600 interesse,
1705 1535 1737 1590 et

406 1618 540 1693 Erillus,
563 1619 590 1682 si
613 1618 657 1682 ita
677 1622 793 1693 sensit,
823 1620 902 1682 nihil
925 1622 1137 1683 essebonum
1160 1630 1285 1703 praeter
1307 1621 1485 1696 scientiam,
1515 1640 1639 1683 omnem
1662 1641 1738 1683 con·

408 1712 472 1775 silii
499 1712 648 1796 capiendi
674 1734 799 1777 eausam
829 1715 1111 1798 inventionemque
1131 1714 1229 1779 oliicii
1251 1714 1388 1778 sustulit.
1432 1713 1484 1777 Sic
1506 1714 1644 1777 exclusis
1665 1733 1738 1777 aen·

409 1806 516 1870 tentiis
544 1807 758 1890 reliquorum,
786 1830 857 1871 cum
881 1819 1045 1891 praeterea
1074 1810 1162 1873 nulla
1187 1829 1257 1872 esse
1282 1809 1399 1889 possit,
1426 1808 1504 1870 baec
1533 1809 1762 1890 antiquorume

408 1897 512 1962 valeat
537 1920 670 1963 necesse
695 1911 752 1963 est
797 1903 882 1984 Ergo
912 1903 1056 1964 instituto
1083 1911 1240 1976 veterum,
1272 1922 1336 1985 quo
1358 1902 1452 1964 etiam
1475 1901 1573 1964 Stoici
1594 1908 1738 1974 utuntur,

407 1993 484 2056 binc
503 1995 668 2076 capiamus
690 1996 867 2059 exordium.

492 2088 550 2149 lx.
572 2084 624 2149 bl.
656 2088 757 2151 Omne
785 2090 902 2153 enimal
925 2113 960 2153 se
985 2092 1089 2173 ipsum
1114 2090 1218 2173 diligit
1238 2112 1290 2161 ao,
1313 2091 1407 2154 simul
1431 2097 1463 2154 et
1483 2098 1587 2153 ortum
1610 2096 1674 2161 est,
1703 2088 1736 2152 id

408 2182 489 2261 egit,
518 2188 555 2243 ut
583 2202 619 2244 ae
648 2192 834 2257 conservet,
863 2186 948 2266 quod
978 2185 1029 2246 bic
1060 2185 1088 2247 ei
1119 2183 1238 2266 primus
1260 2184 1301 2247 ad
1322 2205 1447 2248 omnem
1469 2184 1565 2247 vitam
1589 2181 1737 2246 tuendam

409 2276 570 2357 appetitus
599 2295 617 2338 a
648 2286 761 2341 natura
791 2279 898 2350 detur,
928 2299 962 2340 se
991 2287 1026 2340 ut
1056 2286 1237 2352 conservet,
1267 2286 1362 2361 atquc
1385 2279 1429 2342 ita
1449 2279 1493 2342 sit
1514 2275 1675 2349 ellectum,
1703 2283 1776 2340 uteo

409 2369 528 2450 optime
549 2371 725 2433 secundum
748 2380 893 2434 naturam
916 2374 1060 2435 ellectum
1076 2392 1146 2435 esse
1162 2373 1271 2454 possit.
1299 2374 1388 2435 Hauc
1402 2373 1493 2437 initio
1506 2371 1738 2435 institutionem

409 2462 574 2525 confusam
596 2463 695 2526 habet
716 2473 746 2527 et
768 2467 938 2537 incertam,
966 2474 1000 2528 ut
1022 2474 1142 2528 tantum
1167 2466 1261 2528 modo
1283 2488 1318 2529 se
1340 2474 1480 2540 tueatur,
1508 2465 1739 2549 qualecumque

409 2556 467 2629 sit,
489 2557 546 2620 sed
569 2577 629 2619 nec
650 2558 727 2641 quid
750 2559 792 2620 sit
813 2579 874 2621 nec
889 2559 965 2641 quid
989 2561 1090 2641 possit
1111 2581 1170 2623 nec
1185 2561 1260 2643 quid
1275 2560 1376 2644 ipsius
1390 2569 1502 2623 natura
1516 2559 1558 2622 sit
1571 2557 1740 2637 intellegit.

411 2652 491 2713 Cum
512 2658 621 2713 autern
643 2654 799 2733 processit
820 2654 948 2735 paulum
970 2662 1018 2726 et,
1041 2662 1196 2736 quatenus
1218 2654 1359 2737 quidque
1382 2674 1416 2716 se
1437 2651 1624 2735 attingatad
1639 2669 1738 2733 seque

412 2745 585 2827 pertineat,
607 2746 787 2827 perspicere
810 2748 931 2830 coepit,
958 2754 1024 2809 tum
1046 2749 1163 2809 sensim
1186 2747 1294 2830 incipit
1316 2747 1463 2829 progredi
1485 2765 1621 2830 seseque
1640 2764 1777 2829 agno-ts

411 2858 499 2901 acere
522 2845 555 2901 et
576 2838 777 2922 intellegere,
801 2860 895 2922 quam
919 2842 960 2904 ob
975 2862 1101 2904 causam
1116 2843 1230 2904 hebeat
1244 2860 1333 2913 eum,
1357 2861 1451 2922 quem
1465 2839 1619 2913 diximus,
1639 2838 1738 2901 animi

411 2932 604 3015 appetitum,
627 2942 819 3017 coeptatque
841 2941 873 2996 et
895 2954 948 3006 ea,
972 2954 1055 3017 quae
1076 2944 1208 2997 naturae
1223 2933 1320 2996 sentit
1337 2942 1427 3016 apta,
1449 2942 1598 3015 appetere
1613 2941 1646 2995 et
1667 2953 1740 3015 pro-

413 3026 541 3108 pulsare
563 3027 734 3090 contreria.
779 3029 863 3109 Ergo
886 3030 972 3090 omui
994 3029 1124 3091 animali
1145 3027 1237 3100 illud,
1260 3026 1344 3110 quod
1367 3028 1502 3111 appetit,
1532 3027 1669 3109 positum
1692 3033 1740 3089 eat

412 3121 445 3181 ia
466 3139 522 3192 co,
552 3120 637 3202 quod
660 3128 792 3183 naturae
815 3129 864 3184 est
884 3123 1165 3184 accommodatum.
1207 3123 1254 3184 lta
1274 3120 1347 3183 linis
1368 3121 1523 3184 bonorum
1545 3119 1670 3184 exsistit
1690 3138 1740 3180 se·

412 3214 551 3277 cundum
574 3222 719 3277 naturum
742 3216 848 3278 vivere
870 3216 915 3278 sic
937 3218 1100 3288 allectum,
1123 3224 1159 3278 ut
1179 3214 1297 3297 optime
1311 3211 1394 3277 allici
1410 3214 1511 3296 possit
1524 3212 1564 3275 ad
1580 3220 1778 3276 naturam-sn

412 3328 475 3390 que
507 3307 845 3371 accommodatissime.
888 3307 939 3372 25.
970 3310 1129 3385 Quoniam
1162 3317 1267 3371 autem
1295 3327 1353 3372 sua
1384 3308 1540 3391 cuiusque
1570 3302 1739 3369 animantis

413 3409 526 3464 natura
548 3408 613 3475 est,
634 3421 766 3465 necesse
788 3411 836 3465 est
857 3403 952 3468 finem
974 3424 1104 3488 quoque
1126 3403 1266 3466 omnium
1287 3401 1373 3465 bunc
1394 3422 1480 3474 esse,
1501 3409 1538 3464 ut
1557 3407 1670 3463 natura
1684 3416 1741 3458 ex·

415 3495 539 3577 plentur
559 3527 602 3543 -
630 3495 711 3558 nibil
744 3497 828 3559 enim
860 3498 1005 3580 probibet
1033 3498 1188 3581 quaedam
1221 3517 1291 3560 esse
1320 3505 1352 3560 et
1377 3497 1460 3560 inter
1487 3516 1521 3559 se
1549 3491 1740 3557 animalibus

415 3589 548 3670 reliquia
570 3595 696 3652 etcum
718 3590 829 3653 bestiis
850 3591 971 3653 bomini
993 3591 1188 3663 communia,
1217 3591 1366 3674 quoniam
1396 3591 1537 3654 omnium
1558 3595 1608 3651 est
1627 3593 1741 3649 natura

414 3681 593 3744 eommunis
614 3714 673 3755 -‚
701 3683 758 3746 sed
781 3692 923 3746 extrema
943 3683 999 3747 illa
1020 3693 1052 3747 et
1073 3704 1211 3759 summa,
1240 3704 1322 3767 quae
1344 3683 1540 3767 quaerimus,
1568 3683 1652 3745 inter
1671 3680 1778 3746 aui-ss

415 3775 543 3838 melium
572 3795 689 3857 genera
717 3776 867 3840 distinctu
892 3787 928 3839 et
952 3777 1120 3860 dispertite
1143 3780 1207 3841 sint
1226 3785 1260 3841 et
1280 3797 1337 3841 sua
1359 3778 1472 3859 cuique
1500 3776 1626 3860 propria
1648 3781 1680 3837 et
1700 3772 1740 3837 ad

415 3867 446 3930 id
467 3876 561 3951 apta,
590 3869 678 3951 quod
701 3871 856 3953 cuiusque
878 3879 990 3933 natura
1011 3872 1178 3934 desideret.
1220 3869 1271 3933 96.
1294 3872 1401 3947 Quare
1422 3891 1494 3934 cnm
1516 3870 1652 3933 dicimus
1674 3888 1741 3930 om·

416 3964 509 4026 uibus
530 3962 722 4025 animalibus
743 3972 919 4026 extremum
941 3985 1012 4027 esse
1031 3964 1205 4028 secundum
1221 3973 1363 4028 naturam
1379 3966 1500 4039 vivere,
1521 3983 1588 4027 non
1601 3963 1646 4025 ita
1659 3960 1743 4024 ecci·

415 4055 564 4139 piendum
582 4062 641 4128 est,
659 4057 751 4138 quasi
767 4056 908 4119 dicemus
924 4078 1022 4120 unum
1037 4078 1107 4120 esse
1123 4060 1263 4121 omnium
1280 4068 1466 4132 extremum,
1479 4056 1535 4121 sed
1550 4064 1587 4120 ut
1600 4054 1741 4118 omnium

415 4152 526 4212 artium
549 4157 634 4212 recte
656 4150 717 4212 dici
740 4157 845 4231 potest
866 4170 1035 4213 commune
1058 4172 1143 4225 esse,
1175 4155 1261 4215 utin
1284 4153 1390 4235 aliqua
1412 4153 1544 4214 scientia
1565 4155 1742 4220 versentur,
1751 4169 1780 4213 ec

416 4245 576 4307 scientiam
599 4253 704 4306 autem
728 4264 816 4306 suem
839 4247 993 4328 cuiusque
1016 4245 1091 4307 artis
1115 4266 1199 4318 esse,
1222 4247 1267 4308 sic
1290 4265 1456 4308 commune
1478 4245 1659 4307 animalium
1676 4263 1743 4304 om-

416 4338 501 4400 nium
524 4337 698 4400 secuudum
721 4346 864 4400 naturam
884 4339 1004 4411 vivere,
1028 4340 1082 4400 sed
1099 4350 1227 4402 naturas
1243 4360 1313 4402 esse
1329 4340 1484 4412 diversas,
1507 4348 1543 4400 ut
1556 4337 1642 4401 aliud
1659 4355 1742 4419 equo

416 4432 456 4494 sit
477 4453 496 4494 e
518 4438 646 4506 natura,
678 4431 765 4494 eliud
794 4432 883 4504 bovi,
917 4432 1004 4493 aliud
1033 4432 1171 4505 bomini,
1203 4442 1234 4504 et
1263 4440 1367 4495 temen
1398 4434 1430 4495 in
1454 4431 1600 4495 omuibus
1621 4448 1744 4492 summe

416 4525 607 4597 communis,
638 4532 670 4587 et
700 4524 829 4608 quidem
862 4545 924 4588 non
952 4525 1053 4588 solum
1083 4526 1344 4599 inanimalibus,
1378 4526 1434 4589 sed
1463 4526 1558 4588 etiam
1588 4524 1622 4585 in
1650 4523 1745 4585 rebus

417 4618 563 4682 omnibus
578 4618 633 4691 iis,
656 4638 736 4700 quas
754 4629 865 4681 natura
880 4620 950 4691 elit,
974 4628 1081 4701 auget,
1105 4629 1227 4682 tuetur:
1250 4620 1283 4681 in
1299 4619 1414 4701 quibus
1430 4619 1574 4681 videmus
1590 4638 1641 4690 ea,
1663 4637 1782 4700 quaese

417 4713 589 4794 gignuntur
611 4732 628 4774 e
651 4720 749 4785 terra,
781 4713 878 4773 multu
901 4714 1037 4795 quodem
1067 4715 1161 4775 modo
1184 4712 1307 4776 efficere
1336 4714 1406 4795 ipsa
1428 4713 1488 4775 sibi
1510 4733 1568 4793 per
1589 4732 1640 4785 se,
1663 4731 1745 4794 quae

417 4806 456 4867 ad
479 4804 650 4868 vivendum
681 4806 952 4888 crescendumque
975 4807 1117 4879 valeant,
1149 4817 1182 4870 ut
1204 4828 1261 4870 suo
1283 4827 1398 4889 genere
1421 4805 1607 4889 perveniant
1627 4806 1666 4867 ad
1692 4825 1747 4866 ex·

418 4908 567 4972 tremum,
596 4899 714 4961 utiam
738 4899 831 4961 liceat
852 4919 916 4961 una
938 4901 1223 4982 comprehensione
1247 4902 1353 4963 omnia
1375 4899 1541 4983 complecti
1565 4918 1631 4960 non
1654 4896 1748 4959 dubi·

484 5127 507 5173 t.
526 5130 571 5173 out
588 5126 658 5186 (ente
674 5124 741 5189 lon.)
761 5123 916 5173 Lambinus:
936 5127 1001 5186 quod
1018 5141 1066 5174 nou
1084 5132 1129 5174 out
1146 5126 1223 5175 codd.
1239 5126 1327 5187 (etiem
1340 5127 1382 5186 E);
1402 5124 1485 5187 [quod]
1503 5126 1579 5174 outO
1594 5151 1620 5160 -
1640 5125 1663 5173 2.
1678 5124 1750 5185 qute-

417 5201 478 5263 qrss'd
493 5214 561 5250 osen.
579 5201 599 5250 B
618 5225 646 5235 -
672 5200 696 5248 3.
715 5200 801 5249 eritius
817 5200 851 5248 B:
875 5200 982 5248 llcrittus
999 5201 1060 5250 ΜΟ.
1085 5202 1159 5251 Ceut.
1180 5215 1204 5263 p.
1225 5202 1285 5259 l82,
1305 5201 1346 5248 et.
1367 5226 1393 5234 -
1419 5201 1443 5249 6.
1461 5199 1539 5264 Erpo]
1556 5200 1635 5263 ipitur
1651 5200 1700 5248 Bc
1720 5224 1746 5233 -

417 5278 443 5328 8.
460 5276 534 5325 meet
550 5281 573 5326 et
589 5276 621 5324 B:
645 5276 719 5324 umet
736 5274 776 5338 let}
794 5276 833 5333 bl;
851 5276 925 5323 simut
941 5281 968 5323 ut
985 5278 1014 5324 0.
1040 5276 1078 5325 ct.
1099 5277 1133 5335 ll,
1153 5275 1167 5337 5
1186 5276 1226 5325 33.
1248 5303 1273 5311 -
1299 5276 1323 5325 9.
1340 5277 1437 5336 primus
1455 5277 1516 5335 (non
1533 5275 1651 5336 primaten}
1670 5273 1749 5321 etiem

419 5353 477 5401 E-
498 5352 539 5400 tt.
559 5352 737 5400 iustitutionem
754 5352 850 5399 BCD:
869 5352 1066 5399 constitutionem
1084 5353 1113 5399 0.
1133 5351 1170 5399 (Il.
1186 5352 1227 5408 tV,
1247 5351 1261 5414 ἓ
1280 5351 1311 5400 32
1329 5355 1355 5400 et
1370 5350 1410 5401 tt.
1427 5376 1452 5385 -
1474 5350 1514 5399 t3.
1526 5349 1649 5411 tutetttptt.
1669 5350 1751 5407 Quom

420 5428 454 5476 ud
470 5440 575 5475 mom
591 5426 663 5475 labet
681 5439 736 5476 cum
755 5440 827 5487 quem
844 5427 963 5475 diesimsts.
982 5428 1044 5476 Cum
1057 5427 1076 5474 F.
1089 5439 1120 5474 er
1134 5440 1157 5473 v.
1173 5427 1212 5475 te.
1229 5452 1254 5462 -
1276 5426 1315 5476 tt.
1329 5428 1436 5487 quidque
1453 5438 1517 5475 nos:
1536 5423 1654 5484 quiequid
1670 5418 1750 5470 codd.

419 5505 445 5552 et
462 5503 524 5552 ΜΟ.
544 5501 583 5551 Cl.
596 5515 651 5551 ver.
666 5500 726 5551 lect.
741 5502 783 5559 ll',
802 5503 817 5563 S
837 5502 874 5550 t3.
894 5529 919 5537 -
940 5516 987 5563 que
1003 5515 1057 5550 om.
1073 5501 1131 5548 E-
1155 5502 1192 5550 ⁴5.
1212 5501 1309 5565 sensim]
1328 5515 1425 5550 sensum
1442 5502 1474 5553 B:
1494 5511 1565 5549 sensu
1580 5498 1640 5546 Ε-
1660 5495 1700 5543 ts.
1713 5494 1750 5557 ob]

419 5578 453 5626 ad
470 5579 489 5626 B
508 5604 535 5614 —
554 5576 644 5626 lubeat
661 5575 821 5626 Lambinus:
840 5577 911 5625 liutet
928 5576 1007 5626 codd.
1027 5601 1053 5609 —
1076 5576 1115 5623 tr.
1135 5581 1274 5636 coeptatque
1291 5576 1310 5624 E
1328 5602 1360 5611 -
1377 5576 1417 5624 u.
1436 5588 1483 5636 que
1500 5586 1553 5622 om.
1572 5572 1590 5620 B
1610 5572 1671 5629 luen
1683 5569 1750 5629 E)-

419 5653 460 5702 22.
473 5653 614 5713 smustur.
633 5652 701 5700 ll'ibil
711 5677 725 5687 ·
734 5678 748 5689 ·
759 5654 904 5701 comessuris.
924 5652 1003 5701 SedO
1017 5676 1043 5685 -
1064 5650 1104 5698 bd.
1118 5652 1252 5711 dispertita
1265 5652 1310 5700 BE
1323 5676 1348 5686 -
1363 5652 1411 5699 siut
1422 5677 1437 5687 -
1446 5675 1460 5687 -
1471 5649 1590 5698 desideret
1602 5648 1633 5696 B:
1653 5651 1731 5695 suot-
1740 5674 1752 5684 ·

419 5728 543 5776 maderet
560 5728 580 5776 0
598 5752 626 5761 -
646 5727 687 5775 28.
706 5740 756 5776 esse
772 5740 825 5776 orn.
845 5729 893 5777 BE
912 5727 1065 5788 (Madvigius
1083 5723 1164 5774 falsus
1181 5730 1228 5787 estt
1250 5752 1275 5761 -
1299 5726 1339 5775 30.
1358 5730 1488 5774 uersentur
1505 5725 1537 5772 B:
1555 5723 1703 5773 ouuturo
1723 5747 1749 5758 -

421 5802 462 5851 33.
480 5815 494 5851 e
511 5802 543 5851 B:
568 5814 622 5852 om.
642 5802 670 5850 0.
697 5802 736 5851 ct.
757 5815 782 5864 p.
802 5805 858 5857 tut.
877 5804 918 5851 tt.
944 5828 970 5836 —
995 5802 1035 5849 35.
1055 5800 1139 5848 utetlt
1168 5826 1191 5835 -
1217 5806 1292 5862 supet
1314 5813 1367 5849 om.
1381 5801 1405 5848 ‚u
1425 5800 1487 5856 (non
1504 5798 1532 5858 E)
1553 5823 1575 5831 -
1605 5796 1645 5845 37.
1664 5802 1692 5845 ut
1708 5810 1753 5845 suo

422 5875 580 5937 ltadstgius:
599 5881 622 5926 et
638 5890 682 5926 suo
700 5876 778 5927 codd.
799 5880 826 5926 et
843 5879 871 5925 Ο.
896 5878 934 5926 ct.
954 5888 1008 5924 rur.
1028 5873 1089 5923 lect.
1109 5887 1135 5936 p.
1155 5872 1211 5933 tet,
1229 5873 1254 5922 ἲ.
1276 5901 1302 5909 -
1322 5874 1362 5923 38.
1382 5872 1582 5935 dubitantemque
1601 5871 1663 5931 (uon
1680 5870 1752 5919 dubt-

423 5951 525 6012 teneque)
544 5951 606 6001 BE:
624 5950 815 6011 decenterque
832 5964 894 6001 cum
912 5951 1056 6001 Goerenzio
1073 5952 1103 5999 0.
