4342 7459
661 1266 729 1332 su.
743 1267 797 1332 u.
827 1266 905 1332 cs».
921 1268 1036 1336 xxv1.
1059 1266 1148 1352 seo.
1170 1301 1212 1317 -
1232 1268 1491 1337 sescum„
1683 1275 1745 1342 seo

494 1423 525 1491 l.
557 1428 641 1491 llaec
660 1429 759 1491 uirtus
779 1430 814 1491 in
833 1429 996 1493 rhetoricis
1015 1450 1036 1492 a
1057 1432 1198 1494 Cicerone
1219 1430 1319 1493 eadern
1333 1434 1463 1513 panitur
1483 1454 1559 1517 quae
1580 1437 1744 1519 sapientia:

409 1524 484 1588 alibi
503 1543 585 1597 ocra,
609 1524 642 1585 id
662 1533 704 1586 eet
725 1524 760 1585 in
781 1524 868 1587 libris
889 1525 924 1587 de
945 1524 1126 1605 republica,
1150 1524 1186 1587 ab
1207 1525 1306 1587 eadem
1322 1526 1461 1590 Cicerone
1482 1529 1538 1592 iiia
1557 1532 1656 1594 oirtus
1669 1534 1746 1597 dici·

409 1628 462 1682 tur
488 1639 563 1702 puae
589 1618 763 1701 pnsdnetia.
818 1615 1081 1698 [Victorinus
1111 1620 1145 1681 in
1164 1621 1317 1699 prwemio
1338 1619 1378 1682 ad
1398 1622 1425 1685 1.
1447 1622 1535 1686 aner.
1554 1624 1614 1687 Cic.
1637 1626 1743 1710 pag.3

410 1714 519 1780 Schol.
545 1713 612 1779 cie.
634 1713 684 1777 ed.
708 1709 816 1796 osolt.)

497 1806 527 1873 5.
558 1807 752 1873 Miralamur
771 1808 857 1870 itiam
876 1811 1051 1872 rodemiam
1074 1809 1261 1883 Tulliam,
1283 1829 1324 1872 ea·
1344 1810 1473 1873 internis
1491 1812 1630 1888 veritatis
1649 1815 1768 1895 ipsicnt

403 1905 641 1987 promuipatam,
658 1923 734 1985 quae
748 1911 791 1965 est
805 1904 891 1966 talis:
912 1903 953 1969 Et
974 1913 1164 1987 quamquam
1187 1904 1418 1989 optatissimum
1441 1911 1490 1966 est
1503 1913 1659 1988 perpetuo
1681 1907 1745 1972 lor·

409 2006 517 2062 tunam
540 2017 636 2080 quam
659 1997 914 2060 florentissimam
937 2016 1137 2081 permanere,
1159 1998 1215 2061 illa
1236 2006 1341 2061 tamen
1357 1996 1566 2081 aequabilitas
1581 1999 1665 2064 vitae
1680 2021 1744 2066 non

409 2101 531 2158 tantum
553 2089 648 2155 habet
670 2112 809 2166 sensum,
832 2099 984 2175 quantum
1007 2112 1078 2154 cum
1099 2112 1140 2154 cx
1155 2094 1257 2156 saevis
1273 2101 1305 2155 et
1319 2091 1452 2176 perditis
1467 2091 1563 2155 rebus
1577 2093 1617 2155 sd
1632 2094 1744 2159 melio·

409 2209 474 2252 rem
499 2195 615 2252 statum
638 2187 766 2250 fortuna
787 2193 964 2249 revocatur.
988 2181 1219 2267 (Ammianus
1242 2185 1490 2250 Marcellinus
1512 2187 1582 2261 XV,
1598 2185 1629 2263 5,
1643 2184 1741 2271 523.)

494 2280 524 2343 6.
548 2282 661 2367 [Neque
683 2282 761 2344 enirn
783 2281 903 2343 aliunde
924 2279 1008 2342 beata
1029 2280 1154 2352 οἰοίιοι,
1177 2279 1296 2343 aliunde
1318 2282 1420 2358 lamo,
1443 2299 1511 2342 curn
1531 2281 1615 2343 aliud
1635 2282 1779 2348 cinitone

408 2398 470 2442 non
483 2379 524 2440 sit
537 2396 627 2460 φιοοι
641 2394 766 2438 cmoccrs
779 2376 934 2437 nominum
948 2368 1129 2456 multituda]
1154 2370 1400 2458 (Augustinus
1421 2373 1456 2436 de
1470 2374 1552 2436 civit.
1566 2374 1614 2437 dei
1637 2372 1742 2459 tete.)

495 2469 525 2534 7.
549 2472 653 2536 Cicero
674 2470 708 2530 in
728 2468 859 2550 dialogis
878 2468 1046 2530 nominauit
1066 2466 1258 2551 foedifragos
1273 2466 1375 2532 Atros.
1420 2466 1628 2551 (Interprss
1652 2468 1742 2534 Cru-

409 2566 578 2651 quianus
599 2564 764 2626 adllorat.
779 2582 873 2625 carm.
897 2562 971 2637 llll,
993 2560 1029 2636 8,
1052 2557 1114 2643 tl.)

493 2657 524 2722 8.
546 2659 702 2721 Rhetorice
723 2677 805 2735 spem
825 2658 929 2719 laudat
950 2654 1134 2737 (Vergilius)
1155 2656 1188 2717 in
1204 2674 1315 2736 puero,
1342 2656 1416 2736 quia
1433 2657 1518 2736 sacta
1538 2676 1599 2719 non
1619 2658 1741 2721 incenit.

409 2754 469 2817 Est
490 2762 590 2816 autem
611 2753 766 2817 Ciceronis
785 2753 820 2814 in
839 2752 975 2833 dialogo:
1011 2749 1129 2824 Fanni,
1157 2770 1252 2813 cansa
1275 2749 1413 2813 difficilis
1435 2749 1565 2815 laudare
1586 2771 1778 2836 puerum3ss

409 2868 475 2913 non
497 2848 582 2911 eninr
604 2867 655 2910 res
677 2846 846 2919 laudanda,
869 2844 925 2909 sed
947 2865 1020 2928 spes
1043 2853 1102 2908 est
1146 2840 1317 2925 (Servius
1339 2845 1379 2908 ad
1400 2843 1740 2930 l'erp.dcn.V1,877.)

493 2937 523 3005 9.
545 2940 634 3023 Apud
654 2940 790 3003 Ennium
811 2942 855 3003 sic
876 2941 1012 3021 loquitur
1033 2939 1212 3019 Africanus:

577 3036 616 3099 Si
638 3035 695 3098 las
717 3033 817 3098 endo
844 3034 975 3117 plagas
997 3033 1211 3097 caelestum
1233 3033 1446 3098 ascendere
1469 3034 1645 3119 cuiquam
1667 3040 1740 3111 ost,

705 3130 755 3193 Mi
783 3129 856 3192 soli
887 3127 987 3192 caeli
1018 3128 1182 3192 maxima
1210 3136 1319 3213 porta
1350 3135 1473 3211 patet:

407 3225 532 3299 scilicet,
556 3224 629 3308 quia
650 3243 791 3305 ntupum
807 3233 928 3304 partem
947 3224 1064 3304 generis
1084 3224 1210 3286 numni
1229 3224 1380 3285 exstinxit
1393 3243 1430 3286 ac
1438 3225 1582 3305 perdidit.
1606 3224 1740 3307 Oquan-
1750 3240 1780 3289 ro

409 3319 503 3383 ticin
524 3319 660 3389 tenebris.
683 3318 842 3402 Africana,
865 3327 1002 3381 versatur
1022 3320 1073 3380 es!
1101 3319 1145 3380 oei
1163 3319 1266 3399 potius
1287 3337 1305 3378 ο
1322 3327 1422 3399 pocta,
1444 3320 1498 3400 qui
1512 3338 1571 3400 per
1591 3320 1693 3383 caedes
1713 3328 1741 3382 et

408 3416 584 3495 sanguinein
606 3422 712 3495 patere
740 3413 908 3475 nominibus
935 3412 968 3473 in
996 3413 1111 3474 caelum
1138 3430 1294 3475 ascensum
1316 3413 1493 3492 puavertst
1536 3414 1592 3477 Cui
1611 3413 1741 3476 canda&

408 3508 500 3570 etiam
513 3508 617 3571 Cicero
638 3508 779 3570 adsensit.
824 3508 881 3569 Est
903 3525 989 3581 vero,
1011 3508 1120 3587 inquit,
1142 3505 1308 3581 Africans;
1333 3524 1405 3568 nam
1429 3513 1461 3569 et
1475 3506 1605 3572 Herculi
1628 3507 1739 3571 eadem

408 3602 469 3665 ista
490 3610 581 3685 porta
602 3602 711 3685 patuit.
757 3597 997 3683 (Lactantius
1020 3603 1095 3664 Inst.
1109 3601 1168 3663 dio.
1191 3597 1297 3683 1,t8.)

495 3692 546 3759 λθ.
574 3696 703 3759 Eosdem
725 3697 818 3758 libros
838 3693 885 3776 (de
905 3714 939 3758 re
954 3696 1052 3777 pot.)
1079 3715 1148 3758 casm
1173 3697 1390 3777 prammaticus
1405 3696 1579 3777 explicuit,
1604 3696 1776 3778 primumn

407 3790 497 3853 cerba
525 3809 668 3871 expressa
696 3810 807 3873 reapse
836 3790 898 3852 dici
924 3810 944 3851 a
966 3792 1122 3864 Cicerone,
1151 3788 1183 3849 id
1204 3798 1300 3850 estre
1321 3790 1406 3871 ipsa,
1433 3790 1467 3852 in
1495 3791 1741 3853 commentarium

407 3885 508 3965 refert,
530 3903 582 3944 nec
604 3885 704 3945 minus
726 3903 834 3966 sepse,
856 3884 889 3947 id
910 3892 951 3946 est
972 3883 1096 3963 seipse.
1132 3882 1244 3943 Deinde
1266 3885 1376 3945 transit
1397 3884 1437 3946 ad
1458 3905 1502 3957 ea,
1525 3904 1599 3967 quae
1620 3903 1741 3947 constre-

408 3978 478 4041 tudo
499 3977 612 4039 saeculi
634 3980 779 4051 mmaoit,
803 3986 956 4060 tamquam
977 3980 1021 4041 ait
1043 3979 1163 4041 Cicero:
1197 3976 1358 4061 qnoniam.
1371 3999 1480 4043 sumus
1502 3978 1541 4042 ab
1563 3979 1633 4064 ipss
1654 3977 1739 4041 calce

408 4073 478 4137 eius
500 4071 757 4154 interpellatione
779 4074 926 4135 revocati.
963 4072 1063 4145 Hanc,
1087 4091 1178 4153 quam
1199 4091 1278 4135 nunc
1299 4073 1333 4135 in
1354 4076 1435 4137 circo
1457 4083 1570 4137 cretam
1590 4091 1738 4144 vocamus,

407 4168 517 4229 calcem
537 4166 656 4247 οοιίηιιί
676 4165 819 4228 dudunt.
861 4166 975 4228 Deinde
996 4166 1156 4229 Ennianos
1176 4165 1290 4246 collipit
1309 4185 1414 4229 οαιοτ
1441 4177 1468 4229 et
1489 4169 1524 4229 in
1537 4166 1652 4248 primis
1672 4166 1777 4228 steens

407 4262 442 4324 de
463 4261 609 4342 Africano
631 4259 778 4339 scriptos:

850 4342 910 4405 cui
942 4362 1049 4407 nemo
1080 4342 1176 4405 civis
1204 4361 1328 4424 neque
1358 4343 1485 4408 hostis

579 4438 706 4521 quivit
736 4457 805 4520 pro
835 4435 949 4501 lactis
979 4436 1143 4501 reddere
1173 4456 1316 4519 operas
1343 4438 1519 4522 pretium.

408 4550 586 4636 (Seneca
613 4553 704 4636 epist.
728 4546 806 4628 t08,
828 4548 907 4635 §32
930 4549 988 4636 sq.)

492 4661 543 4727 ll.
576 4666 737 4748 Σωκράτη
761 4694 793 4733 τε
815 4677 871 4731 καλ
895 4665 970 4736 τούς
991 4667 1075 4750 ἄμφ’
1102 4664 1202 4730 αὑτόν
1224 4690 1256 4730 τε
1278 4674 1334 4728 καλ
1354 4666 1388 4742 ἐξ
1410 4664 1514 4729 αὐτοῦ
1538 4664 1778 4750 repoenitenti

407 4764 565 4844 ποταμῶν
587 4764 621 4837 ἐξ
644 4763 792 4828 ὠκεανοῦ
813 4766 919 4839 δίκην,
947 4768 1056 4837 θείους
1077 4761 1147 4826 κατ’
1170 4757 1291 4842 ἀρετὴν
1312 4769 1369 4823 καὶ
1391 4764 1543 4826 παιδείαν
1566 4760 1740 4844 γεγονότας

407 4854 543 4937 ἄνδρας,
565 4857 603 4918 οὗ
629 4859 680 4933 τῆς
697 4856 852 4932 Ἑλλάδος
872 4855 975 4940 μόνης
996 4854 1083 4919 ἀλλά
1101 4865 1159 4919 καλ
1176 4854 1253 4932 ὅλης
1270 4858 1450 4937 φωστῆρας
1464 4857 1520 4933 τῆς
1535 4864 1736 4939 οἰκουμένης·

407 4949 453 5015 ὦν
468 4948 612 5013 Πλάτων
634 4960 690 5014 καλ
706 4950 862 5030 Ξενοφῶν
876 4960 932 5014 καλ
945 4951 1178 5034 Ἀριστοτέλης
1199 4960 1255 5014 καλ
1278 4950 1296 5013 ὁ
1321 4948 1434 5026 λοιπὸς
1457 4954 1519 5014 τοῖν
1541 4949 1737 5030 φιλοσόφων

407 5042 539 5126 ὅμιλος·
569 5040 606 5108 εὖ
633 5043 697 5128 γάρ
730 5043 883 5128 ὀνομάζει
912 5046 1065 5129 Κικέρων
1089 5044 1249 5128 Σωκράτη
1282 5043 1448 5127 ἀρχηγόν,
1478 5054 1534 5108 καὶ
1562 5050 1618 5109 ἰ’να
1641 5050 1737 5109 πλέον

407 5140 566 5221 ῥωμαλοω
587 5149 645 5204 καλ
667 5139 777 5216 αὐτός,
800 5149 960 5221 πρίγκιπα
983 5143 1037 5217 τῆς
1059 5138 1137 5218 ὅλης
1158 5150 1214 5204 καλ
1236 5133 1378 5216 ἀληθοῦς
1401 5145 1608 5221 φιλοσοφίας
1624 5147 1774 5203 ἔοικα-λθ

409 5235 480 5297 laic.
525 5228 690 5313 (Petrus
711 5234 904 5317 Magister
925 5234 960 5296 de
976 5235 1105 5316 politica
1126 5235 1251 5297 scientia
1272 5235 1306 5298 in
1327 5237 1364 5297 Α.
1380 5235 1455 5298 llaii
1478 5234 1548 5300 coll.
1571 5234 1672 5298 Vstic.
1697 5232 1737 5310 ll,

407 5346 478 5412 pag.
493 5322 576 5408 608.)

473 5515 513 5564 to.
532 5512 606 5564 Nulla
624 5527 705 5565 cansa
722 5513 827 5564 videtur
843 5528 891 5565 cnr
907 5516 951 5564 hic
968 5516 1103 5578 Augustini
1121 5514 1196 5566 locus
1213 5517 1282 5566 tuter
1299 5516 1444 5580 lragmentn
1462 5515 1578 5568 Tulliana
1595 5517 1734 5569 reterstur.

410 5617 437 5628 -
456 5590 496 5639 te.
516 5590 569 5638 Cic.
588 5588 622 5638 ds
641 5590 685 5640 oti.
704 5588 809 5652 1,838:
834 5591 1058 5653 Pacnttoedisropi
1085 5616 1111 5625 -
1140 5591 1181 5641 te.
1199 5591 1287 5655 sannio
1305 5590 1384 5642 codd.
1414 5617 1440 5627 -
1469 5591 1508 5642 ⁴8.
1527 5592 1642 5643 Eosdem
1659 5591 1735 5643 Ennii

407 5676 501 5714 versus
518 5665 618 5714 Seneca
637 5666 670 5727 (v.
684 5663 776 5727 fragm.
791 5666 917 5726 sequens)
935 5678 977 5729 ep.
989 5665 1036 5716 tes
1054 5678 1086 5714 er
1103 5664 1177 5716 ltbrts
1194 5665 1228 5716 dc
1247 5680 1275 5717 re
1293 5665 1366 5731 publ.
1385 5665 1471 5716 adtert
1492 5692 1520 5704 -
1547 5667 1590 5719 et.
1607 5667 1681 5733 sepse]
1699 5667 1733 5719 ds

407 5752 437 5790 rs
454 5739 528 5804 publ.
548 5742 589 5801 ut,
602 5741 627 5801 8,
642 5740 681 5789 ts.
703 5767 730 5777 -
749 5740 790 5791 33.
809 5742 863 5804 opis
880 5739 989 5800 vahlen,
1007 5733 1092 5803 op'ras
1109 5740 1129 5791 0
1149 5767 1175 5777 -
1194 5740 1235 5792 35.
1254 5742 1340 5792 Locus
1358 5741 1434 5792 deest
1451 5742 1477 5791 tn
1495 5741 1525 5793 0.
