4342 7459
885 1258 959 1323 cn».
981 1260 1134 1322 v-vrn.
1161 1256 1208 1341 pp
1224 1256 1350 1324 e-is.
1718 1255 1775 1325 sn

407 1432 425 1466 ⁸
455 1423 514 1489 est,
536 1415 570 1479 in
592 1418 669 1480 mari
692 1436 756 1479 non
779 1418 962 1492 morietnm,
984 1418 1063 1480 illud
1089 1439 1217 1501 quoque
1239 1441 1349 1482 rerum
1371 1429 1439 1484 est:
1463 1420 1516 1482 «Si
1532 1420 1647 1483 Fabius
1662 1422 1783 1486 oriente

456 1509 608 1573 Canicula
629 1517 722 1572 natus
744 1518 802 1584 est,
825 1509 939 1572 Fabius
962 1511 994 1572 in
1016 1511 1095 1574 mari
1117 1533 1182 1575 non
1207 1515 1387 1577 morietur.»
1419 1516 1565 1596 Pugnant
1587 1513 1684 1595 igitur
1704 1514 1784 1577 baec

454 1604 538 1667 inter
560 1625 611 1678 se,
634 1603 764 1666 Fabium
788 1604 909 1666 oriente
933 1604 1082 1668 Canicula
1105 1615 1213 1669 natum
1235 1627 1305 1669 esse
1328 1615 1359 1669 et
1381 1607 1510 1670 Fabium
1532 1607 1564 1668 in
1587 1606 1666 1668 mari
1689 1609 1785 1669 mori·

455 1707 580 1774 turum;
603 1705 636 1762 et
658 1700 808 1781 quoniam
832 1707 951 1761 certum
974 1700 1007 1761 in
1030 1697 1128 1762 Fabio
1151 1702 1295 1783 ponitur,
1319 1710 1424 1765 natum
1448 1720 1517 1763 esse
1540 1720 1611 1763 eum
1635 1700 1785 1765 Canicula

456 1793 596 1866 oriente,
627 1792 705 1855 haec
729 1812 857 1876 quoqne
880 1802 1031 1875 pugnant,
1054 1803 1085 1857 et
1109 1813 1179 1856 esse
1201 1795 1330 1858 Fabium
1353 1797 1437 1857 etin
1461 1796 1536 1857 mari
1559 1814 1630 1857 csse
1652 1796 1809 1857 moritu-s

454 1908 537 1951 rum.
571 1888 656 1969 Ergo
679 1886 757 1949 haec
779 1906 906 1969 quoque
929 1887 1112 1950 coniunctio
1128 1897 1177 1951 est
1192 1908 1232 1951 ex
1246 1888 1511 1971 repugnantibus:
1535 1888 1594 1949 «nt
1607 1894 1655 1949 est
1669 1888 1784 1951 Fabius

455 1989 488 2045 et
508 1982 542 2043 in
564 1981 642 2044 mari
665 1981 779 2043 Fabius
802 1981 992 2055 morietur»,
1014 1981 1117 2064 quod,
1139 1990 1174 2044 ut
1198 1984 1395 2065 propositum
1418 1992 1479 2054 est,
1501 2002 1543 2044 ne
1565 1977 1633 2043 lieri
1656 1980 1784 2065 quidem

454 2083 569 2160 potest.
590 2076 673 2157 Ergo
695 2073 795 2136 illud:
817 2075 994 2137 oblurictur
1015 2076 1048 2137 in
1071 2076 1150 2137 mari
1169 2077 1327 2149 Fabiuso,
1351 2096 1392 2139 ex
1414 2096 1453 2138 eo
1475 2094 1592 2157 genere
1614 2083 1675 2144 cat,
1699 2076 1785 2157 quod

454 2166 522 2232 heri
551 2188 615 2231 non
644 2177 759 2251 potest.
803 2167 905 2232 Omne
934 2189 1026 2252 ergo,
1057 2169 1142 2253 quod
1169 2170 1284 2234 falsum
1312 2171 1427 2233 dicitnr
1453 2168 1486 2231 in
1509 2167 1630 2241 iuturo,
1660 2167 1693 2230 id
1716 2165 1784 2232 lieri

454 2283 519 2326 non
542 2270 658 2345 potest.
1795 2274 1823 2320 ro

540 2356 607 2418 Vll.
636 2351 687 2419 43.
717 2359 756 2420 ht
778 2356 856 2431 hoc,
887 2357 1080 2441 Chrysippo,
1110 2359 1238 2421 minime
1261 2359 1326 2432 ris,
1356 2359 1558 2439 maximeque
1580 2357 1638 2423 tibi
1661 2359 1701 2421 de
1723 2358 1785 2421 hoc

455 2452 525 2534 ipso
554 2470 623 2513 cnm
646 2450 788 2514 Diodoro
817 2461 976 2515 conamen
1005 2460 1063 2515 est.
1106 2454 1164 2515 llle
1192 2453 1278 2515 enim
1308 2452 1340 2516 id
1363 2454 1467 2515 solum
1489 2450 1556 2516 heri
1580 2474 1674 2539 posse
1697 2453 1784 2520 dicito

454 2544 540 2629 quod
563 2554 617 2608 ant
638 2547 679 2609 sit
700 2566 810 2608 rernm
832 2555 888 2609 aut
909 2546 1046 2610 loturum
1072 2548 1112 2610 sit
1134 2566 1241 2609 rerum
1265 2555 1305 2620 et,
1329 2547 1486 2632 quidquid
1509 2552 1649 2616 futurum
1672 2549 1730 2624 sit,
1751 2546 1783 2610 id

456 2639 533 2703 dicit
554 2636 621 2702 heri
643 2659 774 2702 necesse
796 2661 877 2715 esse,
900 2649 941 2714 et,
964 2641 1120 2724 quidquid
1136 2660 1200 2702 non
1215 2642 1256 2703 sit
1271 2640 1426 2715 futurum,
1442 2643 1473 2705 id
1491 2654 1583 2727 negat
1597 2642 1664 2707 heri
1680 2660 1785 2724 posse.

456 2735 504 2797 'l'n
530 2741 563 2796 et
588 2753 670 2816 quae
697 2753 763 2795 non
791 2734 852 2797 sint
874 2733 980 2796 intura
1001 2755 1097 2817 posse
1121 2732 1187 2796 fieri
1211 2733 1307 2808 dicis,
1336 2743 1371 2798 nt
1393 2735 1494 2819 lranqi
1518 2739 1599 2802 hanc
1620 2746 1824 2821 gemmanti

456 2829 550 2892 etiam
570 2827 596 2889 ai
613 2827 645 2890 id
663 2847 832 2913 numquam
849 2827 989 2890 futurum
1006 2829 1063 2901 sit,
1088 2849 1192 2911 neque
1207 2850 1339 2892 necesse
1353 2830 1452 2893 inisse
1469 2832 1637 2916 Cypselum
1652 2848 1786 2912 regnare

457 2921 614 2995 Corinthi,
645 2940 834 3004 quamquam
863 2920 894 2983 id
923 2922 1113 2984 millensimo
1135 2931 1207 2985 ante
1230 2942 1313 2985 anno
1335 2924 1493 3005 Apollinis
1515 2926 1643 2990 oraculo
1664 2924 1785 2987 editum

459 3024 552 3079 esset.
596 3016 637 3078 bt
659 3016 685 3078 si
707 3008 768 3078 ista
789 3014 1001 3096 conprobabis
1025 3015 1133 3078 divina
1155 3017 1316 3097 praedicta
1345 3026 1376 3080 et
1404 3037 1485 3101 quae
1512 3019 1592 3082 falsa
1617 3020 1649 3082 in
1671 3015 1786 3079 tuturis

457 3109 602 3173 dicentur
624 3110 656 3170 in
679 3108 718 3170 iis
739 3107 887 3182 babebis,
910 3119 944 3170 ut
965 3128 1003 3171 ea
1023 3109 1093 3171 heri
1117 3129 1180 3171 non
1202 3111 1337 3191 possint,
1360 3120 1395 3174 nt
1417 3114 1444 3174 si
1467 3111 1590 3175 dicatur
1605 3111 1785 3174 Africanum

455 3204 648 3285 Karthagine
678 3203 865 3284 potiturum,
902 3211 933 3265 et
960 3204 987 3265 si
1015 3223 1089 3265 vere
1117 3202 1242 3266 dicatur
1268 3204 1308 3266 do
1330 3204 1437 3267 futuro
1459 3207 1556 3289 idque
1578 3207 1622 3269 ita
1644 3204 1825 3266 futurumst

455 3298 505 3371 sit,
528 3295 615 3358 dicas
638 3315 708 3359 esse
730 3297 960 3371 necessarium
983 3316 1065 3380 quae
1080 3304 1129 3358 est
1144 3304 1208 3359 tota
1221 3297 1355 3360 Diodori
1372 3297 1460 3360 vobis
1474 3298 1601 3361 inimica
1616 3294 1783 3360 sententia.

456 3386 507 3453 ll.
535 3388 660 3453 Etenim
691 3391 718 3452 si
749 3389 828 3452 illud
859 3409 931 3452 rere
954 3391 1131 3453 conectitur
1161 3391 1213 3453 «si
1236 3393 1359 3454 oriente
1383 3391 1532 3454 Canicula
1555 3399 1647 3454 natus
1670 3411 1721 3462 es,
1750 3390 1783 3451 iu

456 3484 533 3546 mari
555 3503 618 3547 non
641 3485 819 3559 moriere»,
851 3486 1050 3569 primumque
1073 3484 1160 3568 quod
1184 3494 1233 3548 est
1254 3487 1287 3547 in
1310 3505 1433 3548 conexo
1464 3488 1582 3549 «Natus
1605 3505 1639 3547 os
1662 3484 1785 3547 oriente

457 3579 625 3642 Canicula»
650 3580 861 3643 necessarium
885 3588 932 3643 est
959 3616 997 3625 -
1021 3581 1127 3642 omnia
1149 3582 1233 3642 enim
1255 3602 1330 3644 vcra
1352 3581 1383 3642 in
1408 3580 1584 3662 praeteritis
1606 3578 1786 3643 necessaria

455 3680 546 3745 sunt,
569 3680 605 3734 ut
627 3672 804 3757 Chrysippo
827 3676 947 3755 placet,
977 3674 1177 3738 dissentienti
1201 3694 1219 3737 a
1242 3676 1391 3757 magistro
1416 3673 1585 3748 Cleanthe,
1616 3675 1690 3757 quia
1712 3680 1822 3735 sunus

455 3766 657 3829 inmutabilia
672 3788 731 3830 nec
747 3769 779 3829 in
794 3769 906 3831 lalsum
923 3790 941 3831 e
956 3789 1030 3832 vcro
1047 3772 1215 3851 praeterita
1230 3778 1362 3853 possunt
1376 3778 1561 3833 convertere
1577 3802 1632 3842 -,
1648 3767 1674 3829 si
1689 3766 1787 3848 igitur

458 3860 545 3944 quod
569 3860 703 3942 primurn
727 3861 904 3925 inconexa
928 3871 976 3926 est
997 3866 1211 3926 necessarium
1235 3873 1291 3938 est,
1315 3862 1348 3927 ht
1369 3866 1463 3928 etiem
1479 3862 1566 3946 quod
1582 3860 1786 3943 consequitur

455 3956 681 4018 necessarium.
718 3957 917 4040 Quamquam
939 3958 1000 4021 boc
1017 3959 1194 4042 Chrysippo
1216 3980 1281 4022 non
1304 3960 1427 4022 videtur
1448 3959 1551 4020 valere
1575 3957 1607 4019 in
1621 3955 1785 4027 omnibns3

456 4049 511 4113 sed
536 4057 657 4123 minen,
687 4052 713 4113 si
737 4052 888 4114 naturalis
911 4060 960 4114 est
983 4072 1077 4115 cause
1100 4073 1157 4115 cur
1177 4054 1211 4115 in
1235 4054 1312 4115 mari
1333 4054 1447 4116 Fabius
1470 4073 1534 4115 non
1557 4051 1724 4122 moriatur,
1751 4047 1784 4109 in

457 4143 533 4206 mari
557 4143 672 4205 Fabius
696 4148 775 4207 mori
798 4165 862 4207 non
885 4154 999 4228 potest.
1794 4152 1823 4200 ³⁰

541 4239 622 4300 4444.
647 4235 697 4299 45.
720 4237 786 4299 lloc
810 4237 881 4300 loco
905 4237 1100 4321 Chrysippus
1122 4248 1269 4303 aestuans
1292 4240 1358 4303 lalli
1383 4249 1490 4323 speret
1506 4239 1681 4302 Chaldaeos
1704 4244 1786 4300 cete·

456 4353 574 4417 rosque
597 4333 722 4394 divinos
749 4353 854 4415 neque
883 4353 937 4395 cos
961 4353 1075 4395 usuros
1098 4354 1168 4396 esse
1191 4333 1484 4409 coniunctionibus,
1513 4343 1548 4396 ut
1570 4335 1612 4396 ite
1634 4352 1690 4395 sua
1714 4351 1785 4413 per·

456 4436 548 4508 cepta
571 4426 796 4509 pronuntient:
830 4427 891 4499 ast,
905 4427 976 4509 quis
999 4436 1091 4489 natus
1114 4437 1162 4489 est
1184 4429 1305 4490 oriente
1329 4429 1494 4500 Canicula,
1515 4429 1541 4490 is
1563 4429 1595 4491 in
1619 4426 1696 4489 mari
1720 4443 1784 4487 non

522 4615 546 4662 4.
566 4614 684 4662 interest
702 4616 728 4662 et
745 4614 770 4661 in
787 4611 1034 4676 rup.lin.addit.is
1051 4614 1108 4663 inB
1129 4641 1155 4649 -
1175 4616 1350 4663 oriente-wi
1361 4613 1456 4675 sobiam
1469 4615 1494 4663 in
1508 4626 1582 4675 marg
1604 4615 1625 4663 Α
1646 4640 1671 4649 -
1691 4610 1785 4662 hcor-

456 4694 509 4738 tum
527 4701 592 4737 uerso
608 4702 664 4737 anm
681 4690 706 4736 in
723 4688 791 4748 {abio
807 4693 910 4749 ponitur
920 4693 1024 4737 natum·
1043 4690 1160 4738 canicule
1178 4690 1290 4751 lisignis
1302 4690 1514 4753 transpositionis
1526 4689 1620 4738 additis
1635 4712 1661 4724 -
1682 4688 1705 4735 4.
1717 4689 1786 4749 posi-

456 4770 510 4815 tnm
527 4766 594 4814 coni.
615 4764 750 4821 Davisius,
769 4768 797 4811 at
814 4763 873 4812 vide
893 4776 941 4813 nos
959 4763 991 4812 ad
1011 4764 1052 4826 §l
1076 4790 1103 4798 -
1131 4765 1155 4812 9.
1174 4778 1233 4827 erqo
1252 4766 1288 4813 C:
1308 4765 1423 4826 ipitiirO
1446 4791 1478 4800 -
1505 4766 1545 4813 44.
1564 4765 1598 4812 ad
1615 4764 1645 4813 (Ξι
1670 4789 1695 4798 -
1720 4763 1786 4811 minc

456 4842 495 4889 atis
512 4840 542 4889 Αι
561 4865 587 4874 -
614 4840 662 4887 atr
684 4839 712 4888 13¹
736 4862 763 4874 -
791 4840 921 4886 maximae
944 4852 1009 4901 quaa
1032 4839 1050 4887 B
1075 4864 1102 4873 -
1132 4839 1170 4888 tn.
1190 4846 1272 4901 posset
1296 4838 1325 4889 B¹
1351 4865 1377 4875 —
1408 4839 1584 4899 Hieronymus
1607 4837 1666 4885 adv.
1686 4836 1784 4900 Pelops

456 4916 583 4965 Diodorus
599 4914 625 4961 id
640 4914 720 4963 aotam
734 4914 876 4976 posteriori
893 4915 965 4971 duit,
985 4915 1051 4975 qnod
1068 4920 1113 4963 aut
1130 4915 1162 4962 sit
1178 4928 1267 4964 acrum
1284 4920 1329 4963 ant
1345 4928 1434 4963 nerum
1451 4914 1565 4976 [uturum
1581 4914 1622 4972 sit,
1646 4916 1674 4962 nt
1691 4914 1785 4963 Cicero

456 4991 557 5053 etipse
576 4988 641 5037 inire
660 4987 718 5050 5⁴7
738 5014 763 5023 -
785 4987 907 5037 inerit.
927 4989 1081 5048 nunquidc
1104 5016 1130 5025 -
1151 4989 1384 5040 lineamenti·
1405 4986 1568 5051 idpcnatli¹
1589 5014 1615 5024 -
1636 4986 1786 5035 tbsnnto

458 5090 485 5100 -
504 5064 573 5126 {rapt
592 5060 620 5111 Βι
640 5089 665 5097 -
686 5062 765 5113 thid
782 5076 851 5111 corr.
866 5063 944 5111 exod
962 5063 1003 5111 RV
1022 5089 1048 5097 -
1070 5064 1109 5111 tr.
1129 5064 1258 5114 mitissimi
1277 5062 1404 5116 nn²v²0
1424 5091 1451 5101 -
1472 5064 1511 5114 48.
1531 5069 1590 5112 esset
1607 5068 1630 5111 et
1646 5062 1680 5121 B,
1699 5060 1747 5110 sed
1764 5065 1788 5109 et

456 5140 560 5201 punctis
578 5139 697 5186 notatum
717 5161 744 5171 -
768 5136 930 5196 conprobabis
946 5139 980 5195 Α,
1000 5136 1047 5186 sed
1066 5136 1102 5185 bis
1120 5138 1145 5187 in
1165 5152 1216 5188 res.
1236 5152 1306 5189 meu.
1326 5138 1386 5189 alt:
1405 5138 1561 5200 reprobabas
1578 5136 1620 5194 13¹,
1639 5135 1787 5198 comproba-

456 5210 501 5260 bas
518 5207 558 5268 θ’,
577 5212 723 5272 comprobas
739 5212 847 5274 liehdig.
869 5237 895 5247 —
925 5212 965 5261 49.
984 5214 1102 5261 dicantar
1120 5214 1165 5262 130
1189 5242 1215 5250 -
1239 5216 1276 5262 bis
1292 5215 1336 5265 AV
1362 5241 1387 5249 -
1413 5214 1529 5263 tabanus
1547 5214 1581 5272 C,
1606 5211 1677 5275 quod
1696 5211 1786 5260 nescio

456 5299 489 5335 an
508 5299 540 5335 er
557 5286 756 5336 bobcairortuni
769 5288 804 5334 sit
823 5312 848 5320 -
870 5286 955 5335 Verba
973 5291 1001 5335 at
1017 5289 1039 5335 ri
1056 5289 1157 5336 dicatur
1168 5289 1221 5349 Asr.
1235 5289 1298 5339 Kar.
1316 5290 1455 5350 potituram
1472 5288 1504 5338 ad
1524 5288 1635 5338 alterum
1651 5286 1787 5336 divisionis

456 5364 560 5425 partem
583 5362 604 5410 si
620 5375 677 5410 uera
694 5364 794 5411 desini·
811 5362 840 5410 do
855 5363 941 5422 sutoro
963 5363 1075 5427 exempli
1100 5366 1181 5426 gratia
1206 5364 1240 5412 ab
1263 5362 1450 5428 interpolatore
1475 5364 1591 5428 quodam
1615 5362 1703 5412 addita
1727 5374 1786 5411 esse

457 5436 545 5486 indico
571 5463 598 5473 -
626 5438 658 5486 20
686 5438 858 5500 curthnpincrn
875 5438 936 5494 ΑΒ,
961 5438 1009 5487 sed
1027 5451 1052 5486 m
1075 5441 1099 5486 in
1119 5442 1138 5487 Α
1158 5441 1263 5502 punct,
1288 5440 1419 5501 cartagine
1436 5437 1467 5486 V¹
1493 5466 1518 5475 -
1546 5439 1586 5488 nt.
1607 5450 1657 5486 ersa
1673 5450 1724 5486 ricc.
1745 5436 1785 5496 V1,

457 5525 507 5561 erse
523 5526 574 5560 non
590 5525 642 5560 nec.
662 5509 693 5559 V²
712 5537 737 5546 -
765 5513 805 5561 43.
826 5525 940 5572 querceco
957 5508 988 5561 Α*
1005 5539 1036 5548 -
1060 5513 1163 5562 cscod.
1183 5512 1425 5565 Gudianus:th
1451 5541 1477 5550 -
1505 5514 1545 5564 26.
1563 5513 1655 5575 salsum
1671 5526 1710 5560 me
1727 5525 1787 5561 uero

457 5587 485 5644 44,
503 5588 596 5647 submit
613 5601 643 5636 ne
659 5600 720 5636 noro
737 5585 777 5645 V¹,
795 5588 887 5648 salsam
903 5600 947 5636 nec
962 5589 990 5636 in
1006 5601 1096 5636 unam
1113 5586 1145 5634 V²
1164 5613 1191 5624 -
1209 5586 1345 5649 praeterito
1362 5590 1384 5637 V
1404 5617 1428 5626 -
1449 5590 1489 5638 34.
1507 5589 1589 5649 soritis
1607 5589 1634 5647 B,
1654 5587 1701 5637 sed
1720 5589 1742 5636 ci
1761 5589 1788 5635 et

457 5667 591 5724 spunctts
609 5665 698 5711 nomin
727 5690 752 5698 -
783 5677 827 5711 nos
842 5663 897 5723 {atti
914 5668 997 5725 sperat
1013 5677 1092 5725 neque
1109 5663 1245 5713 Chaldaeos
1264 5668 1405 5724 ceterosque
1426 5665 1524 5713 diuinos
1540 5675 1629 5711 usuros
1645 5675 1695 5710 esse
1716 5662 1785 5710 coni.

458 5738 594 5800 llottinger
623 5765 648 5774 -
677 5738 717 5787 32.
736 5738 974 5800 coniunctioaibanp
992 5742 1037 5786 aut
1055 5738 1149 5788 Cicero
1167 5738 1273 5802 scripsit
1289 5752 1368 5799 neque
1384 5751 1425 5787 sos
1441 5750 1530 5785 arares
1545 5751 1595 5786 asse
1612 5736 1789 5786 messionibus

459 5813 516 5875 (etsi
536 5812 596 5861 alibi
614 5826 711 5862 sonora
729 5813 821 5873 dicit),
845 5819 890 5864 aut
908 5816 1020 5879 turpiter
1036 5814 1216 5863 diversissima
1241 5817 1266 5864 et
1288 5828 1318 5863 ee
1343 5817 1412 5878 ipse,
1437 5815 1461 5862 in
1480 5813 1578 5876 quibus
1596 5812 1787 5876 distinguendis

458 5891 588 5948 versatur,
608 5889 740 5939 contudit:
761 5903 821 5939 nam
840 5890 890 5940 boc
907 5890 1175 5953 siqnid--moristnr
1191 5902 1323 5939 conexum
1335 5890 1388 5947 ost,
1404 5888 1464 5938 illud
1483 5888 1705 5938 now-morietur
1722 5901 1788 5938 con-

458 5962 598 6013 iunctionis
616 5968 747 6028 negotio.»
765 5965 898 6031 iladvig
922 5991 948 6001 -
973 5973 1109 6032 praecepta
1126 5969 1146 6016 Α
1166 5992 1193 6003 -
1212 5964 1253 6016 33.
1269 5964 1482 6029 praemiserit.
