4342 7459
802 1226 1096 1292 cmxu-xur.
1121 1222 1334 1310 §suo-te.
1669 1224 1733 1294 aaa

408 1401 411 1408 ’
493 1388 580 1451 xm.
609 1382 661 1450 II.
688 1386 776 1451 Ilaec
800 1387 897 1470 igitur
920 1387 1022 1472 prima
1049 1386 1103 1451 lex
1125 1386 1284 1452 amicitiae
1305 1386 1478 1462 sanciatur,
1505 1395 1541 1452 ut
1562 1389 1602 1453 alr
1622 1391 1733 1458 amicir

406 1481 542 1547 honeeta
569 1490 735 1566 ροιιιιιιιιιι,
768 1482 943 1545 amicornm
972 1501 1068 1546 causa
1095 1483 1230 1545 houerta
1257 1480 1432 1556 iaciamua,
1463 1500 1505 1544 ue
1530 1492 1733 1567 expectemua

408 1575 548 1661 quidem,
569 1574 644 1639 dun
665 1594 823 1658 rogemur,
846 1575 984 1639 rtudium
1007 1595 1134 1658 eemper
1153 1576 1248 1652 adeit,
1269 1574 1429 1639 cunctatio
1444 1574 1543 1651 abrit,
1563 1579 1733 1643 concilium

407 1691 485 1736 vero
506 1670 583 1734 dare
603 1669 778 1733 audeamus
801 1669 909 1733 libere.
957 1669 1130 1733 Plurimum
1151 1672 1184 1733 iu
1206 1670 1344 1733 amicitia
1364 1669 1538 1734 amicorum
1558 1671 1734 1738 bene-aua-

408 1765 551 1830 dentium
574 1764 677 1827 valeat
697 1764 877 1839 auctoritas,
900 1784 1002 1848 eaque
1025 1772 1057 1827 et
1077 1763 1268 1826 adhibeatur
1288 1762 1331 1826 ad
1352 1763 1545 1828 monendum
1559 1785 1623 1829 uon
1638 1768 1757 1832 modot
1796 1787 1805 1806 ·

408 1867 531 1943 aperte,
558 1857 615 1921 red
639 1858 734 1922 etiam
755 1858 889 1933 acriter,
914 1858 942 1922 ei
964 1879 1015 1925 ree
1036 1860 1226 1943 postulabit,
1248 1869 1282 1924 et
1301 1858 1460 1925 adhibitae
1481 1866 1640 1945 pareatur.
1683 1858 1735 1927 lt.

407 1952 487 2016 Nam
516 1950 723 2035 quiburdam,
752 1971 834 2035 quos
863 1952 959 2016 audio
989 1956 1150 2038 rapientes
1179 1950 1304 2018 habitor
1331 1954 1365 2018 in
1394 1953 1543 2031 Graecia,
1574 1955 1735 2038 placulaae

409 2046 525 2129 opinor
545 2045 704 2109 mirabilia
725 2046 882 2130 quaedam
904 2080 947 2092 —·
968 2047 1024 2111 red
1046 2048 1128 2113 nillil
1150 2056 1212 2124 eat,
1242 2047 1328 2132 quod
1350 2047 1482 2113 illinon
1504 2059 1737 2133 peraequantur

409 2139 541 2224 amnia
555 2158 615 2201 -ι
638 2140 751 2221 partim
773 2136 939 2223 fugiendas
960 2161 1031 2206 eree
1053 2143 1168 2206 nimiae
1189 2141 1355 2217 amicitiae,
1376 2161 1418 2204 ne
1437 2161 1569 2206 neceeae
1583 2142 1735 2207 titanum

409 2233 579 2298 rollicitum
607 2253 678 2297 erae
706 2254 765 2315 pro
792 2233 956 2317 pluribua:
991 2236 1068 2300 eatia
1096 2255 1256 2320 superque
1284 2253 1355 2299 erae
1380 2235 1443 2298 ribi
1470 2254 1599 2299 enarum
1619 2238 1774 2322 cuiquem

408 2347 524 2401 rerum,
545 2327 658 2391 alienia
678 2327 774 2391 nimie
788 2328 945 2411 implicari
959 2330 1127 2395 moleetum
1143 2350 1230 2394 esser
1251 2328 1540 2394 commodiarImum
1556 2349 1737 2416 coaequam

408 2420 587 2487 laxiaaimar
614 2421 756 2485 habenae
782 2421 901 2486 habere
930 2421 1106 2499 amIcitiae,
1134 2443 1213 2508 quae
1243 2424 1293 2488 vel
1319 2417 1460 2489 adducar
1486 2441 1558 2489 cum
1584 2424 1665 2489 velia
1685 2424 1738 2488 vel

409 2517 571 2591 remittam
593 2522 688 2596 caput
709 2515 793 2580 enim
816 2536 888 2580 erae
911 2517 951 2581 ad
973 2518 1067 2582 beate
1089 2518 1260 2582 vivendum
1282 2517 1495 2591 securitatem,
1516 2538 1581 2602 qua
1594 2518 1656 2583 irai
1670 2535 1737 2582 non

408 2610 512 2693 poerit
531 2608 672 2683 animae,
694 2609 721 2673 ci
744 2618 904 2696 tamquam
919 2614 1071 2695 parturiat
1085 2632 1168 2677 unua
1183 2632 1242 2697 pro
1256 2611 1410 2696 plurilraa.
1453 2607 1505 2675 lt.
1527 2611 1617 2676 Alica
1631 2618 1737 2677 autem

408 2703 515 2767 dicere
543 2704 632 2767 aiunt
659 2703 758 2768 multo
790 2706 884 2770 etiam
912 2704 1117 2770 inhumanius
1148 2740 1191 2753 -
1223 2724 1318 2790 quem
1348 2705 1451 2771 locum
1478 2706 1615 2770 breuiter
1642 2704 1775 2789 pauloet

408 2803 482 2860 ante
503 2798 674 2878 peretrinxi
696 2828 734 2842 —
759 2799 908 2885 praesidii
922 2798 1162 2884 adiumentique
1176 2819 1283 2875 cauea,
1298 2820 1361 2865 non
1375 2798 1618 2864 benevolentiae
1631 2817 1738 2883 neque

409 2890 549 2956 canati·
569 2891 725 2956 amicitior
746 2912 817 2956 eree
838 2892 1043 2977 expetendae.
1084 2894 1213 2977 ltaque,
1240 2900 1276 2957 ut
1296 2894 1435 2978 quiaque
1455 2892 1619 2956 minimum
1641 2889 1740 2957 irmi-

409 2983 483 3047 tatia
512 2984 643 3049 baberet
670 2986 899 3070 minimumque
928 2987 1059 3062 virium,
1087 2986 1133 3050 ita
1159 2987 1314 3051 amicitior
1334 2986 1485 3068 adpetere
1507 2986 1664 3051 maxime:
1696 3005 1739 3050 ex

410 3096 449 3141 eo
471 3073 541 3141 fieri
563 3087 599 3142 ut
622 3079 826 3144 mulierculae
848 3080 948 3164 magia
969 3080 1180 3144 amicitiarum
1202 3078 1360 3164 praesidia
1381 3088 1538 3162 quaerant
1558 3099 1656 3164 quam
1679 3080 1739 3144 riri

411 3181 444 3235 et
474 3172 588 3256 inopen
618 3191 715 3256 quam
743 3173 883 3256 opulenti
912 3179 945 3238 et
974 3173 1149 3237 calamitoai
1178 3192 1274 3257 quam
1304 3172 1344 3248 ii,
1376 3173 1432 3256 qui
1462 3180 1613 3255 putantur
1640 3173 1777 3238 beiti-at

409 3262 462 3329 47.
485 3266 512 3331 0
535 3267 728 3351 praeclaram
751 3267 953 3350 sapientiam!
983 3267 1091 3331 Solem
1113 3266 1198 3331 enim
1220 3285 1239 3329 e
1260 3264 1380 3329 mundo
1401 3265 1514 3330 tollere
1535 3268 1686 3332 ridentur
1705 3268 1740 3344 ii,

411 3359 467 3444 qui
487 3360 659 3424 amicitiain
682 3379 700 3423 e
720 3362 785 3424 rita
805 3359 937 3436 tollunt,
965 3379 1030 3445 qua
1050 3359 1131 3423 nillil
1153 3380 1172 3423 a
1194 3357 1243 3423 dia
1264 3358 1484 3424 inmortalibus
1506 3360 1621 3426 melina
1642 3362 1742 3426 lrabe-

411 3473 498 3531 mua,
526 3453 605 3518 nihil
626 3453 807 3523 iucundiur.
858 3454 947 3531 Quae
979 3462 1029 3519 eat
1057 3454 1142 3518 enim
1170 3454 1231 3518 iata
1259 3453 1436 3518 mariun
1468 3452 1577 3537 apecie
1608 3455 1742 3538 quidem·

409 3546 543 3623 blanda,
566 3547 623 3611 red
643 3567 756 3631 reapae
776 3548 885 3612 multia
907 3548 986 3613 locie
1008 3546 1215 3633 repudianda.
1258 3549 1372 3630 Neque
1394 3546 1479 3610 euim
1500 3553 1550 3611 eat
1571 3557 1742 3613 concanta-

411 3660 507 3707 neum
529 3641 629 3706 ullam
649 3641 814 3707 houeatam
836 3663 903 3707 rem
924 3643 1141 3718 actionemve,
1162 3660 1203 3705 ne
1224 3640 1378 3705 collicitue
1400 3640 1454 3715 aia,
1475 3647 1619 3705 autnon
1640 3642 1781 3707 maci-at

410 3754 488 3819 pere
509 3742 564 3800 aut
585 3743 762 3820 auaceptam
785 3735 956 3818 deponere.
1001 3735 1096 3813 Quod
1118 3736 1147 3800 ai
1168 3754 1276 3799 curam
1296 3733 1448 3817 frigimur,
1469 3732 1569 3799 virtue
1588 3734 1740 3820 fugienda

411 3837 478 3906 eat,
505 3849 589 3915 quae
618 3849 749 3894 neceeae
776 3839 824 3893 eet
850 3850 921 3894 cum
949 3830 1057 3915 aliqua
1084 3849 1160 3894 cura
1186 3848 1238 3893 ree
1264 3827 1326 3892 eibi
1351 3827 1526 3891 contrariae
1551 3838 1741 3915 arpernetur

411 3932 509 4008 atque
530 3923 651 4000 oderit,
672 3932 708 3988 ut
728 3924 853 3989 bonitas
874 3923 1043 4001 malitiam,
1066 3922 1273 4007 temperanda
1294 3920 1476 3998 libidinem,
1496 3922 1655 4005 ignaviam
1675 3923 1741 3988 lor·

410 4017 526 4082 titudo.
570 4019 681 4101 ltaque
708 4019 817 4082 ridear
847 4019 942 4082 rebue
971 4018 1099 4082 iniurtie
1127 4017 1229 4082 iuatoe
1256 4015 1394 4080 maxime
1415 4013 1542 4091 dolere,
1569 4018 1740 4082 inbellibue

411 4108 527 4188 iortee,
557 4112 723 4195 flagitiosis
745 4113 917 4177 modeetoe.
958 4113 1043 4195 Ergo
1065 4110 1127 4175 lroc
1149 4111 1310 4195 proprium
1333 4115 1382 4172 eat
1402 4110 1500 4174 animi
1520 4111 1603 4176 bene
1622 4111 1787 4177 conati-ae·

411 4206 490 4280 tuti,
520 4214 552 4271 et
572 4206 682 4270 laetari
704 4207 798 4271 bouis
819 4206 913 4269 rehue
935 4214 967 4270 et
988 4206 1097 4270 dolere
1119 4205 1293 4270 eontrariia.
1337 4199 1388 4265 48.
1412 4203 1515 4280 Quam
1537 4205 1683 4278 obrem,
1711 4204 1741 4268 ai

413 4297 498 4363 cadit
518 4298 552 4361 in
574 4301 749 4382 rapientem
771 4300 867 4363 animi
890 4299 996 4375 dolor,
1024 4301 1080 4383 qui
1102 4298 1246 4382 proiecto
1269 4294 1366 4371 cadit,
1394 4298 1457 4362 niei
1479 4318 1521 4361 ex
1541 4300 1612 4362 eiua
1632 4297 1740 4362 aniano

413 4393 598 4476 extirpatum
621 4392 848 4458 humanitatem
870 4394 1078 4468 arbitramur,
1108 4411 1191 4477 quae
1213 4409 1309 4454 cauea
1330 4398 1379 4453 eet
1400 4410 1458 4454 cur
1478 4392 1647 4457 amicitiam
1669 4391 1741 4457 Iun·

412 4485 497 4549 ditur
520 4486 668 4552 tollamne
690 4509 708 4551 e
730 4488 809 4562 rita,
839 4507 880 4551 ne
909 4487 1034 4570 aliquae
1062 4494 1193 4570 propter
1220 4503 1290 4548 eam
1319 4483 1528 4568 auecipiamur
1555 4485 1741 4550 moleatiaal

413 4578 499 4655 Quid
521 4580 606 4643 enim
629 4581 762 4645 interest
783 4590 869 4645 motu
891 4580 988 4645 animi
1012 4580 1136 4645 sublato
1164 4599 1229 4643 uon
1257 4579 1330 4643 dico
1352 4580 1435 4643 inter
1457 4577 1609 4663 pecudem
1632 4586 1664 4642 et
1683 4578 1779 4644 Iro-aa

412 4672 546 4747 minem,
572 4673 629 4737 red
655 4676 739 4739 inter
765 4676 923 4740 hominem
952 4682 984 4739 et
1012 4684 1158 4740 truncum
1181 4682 1237 4739 aut
1258 4693 1370 4738 aarum
1391 4680 1447 4737 aut
1469 4672 1595 4757 quidvia
1616 4674 1741 4758 generia

478 4884 1743 4952 t.la·omtcr'cle(leolaearnotia-i.eecacpectemeaBG-d.detitE—coarlttraa

411 4960 1742 5029 mmpaeuaommcteedem,atvtdetur)-&commemorarem

411 5037 604 5089 mduduaD
633 5066 660 5076 -
687 5042 902 5101 octomtls,
925 5039 1167 5091 aedGlnreeura
1193 5064 1221 5076 -
1252 5039 1387 5101 depono
1408 5035 1457 5087 BV
1483 5060 1511 5072 -
1540 5037 1739 5087 aedioms-

412 5110 438 5162 9.
455 5114 564 5178 mantile
579 5117 612 5165 G:
636 5116 752 5181 orpetiar
766 5116 875 5177 BESV,
899 5116 1054 5181 drammatis
1071 5117 1109 5172 D.
1135 5117 1166 5165 ut
1181 5117 1222 5165 eet
1239 5114 1266 5165 ln
1282 5114 1304 5164 G
1319 5110 1453 5179 euplum,
1475 5111 1528 5162 ruta
1542 5112 1651 5175 orpora
1671 5112 1692 5162 0
1711 5138 1739 5150 -

411 5189 654 5242 arom.es¹v¹-
674 5189 1157 5254 neme01-to.repmmv-
1177 5186 1500 5239 eumuocsv:
1523 5198 1631 5237 raam
1646 5186 1692 5237 lio
1711 5212 1738 5223 -

413 5262 454 5313 ti.
473 5264 682 5316 lotiadmorllffl
708 5292 736 5304 -
765 5266 1039 5317 omlrictoelcms
1067 5290 1091 5302 -
1123 5265 1164 5315 to.
1182 5264 1263 5314 dicere
1279 5265 1313 5324 G,
1337 5260 1520 5327 aedprlmenr
1537 5260 1740 5314 vidaterlnlaee

412 5337 514 5398 dem,
537 5340 580 5390 cui
597 5353 657 5391 voc.
675 5353 811 5406 anpraacr.
829 5342 869 5392 cel
884 5342 1007 5392 dldacwr
1033 5364 1060 5375 -
1088 5338 1320 5390 uouemusv
1345 5362 1373 5374 -
1400 5336 1635 5399 tropaeum
1646 5342 1739 5400 puro.

412 5411 524 5463 Eesv:
540 5416 620 5477 pacto
636 5421 695 5466 cata
710 5415 925 5479 nnuma,
943 5416 1191 5479 orca.perro.p.a
1207 5413 1256 5463 Do
1275 5438 1303 5450 -
1323 5412 1570 5463 tamarit·
1588 5410 1742 5463 tatem

412 5484 1738 5552 c=moeer0-ataceon-to.otecsv-praeaueo;momenmentum.

412 5558 1741 5629 unge-at.ucqutuosv,potono-aa.eom.u-qotons-auteapetotaoo-

411 5633 1739 5698 mo-mmmmmuraracomdurs-aaontmomu-aareepaenznaurrn,

411 5708 1741 5777 nproBGSV-muttirmodlan-aepueoetll’,acorqeeeetllsv¹ttl—to.remltcaa-

411 5783 1740 5856 mn-wmmqms-mlreoes-aempemmmn-tammonem

412 5862 1238 5929 aup.lin.rlc-ledtdlaenllV—i⁹.mootraeom.ll-
1265 5858 1739 5924 mmeramme

413 5934 1689 6005 -to.paputoroqecs-tt.menepeadaao-ot.rtmoecm0.

464 6038 554 6090 cmo
571 6040 649 6092 arv.
1501 6024 1544 6094 to
