4342 7459
339 1224 402 1292 2l0
669 1229 992 1296 auscultantium
1014 1233 1347 1301 DlSl'UTA'l'lONUM

340 1389 416 1452 teris
447 1389 543 1451 rebus
575 1382 688 1453 melius
721 1399 862 1473 putatur,
896 1391 1035 1472 aliquam
1066 1402 1187 1473 partem
1223 1412 1317 1475 quam
1346 1392 1465 1456 nullam
1500 1388 1698 1477 attingeret*

339 1485 450 1547 curin
472 1484 534 1546 vita
556 1486 672 1546 secnsl
702 1504 896 1567 quamquam
926 1505 990 1547 non
1014 1486 1161 1548 male'ait
1185 1486 1397 1549 Callimachus
1426 1488 1526 1550 multo
1549 1488 1677 1571 saepius

339 1576 520 1639 lacrimasse
548 1578 706 1641 Priamum
734 1597 831 1661 quam
858 1579 1008 1642 Troilum.
1046 1581 1164 1641 Eorum
1187 1588 1309 1653 autem,
1338 1582 1393 1662 qui
1428 1590 1540 1643 exacta
1572 1591 1676 1647 aetate

340 1671 531 1745 moriuntur,
553 1670 679 1735 fortuna
694 1672 851 1735 laudatur.
888 1669 939 1733 9t.
957 1673 1045 1734 Curi
1068 1693 1157 1746 nam,
1181 1693 1269 1747 reor,
1292 1673 1404 1749 nullis,
1427 1676 1454 1737 si
1471 1678 1535 1738 vita
1551 1675 1677 1759 longior

313 1763 482 1837 tdaretur,
504 1774 613 1848 posset
633 1784 704 1828 esse
726 1766 904 1829 iucundior.
939 1766 1024 1828 Nihil
1047 1767 1132 1828 enim
1148 1775 1197 1829 est
1211 1766 1352 1849 prolecto
1367 1768 1489 1832 homini
1506 1768 1675 1850 prudentia

338 1856 479 1931 dulcius,
502 1878 614 1941 quam,
637 1868 672 1922 ut
694 1868 799 1922 cetera
821 1856 958 1932 auferat,
980 1859 1083 1922 adlert
1098 1869 1182 1923 certe
1198 1868 1354 1923 senectus.
1388 1862 1479 1937 Quae
1497 1881 1570 1925 vero
1585 1870 1674 1926 retae

337 1951 432 2033 longa
455 1961 579 2015 estant
601 1952 680 2036 quid
702 1953 833 2016 omnino
856 1952 977 2014 homini
1000 1952 1154 2033 longum?
1176 1972 1284 2015 nonne
1534 1953 1536 1956 ’

484 2045 604 2109 Modo
636 2065 799 2128 pueros,
831 2046 942 2109 modo
975 2046 1263 2110 adulescentes
1293 2048 1332 2109 in
1360 2068 1479 2111 cursu
1506 2068 1525 2111 a
1554 2057 1673 2130 tergo

846 2160 1073 2223 insequens

484 2234 561 2297 Nec
582 2234 790 2316 opinantis
812 2234 1006 2297 adsecuta
1029 2244 1093 2298 est

298 2330 506 2393 rosenectusl
542 2328 603 2390 Sed
634 2328 708 2409 quia
735 2326 818 2389 ultra
839 2327 918 2389 nihil
942 2329 1110 2401 trahemus,
1139 2329 1200 2392 hoc
1223 2329 1352 2414 longum
1376 2330 1520 2393 dicimos.
1558 2329 1672 2392 Omnia

335 2424 411 2496 ista,
433 2422 567 2505 perinde
588 2429 624 2483 ut
646 2421 763 2503 cuique
786 2421 859 2483 data
881 2431 956 2483 sunt
977 2443 1034 2503 pro
1049 2432 1117 2485 rata
1132 2431 1235 2504 parte,
1259 2428 1303 2486 ita
1318 2433 1373 2487 ant
1389 2425 1482 2505 longa
1497 2433 1551 2487 aut
1565 2424 1674 2486 brevia

335 2515 494 2580 dicuntur.
527 2514 618 2596 Apud
640 2514 798 2597 Hypanim
822 2515 966 2589 lluvium,
990 2516 1044 2597 qui
1067 2517 1107 2578 ab
1131 2518 1279 2599 Europae
1301 2528 1390 2600 parte
1413 2519 1445 2580 in
1468 2520 1602 2582 Pontum
1626 2520 1674 2581 in·

336 2613 420 2682 linit,
450 2609 636 2673 Aristoteles
658 2609 702 2670 ait
723 2608 876 2672 bestiolas
899 2611 1053 2692 quasdam
1076 2612 1179 2685 nasci,
1211 2631 1293 2694 quae
1327 2633 1424 2674 unum
1448 2611 1531 2675 diem
1556 2614 1672 2676 vivant.

335 2706 384 2766 Ex
405 2704 457 2766 his
478 2704 590 2785 igitur,
610 2702 691 2764 hora
713 2710 823 2764 octava
846 2723 928 2786 quae
951 2711 1074 2765 mortua
1097 2711 1162 2777 est,
1185 2713 1334 2786 provecta
1351 2713 1453 2767 aetate
1470 2715 1673 2781 mortonem

298 2811 418 2881 requae
445 2815 520 2858 vero
543 2794 710 2858 occidente
737 2796 819 2869 sole,
849 2796 1025 2878 decrepita,
1056 2818 1095 2861 eo
1118 2798 1231 2879 magis,
1263 2800 1289 2861 si
1312 2800 1406 2861 etiam
1430 2800 1588 2863 solstitiali
1611 2801 1673 2863 die.

336 2889 453 2953 Confer
481 2898 619 2954 nostram
651 2889 867 2969 longissimam
897 2898 1031 2952 aetatem
1055 2911 1126 2953 cum
1150 2892 1353 2955 aeternitate:
1383 2893 1415 2953 in
1437 2892 1549 2956 eadem
1574 2912 1673 2977 prope

335 2983 463 3048 modum
483 2984 639 3047 brevitate
661 3002 725 3066 qua
748 2983 822 3045 illae
844 2983 997 3046 bestiolae
1019 2985 1225 3065 reperiemur.

418 3078 484 3140 XL.
506 3075 558 3140 95.
590 3078 835 3141 Contemnamus
863 3079 960 3160 igitur
989 3080 1093 3142 omnis
1123 3079 1323 3160 ineptias-
1346 3080 1429 3161 quod
1461 3082 1545 3143 enim
1569 3080 1672 3143 levius

333 3172 408 3234 huic
441 3171 559 3235 levitati
582 3191 698 3235 nomen
726 3171 902 3253 inponam?
925 3207 965 3219 -
995 3180 1158 3254 totamque
1180 3171 1243 3232 vim
1266 3171 1348 3234 hene
1371 3173 1497 3235 vivendi
1520 3175 1551 3235 in
1575 3173 1672 3237 animi

295 3265 446 3329 mrohore
475 3285 511 3329 ac
540 3265 757 3348 magnitudine
786 3274 818 3328 et
846 3267 879 3328 in
908 3266 1049 3328 omnium
1072 3285 1179 3327 rerum
1202 3264 1409 3328 humanarum
1433 3269 1672 3350 contemptione

333 3379 370 3422 ac
392 3359 602 3441 despicientia
624 3368 656 3422 et
685 3360 825 3421 inomni
848 3360 964 3421 virtute
987 3379 1154 3442 ponamus.
1192 3360 1268 3421 Nam
1292 3380 1377 3421 nunc
1400 3360 1529 3442 quidem
1552 3363 1673 3441 copita-

333 3453 472 3517 tionihus
496 3453 689 3516 mollissimis
712 3453 947 3525 effemioamur,
971 3462 1019 3525 ιιι,
1042 3454 1069 3513 si
1088 3461 1160 3515 ante
1177 3472 1261 3515 mors
1277 3453 1441 3527 adventet,
1464 3474 1560 3537 quam
1578 3454 1672 3518 Chal·

334 3548 484 3610 daeorum
512 3548 667 3629 promissa
696 3547 858 3609 consecuti
886 3565 1013 3618 sumus,
1044 3545 1171 3626 spoliati
1202 3548 1324 3628 magnis
1352 3547 1543 3630 quibusdam
1566 3548 1671 3623 bonis,

333 3639 430 3703 inlusi
461 3640 668 3722 destitutique
697 3639 870 3702 videamur.
914 3635 965 3700 99.
995 3637 1089 3712 Quod
1117 3640 1144 3701 si
1173 3641 1369 3722 expectando
1398 3649 1430 3703 et
1457 3640 1669 3705 desiderando

295 3731 510 3817 rependemus
533 3734 662 3807 animis,
694 3733 888 3805 cruciamur,
911 3733 1072 3813 angimur,
1101 3752 1159 3814 pro
1185 3732 1216 3794 di
1241 3733 1444 3796 inmortales!
1468 3753 1564 3816 quam
1589 3734 1669 3799 illud

331 3827 394 3889 iter
415 3826 587 3890 iucundum
611 3847 681 3891 esse
704 3827 817 3900 debet,
839 3846 904 3910 quo
929 3825 1075 3889 conlecto
1098 3826 1185 3890 nulla
1207 3827 1331 3911 reliqna
1354 3847 1446 3902 cura,
1472 3827 1560 3891 nulla
1581 3827 1672 3893 solli·

397 4130 421 4180 3.
445 4133 529 4179 auum
552 4139 686 4192 superscr.
710 4126 770 4177 ead.
796 4140 832 4176 m.
852 4128 877 4176 in
901 4129 922 4177 G
946 4154 971 4163 -
1000 4127 1088 4188 quiet
1110 4133 1167 4177 octo
1185 4128 1234 4177 Gli
1254 4153 1280 4163 —
1303 4126 1327 4177 i.
1346 4128 1421 4176 nuliis
1439 4127 1472 4175 C:
1496 4140 1547 4175 non
1563 4128 1623 4177 uitis
1638 4129 1668 4178 0.

332 4207 385 4256 elie
403 4220 452 4255 non
469 4206 535 4254 uitur
551 4204 585 4254 cl.
604 4204 700 4265 Zumpt
716 4202 750 4252 ad
768 4203 854 4252 Divin.
874 4203 899 4251 in
918 4199 1013 4251 caecil.
1033 4204 1049 4265 s
1068 4204 1108 4251 tit).
1129 4203 1231 4264 Madvig
1249 4202 1282 4251 ad
1301 4203 1355 4251 l'in.
1375 4203 1418 4258 ltl,
1437 4202 1477 4250 50.
1498 4203 1550 4265 Ego
1568 4216 1601 4253 er
1620 4206 1670 4254 Αι·

331 4282 456 4344 chetypo,
476 4283 505 4328 ιιι
522 4277 604 4329 voluit
622 4277 738 4341 iladvig,
763 4276 852 4327 scribo
874 4278 957 4327 nullis.
979 4278 1017 4327 ct.
1038 4276 1128 4327 Famil.
1148 4277 1189 4336 Vl,
1209 4277 1224 4325 9
1254 4277 1332 4339 (lled.
1351 4283 1379 4325 ut
1395 4277 1514 4325 nonnullo
1536 4290 1585 4340 pro
1601 4278 1671 4328 nulio

329 4357 380 4418 ut),
400 4357 484 4406 Divin.
504 4355 522 4413 l,
543 4355 573 4402 tt
592 4354 620 4414 (ι
639 4352 717 4402 codd.
737 4365 925 4413 nonnumquam
944 4365 992 4414 pro
1009 4351 1183 4413 numquoml.»
1202 4350 1243 4399 W.
1260 4376 1286 4385 -
1307 4352 1331 4399 5.
1351 4354 1386 4397 eut
1402 4351 1467 4398 enim
1484 4351 1543 4399 0-
1564 4350 1671 4400 dominis

330 4433 350 4482 C
372 4460 398 4468 -
419 4432 459 4481 tt.
477 4436 550 4493 porte
566 4430 639 4477 auito
655 4427 732 4490 mnpo
744 4428 779 4481 C;
796 4433 870 4488 porta
886 4428 924 4474 ita
940 4425 1047 4487 ionpoO
1061 4451 1088 4460 -
1110 4424 1148 4475 tt.
1169 4423 1267 4487 octona]
1287 4437 1330 4485 nn
1348 4426 1396 4473 Gll
1412 4450 1437 4459 -
1460 4426 1499 4475 ⁴6.
1512 4426 1608 4487 conseri
1619 4426 1669 4475 Gli

333 4534 359 4543 -
379 4507 420 4556 48.
439 4505 646 4567 Contcrnpnomm
664 4504 683 4551 G
701 4528 733 4539 -
758 4503 837 4551 lenius
854 4499 973 4561 Bentley,
993 4501 1013 4549 Ο
1031 4528 1063 4536 -
1086 4500 1127 4549 20.
1147 4500 1173 4547 in
1190 4502 1302 4548 omnium
1322 4514 1345 4546 r.
1364 4500 1388 4547 ir.
1407 4501 1562 4549 contentione
1578 4514 1610 4549 uc
1625 4502 1670 4551 dc-

329 4583 473 4644 spicicntin,
491 4582 518 4629 in
535 4579 603 4629 mnni
619 4580 712 4628 uirtute
726 4589 852 4638 ponamus
868 4578 968 4625 Nonius
987 4589 1012 4638 p.
1026 4574 1083 4624 203.
1105 4574 1177 4623 ldem
1197 4588 1221 4637 p.
1234 4575 1283 4624 tot
1301 4588 1332 4623 ux
1351 4574 1403 4622 hoe
1421 4573 1479 4622 loco
1496 4586 1592 4623 vocem
1608 4588 1670 4623 con·

329 4659 430 4719 emptio
447 4655 541 4706 adteri.
563 4681 589 4691 -
608 4654 649 4703 tl.
667 4651 800 4714 ponamin]
816 4664 941 4713 ponamus
957 4652 1026 4699 iussu
1043 4656 1212 4711 tyrannorum
1230 4650 1269 4712 (ex
1288 4650 1355 4713 59⁶)
1374 4650 1422 4697 Gli
1444 4676 1468 4684 -
1489 4649 1530 4698 ιι.
1547 4648 1669 4699 monnu-

329 4732 398 4780 rimir
416 4732 435 4780 C
456 4758 482 4766 -
501 4730 645 4779 cuideom
663 4728 711 4776 Gli
731 4752 759 4760 -
778 4726 819 4776 93.
839 4726 947 4773 cimmo
962 4751 988 4760 -
1008 4726 1048 4774 25.
1068 4724 1167 4787 animis]
1187 4725 1238 4772 «lix
1259 4725 1342 4775 Ursini
1362 4724 1454 4773 codice
1472 4735 1494 4772 s.
1514 4724 1669 4773 coniectura

330 4803 448 4855 Bentleio
472 4807 499 4853 et
521 4802 650 4865 Madvigio
672 4800 783 4865 probata
807 4802 865 4852 sine
887 4800 969 4848 dubio
992 4798 1165 4848 scribendum
1189 4803 1230 4847 est
1250 4799 1337 4847 animi.
1368 4799 1470 4848 Animi
1495 4797 1667 4859 (discursioni,

329 4879 625 4939 montemontano,
644 4876 715 4939 onpi)
733 4874 828 4937 legitur
840 4874 909 4938 apud
924 4874 1053 4933 Plautum,
1072 4874 1234 4932 Terentium,
1254 4874 1422 4932 Ciceronem,
1442 4873 1558 4929 ιίιιιιιιις
1579 4874 1604 4922 in
1617 4885 1668 4922 an-

329 4954 493 5017 tiquissimae
517 4952 618 5001 formae
641 4949 769 5000 locativae
789 4949 877 4999 locum
896 4949 1039 4999 substituto
1057 4948 1172 4997 ablativo
1190 4949 1268 4996 etiam
1288 4948 1373 4996 onimo
1390 4948 1450 5010 unpi
1468 4946 1539 5010 apud
1558 4949 1668 4997 Cicero·

330 5041 393 5078 nem
411 5026 474 5088 ibis:
495 5026 597 5074 Vcrrin.
617 5026 648 5086 ll,
667 5024 699 5074 Sl
716 5026 809 5084 animi,
829 5025 874 5073 ubi
892 5024 1009 5073 deterior
1026 5022 1105 5072 codd.
1126 5021 1221 5071 tamilla
1235 5022 1319 5071 dolore
1331 5021 1454 5082 addidit).
1471 5023 1579 5082 pendero
1595 5022 1667 5085 apud

329 5102 445 5151 eundem
464 5098 574 5162 (semel3
593 5099 735 5162 quinquies
749 5099 846 5158 animi),
866 5101 892 5147 nt
906 5100 991 5146 animo
1002 5098 1102 5159 frunpi,
1122 5097 1279 5155 commoveri,
1299 5094 1362 5144 alia:
1382 5096 1475 5145 animis
1488 5093 1595 5146 dnobus
1607 5100 1667 5146 tan·

329 5182 386 5227 tum
403 5175 484 5234 locis,
504 5175 555 5224 hoc
572 5177 600 5223 et
616 5175 642 5223 io
660 5173 738 5224 codd.
758 5176 821 5223 livii
840 5174 895 5231 Vll,
914 5174 958 5223 30:
977 5175 1027 5221 itiir
1038 5199 1073 5209 --
1085 5172 1196 5220 sollicitis
1207 5185 1238 5219 ec
1252 5170 1416 5232 pendentibus
1426 5171 1531 5231 animis,
1550 5182 1667 5232 quorum

328 5256 443 5314 utroque
466 5263 520 5300 noo
544 5250 642 5299 mirum
664 5251 686 5298 si
709 5246 831 5298 librarios
855 5249 936 5297 animi
959 5248 992 5297 dc
1016 5248 1131 5310 plurium
1152 5247 1240 5294 animo
1258 5258 1390 5307 suspenso
1409 5245 1509 5294 dictum
1528 5244 1666 5295 oliendere

328 5327 426 5391 potuit;
446 5336 608 5388 quamquam
629 5325 734 5372 Liuiano
751 5322 810 5373 loco
828 5321 899 5372 haud
918 5324 974 5371 scio
991 5335 1024 5370 an
1043 5324 1136 5380 enimi,
1161 5326 1190 5370 ιιι
1207 5321 1250 5379 tit,
1273 5322 1312 5378 iis,
1333 5334 1402 5383 quae
1420 5321 1599 5384 praecedunt,
1617 5320 1667 5370 illia

324 5400 488 5465 pendentibus
508 5397 682 5449 assimilatum
705 5399 747 5447 sit.
781 5399 868 5447 livius
890 5396 998 5459 quidem
1022 5397 1078 5459 ipse
1102 5400 1131 5444 ιιι
1151 5395 1184 5444 de
1203 5409 1257 5444 uno
1275 5397 1329 5454 Vll,
1348 5394 1380 5444 34
1397 5397 1486 5444 territo
1502 5396 1592 5445 onim.
1610 5396 1665 5452 t.l

326 5477 445 5539 consuens
460 5478 537 5534 utque
552 5474 662 5521 incertus
677 5472 771 5531 animi,
796 5472 830 5520 ita
849 5471 882 5520 de
901 5470 1021 5533 pluribus
1039 5471 1117 5517 animi
1135 5470 1223 5533 posuit
1240 5469 1305 5525 Vlll,
1326 5468 1356 5517 ta
1374 5468 1420 5531 (tot
1434 5469 1589 5530 populoru
1600 5482 1665 5519 ιιιι·

325 5565 439 5613 pensor
456 5548 555 5598 animi
571 5545 672 5607 liabent)
689 5552 716 5595 et
733 5547 775 5606 vt,
794 5546 826 5595 36
843 5548 911 5606 capti
927 5551 950 5594 et
966 5550 1089 5605 stupentes
1105 5546 1198 5597 onimi;
1217 5544 1249 5593 ci.
1265 5544 1353 5592 lunen.
1369 5542 1409 5602 tt,
1424 5544 1471 5592 ⁴⁴9
1488 5545 1569 5593 oninn
1584 5544 1666 5605 ιιιιιιι

327 5628 406 5675 credit
422 5638 524 5675 oneror.
544 5624 646 5685 Neque,
665 5622 727 5684 qnia
745 5622 830 5669 animo
847 5623 909 5682 anpi
921 5621 1003 5681 (cett.)
1022 5620 1123 5668 dictum
1142 5620 1198 5677 luit,
1219 5618 1318 5667 idcirco
1336 5620 1428 5667 animis
1445 5631 1552 5683 quoque
1570 5620 1596 5669 in
1614 5630 1665 5669 usu

328 5700 408 5750 inisse
430 5700 557 5750 alrirmari
582 5702 678 5763 potest.
706 5694 790 5760 (alind
813 5700 855 5747 est
872 5711 887 5744 a
905 5697 976 5745 Livio
994 5696 1047 5750 Vll.
1067 5695 1098 5743 to
1117 5693 1182 5742 dici:
1207 5698 1242 5741 tot
1259 5693 1329 5740 circo
1345 5694 1532 5742 mortalium
1548 5692 1665 5742 animis

326 5789 369 5837 spe
384 5780 500 5835 metuque
512 5772 686 5837 pendentilem
709 5785 742 5821 ne
761 5771 823 5821 illud
841 5772 951 5833 quidem
970 5774 1082 5821 Lucretii
1101 5770 1143 5823 vt.
1162 5770 1207 5818 nt:
1232 5769 1362 5828 pavidis
1379 5781 1436 5817 cum
1449 5768 1557 5830 pendent
1573 5769 1664 5819 merd-

326 5849 385 5910 lus,
404 5847 484 5899 ablat.
503 5847 590 5909 modi,
609 5848 643 5897 ad
660 5848 730 5896 hanc
747 5847 931 5910 quaestionem
950 5846 1084 5910 pertinet.)
1107 5844 1237 5907 Equidem
1256 5856 1307 5893 non
1326 5844 1444 5900 memini.
1463 5843 1519 5903 abt,
1537 5843 1664 5893 utuntmo

324 5924 423 5987 (ructus
439 5923 514 5988 (Cic,
532 5923 618 5987 Tuci,
637 5924 755 5988 emetur
771 5920 862 5987 (Tae),
884 5919 934 5971 alia
951 5919 1061 5983 similia,
1082 5920 1122 5970 sic
1138 5919 1231 5969 eninm
1245 5918 1323 5983 [recti
1338 5917 1450 5981 legatur,
1468 5918 1519 5969 utri
1536 5915 1611 5982 quod
1626 5915 1662 5968 de
