4342 7459
342 1310 346 1326 ι
452 1205 515 1273 336
778 1210 1102 1277 TUSCULANARUM
1123 1212 1450 1279 martinimontis

452 1374 558 1437 omnia
579 1369 688 1435 rabide
710 1370 908 1455 adpetentem
932 1392 1002 1435 cum
1025 1372 1210 1455 inexplebili
1234 1373 1424 1458 cupiditate,
1448 1394 1575 1460 quoque
1596 1374 1776 1443 affluentius

452 1468 628 1551 voluptates
657 1465 796 1548 undique
824 1465 963 1540 hauriat,
992 1485 1031 1529 eo
1059 1466 1185 1547 gravius
1215 1466 1440 1553 ardentiusque
1463 1469 1640 1545 sitientem,
1670 1490 1775 1535 noune

451 1571 535 1627 recte
558 1558 764 1623 miserrimum
787 1556 931 1622 dixeris?
953 1558 1061 1634 Quidi
1083 1560 1185 1624 elatus
1207 1560 1260 1623 ille
1279 1561 1403 1624 levitate
1418 1562 1569 1647 inanique
1586 1564 1705 1628 laetitia
1720 1586 1776 1629 ex·

451 1657 556 1721 ultans
578 1662 609 1717 et
629 1660 747 1715 temere
768 1651 905 1734 gestiens
927 1672 1033 1716 noune
1055 1660 1144 1716 tanto
1166 1654 1319 1727 miserior,
1345 1664 1464 1739 quanto
1487 1658 1546 1720 sibi
1563 1658 1687 1722 videtur
1700 1659 1775 1723 bea·
1818 1693 1845 1716 ‚,

425 1753 533 1817 etiorl
561 1750 644 1832 Ergo
667 1755 701 1809 ut
720 1746 753 1808 hi
777 1746 898 1819 miseri,
925 1746 969 1808 sic
991 1755 1100 1810 contra
1123 1747 1168 1810 illi
1191 1748 1288 1821 beati,
1316 1768 1397 1830 quos
1420 1750 1499 1814 nulli
1523 1761 1625 1815 metus
1647 1762 1775 1830 terrent,

450 1846 556 1909 nullae
577 1839 791 1924 aegritudines
813 1840 968 1915 exedunt,
992 1839 1096 1903 nullae
1119 1841 1265 1904 libidines
1287 1841 1432 1916 incitant,
1457 1844 1561 1909 nullae
1581 1846 1687 1911 futiles
1711 1848 1774 1913 lae·

449 1939 537 2002 titiae
558 1935 736 2000 exultantes
757 1932 915 2014 languidis
931 1932 1140 2016 liquefaciunt
1156 1934 1379 2019 voluptatibus.
1417 1937 1455 2000 Ut
1470 1940 1564 2002 maris
1580 1940 1676 2024 igitur
1689 1950 1775 2006 trau·

449 2032 590 2117 quillitas
618 2026 814 2109 intellegitur
842 2026 928 2089 nulla
954 2046 994 2088 ne
1017 2027 1144 2090 minima
1167 2028 1294 2110 quidem
1316 2049 1391 2092 aura
1414 2031 1525 2095 fluctus
1547 2046 1774 2111 commovente,

448 2128 493 2190 sic
515 2122 612 2188 animi
634 2122 760 2205 quietus
788 2128 820 2182 et
845 2118 984 2202 placatus
1006 2127 1106 2183 status
1128 2122 1276 2197 cernitur,
1298 2142 1368 2185 cum
1392 2126 1584 2207 perturbatio
1607 2127 1693 2191 nulla
1716 2140 1774 2204 est,

410 2240 511 2305 inqua
533 2218 651 2281 moveri
674 2221 778 2298 queat
824 2208 874 2276 l7.
897 2212 991 2288 Quod
1014 2215 1040 2277 si
1063 2223 1127 2289 est,
1155 2216 1208 2300 qui
1232 2215 1294 2279 vim
1316 2216 1476 2293 fortunae,
1507 2222 1563 2303 qui
1585 2223 1692 2285 omnia
1714 2224 1774 2288 hu·

448 2331 556 2386 mana,
578 2327 799 2394 quaecumque
821 2305 964 2370 accidere
979 2317 1130 2390 possunt,
1152 2308 1326 2373 tolerabilia
1342 2310 1449 2386 ducat,
1472 2333 1512 2376 ex
1527 2335 1591 2397 quo
1605 2336 1664 2380 neo
1681 2318 1774 2383 timor

448 2426 520 2479 eum
549 2423 608 2467 nec
637 2420 736 2484 angor
759 2399 909 2482 attingat,
939 2400 1087 2486 idemque
1110 2403 1136 2465 si
1159 2401 1239 2466 nihil
1262 2406 1481 2488 concupiscat,
1510 2408 1597 2471 nulla
1618 2408 1774 2475 ecferatur

447 2497 544 2563 animi
568 2495 654 2560 inani
677 2494 853 2575 voluptate,
876 2493 952 2577 quid
976 2503 1023 2557 est
1045 2515 1100 2558 cur
1120 2497 1146 2559 is
1170 2515 1233 2558 non
1255 2496 1367 2562 beatus
1389 2499 1450 2562 siti
1473 2502 1544 2564 etsi
1564 2502 1642 2565 haec
1658 2505 1772 2568 virtute

447 2589 636 2662 efficiuntur,
659 2588 734 2673 quid
758 2595 808 2650 est
830 2607 885 2679 cur
908 2588 1004 2651 virtus
1027 2590 1095 2671 ipsa
1118 2609 1174 2672 per
1195 2610 1229 2652 se
1251 2608 1313 2653 non
1337 2591 1453 2656 efficiat
1474 2595 1606 2659 beatosi

408 2708 436 2754 rr
532 2683 598 2747 Vll.
620 2683 656 2745 A.
679 2681 772 2764 Atqui
795 2681 928 2743 alterum
952 2681 1013 2745 dici
1037 2702 1099 2744 nou
1121 2690 1242 2766 potest,
1274 2684 1351 2767 quin
1374 2686 1411 2758 ii,
1441 2690 1496 2770 qni
1518 2688 1597 2751 nihil
1620 2700 1771 2767 metuant,

445 2779 524 2844 nihil
555 2783 726 2858 angantur,
757 2773 834 2837 nihil
866 2775 1105 2860 concupiscant,
1137 2776 1223 2839 nulla
1252 2777 1416 2859 impotenti
1444 2780 1560 2846 laetitia
1583 2782 1772 2861 ecferantur,

445 2874 529 2939 beati
551 2873 629 2944 sint,
651 2869 759 2954 itaque
784 2864 812 2928 id
836 2868 892 2930 tibi
915 2869 1064 2943 concedo,
1087 2870 1221 2932 alterum
1245 2877 1350 2934 autem
1373 2872 1435 2935 iam
1458 2875 1612 2957 integrum
1633 2887 1770 2944 nonest

445 2965 669 3052 Superioribus
700 2960 784 3026 enim
808 2962 1074 3044 disputationibus
1102 2964 1248 3025 effectum
1272 2972 1320 3027 est
1341 2984 1451 3029 vacare
1474 2971 1559 3031 omni
1581 2971 1677 3035 animi
1701 2994 1771 3055 per·

444 3060 624 3125 turbatione
653 3056 839 3140 sapientem.
884 3050 933 3116 t8.
956 3056 997 3118 Μ.
1021 3057 1173 3120 Nimirum
1201 3056 1298 3140 igitur
1320 3059 1463 3124 confecta
1485 3082 1535 3125 res
1556 3072 1620 3138 est;
1648 3064 1772 3130 videtur

281 3207 291 3227 .
404 3156 527 3225 scenisn
549 3152 588 3216 ad
612 3151 731 3214 exitum
755 3149 880 3211 venisse
903 3150 1059 3231 quaestio.
1091 3148 1127 3211 A.
1151 3152 1251 3234 Prope
1274 3151 1401 3215 modum
1424 3154 1455 3216 id
1478 3157 1616 3239 quidem.
1649 3160 1771 3222 dive·

443 3270 512 3312 rum
534 3255 639 3309 mmeu
663 3242 951 3305 mathematicorum
976 3242 1034 3305 iste
1057 3263 1125 3305 mos
1148 3252 1205 3317 est,
1227 3264 1291 3307 non
1313 3254 1362 3309 est
1383 3246 1656 3331 philosophorum,
1690 3254 1768 3317 Nam

442 3348 621 3425 geometrae
644 3358 714 3400 cum
736 3336 856 3421 aliquid
880 3335 994 3398 docere
1018 3336 1142 3409 volunt,
1167 3337 1193 3398 si
1216 3336 1292 3421 quid
1314 3338 1354 3401 ad
1378 3360 1446 3403 eam
1469 3363 1534 3404 rem
1556 3345 1694 3428 pertinet
1715 3365 1768 3410 00.

441 3459 526 3510 rum,
556 3454 637 3518 quae
666 3438 739 3495 ante
769 3425 956 3501 docuerunt,
987 3428 1019 3492 id
1046 3439 1176 3493 sumunt
1205 3450 1263 3512 pro
1286 3450 1436 3497 concesso
1458 3437 1660 3519 etproba103
1689 3438 1767 3502 illud

441 3530 536 3596 modo
559 3528 735 3611 explicant,
758 3524 796 3587 de
819 3544 884 3607 quo
899 3531 971 3586 ante
986 3523 1064 3585 nihii
1080 3523 1232 3606 scriptum
1248 3532 1312 3587 est:
1335 3526 1517 3612 philosophi
1534 3550 1767 3616 quamcumque

403 3645 508 3695 assem
528 3621 645 3685 habent
667 3620 699 3683 in
722 3616 879 3689 manibus,
910 3617 942 3678 in
965 3636 1034 3679 eam
1056 3636 1139 3700 quae
1159 3618 1349 3681 conveniunt
1373 3631 1546 3703 congerunt
1567 3624 1684 3699 omnia,
1707 3625 1766 3689 etsi

440 3719 504 3782 alio
526 3717 596 3780 loco
619 3715 778 3795 disputata
801 3717 882 3773 sunt.
916 3709 1009 3785 Quod
1034 3709 1065 3771 ui
1089 3710 1132 3772 ita
1155 3717 1252 3784 esset,
1275 3730 1330 3774 cur
1352 3712 1492 3790 Stoicus,
1514 3716 1541 3779 si
1565 3727 1649 3781 esset
1671 3739 1766 3804 quao-

440 3815 535 3878 situm
558 3809 673 3874 satisne
695 3805 734 3868 ad
758 3805 848 3867 beate
873 3802 1042 3867 vivendum
1066 3803 1163 3865 uirtus
1186 3814 1308 3885 posset,
1330 3806 1427 3868 multa
1450 3807 1589 3873 diceretf
1619 3813 1667 3876 oui
1689 3805 1766 3876 gari,

440 3915 526 3972 esset
545 3900 740 3987 respondere
762 3918 795 3961 se
818 3905 890 3960 aute
914 3896 1060 3961 docuisse
1083 3898 1162 3960 nihil
1184 3899 1302 3962 bouum
1325 3921 1395 3963 esse
1417 3902 1477 3965 uisi
1495 3903 1582 3987 quod
1597 3903 1765 3969 honestum

440 4007 538 4072 esset,
560 3996 621 4059 hoc
643 3994 776 4078 probato
799 4010 998 4075 consequens
1021 4012 1092 4055 esse
1108 3991 1230 4056 beatam
1248 3994 1340 4056 vitam
1358 3995 1472 4058 virtute
1489 4016 1559 4059 esse
1574 4007 1765 4074 contentam,

403 4103 472 4163 suet
501 4111 564 4178 quo
594 4087 687 4153 modo
708 4086 769 4149 hoc
791 4086 831 4148 sit
853 4105 1053 4168 consequens
1076 4085 1137 4159 illi,
1167 4087 1212 4149 sic
1235 4085 1312 4149 illud
1336 4088 1425 4162 huic,
1456 4098 1505 4164 ut,
1535 4090 1561 4152 si
1585 4092 1676 4155 beata
1699 4092 1764 4155 νὴ,

439 4188 552 4252 nnete
583 4188 731 4246 contenta
760 4180 816 4253 sit,
850 4178 911 4241 nisi
938 4177 1105 4243 honestum
1137 4179 1222 4262 quod
1248 4181 1308 4254 sit,
1342 4182 1419 4244 nihil
1449 4183 1535 4247 aliud
1566 4185 1615 4257 sit
1635 4185 1764 4248 bonum.

439 4276 489 4343 te.
512 4278 575 4343 Sed
605 4286 708 4340 tamen
743 4292 806 4335 non
836 4279 933 4354 agunt
963 4272 1024 4344 sic;
1056 4293 1126 4334 nam
1150 4281 1182 4335 et
1204 4273 1243 4335 de
1266 4270 1398 4338 honesto
1422 4284 1453 4340 et
1475 4278 1513 4340 de
1536 4278 1765 4342 summobono

438 4372 608 4458 separatim
629 4369 702 4431 iibri
723 4373 811 4439 sunt,
834 4374 865 4428 et
887 4384 957 4427 cum
979 4384 1019 4427 ex
1041 4385 1079 4427 eo
1102 4362 1256 4428 efficiatur
1277 4368 1353 4430 satis
1375 4389 1519 4452 magnam
1541 4372 1574 4433 in
1591 4371 1702 4433 virium
1723 4371 1764 4434 ad

437 4468 529 4532 beate
555 4461 723 4528 vivendum
752 4480 821 4523 esse
843 4459 921 4532 vim,
952 4457 1050 4521 nihilo
1073 4460 1177 4521 minus
1203 4456 1263 4522 hoc
1284 4470 1383 4542 agunt
1404 4463 1583 4544 separatim.
1626 4463 1764 4547 Propriis

399 4562 522 4632 sienim
552 4569 584 4623 et
612 4557 679 4621 suis
708 4553 901 4637 argumentis
930 4560 962 4615 et
989 4552 1257 4615 admonitionibus
1279 4555 1440 4618 tractanda
1463 4576 1609 4640 quaeque
1632 4577 1683 4620 res
1705 4566 1764 4630 est,

437 4663 524 4719 tanta
547 4650 740 4737 praesertim.
774 4648 857 4711 Cave
878 4646 962 4709 euim
985 4653 1075 4729 putes
1098 4646 1193 4708 ullam
1217 4647 1248 4709 in
1271 4647 1473 4731 philosophia
1490 4669 1598 4712 vocem
1614 4652 1761 4713 emissam

437 4744 763 4811 clariorem'ullumve
785 4760 855 4803 esse
878 4739 1099 4821 philosophiae
1122 4741 1309 4821 promissum
1327 4742 1456 4804 uberius
1472 4751 1526 4806 aut
1541 4742 1651 4804 maius.
1683 4743 1760 4805 Nam

437 4839 514 4925 quid
536 4834 721 4922 profitetur?
751 4853 769 4897 ο
792 4834 823 4896 di
845 4833 943 4896 bouil
972 4831 1180 4915 perfecturam
1203 4854 1253 4906 se,
1283 4835 1338 4917 qui
1366 4834 1488 4917 legibus
1511 4835 1576 4899 suis
1603 4835 1761 4918 paruisset

435 4942 471 4997 ut
491 4939 576 4996 esset
597 4937 706 4994 contra
727 4927 885 4992 fortunam
907 4945 1032 5008 semper
1053 4931 1207 4999 armatus,
1230 4934 1264 4989 ut
1281 4928 1385 4990 omnia
1405 4929 1562 5010 praesidia
1578 4930 1710 4994 haberet
1727 4930 1759 4993 in

396 5046 470 5102 sose
499 5026 581 5088 bene
608 5023 765 5105 beateque
792 5018 935 5094 vivendi,
965 5028 1000 5081 ut
1028 5027 1112 5081 esset
1138 5040 1264 5104 semper
1290 5020 1429 5104 denique
1455 5022 1577 5087 beatus.
1623 5021 1674 5086 20.
1697 5024 1761 5087 Sed

500 5314 524 5362 t.
542 5323 599 5360 casn
614 5306 755 5369 metiti
771 5305 919 5367 cupiditate,
944 5315 993 5365 osso
1008 5304 1125 5367 simius
1140 5303 1279 5353 uoluntates
1294 5305 1403 5367 undique
1418 5305 1528 5367 tuamet,
1547 5320 1575 5357 sc
1590 5310 1698 5371 mucius
1713 5322 1760 5357 sr-

433 5389 578 5448 dsstisssque
593 5384 713 5433 sitientem
730 5382 829 5432 Nouius
846 5393 872 5444 p.
886 5379 943 5429 3t9.
960 5404 986 5414 —
1000 5378 1024 5426 3.
1043 5377 1154 5429 οἱσναευε
1168 5380 1187 5428 Β
1205 5404 1230 5414 -
1245 5376 1268 5428 l.
1288 5383 1378 5430 temere
1393 5377 1436 5431 Βῆ
1453 5382 1540 5432 timere
1550 5384 1570 5431 G
1579 5382 1623 5442 ΒΗ
1642 5385 1759 5434 tiosorsli

435 5489 462 5501 -
482 5462 506 5511 s.
524 5457 617 5522 futtiles
633 5458 653 5508 Β
671 5482 698 5492 -
717 5457 742 5506 7.
761 5451 1009 5504 manumittens
1026 5465 1051 5502 es
1067 5452 1199 5516 punctalis
1216 5453 1277 5502 G-
1297 5454 1337 5503 tt.
1356 5456 1510 5519 quaeautque
1527 5457 1546 5508 c
1565 5483 1590 5493 -
1610 5458 1759 5508 miserabilia

433 5539 454 5588 G
475 5564 502 5573 -
520 5536 560 5584 tt.
579 5534 640 5594 guis
656 5532 682 5581 hi
699 5532 718 5582 C
738 5555 766 5568 -
786 5530 829 5591 qui
845 5529 907 5577 sibit
921 5531 1045 5586 metuont,
1063 5528 1125 5576 scibit
1141 5532 1232 5590 agunt,
1254 5528 1315 5575 nihil
1330 5531 1518 5592 concupiscunt,
1537 5530 1606 5580 nullo
1621 5534 1760 5593 inpotentia

431 5611 575 5674 ecferuntur
591 5607 691 5657 Nonius
708 5618 734 5669 p.
751 5605 804 5653 lii.
827 5631 848 5639 -
872 5603 911 5653 46.
930 5603 1041 5665 assuunt
1058 5602 1077 5652 C
1099 5627 1124 5637 -
1145 5604 1184 5653 ts.
1204 5604 1294 5652 uocum
1311 5605 1359 5654 GR
1376 5631 1401 5640 -
1420 5606 1461 5655 28.
1476 5608 1517 5655 sed
1533 5612 1591 5656 onte
1607 5606 1757 5657 docuissetc

433 5712 460 5723 -·
480 5685 521 5735 29.
540 5684 705 5744 costsnsptom
721 5680 756 5737 fi;
776 5679 838 5727 item
857 5691 881 5726 v.
896 5677 936 5727 it.
957 5703 983 5712 -
1003 5676 1043 5725 30.
1062 5677 1116 5725 us'to
1133 5689 1186 5726 orn.
1201 5677 1219 5726 C
1237 5678 1271 5736 (in
1284 5676 1303 5725 B
1315 5690 1449 5742 superscr.
1464 5678 1523 5729 ead.
1537 5683 1583 5740 ru.)
1599 5706 1624 5716 -
1643 5679 1684 5731 st.
1697 5681 1759 5729 ciiii

429 5758 544 5808 bonanus
562 5758 581 5806 Β
600 5780 626 5790 -
645 5755 686 5804 it.
699 5767 718 5803 o
730 5750 885 5815 pbilosophis
896 5750 955 5800 cod.
969 5750 1125 5806 Vaticanum
1144 5750 1193 5800 sed
1205 5750 1265 5799 vide
1277 5763 1310 5800 ne
1323 5756 1415 5802 neutra
1428 5765 1503 5803 roxa
1518 5753 1646 5803 Cicerone
1657 5755 1756 5817 scripta

430 5835 477 5893 sit,
496 5832 554 5894 qui,
573 5831 595 5881 si
612 5829 758 5880 addidisset
773 5839 790 5876 c
806 5823 849 5876 vel
866 5827 892 5875 is
907 5825 1075 5888 philosophis,
1100 5826 1126 5876 in
1142 5826 1263 5890 proximo
1281 5838 1360 5877 versu
1377 5827 1419 5876 vis
1432 5827 1616 5890 philosophiae,
1639 5826 1687 5877 sed
1704 5828 1757 5876 eius

431 5905 590 5969 scripsisset.
609 5926 637 5940 -
656 5903 697 5954 38.
715 5902 751 5953 dit
767 5900 830 5953 CO.
