4342 7459
454 1268 497 1346 7'0
662 1287 909 1354 FRAGMENTA
930 1287 1252 1355 acanumcoauu
1272 1288 1568 1354 rossemanum.

454 1465 545 1522 vetus
565 1457 704 1534 videtur,
726 1460 753 1522 si
776 1458 905 1542 quidem
926 1459 1087 1523 Platonem
1110 1477 1151 1521 ex
1172 1458 1226 1521 illa
1248 1466 1352 1522 vetere
1374 1475 1594 1532 numeramus,
1623 1456 1714 1521 cuins
1740 1459 1781 1523 in‘

454 1552 542 1615 libris
562 1553 643 1616 nihil
664 1549 846 1616 adfirmatur
866 1561 898 1615 et
919 1553 953 1614 in
974 1559 1142 1636 utramque
1164 1559 1283 1635 partem
1300 1552 1399 1615 multa
1414 1551 1629 1626 disseruntur,
1653 1551 1693 1614 de
1709 1573 1776 1617 om·

453 1646 547 1710 nibus
575 1647 750 1730 quaeritur,
779 1646 858 1708 nihil
888 1647 964 1709 certi
996 1645 1127 1708 dicitur:
1157 1646 1212 1708 sed
1238 1656 1342 1709 tamen
1365 1646 1435 1721 illa,
1467 1664 1562 1729 quam
1584 1647 1773 1730 exposuisti,

452 1746 559 1814 vetus,
580 1740 658 1803 haec
680 1759 762 1803 nova
783 1739 980 1815 nominetur,
1007 1759 1090 1823 qnae
1112 1759 1213 1824 usqne
1236 1739 1276 1802 ad
1300 1740 1491 1802 Carneadem
1519 1739 1689 1824 perducta,
1719 1742 1775 1825 qui

428 1837 583 1917 s'quartus
605 1833 644 1896 ab
665 1834 805 1897 Arcesila
827 1833 903 1909 fuit,
925 1834 958 1896 in
980 1832 1090 1896 eadem
1106 1834 1264 1897 Arcesilae
1285 1835 1407 1897 ratione
1423 1833 1606 1917 permansit.
1640 1833 1776 1898 Carnea-

452 1926 508 1989 des
530 1936 634 1990 autem
655 1926 774 1990 nullius
797 1926 1021 2010 philosophiae
1042 1931 1140 2010 partis
1163 1929 1292 2010 ignarus
1315 1936 1364 2002 ct,
1385 1936 1421 1990 ut
1435 1928 1568 2009 cognovi
1583 1946 1624 1990 ex
1638 1927 1695 2003 iis,
1720 1930 1775 2012 qui

450 2020 540 2083 illum
568 2020 748 2096 audierant,
778 2021 978 2105 maximeque
1001 2041 1041 2083 ex
1063 2021 1220 2104 Epicureo
1243 2025 1386 2096 Zenone,
1409 2023 1464 2106 qui
1487 2041 1558 2086 cum
1580 2022 1620 2084 ah
1643 2039 1682 2085 eo
1705 2023 1776 2104 plu·

449 2115 564 2177 dmum
592 2113 791 2189 dissentiret,
819 2134 919 2177 unum
947 2121 1052 2177 tamen
1081 2124 1205 2198 praeter
1236 2123 1359 2179 ceteros
1381 2116 1568 2191 mirahatur,
1595 2116 1775 2180 incredibili

451 2208 587 2292 quadam
608 2208 670 2273 fuit
690 2207 839 2273 facultate
861 2215 893 2271 et
914 2211 1004 2290 copia
1023 2210 1140 2272 diceridi
1162 2205 1181 2243 ¹*
1195 2209 1213 2244 *
1227 2209 1245 2244 *

1007 2435 1213 2448 ———

633 2628 886 2788 Fragmenta
924 2629 1268 2751 Academicorum
1305 2635 1585 2792 posteriorum.

976 3017 1038 3074 EX
1058 3016 1188 3076 mtto
1207 3018 1233 3074 1.

409 3174 437 3220 ω
530 3145 559 3212 4.
581 3149 702 3213 Nonius
724 3171 755 3233 p.
777 3146 818 3210 66
840 3151 936 3213 lderc.
969 3150 1191 3230 Diqtadiari
1211 3150 1322 3212 dictum
1344 3157 1386 3212 ert
1403 3149 1559 3213 dissentire
1580 3157 1608 3212 et
1621 3149 1771 3222 dissidere,

444 3245 556 3307 dictum
580 3264 600 3306 a
625 3245 745 3324 gladiis.
788 3245 891 3307 Cicera
913 3243 1158 3306 Academicorum
1180 3244 1230 3305 lib.
1255 3245 1293 3305 1.-
1328 3243 1411 3319 Quid
1435 3250 1540 3305 autem
1562 3242 1774 3306 stomachatur

444 3338 672 3401 Mnesarchus?
695 3337 773 3422 quid
794 3338 961 3419 Antipater
983 3337 1175 3420 digladiatur
1198 3358 1268 3400 cum
1293 3336 1455 3400 Carneade
1472 3343 1519 3399 tot
1533 3337 1772 3401 voluminibus?

528 3429 559 3495 Ξ.
582 3433 703 3495 Nonius
725 3453 750 3496 s.
772 3455 801 3497 v.
824 3433 1042 3494 concinnare
1070 3454 1101 3516 p.
1125 3428 1175 3492 43.
1216 3432 1297 3493 Idem
1318 3432 1351 3493 iu
1372 3431 1557 3493 Academicis
1578 3431 1627 3493 itt.
1653 3433 1687 3493 1:
1717 3431 1772 3515 qui

445 3547 516 3592 cum
537 3526 744 3590 similitudine
767 3526 854 3589 verbi
876 3526 1043 3588 concinere
1067 3524 1203 3587 maxime
1226 3525 1286 3587 sihi
1309 3525 1479 3588 videretur.

408 3715 436 3761 ut
976 3704 1038 3761 Ex
1055 3702 1185 3763 nmao
1204 3704 1244 3759 11.

518 3833 558 3898 ’3.
580 3837 700 3899 Nonius
722 3857 753 3918 p.
776 3834 827 3898 65.
866 3835 1009 3920 Aequor
1036 3836 1072 3898 ad
1102 3857 1195 3917 aequo
1225 3844 1251 3898 et
1276 3835 1367 3916 plauc
1398 3836 1500 3898 Cicero
1526 3831 1771 3898 Academicorum

443 3929 494 3992 tit.
517 3931 554 3990 11
578 3931 751 3993 uocabulum
779 3932 923 4011 accepisse
953 3931 1126 4010 coufirmat:
1162 3930 1238 4012 qnid
1269 3937 1332 3991 tam
1364 3929 1492 4013 planum
1522 3929 1647 3991 videtur
1676 3949 1769 4012 quam

444 4025 554 4086 marei
576 4043 594 4086 e
618 4044 681 4106 quo
704 4025 798 4087 etiam
822 4045 941 4107 aequor
963 4024 1040 4087 illud
1064 4032 1175 4106 poetae
1198 4032 1322 4085 vocant.

527 4114 557 4179 4.
580 4118 699 4180 Nonius
722 4141 751 4202 p.
774 4116 825 4179 69.
859 4118 1044 4180 Adamare.
1070 4119 1172 4180 Cicero
1192 4117 1437 4179 Academicorum
1459 4117 1509 4179 tu.
1534 4117 1584 4178 11:
1607 4115 1663 4199 qni
1686 4117 1768 4179 enim

404 4212 544 4275 roserias
565 4212 702 4275 honores
724 4212 964 4284 adamaverunt,
987 4213 1040 4274 vix
1063 4211 1272 4275 admittuntur
1293 4213 1333 4273 ad
1357 4231 1411 4273 eos
1435 4232 1494 4274 nec
1516 4211 1591 4274 satis
1610 4230 1769 4274 commen-

442 4304 505 4366 dati
529 4305 724 4368 multitudini
746 4313 880 4389 possunt
901 4325 981 4368 esse.
1689 4383 1695 4392 Ι

525 4396 554 4459 5.
578 4399 697 4462 Nonius
728 4421 758 4481 p.
781 4394 852 4461 titt.
894 4400 1172 4480 Eupouereprc
1201 4400 1432 4479 exemplatam
1460 4407 1618 4462 ostentare.
1666 4400 1769 4462 Cicero

440 4493 625 4556 Academicis
647 4493 695 4554 lib.
720 4495 768 4554 ΙΙ.·
797 4492 943 4575 frangere
965 4493 1145 4567 avaritiam,
1179 4493 1297 4556 scelera
1321 4514 1453 4576 ponere,
1482 4495 1579 4557 vitam
1600 4515 1690 4557 suam
1714 4515 1769 4557 ex·

440 4608 558 4670 ponere
581 4588 620 4649 ad
644 4588 827 4649 imitandum
851 4588 1017 4650 iuventuti.

402 4693 431 4739 aa
523 4679 554 4743 6.
576 4683 694 4745 Nonius
716 4703 746 4763 p.
766 4675 845 4742 iil:
870 4682 982 4743 Hebes
1001 4681 1133 4761 positum
1153 4700 1210 4760 pro
1232 4681 1419 4743 ohscurcout
1436 4683 1547 4746 obtusa.
1571 4684 1673 4746 Cicero
1692 4682 1769 4746 Aca-

438 4777 620 4838 demicorum
642 4774 691 4838 tib.
715 4777 768 4836 ll:
800 4774 907 4849 Qnidt
939 4776 1032 4837 trinae
1056 4794 1138 4857 qnae
1170 4775 1354 4838 liniamenta
1376 4778 1455 4847 sint,
1488 4784 1620 4859 potesne
1643 4777 1768 4839 dicerer

439 4871 530 4932 cuius
553 4877 584 4931 et
606 4868 764 4931 nascentis
787 4878 818 4931 et
840 4869 1034 4956 senescentis
1057 4867 1134 4930 alias
1157 4868 1335 4943 hebetiora,
1362 4869 1438 4932 alias
1461 4869 1600 4933 acutiora
1623 4869 1770 4933 videntur

440 4982 694 5118 eormlAhNonius
716 5077 746 5139 p.
765 5051 836 5117 ica.
873 5057 1126 5136 Purpurascit.
1159 5057 1219 5119 Cic.
1242 5056 1488 5119 Academicorum
1514 5059 1566 5120 itt.
1587 5060 1637 5120 11:
1660 5057 1768 5151 Quid?

501 5307 525 5359 3.
543 5309 678 5368 reposuisti
704 5308 811 5357 Durend
837 5311 863 5357 et
887 5309 982 5357 iterum
1004 5307 1113 5356 Krische
1136 5320 1161 5371 p.
1187 5308 1232 5357 53:
1262 5310 1365 5370 caparra
1387 5311 1459 5359 COr
1485 5336 1512 5346 ·-
1540 5308 1703 5372 tparanete
1725 5312 1768 5373 qui

436 5388 542 5444 quartas
558 5382 590 5431 aa
608 5384 635 5441 P,
654 5381 703 5432 sed
719 5397 765 5443 per
782 5386 808 5432 et
825 5397 854 5431 us
870 5383 902 5430 ab
921 5385 945 5431 in
964 5396 1016 5431 ras.
1033 5408 1058 5417 -
1080 5383 1104 5431 6.
1123 5384 1203 5442 pariis
1221 5388 1247 5431 et
1263 5390 1290 5432 ut
1308 5397 1359 5433 om.
1381 5399 1394 5433 r
1414 5412 1439 5421 —
1458 5387 1488 5434 iis
1504 5398 1529 5434 r:
1549 5386 1587 5434 liis
1604 5387 1663 5435 C-
1684 5386 1768 5446 ioue

434 5472 467 5507 aa
484 5459 554 5519 lipic.
574 5470 626 5506 om.
647 5471 660 5505 r
681 5485 706 5493 -
727 5459 750 5506 9.
769 5457 890 5518 facilitate
908 5472 921 5506 r
939 5484 964 5492 -
985 5462 1008 5506 et
1025 5460 1098 5518 copia
1115 5459 1210 5507 dicendi
1229 5460 1330 5508 Christ:
1350 5466 1372 5507 et
1390 5468 1414 5508 to
1430 5452 1483 5521 (sic)
1497 5463 1529 5519 (ἔς
1549 5473 1602 5510 om.
1616 5459 1695 5510 codd.
1709 5459 1765 5512 rell.

434 5534 488 5583 noti
506 5535 534 5582 et
551 5531 629 5584 edd:
645 5533 766 5594 sacratiore
781 5534 877 5582 dicendi
895 5532 1039 5582 clausulam
1058 5535 1141 5583 tuisse
1160 5535 1227 5583 coni.
1249 5535 1357 5583 Krische
1376 5549 1392 5597 p
1420 5537 1452 5584 66

498 5618 536 5666 tt,
556 5618 722 5667 stomachetur
738 5616 758 5665 0
777 5643 802 5652 -
830 5618 869 5666 tt.
888 5631 1019 5665 macareus
1037 5618 1097 5667 LW
1119 5620 1148 5672 (i.
1169 5632 1192 5667 e.
1213 5619 1270 5667 cod.
1294 5619 1429 5669 leidensis
1447 5621 1474 5669 et
1491 5617 1766 5670 Wollenbuettclanus

432 5691 560 5742 Gerleclrii
585 5699 611 5742 et
633 5693 726 5748 linthii)
747 5716 772 5727 -
799 5693 953 5754 digladiatur
974 5694 1087 5755 scripsi:
1111 5693 1263 5755 digladiatur
1285 5695 1363 5744 cedd.
1385 5697 1447 5744 ctO
1469 5723 1490 5730 -
1520 5695 1558 5744 43.
1579 5707 1643 5754 quae
1662 5707 1719 5742 cum
1738 5696 1764 5752 h,

431 5765 473 5815 ed.
493 5766 550 5816 Ald.
570 5770 643 5818 Nonii
662 5771 736 5826 eto,
755 5770 799 5831 qui
819 5768 993 5831 traginentnm
1013 5783 1103 5818 errore
1123 5770 1156 5818 ad
1175 5768 1218 5819 lib.
1241 5771 1259 5819 lt
1278 5772 1393 5822 rettulit:
1414 5770 1445 5820 ct.
1466 5771 1573 5820 Krische
1593 5782 1617 5833 p.
1637 5770 1683 5826 57;
1705 5769 1764 5818 tort.

431 5842 531 5899 quicum
551 5868 575 5876 -
602 5843 640 5892 m.
660 5857 693 5891 ee
710 5857 758 5904 quo
775 5843 795 5891 0
815 5868 840 5876 -
866 5843 904 5890 t9.
923 5845 1066 5892 academico
1084 5843 1143 5893 cod.
1164 5844 1256 5894 Bauib.
1279 5872 1304 5880 -
1331 5848 1362 5896 25
1391 5846 1462 5895 taber
1481 5848 1498 5896 l.
1520 5873 1540 5881 -
1569 5845 1665 5894 occluso
1682 5846 1715 5894 W
1737 5872 1759 5882 -

429 5915 469 5964 26.
489 5915 639 5965 lineamenta
656 5916 675 5966 0
697 5944 719 5953 -
741 5919 789 5966 siat
807 5919 911 5966 lunius:
931 5925 986 5965 suat
1005 5921 1065 5969 tw
1085 5945 1111 5954 -
1136 5926 1245 5984 petestae
1262 5921 1295 5969 W
1312 5948 1344 5958 -
1361 5922 1402 5973 27.
1421 5935 1452 5971 rte
1469 5923 1540 5970 maius
1557 5921 1619 5972 LW
1639 5946 1664 5956 -
1685 5925 1707 5971 et
1724 5920 1766 5970 lu·

428 5993 567 6043 amiseratis
584 5993 625 6050 W,
644 6005 697 6044 om.
717 5993 750 6047 Lt
769 5992 827 6043 lert.
847 5999 869 6042 et
886 5994 1046 6044 decrescentis
1065 6019 1091 6030 -
1111 5995 1286 6045 interierat..
