4342 7459
430 1217 501 1284 282
783 1222 1102 1286 TUSCULANARUM
1123 1220 1451 1286 DISPUTATIONUM

439 1379 566 1443 deratus
588 1389 620 1444 el
642 1390 835 1464 temperans,
859 1402 930 1445 eum
953 1402 1083 1445 necesse
1107 1391 1154 1446 est
1175 1403 1245 1445 esse
1264 1389 1476 1454 constantem;
1500 1380 1555 1463 qui
1570 1386 1674 1442 autem
1691 1399 1766 1443 con·

439 1480 539 1546 stans,
570 1475 731 1557 quietum;
762 1476 816 1558 qui
844 1476 989 1557 quietus,
1020 1477 1254 1558 perturbatione
1283 1476 1368 1537 omni
1392 1494 1541 1547 vacuum,
1572 1492 1647 1554 ergo
1669 1472 1764 1534 eliam

439 1565 645 1646 aegritudine.
679 1571 718 1631 Et
739 1578 813 1631 sunt
834 1568 890 1631 illa
912 1570 1081 1650 sapientis:
1106 1569 1207 1631 aberit
1229 1569 1325 1649 igitur
1346 1588 1365 1630 a
1388 1567 1531 1648 sapiente
1553 1565 1731 1647 aegritudo.

523 1657 578 1719 tlt.
606 1661 715 1744 ltaque
742 1683 806 1726 non
830 1664 941 1725 inscite
963 1662 1167 1725 Heracleotes
1188 1663 1360 1745 Dionysius
1382 1660 1421 1723 ad
1445 1680 1482 1724 ea
1503 1660 1660 1742 disputat,
1683 1678 1766 1741 quae

415 1751 522 1834 tapud
545 1751 718 1817 Homerum
740 1756 878 1818 Achilles
900 1758 1056 1838 queritur,
1079 1756 1157 1828 boc,
1181 1766 1217 1818 ut
1239 1758 1366 1839 opinor,
1389 1754 1500 1817 modo:

525 1845 673 1930 Corque
695 1869 817 1911 meum
837 1851 1009 1932 penitus
1033 1851 1235 1931 turgescit
1257 1848 1454 1911 tristibus
1477 1848 1568 1933 iris,

524 1937 611 2000 Cum
635 1941 917 2024 decorantque
940 1944 1042 2006 omni
1066 1965 1120 2005 me
1144 1944 1320 2005 orbatum
1344 1941 1681 2004 lauderecordor.
1759 2019 1761 2023 .

440 2026 491 2092 la.
516 2033 597 2095 Nnm
626 2054 737 2098 manus
765 2035 888 2098 adiecta
918 2045 1002 2099 recte
1032 2046 1098 2109 est,
1131 2057 1201 2099 cum
1225 2037 1257 2098 in
1281 2046 1404 2098 tumore
1426 2044 1484 2108 est,
1506 2044 1561 2098 aut
1583 2056 1655 2098 num
1679 2033 1765 2097 aliud

439 2124 609 2209 quodpiam
637 2130 809 2192 membrum
839 2130 994 2193 tumidum
1023 2151 1059 2193 ac
1090 2131 1247 2211 turgidum
1269 2149 1333 2191 non
1357 2129 1468 2191 vitiose
1498 2148 1531 2190 se
1560 2128 1680 2191 habeti
1716 2129 1767 2190 Sic

401 2220 534 2300 t⁰igitnr
562 2219 688 2285 indatus
708 2232 748 2286 et
775 2232 900 2287 tumens
928 2225 1052 2286 animus
1076 2226 1108 2286 in
1132 2225 1206 2287 vitio
1229 2233 1286 2286 est.
1333 2224 1492 2304 Sapientis
1515 2230 1620 2285 autern
1643 2221 1766 2283 animus

438 2333 563 2397 semper
583 2327 674 2380 vacat
694 2318 780 2391 vitio,
804 2338 977 2401 numquam
1001 2321 1163 2399 turgescit,
1187 2337 1360 2399 numquam
1384 2324 1499 2390 tumet;
1523 2325 1556 2379 at
1577 2314 1677 2376 iratus
1700 2315 1769 2377 ani·

438 2427 508 2469 mus
531 2410 707 2472 eiusmodi
731 2418 795 2475 est:
817 2431 989 2494 numquam
1012 2412 1107 2492 igitur
1130 2412 1256 2494 sapiens
1279 2411 1432 2472 irascitur.
1469 2412 1547 2472 Nam
1568 2410 1595 2472 si
1610 2409 1767 2482 irascitur,
1805 2400 1810 2409 ⁸

438 2503 533 2565 etiam
555 2506 768 2588 concupiscit,
797 2505 957 2587 proprium
981 2514 1028 2567 est
1051 2506 1134 2567 enim
1157 2505 1225 2566 irati
1248 2525 1384 2585 cupere,
1407 2523 1426 2564 a
1447 2522 1510 2587 quo
1532 2502 1637 2565 laesus
1661 2502 1768 2566 videa·

438 2603 504 2669 tur,
535 2597 564 2659 ei
594 2616 690 2679 quam
720 2618 901 2660 maxumum
930 2596 1074 2660 dolorem
1105 2599 1240 2659 inurere.
1285 2597 1345 2672 Qui
1373 2605 1477 2660 autem
1505 2595 1536 2658 id
1560 2596 1768 2677 concupierit,

401 2698 509 2750 susum
533 2710 663 2754 necesse
685 2702 748 2765 est,
772 2691 797 2754 si
821 2690 853 2751 id
877 2701 1065 2753 consecutus
1089 2692 1145 2765 sit,
1174 2710 1287 2772 magno
1309 2710 1405 2771 opere
1428 2690 1556 2753 laetari:
1583 2708 1623 2752 ex
1646 2708 1711 2771 quo
1733 2685 1770 2751 fit

437 2790 474 2844 ut
494 2783 598 2846 alieno
621 2785 703 2847 malo
724 2785 870 2867 gaudeat.
910 2784 1003 2859 Quod
1026 2786 1175 2869 quoniam
1198 2804 1263 2846 non
1286 2785 1369 2846 cadit
1391 2786 1423 2847 in
1447 2784 1639 2866 sapientem,
1669 2803 1710 2845 ne
1734 2791 1769 2847 ut

438 2876 590 2940 irascatur
612 2879 738 2960 quidem
762 2874 864 2941 cadit.
895 2878 950 2939 Sin
973 2888 1077 2941 autem
1102 2879 1229 2941 caderet
1250 2878 1283 2939 in
1307 2877 1687 2961 sapientemaegritudo,
1717 2898 1768 2940 ca·

439 2969 526 3032 deret
553 2972 648 3034 etiarn
677 2972 858 3035 iracundia:
885 2991 949 3054 qua
980 2972 1129 3054 quoniam
1159 2979 1265 3045 vacat,
1293 2970 1491 3052 aegritudine
1517 2972 1611 3032 etiam
1635 2970 1767 3033 vacabit

437 3061 490 3125 90.
515 3066 653 3138 Etenim,
676 3068 703 3129 si
726 3067 852 3148 sapiens
875 3066 907 3127 iu
931 3066 1161 3146 aegritudinem
1185 3064 1325 3126 incidere
1348 3071 1472 3146 posset,
1495 3071 1604 3145 posset
1617 3064 1712 3127 etiam
1735 3064 1768 3127 in

400 3157 700 3231 wmisericordiam,
728 3168 836 3242 posset
858 3162 890 3221 in
912 3159 1128 3222 invidentiam.
1167 3160 1236 3221 Non
1260 3157 1327 3219 dixi
1350 3157 1564 3226 invidiam,
1593 3176 1676 3239 quae
1703 3166 1768 3220 tum

439 3261 501 3325 est,
524 3272 596 3315 cnm
620 3252 797 3327 invidetur,
819 3253 859 3315 ab
882 3252 1104 3316 invidendo
1127 3262 1231 3315 autern
1256 3250 1493 3312 invidentia
1515 3256 1599 3312 recte
1623 3250 1685 3313 dici
1708 3271 1766 3333 po·

438 3354 513 3419 test,
536 3355 571 3408 ut
593 3347 780 3427 effugiamus
803 3348 984 3427 ambiguum
1009 3366 1123 3409 nomen
1146 3345 1295 3417 invidiae,
1319 3344 1405 3427 quod
1424 3345 1552 3406 verbum
1576 3342 1705 3405 ductum
1721 3353 1769 3406 est

438 3459 457 3501 a
479 3440 572 3503 nimis
593 3439 747 3501 intuendo
769 3438 927 3501 fortunam
951 3439 1095 3511 alterius,
1117 3448 1154 3500 ut
1175 3446 1224 3499 est
1245 3440 1277 3499 in
1300 3438 1499 3520 Melanippo,

608 3532 798 3607 Quisnam
820 3532 961 3595 florem
985 3533 1162 3594 liberum
1185 3532 1339 3593 invidit
1362 3536 1506 3593 meum‘l

400 3625 521 3689 arunte
537 3626 647 3688 Latine
665 3626 799 3701 videtur,
814 3628 869 3688 sed
889 3626 1048 3709 praeclare
1064 3627 1195 3689 Accius:
1218 3626 1350 3688 atenim
1367 3624 1515 3693 videre,
1537 3627 1581 3687 sic
1597 3625 1767 3689 invidere

437 3717 584 3782 llorem
606 3721 722 3782 rectius
746 3741 840 3803 quam
863 3719 971 3782 flori.
1015 3722 1079 3781 Nos
1103 3717 1328 3781 consuetudine
1352 3718 1572 3800 prohibemur:
1602 3727 1697 3802 poeta
1719 3720 1767 3782 ius

439 3833 531 3876 suum
547 3813 649 3875 tenuit
670 3822 701 3876 et
723 3814 804 3876 dixit
825 3814 983 3877 audacius.
1021 3815 1060 3874 X.
1077 3808 1128 3874 ⁶2l.
1146 3814 1236 3875 Cadit
1261 3813 1356 3894 igitur
1379 3813 1411 3874 in
1427 3813 1563 3875 eundem
1579 3821 1611 3875 et
1625 3813 1767 3875 misereri

437 4113 480 4163 llic
496 4113 560 4163 attur
576 4109 690 4174 (consul,
710 4112 736 4159 L,
757 4110 885 4171 Afranius)
903 4112 939 4158 ita
956 4110 1017 4157 ninii
1032 4115 1080 4169 art,
1101 4116 1129 4158 ut
1141 4110 1231 4171 plane,
1251 4110 1311 4170 quid
1328 4109 1412 4157 ornarit
1430 4109 1543 4170 (emerat
1560 4111 1651 4158 autern
1669 4122 1769 4159 consu-

437 4188 528 4249 latum)
552 4189 659 4246 normal,
684 4188 808 4249 quoniam
833 4199 919 4247 neque
943 4185 976 4234 de
999 4186 1067 4234 Bosit
1090 4189 1135 4233 aut
1156 4185 1274 4234 Lambini
1293 4184 1371 4233 codd.
1391 4186 1495 4232 constat
1511 4196 1598 4246 neque
1617 4182 1687 4233 bled.
1707 4195 1768 4233 eum

438 4264 525 4314 locum
543 4261 633 4318 babet,
653 4275 683 4310 er
703 4261 802 4311 codicis
815 4261 952 4310 Cratandri
965 4262 1095 4323 scriptura
1113 4261 1149 4308 nil
1165 4262 1201 4309 ita
1217 4259 1323 4309 ostride
1341 4272 1374 4307 ne
1392 4257 1564 4308 scribendum
1582 4258 1628 4308 sit:
1647 4258 1719 4306 nibili
1734 4260 1771 4307 ita

437 4342 480 4388 cst.
506 4338 584 4387 Nulli
601 4337 722 4400 quidem,
741 4340 770 4385 ut
786 4338 839 4386 ianr
853 4337 997 4398 ltervagius
1009 4335 1105 4392 edidit,
1125 4337 1140 4384 i.
1156 4350 1179 4384 e.
1194 4334 1285 4384 consul
1300 4332 1394 4383 nullius
1406 4335 1495 4397 pretii,
1515 4335 1633 4395 ignarus,
1652 4334 1769 4397 Pompeii

438 4413 513 4476 quasi
534 4412 642 4475 quidam
665 4425 773 4467 servus,
797 4409 931 4475 postulare
954 4410 980 4459 id
1002 4410 1119 4469 videtur,
1143 4410 1214 4472 quod
1238 4409 1386 4472 praeeedit:
1411 4409 1521 4457 Metellus
1537 4413 1571 4457 ost
1587 4406 1673 4456 consul
1695 4421 1771 4456 sanc

437 4488 542 4544 bonan
562 4486 594 4536 cl.
614 4488 632 4544 l,
647 4487 686 4543 l8,
700 4488 732 4538 b;
751 4487 792 4546 20,
806 4485 842 4549 5.]
867 4487 1026 4547 Augustinus
1047 4489 1136 4535 autem
1155 4485 1212 4534 loco
1231 4485 1264 4532 ab
1282 4483 1376 4533 Orellio
1395 4485 1472 4532 citato
1491 4484 1533 4543 (de
1551 4484 1601 4530 vita
1619 4480 1698 4530 beata
1717 4483 1770 4532 c.8

437 4575 463 4627 p.
482 4563 525 4611 30t
545 4560 661 4612 Bened:
687 4562 766 4622 ipsam
790 4562 1019 4621 nequitiam--en
1041 4573 1081 4618 co,
1106 4561 1172 4620 quod
1193 4560 1403 4621 nequicquam
1424 4559 1468 4618 sil,
1490 4560 1517 4606 id
1538 4563 1572 4607 ert
1594 4570 1627 4605 ux
1644 4569 1681 4615 uo,
1703 4559 1772 4620 quod

436 4638 518 4688 nibil
533 4639 576 4694 sit,
594 4642 687 4684 acturas
703 4637 796 4684 dictam
812 4636 1042 4697 assemanum),
1061 4637 1082 4684 si
1102 4635 1182 4684 modo
1200 4647 1248 4683 sua
1267 4649 1298 4684 ox
1316 4631 1470 4683 Tusculanis
1488 4634 1560 4696 Disp.
1579 4633 1702 4694 sumpsit,
1722 4645 1772 4681 ex-

437 4713 534 4777 pressit
550 4712 685 4762 Ciceronis
702 4712 874 4770 sententiam,
897 4710 978 4759 verba
1003 4711 1159 4759 immutavit.
1189 4710 1289 4759 Deinde
1309 4723 1341 4757 ne
1366 4707 1426 4756 illud
1446 4708 1554 4770 quidem
1572 4707 1636 4756 satis
1654 4709 1769 4767 constat,

437 4800 490 4849 quo
509 4786 589 4835 modo
606 4799 640 4834 ex
656 4799 699 4845 ro,
719 4786 784 4846 quod
800 4786 966 4846 nequicquam
982 4786 1013 4833 sit
1031 4783 1231 4845 intelligendum
1250 4786 1298 4840 sit.
1318 4786 1406 4832 utrum
1425 4784 1491 4844 quod
1507 4782 1674 4845 nequicquam
1690 4784 1721 4830 rit
1739 4783 1772 4831 in

436 4875 470 4912 co
487 4862 504 4911 i.
524 4876 548 4912 e.
568 4862 592 4909 in
612 4872 726 4922 nequam
747 4859 856 4909 bomine
874 4862 975 4922 [potest
991 4863 1082 4908 autem
1102 4861 1127 4906 in
1144 4873 1172 4908 co
1189 4864 1249 4908 ante
1268 4860 1294 4908 id
1312 4858 1470 4916 excidisset,
1495 4870 1527 4905 an
1545 4869 1578 4905 aa
1594 4869 1622 4905 eo
1637 4855 1770 4917 uocabulo,

436 4937 501 5000 quod
517 4937 682 4999 nequicquam
699 4936 744 4994 sit,
763 4935 778 4983 i.
798 4949 822 4983 e.
842 4948 875 4983 en
892 4936 1098 4996 «nequicquam»,
1118 4948 1150 4982 an
1163 4948 1197 4982 ex
1210 4949 1246 4991 eo,
1266 4935 1331 4995 quod
1348 4946 1479 4993 nuquam
1496 4932 1586 4980 bomo
1603 4932 1773 4992 nequicquam

435 5013 481 5069 sit,
500 5011 571 5074 quod
590 5013 618 5059 ut
629 5011 788 5072 Augustinus
800 5008 906 5067 dixerit,
927 5015 1015 5059 tamen
1035 5010 1100 5069 quod
1117 5010 1177 5057 nibil
1194 5010 1225 5058 sit
1238 5008 1299 5058 nihil
1316 5008 1397 5057 babet
1410 5009 1458 5056 nisi
1471 5005 1592 5057 vocabuli
1605 5006 1773 5068 nequicquam

437 5083 651 5148 explicationem,
676 5098 729 5134 non
753 5085 887 5134 Ciceronis
906 5085 1048 5133 verborum
1073 5099 1106 5133 au
1123 5098 1171 5145 quo
1191 5085 1255 5132 idem
1271 5085 1321 5132 nib.
1342 5085 1358 5131 d
1365 5084 1463 5131 icitur
1480 5082 1614 5144 quandam
1633 5082 1772 5144 repetitio·

436 5172 524 5209 nem.»
544 5160 584 5208 W.
601 5186 627 5196 -
648 5160 671 5208 l.
690 5172 741 5208 esso
757 5172 889 5223 superscr.
905 5173 939 5209 m.
954 5173 1008 5209 sec.
1025 5161 1081 5208 inG
1097 5187 1122 5195 -
1144 5159 1167 5209 l.
1187 5161 1259 5208 insila
1277 5162 1296 5209 G
1318 5186 1343 5195 -
1363 5160 1387 5207 5.
1405 5160 1535 5219 quaeritur
1552 5159 1599 5206 Gli
1615 5181 1649 5239 -3
1662 5156 1685 5205 8.
1699 5162 1773 5206 ructa

437 5232 466 5284 G¹
486 5258 514 5269 -
532 5233 633 5293 aliquod
650 5235 780 5296 quippiam
797 5236 816 5283 C
838 5261 864 5270 -
889 5236 927 5283 ll.
947 5235 1008 5282 irati
1025 5235 1085 5283 cod.
1106 5234 1255 5283 Vaticanus.
1277 5259 1303 5268 -
1329 5234 1369 5282 li.
1387 5236 1426 5282 sin
1444 5235 1508 5283 GB:
1531 5236 1552 5282 ri
1569 5233 1588 5281 ll
1608 5258 1641 5268 -
1665 5230 1704 5279 lli.
1724 5244 1773 5281 aa·

435 5309 561 5374 qritudina
578 5310 597 5357 G
615 5336 648 5345 -
667 5316 748 5371 posset
771 5311 846 5359 etiam
867 5312 894 5358 in
915 5311 1128 5369 miscricordiam,
1149 5322 1220 5371 posse
1244 5310 1271 5358 in
1295 5310 1426 5357 invidiam.
1449 5322 1500 5357 non
1517 5308 1571 5355 dini
1587 5306 1614 5355 in
1637 5305 1675 5368 (in
1692 5303 1773 5355 abest

436 5399 451 5434 a
469 5385 561 5436 codice
579 5383 778 5446 bambergensi.
799 5383 859 5434 Cl.l
877 5384 954 5447 583.)
973 5385 1118 5435 invidentia.
1137 5397 1202 5444 quau
1220 5389 1273 5433 tum
1289 5388 1338 5444 est,
1357 5397 1413 5431 cum
1430 5383 1572 5433 invidetur:
1590 5379 1622 5429 ab
1639 5380 1772 5430 invidendo

435 5467 519 5511 autum
535 5460 633 5508 inuidia
648 5464 714 5508 recte
731 5460 780 5508 dici
793 5465 887 5522 polest,
906 5464 934 5508 ut
951 5466 973 5508 et
988 5460 1117 5522 sapiamus
1129 5458 1273 5521 ambiqaum
1289 5472 1378 5507 nmncn
1394 5459 1505 5507 inuidiae
1516 5457 1615 5506 Nonius
1627 5469 1653 5519 p.
1667 5453 1723 5505 ild.
1741 5482 1770 5493 -

438 5563 464 5573 -
484 5538 524 5585 20.
544 5541 597 5584 tum
614 5535 676 5584 RB:
696 5547 752 5583 cum
769 5536 803 5587 G:
827 5536 903 5583 eliam
920 5535 1048 5590 Bouhier3
1068 5536 1125 5582 item
1142 5533 1261 5595 Bentley.
1287 5535 1386 5583 Sensus
1404 5537 1459 5583 est:
1480 5546 1548 5596 «quo
1566 5528 1698 5581 vocabulo
1715 5535 1772 5591 trun

436 5613 533 5662 rectius
551 5614 641 5667 utare,
660 5623 722 5659 curn
740 5608 816 5658 alicui
833 5608 867 5658 ab
886 5609 942 5659 aliis
961 5609 1101 5668 invidetur,
1122 5622 1202 5671 quarn
1216 5622 1277 5657 cum
1296 5612 1323 5657 lu
1336 5610 1392 5672 ipse
1406 5607 1481 5658 alteri
1493 5607 1625 5657 invideas:
1645 5609 1773 5669 quaeest

436 5687 524 5751 potius
541 5685 704 5734 invidentia.»
723 5686 767 5733 Or.
788 5711 814 5720 -
840 5686 880 5733 ti.
900 5687 993 5733 dictum
1010 5682 1039 5733 G¹
1060 5710 1085 5719 -
1112 5684 1153 5733 23.
1172 5685 1316 5745 Melanippo
1334 5685 1367 5733 C:
1392 5683 1573 5745 MelanippaO
1594 5707 1620 5715 -
1639 5680 1679 5731 il.
1699 5682 1771 5742 quir-

436 5776 496 5810 nam
511 5764 597 5824 piorem
614 5761 703 5809 inuidit
720 5762 821 5808 meum?
839 5760 955 5809 isidorus
973 5760 1007 5809 de
1025 5759 1195 5815 dillercntiis;
1215 5759 1287 5817 unde,
1307 5763 1352 5807 aut
1363 5760 1419 5822 quis
1431 5758 1544 5807 rnortalis
1559 5759 1647 5820 {torum
1664 5755 1772 5805 liberaum

436 5838 525 5886 inuidit
545 5835 645 5885 mam?
667 5836 766 5885 Nonius
788 5837 829 5896 (er
845 5837 933 5895 Aeolo)
957 5848 982 5898 p.
999 5836 1060 5892 500,
1090 5835 1156 5883 tlndc
1177 5834 1231 5894 quis
1255 5849 1303 5883 non
1326 5835 1440 5883 mortalis
1455 5836 1544 5897 floran
1560 5832 1664 5881 libcrrnn
1680 5832 1771 5882 inuidit

436 5911 536 5962 mcum?
552 5910 678 5962 Ribbeck.
699 5936 726 5947 -
746 5923 869 5974 quasnam
885 5905 915 5961 G¹
934 5936 961 5947 -
980 5911 1021 5960 at.
1039 5909 1156 5960 Attiano
1176 5936 1202 5945 -
1223 5908 1263 5958 26.
1280 5911 1343 5973 flore
1359 5910 1450 5959 nocuus
1468 5904 1541 5959 Gll¹.
