4342 7459
773 1261 839 1323 Lrs.
862 1260 902 1322 11.
932 1258 1166 1323 crull-111.
1193 1256 1239 1340 §s
1263 1255 1369 1322 1-9.
1673 1253 1735 1319 253

409 1448 488 1492 mur.
526 1421 621 1499 Quod
650 1420 674 1483 ii
701 1418 806 1483 ierunt
827 1419 933 1482 animo
955 1419 1078 1502 iniquo,
1103 1420 1158 1502 qui
1180 1418 1275 1481 certis
1298 1416 1486 1502 quibusdam
1508 1416 1737 1502 destinatisque

409 1519 577 1585 sententiis
604 1516 695 1600 qnasi
723 1514 840 1576 addicti
868 1521 900 1575 et
928 1512 1102 1575 consecrati
1132 1519 1207 1575 sunt
1228 1532 1330 1595 eaque
1352 1512 1539 1574 necessitate
1561 1514 1737 1589 constricti,

407 1622 446 1677 ut
471 1612 585 1684 etiarn,
616 1627 698 1693 quae
726 1627 792 1670 non
821 1606 954 1689 probare
984 1606 1124 1679 soleant,
1157 1626 1196 1670 ea
1230 1614 1385 1689 cogantur
1412 1607 1607 1670 constantiae
1641 1628 1737 1673 cansa

408 1704 596 1769 defendere:
626 1722 701 1775 nos,
732 1702 789 1785 qui
814 1702 978 1783 sequimur
1007 1699 1183 1783 probabilia
1208 1720 1267 1763 nec
1288 1700 1370 1763 ultra
1392 1719 1487 1783 quarn
1509 1700 1549 1761 od
1569 1701 1619 1775 id,
1648 1702 1736 1786 qnod

407 1802 474 1865 veri
497 1798 602 1863 simile
622 1796 777 1869 occurrit,
807 1795 955 1878 progredi
985 1814 1171 1876 possumus,
1194 1803 1226 1858 et
1251 1793 1397 1858 refellere
1419 1793 1489 1856 sine
1511 1793 1684 1876 pertinacia
1706 1803 1761 1860 ets

406 1894 511 1959 refelli
544 1894 614 1956 sine
645 1889 811 1954 iracundia
839 1889 941 1971 parati
973 1908 1093 1950 sumus.

491 1985 523 2049 6.
546 1985 643 2062 Quod
670 1986 697 2047 si
725 1983 804 2046 baec
833 1984 937 2046 studia
961 1983 1104 2045 traducta
1126 1989 1220 2045 erunt
1241 1983 1280 2046 ad
1303 1989 1446 2056 nostros,
1476 2003 1516 2045 ne
1538 1982 1738 2048 bibliothecis

407 2081 538 2167 quidem
562 2081 691 2143 Graecis
712 2079 893 2160 egebimus,
915 2078 947 2140 in
971 2077 1089 2159 quibus
1111 2077 1280 2140 multitudo
1295 2073 1417 2139 infinita
1434 2076 1586 2139 librorum
1608 2087 1739 2161 propter

407 2196 517 2239 eornm
533 2183 582 2237 est
597 2173 847 2245 multitudinem,
870 2170 927 2255 qui
950 2172 1162 2255 scripserunt:
1185 2172 1296 2234 eadem
1319 2166 1403 2233 enirn
1419 2171 1602 2234 dicuntura
1621 2174 1738 2247 multis,

407 2291 449 2333 ex
471 2289 537 2352 quo
557 2267 647 2331 libris
670 2267 776 2329 omnia
797 2265 1006 2329 referserunt:
1037 2266 1121 2349 quod
1143 2265 1265 2329 accidet
1286 2266 1380 2328 etiam
1402 2266 1536 2338 nostris,
1558 2265 1585 2327 si
1606 2265 1645 2329 ad
1660 2267 1776 2331 bsecro

408 2363 511 2428 studia
535 2363 643 2445 plures
666 2362 888 2424 confluxerint
922 2360 984 2423 Sed
1008 2379 1080 2432 eos,
1097 2359 1130 2421 -si
1152 2379 1339 2442 possumus,
1369 2360 1561 2432 excitemus,
1584 2362 1639 2444 qui
1661 2361 1741 2425 libe·

408 2458 517 2521 raliter
538 2456 656 2520 eruditi
677 2454 820 2518 adbibita
842 2455 935 2518 etiam
958 2453 1134 2516 disserendi
1157 2453 1313 2535 elegantia
1335 2453 1457 2516 ratione
1482 2460 1515 2516 et
1529 2455 1581 2517 via
1601 2453 1741 2538 pbiloso·

408 2553 556 2636 pbantur.
600 2551 654 2613 lll.
683 2548 714 2612 7.
741 2552 798 2612 Est
827 2551 912 2614 enim
935 2546 1095 2632 quoddam
1119 2567 1219 2630 genus
1241 2566 1368 2620 eorum,
1398 2548 1510 2629 quise
1533 2547 1740 2631 philosophos

409 2645 566 2730 appellari
588 2644 712 2717 volunt,
735 2664 871 2725 quorum
889 2644 1037 2706 dicuntur
1059 2661 1130 2704 esse
1146 2641 1250 2703 Latini
1266 2660 1341 2702 sane
1357 2640 1448 2702 multi
1466 2640 1555 2703 libri:
1579 2661 1660 2724 quos
1674 2661 1740 2704 non

408 2747 579 2804 contemno
600 2738 767 2822 equidem,
790 2739 910 2821 quippe
932 2757 1013 2820 quos
1032 2757 1204 2820 numquam
1221 2735 1368 2817 legerim:
1391 2735 1447 2797 sed
1462 2738 1538 2819 quia
1554 2735 1742 2818 profitentur
1751 2755 1779 2799 rs

406 2834 468 2916 ipsi
499 2832 566 2905 illi,
596 2832 651 2914 qui
684 2850 739 2893 eos
770 2830 926 2901 scribunt,
956 2852 990 2894 se
1019 2850 1124 2914 neque
1146 2830 1293 2893 distincte
1318 2849 1424 2911 neque
1447 2829 1614 2894 distribute
1636 2851 1741 2915 neque

408 2928 573 3010 eleganter
594 2943 698 3007 neque
715 2930 825 2987 ornate
845 2924 998 2996 scribere,
1021 2924 1190 2988 lectionem
1206 2924 1276 2987 sine
1290 2922 1355 2985 ulla
1371 2921 1580 2986 delectatione
1597 2924 1741 3008 neglego.

409 3020 494 3095 Quid
518 3020 603 3081 enim
627 3018 733 3080 dicant
756 3016 886 3099 etquid
909 3019 1046 3080 sentiant
1067 3018 1107 3090 ii,
1136 3018 1191 3099 qni
1220 3017 1355 3079 suntab
1377 3035 1414 3079 ea
1437 3017 1619 3098 disciplina,
1647 3039 1741 3082 nemo

407 3135 444 3177 se
466 3112 669 3176 mediocriter
690 3112 818 3196 quidem
842 3112 955 3175 doctus
977 3114 1112 3194 ignorat
1149 3111 1251 3186 Quam
1275 3109 1315 3171 ob
1338 3130 1404 3172 rem
1426 3111 1575 3193 quoniam
1591 3112 1742 3195 quemad

408 3207 539 3272 modum
570 3206 678 3270 dicant
704 3206 765 3289 ipsi
794 3225 859 3268 non
888 3206 1047 3280 laborant,
1079 3226 1136 3267 cur
1165 3205 1291 3287 legendi
1320 3206 1400 3278 sint,
1423 3205 1484 3267 nisi
1507 3205 1568 3288 ipsi
1588 3206 1672 3269 inter
1693 3221 1779 3279 se,so

408 3302 464 3385 qui
492 3300 581 3364 idem
607 3301 766 3373 sentiunt,
800 3320 865 3363 non
891 3301 1053 3382 intellego.
1103 3297 1133 3361 8.
1161 3301 1254 3373 Nam,
1287 3307 1323 3362 ut
1350 3299 1514 3362 Platonem
1535 3299 1774 3384 reliquosque·

410 3395 593 3458 Socraticos
625 3404 657 3458 et
685 3395 837 3476 deinceps
866 3414 938 3468 eos,
970 3395 1025 3477 qui
1054 3395 1094 3457 ab
1124 3394 1173 3457 bis
1206 3393 1338 3475 proiecti
1365 3400 1454 3467 sunt,
1488 3392 1597 3476 legunt
1618 3414 1743 3467 omnes,

410 3491 504 3553 etiam
536 3490 591 3572 qui
620 3490 675 3552 illa
703 3497 757 3551 aut
784 3508 848 3552 non
874 3488 1050 3571 adprobant
1077 3496 1132 3550 aut
1160 3507 1225 3550 non
1254 3486 1487 3550 studiosissime
1509 3497 1743 3564 consectantur,

408 3583 583 3666 Epicurum
605 3591 710 3646 autem
734 3590 766 3645 et
787 3583 1004 3645 Metrodorum
1025 3602 1090 3644 non
1112 3581 1178 3644 sere
1200 3588 1326 3662 praeter
1347 3599 1422 3642 suos
1438 3581 1608 3664 quisquam
1629 3583 1663 3645 in
1678 3602 1744 3646 rna·

409 3697 471 3740 nus
497 3677 611 3751 sumit,
644 3678 688 3740 sic
718 3676 777 3740 bos
806 3676 937 3738 Latinos
966 3674 988 3736 ii
1020 3674 1079 3737 soli
1108 3674 1233 3757 legunt,
1264 3674 1321 3757 qui
1350 3674 1406 3736 illa
1428 3682 1513 3737 recte
1536 3674 1599 3738 dici
1622 3685 1781 3759 putantes

409 3770 509 3833 Nobis
531 3777 639 3832 autem
654 3769 794 3844 videtur,
817 3768 970 3853 quicquid
992 3768 1104 3831 litteris
1119 3768 1302 3841 mandetur,
1324 3767 1356 3829 id
1372 3769 1587 3833 commendari
1602 3772 1742 3834 omnium

410 3862 610 3928 eruditorum
638 3863 767 3927 lectioni
798 3863 922 3926 decere.
959 3863 1040 3937 Nec,
1071 3863 1098 3925 si
1121 3861 1154 3923 id
1176 3861 1237 3945 ipsi
1260 3862 1365 3925 minus
1388 3864 1541 3945 consequi
1563 3882 1743 3947 possumus,

409 3957 529 4021 ideirco
560 3959 664 4021 minus
687 3952 744 4040 [id]
770 3958 814 4020 ita
835 3954 1012 4019 iaciendum
1037 3975 1107 4018 esse
1130 3956 1293 4019 sentimus.
1335 3953 1366 4017 9.
1387 3956 1500 4040 ltaque
1521 3954 1598 4020 mibi
1619 3978 1746 4041 semper

410 4052 693 4133 Peripateticorum
716 4052 970 4133 Academiaeque
992 4050 1189 4113 consuetudo
1213 4048 1253 4112 de
1276 4050 1421 4113 omnibus
1448 4050 1544 4113 rebus
1565 4051 1598 4113 in
1621 4061 1744 4116 contra·

411 4148 474 4209 rias
506 4146 605 4230 partis
634 4145 811 4209 disserendi
842 4164 906 4206 non
935 4144 976 4205 ob
1006 4163 1074 4205 eam
1098 4163 1224 4206 causam
1248 4143 1351 4207 solum
1373 4143 1509 4226 placuit,
1542 4144 1629 4227 quod
1652 4146 1781 4209 aliterao

411 4260 474 4303 non
497 4247 608 4322 posset
630 4240 706 4323 quid
729 4240 761 4300 in
786 4258 910 4322 quaque
934 4257 966 4299 re
989 4239 1055 4299 veri
1078 4238 1179 4300 simile
1195 4247 1279 4300 esset
1300 4238 1451 4311 inveniri,
1474 4238 1528 4300 sed
1546 4239 1640 4301 etiam
1657 4239 1743 4323 quod

412 4344 497 4398 esset
519 4355 558 4398 ea
580 4354 726 4398 maxuma
749 4333 874 4396 dicendi
898 4332 1099 4394 exercitatio:
1123 4352 1186 4415 qua
1208 4332 1356 4414 princeps
1379 4353 1456 4395 usus
1480 4340 1529 4395 est
1550 4334 1744 4408 Aristoteles,

413 4429 530 4493 deinde
562 4450 633 4492 eum
663 4429 719 4512 qui
750 4428 850 4490 secuti
878 4435 960 4490 sunt.
997 4427 1112 4489 Nostra
1132 4434 1237 4488 autem
1260 4426 1411 4489 memoria
1433 4426 1538 4500 Philo,
1569 4447 1664 4510 quem
1686 4447 1744 4491 nos

480 4685 504 4729 l.
523 4681 590 4742 qood
610 4681 635 4727 bi
653 4681 672 4729 C
692 4706 718 4714 -
744 4680 786 4741 qui
802 4680 875 4728 certis
886 4705 923 4716 ··
934 4679 1072 4729 consecrati
1090 4684 1147 4726 sunt
1167 4680 1265 4729 Nonius
1282 4692 1308 4743 p.
1327 4679 1367 4729 69.
1389 4705 1415 4714 -
1436 4678 1461 4729 l.
1479 4694 1536 4739 nes,
1556 4681 1599 4742 qui
1610 4682 1745 4743 --paroti

411 4769 498 4805 nmina
515 4755 641 4804 Boethius
659 4769 684 4819 p.
705 4755 762 4813 318,
781 4754 887 4804 39-11.
909 4782 935 4791 -
956 4757 998 4816 qui
1015 4756 1041 4803 in
1059 4756 1079 4802 G
1097 4767 1232 4816 superscr.
1251 4756 1347 4803 eadem
1365 4767 1401 4803 m.
1414 4778 1447 4790 -
1464 4755 1498 4803 od
1515 4752 1562 4805 W:
1584 4769 1637 4806 om.
1652 4757 1701 4807 CO
1717 4786 1743 4794 -

411 4834 438 4881 s.
458 4832 568 4880 occurit
592 4831 610 4878 C
634 4833 661 4879 et
682 4830 822 4879 boethius:
849 4832 986 4878 ocwrrerit
1003 4829 1031 4878 0.
1064 4828 1234 4891 «Tregderus
1257 4842 1339 4879 unum
1358 4833 1431 4878 recte
1449 4828 1524 4890 lecit,
1548 4831 1619 4895 quod
1636 4836 1747 4884 masnil

411 4907 517 4970 scripsit
535 4904 576 4966 (ct.
597 4904 681 4954 Madv.
701 4903 734 4952 nd
753 4904 807 4952 Pin.
827 4916 852 4966 p.
872 4903 942 4964 690),
970 4902 1082 4952 alterum
1101 4915 1255 4967 perperam,
1280 4904 1351 4966 quod
1369 4917 1431 4953 cum
1449 4906 1578 4965 blenutio,
1597 4905 1652 4958 aliis
1670 4922 1746 4970 quom

411 4983 488 5031 uncis
506 4979 620 5030 inclusit.
646 4981 699 5029 Cur
717 4979 787 5029 enim
806 4980 947 5041 quisquam
965 4977 1098 5027 adderet‘l
1115 4983 1161 5027 aut
1178 4992 1246 5041 qnae
1264 4980 1301 5029 sic
1320 4978 1426 5029 errandi
1439 4978 1485 5028 luit
1497 4982 1620 5031 occasio‘l
1638 4983 1747 5033 Accedit

412 5056 595 5105 testimonium
619 5055 732 5113 Boethii,
757 5057 801 5118 qni
823 5054 905 5104 habet
926 5069 971 5103 nee
990 5055 1059 5103 ultra
1080 5067 1157 5115 qnam
1180 5056 1245 5116 qnod
1265 5057 1330 5114 cel.;
1355 5054 1388 5104 cl.
1408 5054 1450 5113 ΙΙΙ,
1469 5053 1514 5104 la:
1536 5082 1563 5092 -
1583 5057 1679 5119 aliqaid
1693 5059 1747 5108 veri

411 5130 511 5180 mile?
528 5144 577 5192 quo
594 5129 691 5192 begins
709 5129 732 5190 (i.
753 5143 777 5178 e.
796 5128 898 5192 longius
915 5130 986 5179 enim
1004 5143 1080 5191 quom
1098 5143 1130 5178 eo
1148 5143 1169 5179 s.
1189 5131 1223 5179 od
1240 5130 1275 5191 id)
1291 5143 1360 5179 mens
1375 5130 1488 5178 lemano
1502 5132 1621 5194 progredi
1637 5146 1687 5181 non
1698 5147 1747 5196 po·

412 5210 466 5255 test.
490 5204 509 5268 [l
518 5243 524 5265 ,
545 5205 575 5253 tr
584 5219 589 5252 ε
608 5205 678 5253 altro
694 5218 742 5265 qao
758 5206 909 5267 progredior
925 5218 1002 5268 quarn
1017 5210 1045 5253 ot
1061 5205 1115 5254 veri
1131 5204 1224 5253 nmilia
1239 5205 1337 5253 videam
1353 5218 1402 5253 non
1418 5204 1515 5266 baben]
1539 5206 1566 5255 ln
1584 5207 1745 5272 archetypo,

411 5284 444 5329 ut
461 5279 560 5330 multae
578 5278 644 5329 aliae
661 5278 781 5339 voculae,
800 5282 836 5329 sic
854 5281 880 5329 h.
895 5279 910 5329 l.
926 5282 995 5329 inter
1011 5294 1088 5342 quam
1105 5283 1132 5329 et
1147 5281 1174 5329 id
1191 5280 1288 5330 excidit
1305 5282 1351 5341 nd,
1369 5281 1394 5329 in
1408 5281 1507 5329 Boethii
1520 5280 1580 5330 cod.
1593 5283 1627 5330 od
1639 5283 1689 5332 id.»
1703 5283 1745 5332 W.

415 5381 443 5391 -
463 5361 487 5404 et
508 5355 587 5415 refelli
607 5356 659 5403 sine
678 5356 819 5415 pertinacia
842 5359 866 5404 et
886 5355 996 5416 refellere
1016 5356 1067 5404 sine
1088 5357 1222 5404 tremendis
1243 5356 1377 5406 Boethius.
1399 5380 1425 5391 -
1451 5356 1490 5405 t0.
1510 5356 1647 5418 nequibas
1667 5357 1748 5407 verbis

412 5431 491 5481 ettam
507 5432 592 5479 omnin
608 5431 760 5490 referserunt
778 5431 926 5479 Priscianus
938 5431 969 5490 ΙΙ,
983 5430 1007 5489 9,
1021 5428 1061 5479 19.
1077 5455 1102 5463 -
1125 5431 1163 5478 tl.
1177 5433 1353 5494 confluxerant
1369 5432 1469 5480 0111-
1490 5432 1529 5481 ts.
1547 5432 1748 5494 ploosopnenrnr

415 5507 507 5556 llerrn.
526 5506 666 5569 Sauppius.
683 5533 709 5541 -
729 5507 769 5555 tt.
788 5511 933 5568 centenpno
950 5509 969 5554 G
989 5531 1015 5539 -
1037 5505 1075 5554 ta.
1096 5506 1120 5552 ti
1138 5506 1157 5553 C
1174 5531 1195 5541 -
1216 5504 1254 5552 19.
1273 5517 1304 5553 ne
1321 5517 1412 5567 margo
1425 5503 1467 5554 ed.
1482 5517 1506 5553 n.
1521 5505 1598 5556 t58l:
1617 5520 1670 5557 om.
1685 5508 1744 5557 CO.

415 5579 473 5627 vid.
493 5578 597 5642 iladvig
613 5579 647 5628 ad
666 5581 738 5630 Finn.
758 5582 800 5639 ΙΙΙ,
819 5581 833 5629 3
852 5593 877 5645 p.
892 5580 948 5630 318.
970 5604 996 5616 -
1017 5580 1057 5628 at.
1077 5582 1120 5641 qni
1135 5580 1207 5641 idem]
1227 5580 1324 5640 quises
1341 5582 1361 5629 G
1375 5606 1401 5614 -
1421 5580 1461 5629 83.
1480 5587 1658 5630 consonanter
1674 5582 1743 5631 1:¹-

413 5657 456 5705 25.
474 5657 536 5705 bic
564 5681 590 5690 -
613 5655 654 5703 27.
674 5655 700 5702 id
722 5654 816 5704 cedern
840 5669 876 5705 m.
896 5668 1028 5719 superscr.
1049 5656 1073 5703 in
1093 5658 1112 5703 G
1134 5681 1158 5690 -
1183 5654 1269 5704 18.Ιο
1290 5652 1342 5702 del.
1363 5654 1576 5703 Bakellnemos.
1596 5656 1661 5718 llp.
1681 5654 1744 5713 lli:

415 5743 465 5780 ooo
482 5728 649 5779 seclusimus.
671 5755 697 5765 -
717 5730 842 5793 sentimas]
860 5743 983 5779 censemus
999 5729 1068 5778 Bake
1087 5727 1174 5778 Schol.
1188 5730 1321 5792 llypomn.
1341 5728 1373 5777 ΙΙ1
1394 5741 1419 5790 p.
1436 5727 1476 5776 82.
1497 5753 1523 5763 —
1543 5728 1584 5776 30.
1603 5728 1745 5793 ammon]

414 5804 534 5854 ultimam
553 5803 684 5865 syllabam
703 5806 729 5855 in
747 5818 838 5855 rasura
856 5805 938 5854 habet
955 5806 974 5853 G
996 5832 1021 5840 -
1044 5803 1084 5853 at.
1104 5817 1154 5853 esse
1170 5817 1239 5853 corr.
1259 5802 1317 5853 ead.
1337 5816 1373 5852 m.
1392 5803 1417 5851 in
1437 5808 1496 5852 esset
1514 5803 1532 5852 ΙΙ
1552 5828 1578 5839 -
1597 5805 1746 5854 inumirelt

415 5880 535 6004 h-anqog
555 5883 590 5928 est
615 5892 646 5928 eo
669 5878 795 5930 Halmius.
821 5904 846 5917 -
874 5882 914 5931 32.
932 5881 1044 5931 monime
1066 5881 1135 5930 Balsa
1159 5881 1286 5930 Mnemon.
1308 5880 1330 5929 ΙΙ
1354 5890 1379 5942 p.
1401 5876 1457 5928 iti.
1484 5890 1582 5939 —quo
1605 5879 1631 5930 in
1654 5891 1746 5930 rasura

471 5968 485 6004 c
538 5991 544 6002 .
