4342 7459
526 1238 610 1308 ⁴050
1080 1240 1295 1307 CICERONIS

524 1400 635 1463 Vidisti
656 1407 688 1462 et
706 1398 788 1463 claro
807 1398 957 1463 tremulos
978 1396 1091 1461 ardore
1117 1402 1271 1468 cometas,

523 1492 679 1574 llultaque
693 1495 817 1556 misceri
836 1502 986 1555 nocturna
1004 1500 1108 1571 strage
1127 1495 1259 1570 putasti:

525 1585 616 1668 Quod
633 1588 730 1648 terme
751 1586 852 1649 dirum
866 1588 897 1648 iu
917 1594 1040 1666 tempus
1061 1582 1206 1646 cecidere
1227 1582 1368 1656 Latinae,

526 1680 603 1741 Cum
624 1678 741 1743 claram
757 1681 894 1762 speciem
916 1686 1061 1741 concreto
1080 1678 1198 1739 lumine
1218 1675 1290 1737 luna

523 1772 653 1836 Abdidit
669 1783 700 1837 et
718 1776 821 1838 subito
841 1775 975 1838 stellanti
995 1781 1086 1836 nocte
1107 1779 1268 1853 perempta
1292 1777 1351 1832 est.

600 1868 682 1943 Quid
699 1887 774 1931 vero
793 1870 908 1931 Phoebi
927 1870 994 1946 lax,
1015 1869 1113 1930 tristis
1136 1866 1244 1928 nuntia
1266 1863 1355 1943 belli,
1488 1944 1490 1947 y

525 1964 612 2037 Quae
631 1980 776 2042 magnum
797 1961 838 2025 ad
857 1962 1000 2023 columen
1018 1961 1175 2023 flammato
1195 1958 1308 2021 ardore
1326 1957 1467 2037 volabat,

421 2114 423 2116 ,
524 2056 705 2135 Praecipitis
725 2055 801 2118 caeli
819 2058 916 2136 partis
935 2055 1103 2134 obitusque
1127 2052 1317 2134 petessens‘l

524 2150 587 2212 Aut
608 2167 678 2211 cum
696 2149 826 2211 terribili
843 2167 1013 2230 percussus
1035 2148 1160 2211 lulmine
1180 2149 1255 2210 civis

525 2244 608 2305 Luce
628 2244 786 2305 serenanti
803 2243 907 2305 vitalia
929 2242 1045 2304 lumina
1069 2241 1181 2321 liquit?

525 2337 587 2399 hut
605 2355 675 2398 cum
695 2354 730 2399 se
750 2336 878 2417 gravido
897 2338 1068 2400 tremefecit
1087 2355 1217 2417 corpore
1237 2335 1350 2399 tellus?

526 2432 591 2491 lam
609 2448 684 2491 vcro
704 2433 808 2494 variae
826 2440 977 2494 nocturno
997 2439 1139 2510 tempore
1157 2433 1244 2493 visae

527 2522 696 2585 Terribiles
712 2524 829 2587 formae
848 2524 965 2587 bellum
989 2534 1155 2605 motusque
1175 2524 1361 2598 monebant,

526 2616 682 2697 llultaque
699 2635 757 2697 per
776 2627 876 2681 terras
898 2627 987 2681 vates
1007 2618 1111 2681 oracla
1131 2620 1245 2707 furenti

527 2711 656 2772 Pectore
677 2709 849 2774 tundebant
867 2713 963 2774 tristis
981 2713 1152 2775 minitantia
1171 2730 1282 2775 casus:

526 2805 630 2884 Atque
650 2823 705 2883 aa,
726 2822 807 2884 quae
824 2805 914 2887 lapsu
934 2806 1059 2869 tandem
1083 2804 1226 2868 cecidere
1245 2812 1386 2883 vetusto,

526 2898 610 2960 llaec
627 2899 693 2960 lore
710 2900 871 2979 perpetuis
891 2901 987 2980 signis
1012 2898 1169 2980 clarisque
1187 2900 1389 2979 frequentans

526 2992 598 3072 lpse
619 2990 712 3053 deum
730 2995 851 3073 genitor
870 2993 956 3056 caelo
976 2995 1132 3074 terrisque
1152 2993 1296 3056 canebat.

527 3087 615 3148 Nunc
636 3103 689 3165 ea,
711 3087 866 3167 Torquato
887 3106 968 3168 quae
987 3086 1145 3169 quondam
1166 3097 1197 3149 et
1216 3085 1345 3150 consule
1365 3087 1454 3150 Cotta

527 3178 642 3260 Lydius
660 3179 803 3243 ediderat
820 3182 997 3262 Tyrrhenae
1016 3183 1118 3262 gentis
1141 3183 1313 3262 haruspex,

529 3273 639 3336 Omnia
659 3274 719 3337 fixa
740 3283 811 3337 tuus
830 3275 1007 3355 glomerans
1027 3274 1215 3338 determinat
1234 3294 1341 3338 annus.

528 3369 605 3430 Nam
625 3376 714 3448 pater
733 3369 897 3431 altitonans
917 3368 1052 3432 stellanti
1073 3371 1164 3431 nixus
1183 3369 1315 3451 Olympo

528 3463 600 3542 lpse
619 3481 695 3524 suos
715 3462 872 3542 quondam
892 3461 1027 3525 tumulos
1046 3482 1084 3526 ac
1105 3462 1220 3543 templa
1240 3464 1364 3545 petivit,

527 3558 567 3620 Et
586 3556 766 3638 Capitolinis
786 3559 889 3619 iniecit
908 3557 1037 3620 sedibus
1056 3559 1146 3637 ignis.

528 3653 605 3714 Tum
625 3653 748 3731 species
769 3670 807 3712 ex
827 3671 900 3714 aere
921 3660 1010 3714 vetus
1029 3661 1242 3733 venerataque
1261 3654 1370 3715 Nattae

529 3744 687 3819 Concidit,
708 3743 896 3826 elapsaeque
916 3753 1039 3807 vetusto
1058 3747 1184 3806 numine
1208 3745 1310 3825 leges,

527 3841 566 3903 Et
585 3838 686 3900 divom
707 3837 869 3901 simulacra
890 3841 1021 3920 peremit
1041 3838 1176 3901 lulminis
1197 3840 1303 3925 ardor.-

527 3933 582 3994 llic
601 3932 753 3994 silvestris
773 3941 840 3995 erat
858 3934 986 3995 liomani
1006 3935 1139 3994 nominis
1161 3933 1267 4009 altrix,

527 4027 649 4103 llartia,
670 4044 752 4107 quae
770 4045 884 4107 parvos
903 4028 1046 4089 Mavortis
1067 4028 1186 4088 semine
1207 4035 1296 4089 natos

527 4121 683 4183 Uberibus
702 4121 838 4200 gravidis
858 4121 942 4182 vitali
963 4140 1032 4182 rore
1053 4121 1189 4198 rigabat:

528 4216 614 4288 Quae
635 4224 698 4275 tum
719 4235 789 4276 cum
809 4217 914 4295 pueris
935 4216 1089 4275 flammato
1110 4214 1244 4275 fulminis
1270 4217 1333 4276 ictu

528 4310 672 4371 Concidit
691 4319 784 4389 atque
805 4310 910 4371 avolsa
930 4308 1045 4388 pedum
1067 4310 1198 4387 vestigia
1218 4308 1317 4387 liquit.

528 4403 604 4464 Tum
625 4405 694 4481 quis
714 4423 775 4463 ncn
796 4405 872 4464 artis
893 4403 1008 4481 scripta
1028 4420 1064 4462 ac
1084 4411 1284 4463 monumenta
1304 4401 1446 4464 volutans

527 4498 627 4557 Voces
647 4498 801 4557 tristificas
822 4498 935 4557 chartis
955 4495 1120 4575 promebat
1137 4496 1298 4556 Etruscis?

529 4591 644 4650 Omnes
665 4590 785 4651 civilem
806 4608 957 4669 generosa
977 4591 1074 4668 stirpe
1095 4590 1265 4668 prolectam

527 4685 632 4744 Vitare
652 4686 809 4762 ingentem
830 4683 951 4744 cladem
971 4692 1158 4763 pestemque
1184 4682 1369 4758 monebant,

527 4777 581 4839 Vel
603 4778 704 4855 legum
726 4779 852 4838 exitium
872 4778 1025 4838 constanti
1046 4796 1121 4836 voce
1143 4777 1299 4853 terebant,

528 4872 653 4951 Templa
675 4870 831 4950 deumque
851 4872 929 4932 adeo
949 4872 1079 4932 llamrnis
1101 4870 1273 4949 urbemque
1300 4867 1450 4929 iubebant

526 4968 654 5046 Eripere
676 4975 707 5025 et
726 4975 861 5043 stragem
882 4964 1058 5025 horribilem
1080 4965 1273 5042 caedemque
1294 4962 1411 5022 vereri:

527 5064 628 5139 Atque
648 5061 724 5121 haec
746 5060 805 5120 fixa
825 5061 910 5136 gravi
931 5060 990 5118 lato
1011 5077 1047 5119 ac
1067 5057 1193 5119 lundata
1214 5057 1331 5132 teneri,

527 5156 563 5215 Ni
584 5156 670 5233 prius
691 5152 848 5213 excelsum
869 5152 908 5212 ad
929 5153 1071 5212 columen
1094 5154 1221 5212 formata
1245 5150 1376 5226 decore,

528 5250 641 5310 Sancta
661 5249 740 5307 lovis
761 5247 883 5326 species
904 5245 1003 5306 claros
1025 5254 1183 5325 spectaret
1201 5246 1233 5305 in
1261 5254 1358 5304 ortus.

527 5345 603 5404 Tum
624 5342 687 5401 lore
709 5350 741 5400 ut
761 5339 898 5401 occultos
918 5340 1052 5419 populus
1074 5349 1265 5417 sanctusque
1286 5345 1414 5399 senatus

527 5438 663 5498 Cernere
684 5443 812 5495 conatus
833 5443 957 5514 posset,
979 5436 1004 5494 si
1026 5434 1100 5494 solis
1121 5432 1159 5494 ad
1182 5441 1282 5492 crtum

527 5531 701 5599 Conversa,
723 5527 795 5588 inde
815 5537 937 5608 patrum
958 5527 1051 5588 sedes
1072 5526 1242 5606 populique
1263 5525 1393 5586 videret.

526 5624 608 5684 llaec
628 5620 747 5682 tardata
769 5621 820 5681 diu
841 5623 963 5700 species
984 5621 1177 5699 multumque
1203 5628 1322 5681 morata

527 5715 661 5779 Consule
682 5724 711 5776 te
733 5717 857 5776 tandem
878 5715 962 5776 celsa
982 5722 1030 5774 est
1050 5715 1080 5774 in
1101 5713 1177 5774 sede
1198 5712 1316 5787 locata,

525 5814 627 5892 Atque
648 5829 708 5873 una
728 5811 780 5872 firi
800 5829 836 5871 ac
857 5810 966 5888 signati
988 5809 1136 5889 temporis
1163 5807 1237 5869 hora
