4342 7459
952 1255 1203 1324 FRAGMENTA.

414 1416 555 1497 Iuppiter
572 1412 697 1477 excelsa
717 1413 856 1477 clarabat
874 1421 999 1494 sceptra
1022 1414 1177 1492 columna;

413 1511 453 1573 Et
471 1506 578 1573 clades
595 1509 715 1589 patriae
734 1508 858 1571 flamma
875 1510 1022 1589 ferroque
1040 1516 1150 1589 parata

414 1602 553 1666 Vocibus
570 1600 771 1681 Allobrogum
791 1601 933 1682 patribus
953 1601 1132 1683 populoque
1154 1602 1292 1682 patebat.

414 1698 480 1760 Rite
499 1696 592 1776 igitur
609 1702 751 1774 vetares,
772 1713 905 1776 quorum
923 1704 1123 1758 monumenta
1143 1698 1278 1775 tenetis,

414 1792 474 1867 Qui
493 1787 626 1872 populos
645 1789 795 1870 urbisque
815 1790 907 1853 modo
928 1808 965 1851 ac
982 1790 1097 1852 virtute
1116 1790 1287 1871 regebant,

413 1886 482 1947 Rite
501 1884 593 1946 etiam
614 1884 709 1945 vestri
728 1902 860 1964 quorum
878 1885 1042 1964 pietasque
1062 1883 1205 1963 fidesque

413 1980 569 2044 Praestitit
586 1997 624 2042 ac
642 1979 733 2058 longe
753 1980 827 2040 vicit
846 1978 997 2058 sapientia
1022 1985 1168 2055 cunctos,

413 2074 584 2153 Praecipue
603 2071 729 2134 coluere
748 2072 863 2152 vigenti
883 2072 1009 2133 numine
1030 2069 1128 2132 divos.

412 2168 497 2230 llaec
516 2165 595 2229 adeo
614 2168 740 2247 penitus
760 2183 835 2228 cura
852 2163 960 2227 videre
980 2166 1084 2244 sagaci

414 2261 484 2324 Otia
504 2260 557 2341 qui
576 2259 687 2322 studiis
707 2259 779 2322 laeti
798 2266 928 2321 tenuere
948 2257 1087 2337 decoris,

413 2357 512 2435 lnque
530 2353 698 2416 Academia
716 2352 884 2415 umbrifera
902 2350 1063 2432 nitidoque
1088 2354 1188 2432 Lyceo

412 2447 573 2511 Fuderunt
591 2446 692 2510 claras
710 2446 835 2509 fecundi
856 2446 991 2526 pectoris
1016 2449 1109 2507 artis:

412 2542 437 2605 E
457 2540 572 2621 quibus
592 2549 733 2622 ereptum
751 2541 851 2621 primo
870 2540 931 2601 iam
951 2558 969 2602 a
987 2539 1064 2601 liora
1083 2541 1244 2619 iuventae,

413 2636 457 2697 Te
475 2636 575 2715 patria
594 2634 627 2697 iu
645 2634 748 2696 media
768 2635 913 2696 virtutum
932 2631 1014 2693 mole
1039 2631 1161 2695 locavit.

413 2729 459 2790 Tu
479 2738 583 2791 umen
603 2729 757 2791 anxiferas
776 2744 868 2790 curas
887 2727 1030 2807 requiete
1049 2725 1208 2794 relaxans

417 2820 508 2898 Quod
525 2823 645 2902 patriae
664 2829 765 2900 vacat,
784 2820 816 2882 id
836 2822 946 2883 studiis
965 2810 1280 2900 nobisqua'sacrasti.

647 2916 803 2994 (Cicero
823 2915 863 2977 da
883 2916 1015 2977 Divinat.
1038 2912 1057 2975 l.
1080 2916 1105 2974 1.
1127 2932 1155 2975 c.
1178 2915 1298 2977 11-13.
1325 2915 1354 2994 §-
1384 2913 1517 2992 17-22.)

414 3011 516 3090 Atque
536 3010 639 3071 animo
657 3008 802 3090 pendens
822 3011 844 3087 †
863 3017 956 3071 noctu
976 3014 1087 3071 eventa
1110 3007 1247 3071 timebat.

487 3104 648 3176 (Nonius
665 3122 696 3165 v.
715 3104 854 3167 Eventus
873 3122 906 3184 p.
934 3103 1010 3180 201.)

412 3199 549 3272 Quorum
568 3196 708 3260 luxuries
727 3199 749 3275 †
767 3200 922 3260 fortunata
948 3212 1043 3258 censa
1066 3196 1198 3277 peperit.

492 3292 658 3368 (Nouius
676 3312 706 3354 v.
728 3292 850 3355 Census
868 3309 901 3371 p.
928 3290 1011 3366 202.)

992 3422 1073 3483 Lra.
1106 3422 1161 3481 lll.

416 3577 538 3635 Interea
558 3587 687 3650 cursus,
707 3588 786 3651 quos
805 3573 906 3652 prima
925 3580 1051 3652 aparte
1075 3573 1236 3650 iuventae,

414 3669 563 3747 Quosque
582 3665 661 3728 adeo
681 3663 789 3727 consul
810 3667 924 3727 virtute
943 3666 1109 3746 animoque
1130 3666 1254 3745 petisti,

412 3761 475 3823 llos
496 3761 597 3822 retina
617 3770 711 3841 atque
732 3778 811 3840 auge
830 3761 942 3822 lamam
961 3759 1134 3840 laudesque
1155 3759 1318 3821 bonorum.

761 3855 914 3932 (Cicero
933 3852 975 3916 ad
993 3856 1055 3915 Att.
1077 3851 1097 3913 l.
1118 3853 1153 3915 ll.
1175 3871 1225 3933 ep.
1246 3853 1274 3913 3.
1297 3853 1326 3932 §-
1348 3853 1393 3929 3.)

846 4005 1044 4066 Percurre!
1062 4020 1204 4066 mesurae
1224 4021 1314 4065 snnrs.

485 4157 521 4215 lu
539 4160 661 4215 montes
679 4154 798 4234 patrios
818 4161 850 4216 et
868 4152 909 4216 ad
927 4150 1114 4214 incunabula
1134 4158 1240 4213 nostra

484 4248 626 4327 Pergam.
658 4247 820 4325 (Cicero
846 4246 886 4308 ad
908 4249 970 4308 Att.
999 4245 1019 4306 l.
1042 4247 1080 4306 ll.
1103 4263 1153 4325 ep.
1176 4245 1221 4307 15.
1243 4244 1271 4323 5.
1293 4244 1321 4305 3.
1343 4242 1520 4306 Tuustallus
1539 4244 1596 4324 Ep.
1618 4264 1649 4326 p.
1673 4245 1737 4309 109.

411 4338 451 4404 ad
469 4341 598 4404 llarium
618 4341 740 4418 refert.)

809 4471 846 4538 X.
892 4471 944 4537 DE
966 4470 1054 4540 SUlS
1076 4468 1340 4541 TEMPORIBUS.
1746 4518 1776 4568 30

485 4634 529 4695 De
558 4633 624 4696 suis
653 4630 846 4712 temporibus
876 4632 986 4695 Cicero
1016 4637 1081 4691 tres
1111 4629 1281 4690 carminum
1310 4626 1407 4691 libros
1427 4645 1462 4690 se
1482 4629 1646 4710 scripsisse
1669 4633 1739 4713 ipse

409 4728 500 4791 testis
527 4736 587 4791 est.
609 4726 663 4804 (ad
682 4724 788 4789 Famil.
815 4724 835 4786 l.
864 4729 889 4787 1.
910 4743 961 4805 ep.
983 4727 1011 4786 9.
1033 4724 1062 4803 ὅ.
1084 4724 1148 4799 23.)
1187 4723 1249 4785 llos
1268 4723 1448 4786 meritorum
1469 4722 1588 4787 Lentuli
1609 4743 1682 4806 erga
1702 4743 1738 4789 sc

409 4832 442 4884 et
459 4840 535 4886 suae
553 4822 586 4884 iu
604 4821 686 4883 hunc
705 4820 828 4900 pietatis
848 4826 945 4881 testes
965 4835 1037 4880 esse
1056 4816 1163 4879 voluit.
1202 4818 1311 4897 ltaque
1331 4835 1393 4878 nou
1414 4816 1454 4879 da
1480 4817 1643 4883 consulatu
1665 4828 1738 4883 tau·

409 4925 495 4993 tum,
519 4915 689 4978 sedetiam
710 4913 750 4975 de
769 4911 879 4974 exsilio
899 4921 931 4974 et
950 4911 990 4974 da
1011 4909 1115 4973 reditu
1134 4911 1166 4971 in
1186 4911 1318 4991 patriam
1339 4928 1396 4972 suo
1415 4911 1463 4973 his
1482 4913 1515 4974 iu
1539 4911 1628 4976 libris
1652 4916 1738 4977 ceci·
1819 4928 1822 4933 ·

407 5010 493 5071 uisse
520 5008 678 5088 putandus
702 5015 759 5070 cst
798 5006 975 5069 Eorundem
1005 5014 1109 5069 autem
1136 5005 1288 5066 conlectio
1316 5004 1401 5066 cadit
1425 5007 1458 5068 in
1482 5025 1596 5069 annum
1616 5026 1647 5069 u.
1668 5012 1777 5088 700,ee

408 5121 470 5184 quo
494 5102 639 5166 consules
662 5103 748 5164 luere
773 5102 923 5164 Domitius
952 5109 984 5162 et
1002 5101 1123 5180 Appius
1143 5096 1283 5160 Pulcher.
1323 5100 1434 5161 Norae.
1475 5101 1653 5164 Tunstallus
1677 5104 1736 5183 Ep.

407 5216 440 5278 p.
468 5198 531 5260 102.
561 5195 734 5275 distinguit:
765 5197 790 5257 l.
812 5197 924 5257 Poema
946 5193 984 5255 de
1005 5191 1168 5255 consulatu
1187 5210 1256 5270 suo,
1277 5193 1425 5273 scriptum
1445 5203 1517 5256 aute
1536 5196 1629 5257 finem
1649 5215 1677 5258 a.
1704 5215 1735 5266 u,

408 5308 436 5353 c.
457 5293 522 5354 691.
544 5293 584 5351 ll.
605 5292 717 5352 Poema
737 5288 777 5352 de
796 5291 861 5351 suis
881 5288 1074 5368 temporibus
1094 5288 1114 5347 i.
1137 5304 1165 5347 e.
1188 5284 1227 5347 de
1242 5285 1334 5348 exilio
1348 5306 1385 5349 ac
1397 5286 1511 5365 reditu,
1533 5291 1738 5368 compositum

408 5404 436 5447 a.
468 5403 497 5447 u.
529 5402 556 5445 c.
580 5386 646 5447 698.
675 5382 722 5445 111.
752 5385 863 5445 Poema
885 5380 940 5460 [ad
959 5376 1140 5464 Caesarem]
1163 5378 1204 5443 ad
1223 5382 1313 5442 Attio.
1336 5382 1365 5458 4,
1385 5381 1414 5443 5.
1439 5380 1737 5463 «subturpicula

407 5480 604 5553 nataralia.»
645 5476 823 5540 'l'unstallus
842 5485 944 5540 tamen
958 5476 1017 5537 boc
1028 5476 1132 5555 potius
1143 5472 1183 5536 ad
1197 5475 1375 5555 Pompeium
1390 5474 1519 5537 missum
1533 5474 1633 5537 credit
1643 5484 1775 5558 atqueto

407 5574 439 5636 in
458 5571 667 5652 optimatium,
687 5572 839 5633 llortensii
866 5569 1062 5651 praesertim,
1083 5567 1243 5645 invidiam,
1265 5570 1403 5650 Pompeii
1428 5570 1559 5649 gratiam
1586 5573 1736 5652 scriptum

406 5670 451 5745 (a.
482 5684 513 5727 u.
546 5683 573 5726 c.
603 5665 685 5741 698).
714 5665 759 5727 Cl.
791 5667 884 5727 etiam
913 5661 1063 5744 Spalding
1088 5662 1128 5723 ad
1151 5662 1330 5736 Quintiliani
1352 5664 1398 5741 11,
1420 5666 1447 5737 1,
1467 5662 1514 5724 24.
1554 5665 1736 5728 Leutschius

474 5876 515 5931 13.
534 5876 604 5929 Fert.
622 5881 755 5928 nocem
774 5876 820 5928 Oa.
838 5902 871 5915 -
887 5876 929 5930 2⁰.
946 5874 1065 5939 sortem
1082 5886 1157 5929 ueto
1170 5875 1268 5942 peredit
1284 5875 1388 5942 Ltpaiua
1405 5875 1493 5942 Aeth.
1510 5876 1595 5929 Lectt.
1612 5877 1637 5941 3,
1657 5876 1697 5931 ta.
