4342 7459
659 1224 728 1288 no.
750 1224 792 1287 11.
822 1222 895 1288 cn.
917 1221 1258 1287 xxxv-xxxvnr.
1286 1219 1333 1305 qq
1354 1217 1491 1285 ra-so.
1675 1216 1737 1283 ota

407 1384 560 1449 Bellicam
582 1404 647 1447 rem
669 1382 885 1447 administrari
907 1384 1043 1446 maiores
1057 1382 1157 1446 nostri
1173 1382 1234 1446 nisi
1251 1381 1414 1465 auspicato
1428 1381 1620 1458 noluerunt;
1643 1401 1739 1465 quam

408 1479 500 1544 multi
522 1478 598 1541 anni
620 1486 702 1551 sunt,
725 1498 796 1541 cum
821 1478 904 1541 bella
926 1498 945 1541 a
967 1476 1210 1562 proconsulibus
1233 1484 1265 1539 et
1286 1496 1305 1539 a
1326 1476 1583 1559 propraetoribus
1605 1476 1740 1539 admini-

410 1581 558 1647 strantur,
582 1573 640 1655 qui
661 1571 802 1655 auspicia
823 1592 888 1636 nou
909 1572 1045 1635 habenti
1084 1568 1136 1635 77.
1159 1570 1270 1654 ltaque
1292 1590 1351 1633 nec
1371 1572 1473 1633 amnis
1496 1578 1662 1634 transeunt
1683 1590 1739 1633 au·

408 1669 530 1751 spicato
562 1686 622 1729 uec
649 1665 789 1748 tripudio
818 1666 1043 1749 auspicantur;
1078 1685 1152 1728 nam
1181 1684 1223 1727 ex
1250 1664 1448 1727 acuminibus
1476 1664 1622 1747 quidem,
1653 1664 1739 1747 quod

411 1770 511 1825 totum
534 1760 715 1842 auspicium
737 1759 872 1824 militare
895 1768 958 1834 est,
987 1761 1049 1823 iam
1071 1761 1112 1822 hl.
1136 1756 1301 1823 Marcellus
1329 1757 1384 1821 ille
1414 1758 1606 1842 quinquiens
1628 1757 1764 1821 consulo

409 1863 512 1918 totum
535 1854 642 1916 omisit
664 1852 748 1916 idem
771 1854 960 1937 imperator,
989 1853 1073 1916 idem
1104 1873 1206 1937 augur
1233 1861 1393 1935 optumus.
1443 1852 1501 1915 Usi
1529 1872 1606 1935 ergo
1635 1853 1741 1915 avium

410 1949 585 2012 divinatio?
608 1966 702 2030 quae,
726 1947 877 2031 quoniam
900 1948 941 2010 al)
962 1947 1012 2021 iis,
1035 1948 1091 2032 qui
1113 1948 1256 2032 auspicia
1278 1947 1366 2011 nulla
1386 1945 1515 2020 hahent,
1535 1947 1619 2010 bella
1641 1947 1742 2010 admi·

410 2043 594 2115 nistraotur,
615 2040 656 2103 ab
677 2041 807 2105 urbanis
829 2049 951 2105 retenta
973 2041 1114 2115 videtur,
1136 2041 1291 2105 abellicis
1306 2061 1377 2105 esse
1392 2041 1524 2104 sublata.
1556 2041 1597 2103 Et
1611 2040 1741 2124 quidem

408 2134 463 2197 ills
484 2135 620 2210 dicebat,
642 2134 670 2197 si
692 2133 822 2219 quando
845 2156 912 2198 rem
927 2154 1021 2218 agere
1035 2134 1149 2210 veiint,
1164 2156 1204 2198 nc
1220 2135 1428 2218 impediretur
1441 2134 1609 2218 auspiciis,
1631 2132 1742 2198 lectica

410 2237 520 2312 operia
544 2229 649 2293 lacere
676 2229 738 2291 iter
765 2248 800 2291 se
822 2229 934 2292 solere.
977 2229 1061 2291 Huic
1083 2229 1186 2293 simile
1209 2238 1272 2305 est,
1302 2229 1389 2313 quod
1413 2249 1472 2292 nos
1493 2248 1629 2312 augures
1651 2239 1780 2313 pras-⁴⁰

410 2323 570 2493 {till
592 2343 640 2480 lt
661 2323 748 2481 lii
767 2323 1143 2481 titillabit&
1171 2324 1381 2481 tellit:
1403 2317 1741 2499 titillat·

412 2511 454 2574 sit
474 2511 651 2593 auspicium
673 2520 746 2586 aut,
768 2513 795 2575 si
817 2512 886 2587 fiat,
908 2513 1035 2576 videri?

496 2604 658 2668 xxxvii.
701 2608 779 2669 Nam
806 2606 887 2669 illud
915 2605 1085 2669 admodum
1116 2606 1300 2680 ridiculum,
1332 2604 1417 2690 quod
1441 2624 1537 2688 negas
1558 2606 1743 2669 Deiotarum

412 2699 642 2782 auspiciorum,
666 2718 747 2784 quae
769 2700 830 2763 sihi
852 2699 893 2763 ad
915 2700 1101 2782 Pompeium
1126 2696 1337 2782 proficiscenti
1358 2698 1441 2764 iacta
1462 2700 1541 2775 sint,
1571 2700 1743 2784 paenitere,
1753 2708 1781 2756 ru

413 2793 499 2878 quod
522 2789 616 2856 fidem
639 2802 766 2857 secutus
788 2795 1023 2878 amicitiamque
1046 2794 1155 2878 populi
1171 2796 1305 2873 Romani
1326 2794 1453 2858 iunctus
1469 2796 1511 2857 sit
1525 2790 1646 2869 officim
1662 2792 1744 2856 anti-

413 2886 558 2970 quiorem
581 2887 666 2950 euim
688 2887 749 2951 sihi
771 2887 871 2951 luisse
892 2887 1018 2950 laudem
1040 2896 1072 2952 et
1093 2888 1225 2970 gloriam
1249 2908 1344 2971 quam
1366 2907 1498 2971 regnum
1522 2896 1554 2950 et
1569 2888 1745 2972 possessio·

414 3000 470 3043 nes
499 3000 585 3044 suas.
640 2980 742 3045 Credo
776 2981 945 3066 equidem,
983 2983 1039 3045 sed
1066 2981 1128 3044 hoc
1154 2981 1233 3044 nihil
1263 2981 1303 3045 ad
1332 2982 1492 3065 auspicia3
1526 3000 1584 3044 nec
1607 2980 1743 3044 enimsi

414 3074 527 3137 cornix
549 3093 663 3137 canere
685 3076 787 3159 potuit
809 3085 894 3139 recte
917 3096 990 3138 cum
1011 3075 1134 3150 lacere,
1164 3077 1251 3159 quod
1273 3075 1384 3159 populi
1407 3076 1539 3139 Romani
1567 3075 1744 3139 libertatem

414 3166 586 3231 defendere
608 3178 754 3251 pararet;
785 3170 852 3255 ipse
874 3172 935 3233 hoc
956 3170 1129 3244 sentiebat,
1158 3170 1253 3233 sicuti
1281 3170 1390 3234 sensit.
1433 3166 1485 3231 79.
1507 3173 1589 3233 Aves
1611 3177 1783 3232 eventusau

414 3257 592 3344 significant
613 3270 668 3326 ant
688 3263 837 3328 adversos
859 3272 914 3327 aut
935 3263 1112 3327 secundos:
1135 3263 1259 3327 virtutis
1281 3264 1433 3347 auspiciis
1455 3262 1549 3326 video
1567 3283 1638 3327 esse
1652 3283 1745 3326 usum

414 3354 615 3430 Deiotarum,
646 3376 729 3440 quae
752 3366 838 3422 vetat
859 3365 1001 3442 spectare
1028 3355 1205 3430 fortunam,
1232 3356 1308 3420 dum
1331 3365 1508 3440 praestetur
1529 3354 1618 3421 fides.
1664 3362 1745 3421 Aves

414 3466 490 3511 vero
513 3448 540 3511 si
562 3470 734 3533 prosperos
757 3460 889 3515 eventus
912 3450 1129 3525 ostenderunt,
1152 3458 1238 3516 certe
1258 3449 1457 3514 fefellerunt:
1479 3451 1561 3534 fugit
1581 3472 1600 3514 e
1621 3450 1744 3534 proelio

415 3562 486 3605 cum
509 3543 723 3628 Pompeio-
746 3565 841 3629 grave
863 3554 988 3629 tempus
1010 3578 1070 3620 -,
1093 3545 1241 3609 discessit
1261 3545 1301 3608 ab
1324 3564 1363 3608 eo
1385 3576 1427 3591 -
1448 3544 1596 3609 luctuosa
1616 3564 1667 3608 res
1689 3577 1745 3619 -,

417 3634 583 3700 Caesarem
606 3639 718 3702 eodem
742 3647 885 3723 tempore
907 3640 1031 3703 hostem
1054 3648 1085 3703 et
1098 3639 1258 3722 hospitem
1274 3639 1352 3702 vidit
1368 3670 1423 3713 -,
1438 3639 1512 3722 quid
1527 3639 1588 3703 hoc
1602 3640 1783 3703 tristiusrss

415 3730 447 3792 ls
469 3750 540 3793 cum
563 3731 593 3793 ei
609 3733 816 3816 Trogmorum
839 3734 1029 3797 tetrarchian
1051 3734 1221 3817 eripuisset
1242 3742 1274 3796 et
1294 3733 1462 3796 adseculae
1478 3753 1536 3797 sno
1549 3734 1745 3816 Pergameno

416 3824 525 3886 nescio
548 3825 599 3887 cui
622 3824 762 3889 dedisset
777 3826 946 3912 eidemque
961 3826 1153 3891 detraxisset
1165 3827 1345 3891 Armeniam
1361 3846 1380 3890 a
1394 3833 1507 3890 senatu
1522 3827 1641 3903 dnum,
1658 3847 1747 3891 cum·

417 3936 480 3999 que
503 3917 544 3982 ab
566 3938 605 3982 eo
628 3917 951 4003 magnificentissumo
973 3921 1114 4006 hospitio
1137 3928 1286 4005 acceptus
1308 3929 1402 3994 esset,
1424 3919 1593 4003 spoliatum
1614 3919 1747 4005 reliquit

417 4020 449 4075 et
469 4012 628 4096 hospitem
651 4022 682 4078 et
703 4025 820 4098 rogem.
865 4017 926 4080 Sed
949 4017 1041 4080 labor
1060 4016 1205 4099 lougius,
1232 4016 1273 4077 ad
1296 4016 1493 4097 propositum
1520 4022 1667 4077 revertar.
1711 4014 1746 4076 Si

416 4114 528 4170 eventa
551 4110 742 4191 quaerimus,
765 4129 848 4193 quae
871 4111 1086 4194 exquiruntur
1107 4110 1228 4182 avibus,
1249 4108 1338 4170 nullo
1361 4108 1455 4171 modo
1478 4128 1630 4191 prospera
1650 4108 1784 4172 Deio-rr

416 4209 503 4263 taro:
527 4202 575 4263 sin
597 4199 718 4276 officia,
739 4222 759 4265 a
782 4204 897 4266 virtute
919 4205 1028 4289 ipsius,
1051 4225 1114 4267 non
1137 4204 1177 4266 ab
1200 4202 1350 4284 auspiciis
1373 4203 1471 4286 petita
1493 4211 1575 4266 sunt.

501 4295 678 4358 XXXVlll.
700 4293 751 4358 80.
775 4297 894 4361 Omitte
916 4299 1013 4380 igitur
1035 4298 1148 4361 lituum
1162 4295 1299 4368 Romuli,
1322 4315 1416 4379 quem
1435 4297 1469 4358 in
1484 4298 1622 4360 maximo
1638 4296 1747 4359 inccn-

418 4386 471 4451 dio
492 4408 589 4472 negas
612 4391 753 4471 potuisse
775 4392 927 4466 comburi,
950 4398 1117 4454 contemne
1139 4399 1241 4454 cotem
1256 4392 1322 4454 Atti
1337 4392 1425 4453 Navi.
1462 4390 1549 4453 Nihil
1571 4390 1666 4454 debet
1679 4408 1747 4453 esse

416 4482 450 4543 in
473 4482 673 4567 philosophia
694 4486 923 4549 commenticiis
943 4484 1069 4548 labellis
1091 4485 1169 4561 loci;
1191 4483 1270 4547 illud
1293 4492 1361 4547 erat
1382 4483 1563 4568 philosophi
1580 4486 1678 4548 totius
1692 4503 1748 4546 au·

482 4737 508 4786 2.
527 4734 761 4799 iciiopmcorAV
784 4762 811 4774 —
839 4736 864 4787 3.
883 4737 1069 4789 marvo
1094 4764 1121 4773 -
1149 4735 1173 4788 i.
1196 4734 1279 4785 verba
1303 4748 1363 4784 nom
1385 4747 1418 4785 ec
1438 4735 1749 4801 ommioiiua--ouqur

418 4814 525 4873 optim
546 4814 607 4875 post
627 4826 644 4861 o
665 4812 756 4862 Dadima
775 4825 826 4865 raas
845 4811 946 4863 audiam
968 4812 1121 4865 collocanda
1145 4824 1206 4864 esse
1223 4813 1318 4863 censet
1335 4809 1479 4874 Madvigius
1506 4837 1533 4849 —
1561 4812 1700 4862 cuninilua
1715 4811 1747 4870 V,

418 4885 490 4936 unde
508 4886 610 4936 amicus
628 4886 736 4950 quidam
754 4888 838 4940 Ursini
856 4888 986 4938 coniecit:
1005 4888 1175 4939 cocrouioibur
1200 4913 1227 4924 -
1255 4889 1279 4939 d.
1299 4887 1430 4951 quinquies
1445 4887 1539 4937 A¹D¹0
1565 4913 1593 4922 -
1621 4887 1645 4938 6.
1661 4884 1748 4951 wirnt]

418 4960 513 5010 dudum
530 4959 650 5012 Herelius
672 4989 700 5000 -
724 4964 791 5013 misit
808 4962 847 5023 D¹,
864 4962 1018 5014 naiadv-
1038 4965 1116 5014 Maru
1132 4966 1192 5027 inp.
1211 4966 1242 5012 At
1262 4988 1288 4998 -
1308 4967 1332 5012 ct
1347 4963 1412 5012 idrm
1429 4975 1488 5025 cup.
1507 4963 1529 5011 V
1548 4987 1574 4998 -
1599 4962 1748 5013 obtumrssil

421 5062 448 5071 -
467 5036 491 5085 7.
505 5035 724 5098 odraiomrorstur,
742 5039 770 5087 ir
785 5037 859 5087 rehtu
873 5038 979 5088 ruboris
995 5039 1141 5102 Madvigius
1167 5065 1192 5074 -
1216 5039 1239 5090 9.
1259 5039 1360 5101 quoodo
1376 5052 1452 5102 opero
1467 5051 1521 5088 ram
1538 5039 1559 5087 V
1578 5064 1606 5077 -
1633 5041 1673 5089 ti.
1691 5042 1749 5102 iupa

418 5108 528 5161 salisb.:
551 5111 630 5175 iupa·
644 5115 680 5173 A,
703 5114 773 5178 iuqsr
790 5114 822 5174 D,
844 5114 914 5178 iopes
930 5114 961 5175 V,
984 5113 1072 5177 inpono
1089 5111 1194 5177 Erlang.
1213 5140 1241 5149 -
1265 5112 1367 5163 iuduunt
1384 5113 1412 5162 Βι
1432 5138 1459 5148 ·-
1483 5113 1620 5176 odiuspcrc
1637 5116 1676 5174 At,
1696 5114 1749 5162 dia-

418 5182 522 5250 iursperr
538 5185 600 5233 V·
621 5188 660 5236 li.
679 5193 706 5237 ut
722 5201 783 5252 sup.
796 5186 873 5239 linit
891 5214 919 5225 -
940 5190 980 5238 ro.
995 5188 1171 5252 praitarcAV,
1185 5191 1312 5251 possim
1328 5189 1375 5239 ΒΟ
1394 5212 1422 5224 -
1442 5188 1482 5238 48.
1496 5189 1609 5251 qudem
1626 5187 1746 5251 iladvig:

419 5261 625 5322 idquidcmco
654 5290 680 5299 -
707 5264 966 5314 rodhocniliilhli:
988 5262 1493 5326 rodmoncdtuquidoruotiriiv
1516 5288 1544 5299 -
1572 5264 1750 5315 carisomv

422 5361 448 5371 -
471 5335 494 5384 ei
516 5347 570 5384 om.
590 5334 692 5400 Erlaug.
718 5364 744 5372 -
772 5339 812 5388 tt.
831 5343 917 5388 uem
938 5338 969 5389 qs
991 5364 1018 5375 -
1044 5342 1156 5399 occurs
1178 5339 1295 5389 Versus:
1325 5338 1507 5401 mertone
1537 5364 1564 5373 -
1594 5340 1635 5391 23.
1653 5342 1750 5391 orroei

414 5421 549 5471 proapam
570 5411 691 5461 Marsus:
714 5426 776 5463 uero
788 5426 923 5476 prosperos
939 5413 975 5473 C,
999 5412 1048 5465 sed
1065 5414 1135 5463 inter
1150 5412 1199 5464 has
1216 5426 1297 5465 voces
1319 5414 1382 5464 lnlt
1404 5426 1457 5464 una
1473 5411 1548 5463 litera
1566 5426 1642 5464 erasa
1660 5418 1702 5465 est
1720 5441 1747 5450 -

419 5485 618 5549 {uma-io.
638 5488 1566 5553 mmuiorrorltrrsuso-iorpiismar-ao.e]ttrn-
1588 5490 1751 5553 tropaeorum

419 5560 560 5610 Davisius:
585 5561 772 5611 orchomenon
789 5564 824 5623 C,
850 5563 1012 5614 Treuirorum
1029 5562 1165 5614 Drodaeus
1188 5589 1215 5600 -
1242 5564 1406 5614 tetrarchiam
1427 5565 1447 5614 O
1472 5589 1500 5599 —
1526 5564 1675 5615 ammos
1691 5567 1748 5625 ΑΒ,

419 5635 528 5686 maccla
543 5636 587 5686 VO
606 5662 634 5673 -
660 5637 702 5686 si.
721 5639 762 5687 cui
778 5639 882 5688 dodisset
898 5637 989 5703 vulgo:
1009 5639 1053 5701 qm*
1069 5639 1173 5689 dodisset
1188 5639 1249 5697 AB’,
1267 5639 1329 5703 quid
1344 5639 1447 5689 dodism
1462 5638 1526 5696 ΑΝ,
1544 5639 1588 5700 qui
1602 5639 1705 5690 uidisset
1719 5641 1751 5691 pr

423 5737 448 5748 -
471 5710 511 5760 28.
529 5711 672 5774 hospicira
692 5738 719 5748 -
741 5712 905 5775 retiquiw
927 5714 1163 5777 reliquitiorpitrm
1179 5711 1294 5764 Klotaius
1316 5740 1344 5749 -
1367 5713 1630 5775 ttiprorporitumli
1654 5737 1682 5750 -·
1707 5713 1748 5767 30.

420 5784 679 5847 Deioioroprospsro
697 5788 718 5835 V
737 5813 764 5825 -
788 5788 1004 5849 damian,
1022 5789 1189 5840 cercuro-ir
1206 5788 1225 5837 Β
1245 5813 1272 5824 -
1294 5786 1336 5837 li.
1354 5798 1497 5850 qurruom.
1516 5786 1559 5835 AV
1579 5812 1606 5823 -
1630 5786 1670 5837 3³.
1688 5802 1750 5838 corr·

422 5861 554 5923 marl
574 5887 601 5898 -
623 5863 720 5914 Auito
740 5887 775 5902 -
798 5864 915 5915 uirili:
939 5865 1050 5928 ouiiat,
1072 5861 1246 5915 muiih¹V0
1266 5886 1294 5900 -
1318 5860 1749 5926 capiimus-pomoranus,

422 5932 472 5986 ud
488 5934 650 5998 lnDpoitur
665 5950 726 6005 sup.
742 5936 788 5991 lla.
805 5940 935 6006 scriptum
951 5940 1002 5991 est.

475 6032 565 6085 cmo
582 6034 609 6086 r.
622 6034 662 6088 rv.
1514 6026 1556 6094 oo
