4342 7459
877 1826 1351 1937 nnunffncnnons

643 2082 752 2170 nn
804 2084 1171 2174 neonusr
1226 2085 1587 2175 Nn'runn

858 2324 1034 2399 LIBER
1061 2326 1373 2401 SECUNDUS.

1009 2584 1216 2597 ——u

528 2790 553 2853 1.
576 2784 606 2851 l.
629 2786 720 2864 Quae
742 2806 814 2851 cum
830 2787 920 2853 Cotta
938 2788 1091 2866 dixisset,
1112 2800 1179 2854 tum
1194 2790 1351 2866 Velleius,
1373 2791 1419 2853 lle
1436 2809 1506 2872 ego,
1528 2789 1649 2874 inquit,
1671 2789 1783 2855 incau-

444 2890 511 2958 tus,
534 2881 589 2966 qui
611 2903 683 2946 cum
704 2880 894 2945 Academico
916 2891 948 2946 et
970 2884 1082 2948 eodem
1105 2884 1232 2949 rhetore
1255 2883 1405 2966 congredi
1427 2892 1559 2948 conatus
1586 2884 1656 2948 sim.
1700 2885 1782 2950 Nam

443 2995 550 3061 neque
579 2976 769 3040 indisertum
798 2975 1023 3041 Academicum
1054 2979 1290 3062 pertimuissem
1319 2997 1378 3041 nec
1400 2978 1470 3041 sine
1492 2979 1553 3042 ista
1575 2978 1781 3063 philosophia

442 3067 603 3135 rhetorem
627 3071 771 3154 quamvis
793 3070 1012 3156 eloquentem
1041 3093 1147 3156 neque
1175 3074 1260 3136 enim
1289 3072 1418 3135 llumine
1442 3072 1616 3137 conturbor
1636 3073 1780 3138 inanium

418 3165 612 3233 everborum
633 3182 694 3227 nec
716 3164 892 3228 subtilitate
914 3167 1157 3241 sententiarum,
1180 3167 1207 3229 si
1230 3165 1384 3239 orationis
1407 3173 1456 3229 est
1477 3166 1615 3230 siccitas.
1652 3168 1701 3230 Tu
1724 3186 1781 3233 au-

442 3267 522 3334 tem,
553 3257 659 3333 Cotta,
688 3265 823 3343 utraque
852 3280 887 3323 re
909 3260 1056 3325 valuisti:
1083 3281 1201 3324 corona
1222 3260 1279 3324 tihi
1301 3265 1333 3322 et
1353 3258 1476 3322 iudices
1499 3259 1678 3324 defuerunt.
1716 3259 1780 3327 Sed

441 3347 482 3417 ad
504 3353 566 3416 iste
586 3351 687 3426 alias,
710 3372 794 3414 nune
809 3352 981 3429 Lucilium,
1004 3354 1031 3416 si
1054 3354 1115 3438 ipsi
1132 3354 1332 3417 commodum
1347 3360 1411 3427 est,
1433 3353 1611 3417 audiamus.
1643 3350 1674 3419 2.
1697 3356 1780 3418 Tum

440 3446 577 3511 Balbus:
605 3445 750 3509 Eundem
773 3446 919 3528 equidem
941 3445 1069 3509 mallem
1093 3446 1203 3510 audire
1228 3447 1365 3520 Cottam,
1389 3446 1480 3522 dum,
1511 3466 1573 3531 qua
1596 3447 1779 3533 eloquentia

440 3540 539 3605 falsos
567 3540 645 3604 deos
674 3540 819 3614 sustulit,
852 3541 962 3605 eadem
992 3560 1087 3603 veros
1116 3539 1254 3605 inducat.
1291 3542 1348 3603 Est
1377 3542 1461 3604 enim
1485 3549 1517 3604 et
1538 3540 1724 3625 philosophi
1746 3549 1779 3606 ct

402 3630 598 3719 sopoutilieis
621 3640 653 3697 et
676 3632 787 3696 Cottae
809 3634 849 3695 de
872 3634 921 3697 dis
950 3634 1172 3698 inmortalibus
1194 3634 1312 3698 habere
1334 3653 1400 3697 non
1423 3644 1581 3698 errantem
1604 3644 1635 3699 et
1656 3655 1779 3721 vagam,

440 3738 476 3793 ut
490 3726 688 3801 Academici,
710 3727 783 3802 sed,
803 3732 840 3789 ut
860 3727 972 3802 nostri,
995 3727 1139 3791 stabilem
1155 3736 1336 3811 certamque
1352 3730 1551 3792 sententiam.
1573 3729 1652 3793 Nam
1668 3736 1779 3794 contra

440 3824 613 3908 Epicurum
642 3820 719 3884 satis
746 3840 905 3907 superque
933 3821 1052 3885 dictum
1075 3830 1134 3886 est.
1175 3823 1238 3886 Sed
1261 3841 1339 3885 aveo
1362 3822 1488 3897 audire,
1511 3830 1545 3884 tu
1568 3823 1650 3905 ipse,
1675 3822 1777 3899 Cotta,

441 3916 519 4004 quid
548 3916 677 3981 senties.
712 3917 776 3988 An,
808 3916 928 3998 inquit,
956 3913 1074 3980 oblitus
1098 3937 1148 3991 es,
1171 3915 1250 4000 quid
1271 3916 1364 3978 initio
1387 3915 1538 3990 dixerim,
1563 3915 1690 3981 facilius
1715 3937 1777 3994 me,

440 4013 557 4078 talibus
592 4010 780 4095 praesertim
807 4007 848 4072 de
877 4007 988 4084 rebus,
1017 4010 1096 4094 quid
1125 4030 1189 4073 non
1219 4010 1366 4073 sentirem
1396 4030 1491 4094 quern
1519 4009 1597 4093 quid
1627 4012 1777 4075 sentirem

403 4124 535 4189 seposse
558 4105 683 4169 diceret
720 4103 751 4167 3.
774 4103 868 4179 Quod
891 4105 918 4167 si
942 4104 1093 4168 haberem
1115 4104 1251 4187 aliquid,
1276 4103 1360 4186 quod
1383 4103 1536 4185 liqueret,
1560 4112 1665 4167 tamen
1681 4115 1712 4168 te
1729 4106 1776 4169 vi-

442 4201 549 4263 cissim
571 4201 682 4262 audire
704 4196 833 4273 vellem,
856 4200 1019 4281 cumipse
1042 4206 1106 4261 tam
1129 4198 1227 4260 multa
1249 4198 1422 4281 dixissem,
1455 4198 1535 4258 Tum
1557 4198 1692 4261 Bulbus:
1717 4200 1777 4262 Ge·

440 4314 508 4357 rem
521 4294 576 4356 tihi
593 4314 713 4356 morem
729 4301 761 4356 et
774 4312 865 4373 egam
877 4312 973 4375 quam
984 4289 1180 4354 brevissume
1197 4299 1325 4373 potero;
1342 4291 1460 4354 etenim
1475 4291 1628 4355 convictis
1642 4292 1775 4375 Epicuri

441 4388 603 4451 erroribus
634 4387 729 4468 longa
756 4386 796 4448 de
819 4406 889 4449 mea
912 4386 1126 4469 disputatione
1149 4386 1290 4448 detracta
1312 4386 1414 4448 oratio
1437 4394 1495 4447 est.
1535 4385 1672 4448 Omnino
1696 4386 1777 4450 divi·

441 4482 521 4545 dunt
542 4482 642 4546 nostri
664 4489 760 4544 totam
783 4481 875 4543 istem
898 4479 938 4543 de
961 4481 1010 4542 dis
1033 4479 1254 4543 inmortalibus
1276 4480 1498 4561 quaestionem
1520 4479 1553 4540 in
1572 4480 1671 4563 partis
1686 4488 1778 4562 qust-

402 4584 523 4645 sotuor.
556 4576 695 4638 Primum
716 4574 833 4637 docent
855 4594 925 4637 esse
940 4574 1035 4646 deos,
1052 4572 1174 4651 ,deinde
1191 4571 1302 4656 quales
1324 4573 1403 4646 sint,
1428 4580 1493 4634 tum
1510 4572 1664 4637 mundum
1679 4574 1719 4635 ab
1734 4574 1776 4636 iis

440 4670 668 4743 administrari,
698 4676 860 4751 postremo
889 4668 1056 4731 consulere
1086 4688 1140 4729 eos
1171 4668 1266 4730 rebus
1293 4666 1450 4729 humanis.
1483 4668 1548 4728 Nos
1579 4675 1684 4729 autem
1713 4666 1776 4729 hoc

439 4784 586 4829 sermone
607 4783 690 4845 quae
713 4763 819 4846 priora
841 4762 904 4825 dun
927 4770 1002 4826 sunt
1024 4781 1204 4835 sumamue;
1226 4761 1354 4823 tertium
1377 4769 1409 4823 et
1424 4767 1589 4843 quartum,
1612 4763 1688 4843 quia
1710 4779 1775 4821 ma-

438 4859 505 4923 iora
531 4865 622 4932 sunt,
652 4865 730 4940 puto
753 4878 823 4920 esse
846 4858 881 4919 in
902 4857 988 4920 eliud
1017 4865 1141 4939 tempus
1164 4854 1349 4917 differenda.
1388 4855 1518 4918 Minime
1545 4876 1637 4929 vero,
1668 4855 1776 4938 inquit

441 4951 548 5027 Cotta,
570 4972 643 5014 nam
666 4961 697 5016 et
719 4952 814 5015 otiosi
835 4972 946 5016 sumus
969 4959 1000 5015 et
1021 4950 1059 5012 iis
1083 4950 1123 5012 de
1145 4949 1240 5012 rebus
1261 4950 1399 5032 agimus,
1422 4968 1505 5030 quae
1520 4958 1594 5013 sunt
1608 4950 1702 5013 etiam
1717 4966 1775 5012 ne-

400 5047 534 5130 ssssotiis
555 5047 808 5128 anteponendas.

523 5140 562 5202 11.
585 5137 616 5204 l.
649 5142 729 5204 Tum
759 5141 919 5215 Lucilius,
951 5142 997 5202 Ne
1030 5159 1122 5222 egere
1145 5138 1275 5221 quidem
1296 5138 1437 5213 videtur,
1471 5137 1594 5220 inquit,
1629 5138 1773 5200 oratione

436 5236 539 5321 prima
568 5255 651 5316 pars.
693 5234 777 5309 Quid
807 5234 891 5297 eninr
920 5242 1026 5317 potest
1052 5254 1123 5298 esse
1154 5242 1217 5297 tem
1240 5238 1383 5316 apertum
1407 5240 1534 5314 temque
1556 5232 1772 5314 perspicuum,

437 5351 509 5396 cum
531 5328 654 5393 caelum
675 5327 879 5412 suspeximus
902 5328 1116 5412 caelestiaque
1138 5326 1341 5409 contemplati
1363 5346 1487 5401 sumus,
1510 5344 1607 5407 quam
1628 5344 1698 5388 esse
1713 5322 1773 5388 eli-

502 5600 525 5649 4.
544 5610 576 5648 sss
591 5597 688 5648 ABG:
707 5609 758 5645 non
775 5596 812 5653 Ε;
830 5595 886 5645 Noe
902 5597 922 5646 0
937 5621 963 5631 -
984 5597 1007 5647 3.
1026 5598 1177 5647 indonatum
1194 5610 1263 5648 corr.
1277 5597 1303 5645 in
1321 5595 1468 5645 secessum
1479 5598 1514 5655 Α;
1532 5595 1692 5645 indissertom
1709 5593 1768 5643 B-

434 5674 460 5725 8.
478 5675 570 5724 molon
587 5670 681 5734 (altera
699 5670 708 5721 l
723 5670 871 5733 superscr.)
891 5673 912 5720 A
937 5696 964 5704 —
989 5673 1028 5722 lb.
1048 5671 1110 5722 obeo
1129 5672 1206 5732 s13¹;
1230 5671 1306 5722 habeo
1327 5671 1417 5721 B²CE
1441 5696 1468 5707 -
1493 5669 1533 5720 43,
1553 5669 1641 5732 inquid
1657 5673 1678 5718 Α
1697 5692 1724 5702 -
1744 5680 1770 5718 ss

434 5761 504 5801 corr.
524 5762 556 5798 ex
573 5752 609 5797 est
624 5748 646 5796 Α
664 5771 692 5781 -
711 5745 778 5808 qood
793 5746 821 5794 sn
837 5745 909 5794 labio
927 5746 987 5796 C·
1009 5746 1048 5797 tl.
1068 5749 1135 5811 qood
1151 5761 1202 5797 non
1218 5751 1249 5798 444
1263 5775 1290 5783 -
1310 5747 1351 5796 46.
1369 5747 1438 5808 specs
1455 5748 1476 5796 Α
1490 5771 1517 5781 -
1538 5744 1577 5794 49.
1592 5742 1723 5806 percon
1738 5768 1767 5779 -

432 5823 474 5875 2⁰.
493 5822 525 5874 ab
541 5823 578 5871 bis
595 5818 618 5874 u
637 5844 665 5858 -
683 5820 726 5872 23.
743 5820 847 5870 minimo
864 5832 933 5871 corr.
946 5821 973 5871 in
983 5822 1117 5875 misimsb
1138 5847 1164 5857 —
1184 5822 1226 5873 bl.
1244 5827 1269 5875 ct
1284 5822 1322 5872 hs'e
1339 5820 1402 5875 e·
1421 5822 1463 5872 bh.
1482 5819 1655 5883 anteponendo
1671 5817 1723 5868 AC
1738 5843 1766 5855 -

430 5896 473 5950 ²⁶0
490 5897 590 5949 m
604 5897 646 5947 Δία
