4342 7459
882 1267 1142 1341 FRAGMENTA.
1606 1259 1671 1333 939

349 1427 489 1508 nissimc,
507 1427 599 1489 velim
613 1445 775 1507 quaerere,
796 1428 894 1488 utrius
914 1424 1039 1489 tandem
1058 1426 1114 1488 tibi
1135 1424 1310 1488 tribunatus
1331 1427 1433 1487 minus
1453 1425 1579 1506 probari
1600 1432 1672 1505 pot-

350 1531 413 1598 est,
438 1523 472 1585 C.
492 1520 646 1596 Cornelii,
671 1539 730 1596 an,
760 1539 821 1581 non
847 1518 947 1582 dicam
972 1523 1003 1582 P.
1027 1520 1170 1599 Sulpicii,
1201 1538 1262 1580 non
1287 1521 1319 1581 L.
1341 1519 1514 1598 Saturnini,
1544 1537 1605 1580 non
1635 1519 1670 1580 C.

347 1615 489 1692 Gracchi,
510 1634 572 1676 non
591 1614 720 1676 Tiberii:
746 1616 912 1690 neminem,
943 1632 1036 1695 quem
1062 1614 1113 1675 isti
1142 1613 1321 1675 seditiosum
1349 1613 1542 1692 existimant,
1570 1614 1672 1673 nomi-

349 1709 450 1771 nabo:
478 1707 536 1770 sed
556 1706 698 1769 avunculi
718 1709 772 1785 tui,
792 1711 830 1783 Q.
852 1706 971 1785 Catule,
992 1706 1154 1768 clarissimi
1174 1708 1356 1788 patriaeque
1376 1706 1577 1769 amantissimi
1597 1706 1670 1780 viri;

349 1801 426 1881 quid
445 1803 517 1863 mibi
536 1801 662 1863 tandem
682 1820 904 1883 responsurum
926 1802 1060 1881 putatis?
1100 1800 1243 1881 (ldem.)
1680 1802 1696 1850 ⁶

425 1898 453 1957 5.
484 1893 576 1973 Quid,
596 1895 768 1958 avunculus
788 1904 871 1973 tuus,
892 1895 1082 1957 clarissimus
1099 1896 1156 1971 vir,
1178 1895 1348 1957 clarissimo
1366 1902 1467 1974 patre,
1488 1913 1557 1970 avo,
1572 1895 1672 1955 maio-

350 1990 452 2065 ribus,
481 1990 592 2068 credo,
621 1990 758 2067 silentio,
790 1991 912 2052 favente
944 1989 1121 2065 nobilitate,
1142 1988 1226 2052 nullo
1251 1992 1460 2051 intercessore
1482 1997 1670 2068 comparato,

348 2083 465 2165 populo
486 2085 623 2146 llomano
653 2084 740 2146 dedit
758 2093 790 2146 et
809 2085 1092 2165 potentissimorum
1122 2084 1278 2145 bominum
1306 2084 1443 2164 collegiis
1474 2084 1587 2163 eripuit
1616 2100 1672 2143 eo-

349 2178 554 2259 optnndorum
575 2178 771 2241 sacerdotum
790 2178 998 2259 potestatem?
1036 2176 1175 2256 (idem.)

931 2291 1093 2365 Snonrrnn:
1681 2301 1710 2346 to

424 2386 453 2446 6.
486 2385 588 2459 Quid‘l
607 2384 690 2448 idem
709 2387 859 2448 Domitius
877 2388 916 2447 11.
939 2386 1092 2464 Silanum,
1112 2385 1307 2448 consularem
1328 2386 1497 2464 hominem,
1522 2383 1671 2466 quemad·

350 2477 475 2541 modurn
497 2480 640 2543 tribunus
659 2480 702 2560 pl.
723 2481 870 2543 vexavit?
898 2480 1034 2560 lldem.)

421 2578 453 2636 7,
484 2574 567 2636 liaeo
590 2583 639 2636 est
657 2576 866 2637 controversia
888 2575 1050 2652 eiusmodi,
1069 2583 1103 2636 ut
1122 2574 1194 2635 mibi
1209 2618 1217 2635 .
1235 2622 1242 2636 .
1261 2617 1268 2633 .
1285 2619 1291 2634 .
1307 2574 1449 2635 tribunus
1469 2572 1510 2654 pl·
1533 2574 1671 2636 01101-

350 2667 464 2744 mitius,
488 2667 642 2733 Catulo..
659 2669 719 2731 .tt.
740 2668 901 2750 Terpolius
922 2669 1219 2750 contemptissimum
1245 2687 1359 2731 nomen
1386 2670 1517 2730 eiectum
1541 2685 1611 2730 esse
1632 2686 1671 2729 ex

349 2762 398 2840 iis,
421 2761 474 2841 qui
493 2761 607 2824 tribuni
625 2762 668 2843 pl.
690 2764 824 2824 bierunt.
865 2763 997 2841 (Idem.)
1681 2768 1710 2816 to

425 2857 453 2917 8.
481 2857 557 2918 Nam
580 2874 684 2935 neque
706 2874 757 2916 me
783 2855 907 2920 divitiae
926 2864 1068 2935 movent,
1099 2856 1212 2936 quibus
1235 2874 1343 2918 omnes
1363 2856 1523 2919 Africanos
1542 2856 1672 2920 etLae-

349 2949 408 3012 lios
428 2949 514 3011 multi
534 2949 674 3011 venalicii
694 2958 945 3031 mercatoresque
969 2959 1174 3030 superarunt,
1204 2968 1307 3029 neque
1329 2951 1425 3012 vestis
1448 2958 1501 3013 aut
1521 2947 1673 3012 caelatum

351 3061 460 3105 aurum
480 3052 512 3104 et
531 3052 707 3121 argentum,
730 3063 792 3124 quo
812 3053 934 3105 nostros
953 3052 1078 3106 veteres
1097 3042 1256 3105 Marcellos
1275 3045 1485 3124 Maximosque
1508 3043 1594 3105 multi
1614 3062 1673 3104 eu-

350 3136 441 3197 nuchi
464 3155 481 3197 e
501 3136 589 3218 Syria
609 3141 810 3217 Aegyptoque
829 3138 987 3213 vicerunt,
1015 3155 1118 3216 neque
1144 3155 1219 3199 vero
1239 3146 1419 3200 ornamenta
1442 3138 1500 3199 ista
1520 3136 1672 3213 villarum,

350 3230 464 3309 quibus
494 3232 526 3291 L.
558 3228 696 3292 Paullum
727 3239 758 3290 et
785 3231 815 3290 L.
845 3231 1037 3305 Mummium,
1069 3231 1122 3310 qui
1152 3229 1249 3291 rebus
1276 3229 1323 3290 bis
1353 3229 1466 3292 Urbem
1492 3228 1710 3308 Italiamqueto

351 3341 474 3384 omnem
488 3324 692 3402 referserunt,
712 3323 752 3385 ab
768 3324 870 3404 aliquo
884 3324 973 3385 video
992 3324 1138 3404 perfacile
1157 3322 1280 3385 Deliaco
1300 3333 1353 3386 aut
1366 3325 1443 3405 Syro
1463 3325 1602 3407 potuisse
1617 3340 1672 3384 su-

349 3419 462 3498 perari.
503 3418 588 3494 )011.
609 3418 662 3478 Or.
686 3435 713 3477 c.
736 3420 784 3478 70.
811 3418 838 3497 ξ.
861 3420 927 3481 232.
959 3417 1350 3497 0111111.1.1Χ.1.4.ς.
1375 3416 1419 3480 14.
1453 3420 1539 3479 Non.
1562 3437 1589 3479 v.
1609 3417 1673 3477 Ve-

350 3511 451 3574 nalicii
472 3531 502 3594 p.
529 3513 592 3573 188.
625 3514 746 3572 Prisc.
768 3511 789 3571 l.
810 3513 847 3572 X.
870 3531 896 3573 c.
919 3516 947 3575 9.
967 3514 994 3593 5.
1016 3513 1074 3588 49.)

424 3608 451 3667 9.
483 3607 559 3679 Quis
590 3614 651 3665 tam
680 3605 845 3667 abundans
874 3608 980 3686 copiis.
1023 3608 1150 3685 (Prisc.
1172 3606 1190 3666 l.
1212 3606 1314 3668 xvttl.
1336 3624 1362 3668 c.
1384 3606 1414 3669 2.
1438 3608 1466 3687 ξ.
1491 3609 1535 3669 te.
1575 3608 1671 3668 Aru-

350 3698 485 3761 sianus
504 3719 535 3781 p.
556 3702 622 3763 209.
642 3700 741 3779 Lind.)
1680 3709 1709 3756 ¹⁵

426 3794 470 3855 10.
502 3795 533 3856 si
562 3814 618 3857 vos
649 3797 739 3858 buius
773 3798 909 3859 lortunas
939 3816 1109 3879 paucorum
1141 3798 1211 3861 odio
1239 3796 1499 3860 adiudicaveritis.
1550 3793 1671 3874 (idem

349 3907 380 3970 p.
401 3889 467 3949 216.
491 3888 588 3967 Lind.)

426 3984 471 4046 11.
502 3984 550 4044 Ad
575 3986 795 4047 miserrumum
827 3985 1149 4068 crudelissumumque
1179 3988 1367 4051 dominatum
1397 3985 1469 4049 dedi
1502 3985 1670 4068 patiamini.

350 4077 371 4156 (l
384 4077 474 4139 dem
494 4097 524 4160 p.
546 4078 613 4140 224.
636 4080 734 4155 111111.)

426 4174 469 4235 12.
502 4176 600 4249 Quam
616 4175 778 4254 diligentes
793 4174 944 4237 libertatis
959 4194 1015 4237 vos
1029 4186 1172 4256 oporteat
1189 4195 1269 4238 csse.
1312 4175 1422 4253 (idem
1441 4192 1472 4254 p.
1487 4174 1553 4235 226.
1570 4170 1709 4243 Lind.)to

424 4267 469 4327 19.
500 4270 558 4341 Qui
578 4268 748 4328 commodis
768 4268 872 4348 populi
898 4270 932 4329 R.
955 4268 1056 4348 lingua
1087 4268 1247 4332 dumtaxat
1274 4289 1309 4332 ac
1328 4268 1486 4330 voluntate
1507 4266 1670 4329 consuluit.

348 4360 473 4441 [idem
493 4381 524 4441 p.
546 4363 612 4424 226.
634 4362 738 4434 Lind)
1409 4384 1411 4387 ’

423 4456 466 4517 14.
497 4455 675 4535 E'xpelleret
694 4475 711 4518 a
733 4455 998 4536 dispensantibus
1039 4455 1161 4534 [ldem
1178 4475 1209 4536 p.
1231 4454 1297 4519 227.
1318 4456 1416 4535 tino.)

426 4552 470 4611 15.
501 4552 546 4612 Ne
567 4549 664 4611 fraudi
686 4551 726 4611 sit
745 4552 787 4627 ei,
809 4551 860 4629 qui
889 4548 1037 4629 populum
1061 4549 1101 4612 ad
1128 4552 1355 4613 contentionem
1382 4550 1507 4613 vocarit.
1550 4550 1669 4629 (Serv.
1690 4544 1693 4551 ’

277 4728 281 4734 '
348 4640 388 4704 ad
410 4646 486 4706 Aen.
506 4643 527 4705 l.
549 4645 600 4705 xi.
622 4663 650 4705 v.
672 4647 735 4705 708.
758 4663 789 4724 p.
811 4645 876 4706 656.
900 4642 949 4703 ed.
972 4645 1067 4705 Paris
1093 4646 1191 4722 1600.)
1680 4651 1709 4698 ⁸⁵

346 4814 425 4880 lllll.
459 4815 610 4882 ORATIO
626 4816 665 4880 ΙΝ
688 4816 840 4883 SENATU
863 4818 902 4881 ΙΝ
918 4817 1025 4884 loen
1044 4818 1218 4883 CANlllDA
1241 4818 1398 4884 CONTRA
1415 4816 1450 4885 C.
1465 4817 1671 4885 ANTONlUM

673 4921 720 4985 ET
743 4920 775 4985 L.
800 4920 1012 4986 CATlLlell
1035 4921 1352 4989 COMPETITORES.

822 5046 1042 5098 assonantur!
1060 5047 1197 5096 ASCONll.
1318 5038 1321 5052 '

422 5126 505 5187 llaec
525 5125 620 5186 oratio
643 5125 724 5185 dicta
747 5133 796 5186 est
815 5127 847 5186 L.
871 5127 1024 5204 Caesare,
1046 5127 1080 5188 C.
1107 5125 1212 5206 Figulo
1237 5144 1317 5188 coss.
1346 5135 1419 5209 post
1439 5144 1553 5188 annum
1577 5144 1670 5205 quam

347 5236 404 5299 pro
426 5216 569 5280 Cornelio
589 5219 719 5280 dixerat.
1680 5231 1708 5280 to

422 5311 485 5372 Sex
504 5313 721 5391 competitores
741 5312 772 5373 in
794 5311 973 5373 consulatus
991 5313 1139 5393 petitione
1151 5314 1259 5375 Cicero
1280 5312 1397 5390 babuit,
1418 5312 1498 5376 duos
1511 5314 1668 5393 patricios,

346 5407 378 5466 P.
403 5405 571 5486 Sulpicium
593 5404 733 5481 Galbam,
753 5407 785 5465 L.
802 5405 942 5484 Sergium
962 5404 1140 5468 Catilinam:
1163 5415 1309 5486 quattuor
1322 5405 1474 5485 plebeios,
1496 5425 1535 5467 ex
1557 5405 1670 5486 quibus

346 5497 408 5561 duo
425 5500 564 5576 nobiles,
587 5502 621 5562 C.
644 5501 825 5577 Antonium,
852 5502 889 5561 lll.
911 5502 1032 5561 Antonii
1053 5502 1184 5562 oratoris
1204 5500 1316 5579 filium,
1339 5500 1372 5561 L.
1395 5502 1536 5562 Cassium
1557 5500 1671 5578 Longi-

346 5613 437 5669 num;
461 5593 550 5673 duos,
572 5596 624 5673 qui
644 5602 761 5657 tantum
776 5614 837 5656 non
852 5596 941 5675 primi
957 5613 996 5655 ex
1010 5594 1130 5657 familiis
1143 5597 1207 5658 suis
1221 5596 1431 5674 magistratum
1452 5592 1556 5672 adepti
1570 5602 1669 5672 erant,

414 5805 457 5860 28.
485 5803 522 5854 Ad
541 5806 611 5854 Orat.
624 5806 654 5854 11.
674 5804 787 5856 relcrtur
803 5807 829 5856 in
847 5805 906 5857 cod.
920 5805 988 5857 Gud.
1007 5804 1091 5872 Vulgo
1107 5803 1202 5870 tcgttm
1218 5806 1245 5857 lc
1263 5805 1383 5868 tragmm.
1403 5805 1474 5857 orat.
1494 5805 1515 5857 l.
1532 5830 1559 5841 -
1578 5802 1619 5856 01.
1636 5805 1671 5855 cd

347 5881 486 5931 contionari
503 5877 607 5930 Bardilii
625 5882 694 5933 conl.
