4342 7459
446 1265 487 1334 eo
812 1241 815 1245 ’
841 1268 1164 1334 taannurconuu
1184 1267 1365 1332 antonna

445 1441 524 1505 chus
545 1439 657 1525 probat
677 1438 830 1514 maxime,
852 1446 885 1502 et
905 1439 1090 1503 Aristoteles
1113 1438 1246 1522 eiusque
1264 1438 1356 1500 amici
1377 1437 1439 1500 huc
1460 1435 1606 1518 proxime
1620 1436 1769 1501 videntur

446 1534 607 1600 accedere.
649 1533 873 1596 introducebat
893 1534 986 1596 etiam
1010 1533 1203 1606 Carneades,
1225 1551 1291 1594 non
1312 1551 1376 1614 quo
1398 1530 1558 1612 probaret,
1582 1529 1637 1593 sed
1658 1541 1695 1595 ut
1712 1551 1768 1615 op-

445 1637 580 1712 poneret
601 1628 731 1702 Stoicis,
753 1648 909 1691 summum
930 1628 1048 1690 bonum
1072 1646 1141 1690 esse
1163 1624 1225 1688 frui
1246 1623 1340 1687 rebus
1355 1624 1405 1698 iis,
1428 1643 1507 1706 qnas
1521 1624 1641 1707 primas
1655 1632 1768 1688 natura

446 1722 688 1786 conciliavisset.
731 1721 872 1784 Honeste
893 1728 997 1784 autem
1019 1721 1142 1794 vivere,
1166 1717 1252 1802 quod
1274 1717 1407 1781 ducatur
1426 1737 1446 1781 a
1468 1717 1690 1781 conciliatione
1712 1737 1769 1781 na·

421 1823 551 1890 sturae,
572 1819 658 1878 Zeno
681 1815 790 1878 statuit
810 1813 906 1877 finem
927 1833 998 1878 esse
1019 1814 1192 1911 boporum,
1219 1812 1274 1897 qui
1295 1813 1443 1876 inventor
1464 1820 1495 1874 et
1514 1811 1661 1897 princepe
1684 1811 1769 1876 Stoi·

444 1930 553 1973 corum
574 1909 645 1971 luit.

528 2004 640 2066 XLIII.
663 1997 734 2064 t32.
755 2003 821 2064 Iam
844 2001 923 2064 illnd
942 2000 1144 2083 perspicuum
1160 2009 1224 2075 est,
1246 1999 1389 2063 omnihus
1404 1997 1455 2061 his
1469 1997 1587 2062 finibus
1601 1999 1769 2074 bonorum,

445 2117 525 2182 quos
547 2097 697 2178 exposui,
720 2094 871 2158 malorum
895 2091 973 2156 fines
996 2114 1066 2157 esse
1083 2095 1265 2158 contrarios.
1300 2095 1419 2156 Adros
1436 2094 1650 2168 nuncrelero,
1672 2113 1768 2176 quem

444 2212 575 2276 sequar:
603 2187 697 2254 modo
724 2208 765 2251 ne
791 2189 862 2270 quis
892 2185 972 2250 illud
1000 2195 1062 2250 tam
1085 2189 1277 2251 ineruditum
1299 2186 1533 2269 absurdumque
1554 2188 1767 2272 respondeat:

407 2285 662 2368 touquemlubet,
693 2281 788 2345 modo
817 2281 1002 2364 aliquemtn
1032 2281 1109 2345 nihil
1140 2289 1245 2364 potest
1266 2281 1328 2344 dici
1352 2280 1626 2343 inconsideratius.
1668 2279 1767 2362 Cupio

444 2378 535 2461 sequi
559 2376 692 2440 Stoicos.
734 2377 864 2437 Licetne
887 2410 928 2419 -
951 2375 1060 2439 omitto
1083 2396 1142 2456 per
1162 2374 1380 2448 Aristotelem,
1409 2373 1620 2437 meoiudicio
1643 2373 1676 2435 in
1698 2372 1768 2456 phi-

443 2471 589 2554 Iosophia
617 2489 717 2554 prope
747 2468 938 2551 singularem
960 2503 1001 2513 —
1023 2489 1082 2551 per
1102 2470 1206 2551 ipsum
1228 2468 1440 2531 Antiochum?
1475 2467 1531 2549 qui
1552 2466 1768 2550 appellabatur

442 2565 669 2638 Academicus,
691 2570 758 2625 erat
780 2562 926 2644 quidem,
956 2563 984 2624 si
1007 2583 1165 2645 perpauca
1186 2562 1383 2635 mutavisset,
1406 2561 1662 2643 germanissimus
1684 2560 1767 2625 Stoi·

443 2680 510 2723 cus.
544 2659 613 2721 Erit
633 2657 729 2740 igitur
750 2676 801 2719 res
823 2657 883 2718 iam
906 2657 939 2719 in
955 2655 1151 2719 discrimine:
1174 2676 1246 2719 nam
1268 2663 1323 2719 aut
1346 2656 1468 2719 Stoicus
1489 2654 1697 2717 constituatur
1717 2674 1767 2718 sa·

406 2755 534 2836 rapiens
555 2760 610 2815 aut
630 2749 745 2813 veteris
767 2749 964 2812 Academiae.
1006 2750 1180 2832 Utrumque
1203 2769 1267 2812 non
1289 2757 1408 2831 potest:
1431 2756 1479 2810 est
1500 2747 1584 2810 enim
1606 2749 1689 2811 inter
1710 2767 1766 2810 eos

413 2915 417 2922 f
443 2868 507 2912 non
536 2845 576 2908 de
602 2844 761 2918 terminis,
788 2841 846 2905 sed
875 2843 914 2904 de
936 2851 1001 2904 tota
1022 2843 1223 2925 possessione
1246 2843 1418 2905 contentio.
1460 2844 1538 2904 Nam
1561 2842 1663 2904 omnis
1685 2842 1766 2904 ratio

443 2943 526 3005 vitae
549 2935 733 3002 delinitione
759 2935 873 2999 summi
894 2936 969 2999 boni
992 2936 1188 3010 continetur,
1211 2936 1250 2999 de
1274 2955 1337 3018 qua
1361 2937 1416 3019 qui
1434 2935 1603 3010 dissident,
1625 2936 1665 2998 de
1680 2936 1766 2998 omni

441 3034 526 3097 vitae
547 3032 667 3096 ratione
690 3029 855 3093 dissident.
891 3031 962 3092 Non
984 3038 1089 3110 potest
1109 3030 1350 3112 igituruterque
1366 3038 1436 3093 esse
1452 3030 1592 3111 sapiens,
1615 3029 1765 3113 quoniam

443 3132 530 3190 tanto
552 3144 648 3207 opere
672 3123 878 3197 dissentiunt,
908 3123 962 3186 sed
985 3124 1073 3196 alter.
1118 3124 1151 3185 Si
1172 3124 1400 3198 Polemoneus,
1426 3131 1535 3206 peccat
1556 3123 1697 3199 Stoicus,
1718 3123 1766 3186 rei

405 3219 540 3288 insalsae
569 3216 750 3281 adsentiens
773 3252 812 3263 -
835 3236 909 3280 nam
938 3237 994 3279 vos
1022 3217 1150 3300 quidem
1176 3218 1254 3280 nihil
1278 3238 1346 3281 esse
1369 3217 1472 3280 dicitis
1494 3237 1512 3279 a
1534 3217 1678 3298 sapiente
1700 3223 1765 3278 tam

442 3314 578 3377 alienum
601 3331 659 3372 -ε
683 3313 828 3375 sincera
850 3319 925 3373 sunt
946 3311 1097 3385 Zenonis,
1123 3310 1232 3374 eadem
1254 3311 1287 3374 in
1310 3319 1431 3374 veteres
1453 3311 1658 3374 Academicos
1679 3310 1766 3372 Peri-

441 3409 658 3491 pateticosque
681 3404 824 3468 dicenda.
867 3405 927 3467 ttic
949 3405 1058 3486 igitur,
1082 3404 1184 3466 neutri
1200 3404 1397 3479 adsentiens,
1421 3404 1485 3484 †si
1506 3424 1678 3486 numquam
1693 3410 1766 3465 uter

442 3508 492 3563 est
511 3500 719 3582 prudentiori
763 3492 834 3560 t33.
858 3495 964 3573 Quidi
987 3517 1057 3559 cum
1080 3497 1149 3579 ipse
1163 3499 1335 3562 Antiochus
1358 3498 1505 3561 dissentit
1522 3498 1712 3580 quibusdam
1727 3497 1761 3559 ln

440 3590 536 3655 rebus
559 3593 597 3656 ab
619 3591 685 3666 his,
708 3611 790 3674 quos
812 3598 912 3665 amat,
935 3591 1065 3663 Stoicis,
1088 3611 1193 3654 nonne
1211 3592 1329 3655 indicat
1342 3612 1406 3655 non
1421 3612 1515 3676 posse
1530 3592 1583 3654 illa
1598 3591 1761 3674 probanda

403 3707 512 3757 messe
533 3686 692 3768 sapienti?
713 3687 819 3748 Placet
841 3685 955 3748 Stoicis
977 3686 1083 3748 omnia
1106 3692 1233 3767 peccata
1255 3706 1326 3749 esse
1348 3687 1451 3769 paria:
1474 3694 1507 3749 at
1527 3684 1588 3748 hoc
1602 3684 1761 3748 Antiocho

439 3781 716 3844 vehementissime
739 3780 895 3862 displicet.
930 3779 1039 3841 Liceat
1060 3778 1187 3841 tandem
1210 3778 1287 3842 mihi
1309 3779 1507 3843 considerare
1521 3787 1622 3843 utram
1638 3787 1766 3843 senten·

441 3876 518 3938 tiam
545 3893 669 3956 sequar.
714 3874 878 3946 Praecide,
911 3873 1029 3955 inquit:
1062 3879 1165 3935 statue
1193 3872 1367 3954 aliquando
1396 3873 1562 3956 quidlibet.
1598 3872 1706 3948 Quidi
1737 3871 1765 3934 u'

441 3988 523 4051 qnae
544 3966 695 4032 dicuntur
716 3966 750 4029 in
771 3974 937 4050 utramque
957 3973 1079 4048 partem
1095 3976 1127 4030 et
1141 3974 1233 4029 acuta
1248 3967 1325 4029 mihi
1340 3967 1486 4030 videntur
1500 3974 1532 4029 et
1546 3967 1644 4049 parit,
1659 3984 1764 4030 nonne

506 4240 531 4289 i.
548 4238 649 4299 umque
663 4237 756 4287 aemuli
772 4234 894 4299 Bentley;
913 4239 941 4286 at
957 4251 982 4285 v.
1002 4236 1035 4286 de
1053 4237 1116 4286 finn.
1130 4235 1158 4286 b.
1172 4239 1199 4287 et
1216 4249 1252 4286 m.
1271 4236 1292 4284 ll
1310 4233 1324 4297 s
1343 4233 1373 4285 lt
1390 4239 1413 4283 et
1429 4235 1480 4296 ipse
1494 4234 1639 4298 (Epicurus)
1651 4241 1674 4286 et
1690 4237 1766 4286 amici

439 4313 491 4364 eius
508 4316 559 4364 cet.
575 4341 602 4350 -
620 4315 667 4362 nuc
684 4313 720 4361 Io.
734 4309 807 4360 Scala
826 4308 942 4361 ecodd.:
961 4325 1027 4360 nuuc
1043 4312 1181 4361 ABEGO
1196 4337 1223 4347 -
1241 4312 1265 4360 t.
1279 4323 1371 4372 oppane
1386 4323 1440 4359 rem
1456 4307 1527 4359 11¹-
1545 4309 1569 4364 3.
1583 4310 1672 4359 umam
1689 4307 1719 4361 13¹
1732 4338 1765 4348 -

438 4401 490 4438 esee
506 4386 557 4437 del.
576 4385 704 4437 censebat
721 4386 824 4435 Ernesti
843 4408 870 4419 -
888 4386 945 4448 [rue
961 4383 990 4435 ΒΙ
1005 4414 1031 4422 -
1049 4386 1123 4435 rebus
1138 4387 1175 4434 llis
1192 4385 1246 4447 (biis
1263 4387 1298 4445 G,
1316 4385 1369 4433 istis
1380 4385 1407 4446 El
1424 4384 1547 4444 AREG;
1565 4385 1597 4433 iis
1611 4385 1686 4435 rebus
1701 4387 1722 4437 0
1735 4411 1763 4423 -

440 4461 465 4513 t.
482 4462 579 4512 nonuu
595 4467 679 4511 autem
694 4461 777 4510 uicere
792 4460 888 4510 Davies
906 4473 920 4509 e
939 4459 998 4510 cod.
1017 4473 1084 4511 uno:
1103 4463 1204 4511 honesta
1216 4461 1351 4524 (ltoueetam
1361 4456 1439 4521 ΔΨ)
1457 4465 1541 4509 aalma
1555 4461 1642 4511 uidere
1658 4462 1766 4524 (uidetur

439 4537 503 4597 AB,
522 4535 570 4586 sed
587 4538 664 4586 terli
683 4536 707 4586 in
726 4537 788 4597 ras.)
806 4536 926 4595 Auem
950 4537 1076 4584 boueuum
1092 4543 1176 4585 autem
1193 4537 1279 4595 E0r;
1304 4535 1337 4585 cl.
1357 4533 1471 4584 detinn.
1490 4533 1517 4583 b.
1536 4537 1671 4597 cimil,
1690 4534 1763 4600 set.

440 4609 482 4670 IV,
502 4608 517 4673 g
534 4610 575 4659 tu.
593 4609 634 4660 li.
655 4639 682 4649 -
702 4612 802 4661 dicmur
817 4609 876 4661 B¹E
895 4637 921 4646 —
942 4612 965 4660 7.
985 4618 1020 4661 ert
1036 4613 1062 4661 in
1079 4612 1191 4662 omnibus
1207 4614 1228 4661 A
1242 4636 1268 4645 —
1288 4611 1319 4659 iis
1335 4611 1354 4659 B
1370 4634 1395 4644 -
1415 4611 1455 4660 to.
1473 4609 1610 4670 quemlubet
1626 4612 1659 4661 u:
1678 4626 1765 4674 quem-

438 4683 496 4733 libet
511 4685 562 4733 A0
581 4709 608 4719 -
632 4688 672 4736 li.
691 4688 772 4736 stoicis
789 4690 808 4736 A
831 4713 864 4722 —
883 4700 931 4748 per
947 4687 1013 4748 iprae
1028 4687 1175 4737 aristotilem
1191 4688 1225 4748 E,
1244 4700 1292 4747 per
1307 4686 1388 4747 ipsum
1404 4685 1432 4735 A.
1451 4683 1469 4734 b
1494 4712 1521 4721 -
1546 4684 1587 4736 tt.
1604 4687 1767 4737 constituetur

440 4758 508 4807 coni.
527 4758 640 4820 Ernesti,
661 4763 691 4810 ut
707 4763 759 4810 iem
778 4763 819 4810 est
836 4761 862 4809 in
879 4773 962 4823 marg.
977 4761 1069 4812 Lamb.
1084 4787 1112 4797 -
1133 4762 1172 4812 to.
1191 4762 1290 4813 termini
1306 4760 1336 4810 Βι
1350 4787 1376 4796 -
1397 4760 1437 4810 il.
1450 4759 1600 4824 definitiones
1616 4759 1646 4810 Βι
1658 4787 1686 4798 -
1704 4775 1767 4812 can-

438 4832 546 4881 tiouetur
561 4831 591 4882 1³¹
610 4860 637 4870 -
657 4834 697 4884 iu.
717 4839 858 4895 tantopere
873 4836 894 4883 A
914 4860 941 4869 -
960 4836 1034 4887 aliter
1049 4838 1099 4887 AB
1113 4862 1140 4872 -
1159 4837 1199 4887 20.
1218 4850 1278 4886 uam
1294 4848 1337 4884 uos
1348 4835 1446 4896 quidem
1456 4834 1565 4886 Davies:
1583 4848 1646 4884 uum
1658 4835 1716 4897 (non
1727 4831 1765 4900 8¹)

439 4909 537 4970 quidem
554 4908 698 4967 ABErb3
716 4922 760 4958 uos
776 4909 874 4970 quidem
891 4910 966 4958 G0v
982 4938 1014 4947 -
1031 4924 1081 4961 ease
1098 4913 1178 4962 dicitis
1193 4911 1316 4963 ABEG:
1340 4922 1389 4960 esre
1406 4911 1426 4959 0
1445 4933 1472 4945 -
1491 4910 1533 4958 il.
1550 4910 1590 4960 eiu
1606 4908 1640 4960 b:
1662 4923 1713 4961 ure
1727 4911 1766 4960 rin

438 4981 517 5032 codd.
531 4984 565 5040 0;
585 4986 695 5046 apparet
711 4996 761 5033 esse
778 4996 810 5033 er
828 4983 1001 5048 dittographia
1019 4988 1080 5036 ante
1097 4989 1135 5036 rin
1152 4991 1241 5037 ortum
1253 4998 1312 5036 esse
1327 5010 1353 5019 -
1371 4985 1590 5046 peripateticasA,
1608 4988 1639 5036 ut
1649 4986 1764 5047 videtur,

438 5058 466 5105 et
482 5058 502 5106 0
521 5083 547 5091 -
567 5057 607 5108 tt.
626 5059 782 5108 caecutientes
800 5058 818 5107 Ε
836 5083 864 5092 -
883 5059 904 5106 si
920 5073 1058 5121 numquam
1075 5056 1178 5122 (aquam
1196 5058 1232 5122 B¹l
1249 5065 1306 5109 uter
1322 5065 1357 5108 est
1369 5059 1517 5120 pmdentior
1533 5059 1611 5111 codd.
1625 5064 1764 5126 corrupte:

436 5131 476 5180 bic
492 5132 571 5195 ipitur
586 5134 668 5182 neutri
684 5133 835 5182 assentiatis:
858 5133 896 5180 rin
919 5136 1030 5196 utrique,
1054 5141 1111 5185 uter
1127 5150 1152 5185 es
1175 5136 1271 5198 prud?
1293 5135 1435 5193 Manutius;
1459 5135 1498 5183 bic
1514 5135 1531 5184 i.
1550 5150 1575 5185 u.
1594 5135 1728 5186 meantum
1744 5135 1766 5186 π’

437 5220 587 5269 uunquam,
610 5213 666 5258 uter
686 5208 717 5257 sit
738 5208 849 5269 sapiene,
872 5209 1015 5270 apparebit,
1036 5225 1118 5261 noune
1139 5217 1244 5274 utroque
1261 5215 1295 5260 ert
1308 5211 1403 5272 prud?
1422 5208 1531 5269 Lamb.;
1553 5211 1593 5260 bic
1608 5212 1626 5259 i.
1643 5223 1671 5260 u.
1689 5210 1766 5272 a.‚ti

436 5294 556 5343 mquam,
578 5287 684 5343 utroque
704 5287 739 5331 ert
758 5284 913 5344 prudentior.
937 5285 1047 5343 Davies;
1071 5286 1110 5334 bic
1130 5287 1147 5336 i.
1172 5302 1197 5336 u.
1217 5301 1254 5348 a,
1276 5289 1297 5336 ri
1318 5288 1453 5349 quicquam
1473 5288 1585 5348 interest,
1605 5288 1763 5350 prudentior.

437 5354 561 5419 Bentley;
584 5355 747 5421 probabihus
770 5358 838 5406 coni.
859 5357 960 5407 Christ:
984 5359 1023 5408 bic
1043 5363 1134 5424 ipitur,
1155 5364 1238 5412 neutri
1257 5363 1407 5422 adsentiens,
1431 5362 1509 5411 multo
1532 5376 1608 5424 quam
1629 5366 1708 5412 uester
1730 5365 1765 5411 eat

433 5430 590 5490 prudentior.
611 5458 638 5467 -
656 5431 697 5482 il.
714 5431 835 5494 probante
852 5430 895 5490 B¹;
912 5433 1053 5494 probabilia
1070 5438 1214 5495 Munatium
1232 5450 1283 5485 nou
1299 5449 1348 5485 esre
1363 5435 1409 5485 illa
1421 5436 1555 5497 probanda
1571 5436 1613 5486 vel
1630 5449 1680 5485 uon
1693 5447 1765 5496 poue

435 5504 481 5553 illa
496 5505 603 5566 probata
619 5520 670 5556 eree
686 5507 778 5557 lamb.
799 5534 825 5543 -
846 5509 886 5557 25.
904 5513 1014 5570 sapiente
1031 5509 1059 5560 13¹
1080 5538 1104 5546 -
1131 5517 1159 5560 at
1175 5525 1227 5561 orn.
1247 5512 1279 5571 Β,
1300 5511 1334 5559 ad
1350 5507 1381 5559 A¹
1397 5535 1430 5545 -
1447 5511 1487 5559 at.
1507 5511 1590 5572 Quid?
1606 5510 1764 5572 ei--paria

437 5579 555 5630 Iloserus
572 5580 674 5643 (symb.
694 5584 750 5631 crit.
769 5582 811 5640 lV,
830 5582 867 5643 til:
890 5584 950 5644 quid
972 5586 1011 5646 (in
1029 5589 1049 5635 A
1068 5599 1127 5650 sup.
1146 5585 1200 5647 liu.)
1219 5599 1284 5648 quae
1303 5587 1420 5634 dicuntur
1435 5585 1496 5647 quid
1514 5589 1537 5634 et
1553 5589 1630 5634 acuta
1646 5584 1706 5633 milii
1721 5585 1764 5633 ui·

436 5652 526 5702 deutur
542 5656 569 5702 iu
584 5661 718 5719 utramque
731 5662 832 5717 partem
848 5663 871 5706 et
884 5659 963 5718 paria
979 5662 1065 5721 aibr,
1084 5662 1206 5722 quaelibet
1224 5661 1369 5726 (praecedit
1386 5661 1509 5723 quidlibet)
1527 5661 1645 5710 dicuntur
1661 5673 1725 5723 quae
1741 5664 1765 5710 et

436 5733 513 5777 auita
529 5732 580 5779 cet.
600 5733 661 5790 Gv;
685 5745 799 5794 quaeque
821 5733 939 5782 dicuntia
955 5736 1053 5796 quidem
1074 5743 1097 5786 et
1118 5744 1195 5787 acuta
1216 5740 1267 5787 cet.
1289 5738 1321 5794 Ε;
1346 5738 1423 5799 Quid,
1445 5737 1511 5800 quad
1527 5748 1592 5798 quae
1607 5736 1725 5785 dimmtw
1739 5739 1764 5784 et

436 5807 513 5851 acuta
536 5805 596 5853 mibi
620 5806 736 5865 aidanum
760 5809 787 5856 iu
812 5813 945 5870 utramque
962 5817 1061 5872 partem
1082 5817 1104 5862 et
1121 5814 1218 5874 paria?
1244 5813 1352 5861 Guietus
1370 5810 1446 5875 prob.
1465 5811 1594 5873 Madvigio
1612 5810 1635 5871 l,
1653 5823 1680 5873 p.
1699 5808 1760 5868 203ς

437 5877 520 5938 Quid?
537 5880 631 5941 †auae
648 5882 765 5932 dicuntm
782 5883 897 5947 [quidem]
915 5889 938 5933 et
954 5892 1030 5935 acme
1047 5890 1098 5936 cet.
1114 5885 1201 5946 Orelli,
1220 5888 1265 5949 qui
1283 5888 1307 5935 in
1325 5884 1414 5935 adnot.
1428 5887 1501 5935 recte
1519 5886 1621 5936 mannii
1637 5883 1719 5935 verba
1735 5885 1762 5933 iu

435 5956 570 6015 wantum
586 5961 686 6019 parum
708 5960 905 6024 transponenda
923 5973 992 6011 esse.
1019 5962 1084 6010 Nam
1107 5961 1133 6011 iu
1151 5960 1294 6013 verborum
1311 5960 1403 6012 ordine
1420 5960 1519 6025 aliquid
1535 5959 1673 6013 turbatum
1689 5971 1760 6021 esse,
