4342 7459
743 1254 812 1318 nn.
833 1256 888 1318 m.
917 1255 992 1320 cn.
1015 1256 1150 1322 1v-v.
1175 1253 1221 1340 44
1244 1252 1390 1320 u-rr.
1669 1248 1730 1317 ree

409 1442 540 1508 qnoque
568 1422 712 1505 pluribus
741 1424 921 1487 nominibus
950 1426 1073 1508 insigne
1102 1427 1253 1491 iaciamus
1274 1461 1331 1501 -,
1359 1428 1436 1511 quid
1457 1434 1621 1510 praeterea
1643 1424 1731 1488 dicer

409 1537 479 1582 esse
500 1516 709 1599 fugiendum?
731 1520 802 1581 Non
823 1520 979 1602 ignoranti
1004 1522 1074 1594 tibi,
1096 1521 1215 1605 inquit,
1238 1520 1314 1604 quid
1336 1522 1395 1584 sim
1417 1521 1573 1595 dicturus,
1596 1520 1651 1584 sed
1673 1518 1732 1582 ali·

409 1612 502 1696 quid,
524 1620 560 1674 ut
580 1630 639 1694 ego
661 1613 818 1696 suspicor,
840 1633 881 1675 ex
903 1634 972 1678 mea
993 1614 1082 1678 brevi
1103 1615 1311 1699 responsione
1331 1616 1468 1699 arripere
1491 1614 1645 1697 cupienti,
1666 1632 1731 1676 non

407 1703 610 1788 respondebo
640 1703 681 1769 ad
710 1707 850 1789 singula,
879 1708 1045 1790 explicabo
1073 1710 1197 1791 potius,
1228 1710 1378 1793 quoniam
1401 1710 1494 1773 otiosi
1515 1729 1640 1781 sumus,
1669 1706 1732 1769 nisi

408 1799 547 1863 alienum
570 1806 676 1882 putas,
699 1796 797 1864 totam
818 1803 955 1865 Zenonis
975 1803 1218 1887 Stoicorumque
1239 1804 1437 1866 sententiam.
1469 1804 1599 1867 Minime
1614 1802 1647 1865 id
1662 1802 1757 1885 qui-s

408 1893 495 1966 dem,
518 1892 666 1976 inquam,
694 1893 849 1969 alienum,
881 1895 1143 1979 multumque'ad
1166 1916 1219 1971 ea,
1242 1916 1322 1979 quae
1345 1896 1542 1980 quaerimus,
1564 1894 1733 1977 explicatio

409 1996 464 2050 tua
484 1986 545 2049 ista
566 1986 748 2068 profecerit.
793 1985 844 2051 t5.
865 1991 1076 2071 Experiamur
1098 1991 1208 2073 igitur,
1231 1992 1352 2074 inquit,
1374 1991 1432 2054 etsi
1448 1991 1544 2053 babet
1558 1989 1636 2052 baec
1652 1986 1735 2050 Stoi-

409 2100 516 2143 corum
537 2080 620 2143 ratio
641 2078 804 2146 difficilius
828 2082 980 2166 quiddam
1004 2092 1035 2146 et
1055 2084 1232 2148 obscurius.
1276 2086 1354 2148 Nam
1376 2105 1447 2147 cum
1471 2085 1504 2146 in
1527 2083 1646 2147 Graeco
1669 2102 1735 2144 ser-

409 2194 502 2237 mone
528 2173 608 2237 baec
635 2177 706 2257 ipsa
733 2177 893 2260 quondam
922 2198 1025 2240 rerum
1053 2179 1181 2241 nomina
1207 2198 1359 2241 novarum
1381 2176 1430 2213 *³*
1451 2198 1516 2242 non
1539 2176 1734 2247 videbantur,

410 2288 493 2353 quae
515 2289 601 2332 nnnc
624 2272 821 2334 consuetudo
844 2271 993 2334 diuturna
1014 2272 1115 2346 trivit,
1139 2272 1215 2355 quid
1238 2292 1349 2335 censes
1371 2272 1404 2334 in
1426 2272 1538 2334 Latino
1561 2270 1650 2333 sorel
1677 2269 1772 2330 Fato

410 2363 562 2425 cillimum
583 2362 615 2426 id
639 2363 769 2447 quidem
792 2371 855 2438 est,
884 2365 1025 2447 inquam.
1061 2366 1096 2427 Si
1119 2366 1203 2427 enim
1226 2367 1344 2428 Zenoni
1364 2365 1472 2439 licuit,
1498 2384 1567 2427 cum
1589 2382 1657 2425 rem
1679 2360 1736 2423 ali·

412 2475 508 2539 quam
531 2457 705 2519 invenisset
725 2458 921 2532 inusitatam,
951 2457 1127 2521 inauditum
1150 2479 1278 2543 qnoque
1302 2460 1331 2523 ei
1356 2459 1402 2522 rei
1423 2478 1540 2521 nomen
1561 2457 1736 2537 imponere,

412 2571 469 2614 cur
491 2571 555 2614 non
576 2552 670 2614 liceat
693 2550 825 2614 Catoni‘t
847 2553 912 2615 Nec
934 2559 1040 2615 tamen
1062 2552 1198 2633 exprimi
1220 2553 1351 2617 verbum
1372 2574 1390 2616 e
1410 2552 1507 2616 verbo
1522 2570 1653 2614 necesse
1668 2550 1736 2623 erit,

411 2652 446 2707 ut
474 2645 662 2727 interpretes
674 2643 835 2713 ,indiserti
863 2644 982 2719 solent,
1014 2666 1085 2708 cum
1115 2646 1157 2709 sit
1185 2647 1335 2722 verbum,
1364 2648 1449 2731 quod
1478 2646 1564 2709 idem
1586 2642 1734 2715 declaret,

412 2740 513 2820 magis
535 2739 701 2812 usitetum3
730 2736 880 2820 equidem
903 2738 992 2801 soleo
1015 2740 1125 2812 etiarn,
1155 2740 1243 2823 quod
1264 2761 1328 2803 uno
1352 2740 1479 2814 Graeci,
1508 2739 1536 2802 si
1558 2738 1650 2801 aliter
1670 2748 1774 2797 nontt

412 2852 558 2913 possum,
589 2830 672 2893 idem
702 2830 847 2914 pluribus
871 2832 973 2895 verbis
995 2852 1164 2915 exponere.
1203 2835 1244 2896 Et
1265 2842 1369 2897 tamen
1391 2842 1470 2916 puto
1493 2830 1622 2896 concedi
1643 2827 1737 2891 nobis

413 2932 574 3008 oportere,
604 2932 639 2986 ut
661 2923 780 2987 Graeco
803 2924 899 2987 verbo
922 2935 1061 3000 utamur,
1093 2930 1118 2990 si
1141 2926 1269 3010 quando
1291 2928 1395 2990 minue
1417 2934 1561 2991 occurret
1580 2923 1737 2997 Latinum,

413 3038 453 3081 ne
480 3018 542 3080 hoc
570 3018 771 3101 ephippiis
800 3027 832 3081 et
859 3020 1148 3102 acratophoris
1178 3020 1400 3104 potiusquam
1430 3018 1684 3102 proegmenis
1706 3020 1738 3078 et

412 3113 751 3196 apoproegmenis
783 3113 990 3188 concedatur,
1022 3134 1214 3197 quamquam
1242 3114 1321 3177 baec
1343 3114 1473 3198 quidem
1499 3110 1737 3196 praeposita

413 3215 497 3273 recte
521 3214 553 3269 et
573 3206 732 3270 relecta
755 3205 861 3269 dicere
882 3207 999 3269 licebit.
1042 3203 1093 3269 46.
1116 3209 1201 3271 Bene
1223 3207 1317 3281 iacis,
1339 3208 1457 3291 inquit,
1481 3205 1565 3290 quod
1583 3224 1632 3267 me
1646 3202 1775 3267 adiu-tt

414 3321 484 3373 vas,
506 3308 539 3362 et
559 3299 629 3363 istis
653 3298 797 3383 quidem,
819 3319 901 3384 qnae
923 3300 1019 3365 modo
1041 3301 1167 3373 dixisti,
1189 3309 1260 3363 utar
1281 3302 1387 3384 potius
1409 3299 1549 3373 Latinis,
1569 3298 1603 3361 in
1626 3296 1738 3360 ceteris

416 3394 601 3467 subvenies,
623 3393 651 3456 si
674 3414 724 3456 me
737 3392 920 3458 haerentem
935 3396 1068 3459 videbis.
1106 3394 1239 3467 Sedulo,
1261 3396 1399 3479 inquam,
1420 3393 1544 3457 faciam.
1581 3390 1643 3454 Sed
1665 3388 1738 3452 lor·

412 3498 510 3553 tuna
539 3487 679 3552 tortis:
707 3508 804 3570 quare
827 3509 956 3565 conare,
985 3509 1116 3574 quaeso.
1157 3486 1244 3564 Quid
1266 3488 1351 3552 enim
1373 3506 1541 3571 possumne
1562 3483 1623 3549 hoc
1643 3502 1738 3567 agere

412 3582 575 3647 divinius?

498 3677 536 3738 V.
558 3675 667 3739 Placet
686 3675 753 3751 bis,
782 3677 900 3761 inquit,
922 3699 1056 3761 quorum
1078 3676 1158 3740 ratio
1180 3675 1257 3739 mihi
1279 3677 1448 3758 probatur,
1470 3673 1661 3756 simulatque
1683 3685 1778 3734 naas

414 3783 478 3837 tum
502 3765 544 3834 sit
564 3770 682 3834 animal
704 3771 842 3834 —hinc
864 3772 949 3834 enim
967 3779 1016 3834 est
1030 3770 1218 3834 ordiendum
1233 3804 1291 3845 -,
1313 3772 1417 3852 ipsum
1439 3770 1500 3832 sibi
1523 3767 1685 3833 conciliari
1708 3772 1740 3830 et

415 3864 629 3931 commendari
651 3864 691 3926 ad
714 3885 748 3927 se
771 3866 1019 3928 conservandum
1043 3865 1135 3929 etad
1159 3888 1250 3931 suum
1272 3874 1387 3929 statum
1409 3886 1528 3949 eaque,
1558 3882 1641 3948 quae
1663 3878 1740 3922 con-

415 3958 574 4024 servantia
603 3966 677 4020 snnt
698 3960 766 4021 eius
788 3967 907 4033 status,
936 3960 1111 4043 diligenda,
1138 3961 1270 4025 alienari
1296 3971 1399 4025 autem
1422 3961 1461 4024 ab
1483 3960 1613 4023 interitu
1634 3955 1739 4036 iisque

415 4055 525 4126 rebus,
556 4071 639 4134 quae
662 4051 824 4114 interitum
846 4053 1012 4117 videantur
1033 4057 1154 4119 afferre.
1191 4056 1225 4117 ld
1248 4056 1292 4119 ita
1314 4075 1384 4118 esse
1407 4054 1453 4118 sic
1474 4053 1624 4138 probant,
1653 4045 1739 4132 quod

415 4157 486 4211 ante
516 4164 612 4229 quam
641 4146 787 4227 voluptas
817 4155 872 4208 aut
894 4148 985 4210 dolor
1006 4149 1159 4230 attigerit,
1182 4150 1329 4212 salutaria
1351 4156 1502 4231 appetant
1524 4146 1612 4229 parvi
1634 4154 1777 4226 asper-to

417 4252 593 4323 nenturque
616 4239 789 4313 contraria,
819 4240 904 4324 quod
929 4262 993 4303 non
1015 4238 1119 4317 fieret,
1146 4243 1208 4305 nisi
1232 4252 1346 4306 statum
1370 4264 1463 4306 strum
1486 4241 1669 4320 diligerent,
1691 4237 1740 4298 in-

417 4339 541 4400 teritum
572 4334 726 4396 timerent.
770 4335 855 4396 Fieri
880 4344 984 4398 autem
1014 4356 1078 4397 non
1102 4344 1222 4419 posset,
1253 4345 1288 4399 ut
1309 4343 1494 4419 appeterent
1515 4332 1650 4415 aliquid,
1680 4329 1741 4391 nisi

416 4451 543 4495 sensum
569 4428 723 4489 haberent
751 4429 799 4489 sui
824 4448 926 4510 eoque
949 4450 982 4491 se
1004 4429 1180 4510 diligerent.
1217 4431 1266 4491 Ex
1288 4451 1351 4514 quo
1374 4429 1515 4511 intellegi
1538 4427 1632 4489 debet
1654 4423 1741 4506 prin·

416 4526 534 4607 cipium
558 4521 686 4585 ductum
711 4541 779 4584 esse
801 4541 819 4583 a
842 4543 875 4584 se
892 4522 1063 4604 diligendo.
1107 4518 1157 4584 l7.
1180 4522 1215 4585 ln
1237 4525 1402 4607 principiis
1422 4533 1529 4586 autem
1544 4517 1740 4583 naturalibus

417 4620 560 4703 plerique
584 4616 680 4678 Stoici
709 4637 773 4678 non
798 4625 908 4699 putant
931 4617 1124 4697 voluptatem
1147 4637 1216 4679 esse
1244 4618 1440 4701 ponendam:
1470 4615 1583 4699 quibus
1607 4633 1665 4694 ego
1686 4622 1778 4672 ve-at

417 4715 580 4776 hementer
600 4712 773 4783 assentior,
796 4731 851 4784 ne,
874 4710 899 4772 si
916 4710 1106 4793 voluptatem
1128 4719 1241 4773 natura
1262 4711 1407 4793 posuisse
1422 4711 1455 4773 in
1471 4711 1508 4771 iis
1523 4709 1618 4771 rebus
1634 4705 1741 4767 videa·

482 4976 506 5023 4.
526 4972 591 5033 qaod
606 4983 647 5031 pr.
664 4970 714 5019 BE
734 4994 760 5004 -
783 4970 808 5017 Ξ.
827 4981 877 5017 4444
893 4980 946 5016 orn.
966 4968 1014 5017 ΒΕ
1034 4995 1060 5004 -
1080 4969 1136 5029 tibi,
1154 4970 1247 5031 inquit,
1266 4970 1325 5030 quid
1342 4981 1404 5017 nos:
1429 4966 1472 5016 tibi
1490 4966 1549 5028 quid
1567 4966 1630 5022 ΑΒ;
1650 4963 1739 5026 iuquit,

417 5051 468 5108 tibi,
488 5050 547 5109 quid
565 5048 617 5097 bl0
634 5071 667 5081 -
683 5046 707 5094 5.
726 5045 835 5092 44444444
852 5044 898 5092 ΒΕ
916 5069 949 5079 -
966 5055 1012 5106 que
1028 5057 1072 5093 om
1101 5044 1165 5093 Β-
1182 5044 1287 5107 quidem]
1305 5046 1371 5103 quod
1389 5043 1436 5093 ΒΕ
1453 5069 1486 5079 -
1503 5042 1527 5091 7.
1546 5042 1633 5104 igitur,
1652 5039 1740 5103 iuquit]

417 5130 520 5186 taquam
537 5125 555 5173 Β
571 5150 596 5159 -
616 5121 639 5171 8.
660 5122 784 5182 quoddam
801 5119 887 5169 BE·
909 5119 932 5167 9.
946 5132 1031 5167 rerum
1048 5131 1101 5167 om.
1115 5119 1133 5167 Β
1148 5145 1173 5151 -
1193 5133 1318 5167 nouorum
1335 5133 1384 5167 444
1401 5117 1550 5165 uidebantur
1565 5120 1601 5165 A:
1619 5119 1744 5163 uocarunt

417 5217 465 5250 4444
482 5199 632 5248 uidebuntur
648 5199 681 5255 Β;
700 5210 823 5246 nouorum
840 5195 998 5243 uocabantur
1010 5196 1043 5248 0:
1062 5208 1187 5242 nouarum
1205 5194 1283 5258 [noun
1300 5199 1381 5253 44444,
1398 5192 1510 5256 [44444444]
1528 5206 1577 5240 444
1593 5190 1743 5239 uidebuntur

419 5278 560 5339 Madvigius
579 5277 603 5325 in
622 5274 791 5325 adnotatione
805 5301 832 5311 -
852 5274 892 5321 to.
905 5273 981 5334 trivit]
1000 5271 1077 5319 444444
1094 5271 1141 5319 ΒΕ
1159 5297 1184 5305 -
1205 5272 1270 5332 quod
1281 5284 1302 5318 4.
1317 5270 1361 5320 ΒΕ
1375 5295 1400 5304 -
1419 5270 1566 5331 facillimum
1579 5268 1637 5317 BC:
1656 5265 1743 5329 somil-

418 5357 503 5403 4444444
520 5357 554 5410 Α;
579 5351 730 5400 Faciendum
747 5352 766 5399 0
791 5377 817 5385 -
846 5349 885 5398 tt.
904 5362 960 5396 cum
983 5348 1013 5396 444
1033 5345 1135 5394 verbum
1152 5347 1217 5407 quod
1233 5346 1313 5408 magis
1328 5346 1393 5393 idem
1410 5345 1522 5394 declaret
1537 5344 1656 5391 usitatum
1673 5341 1694 5391 D
1714 5365 1741 5375 -

420 5429 458 5477 te.
478 5428 509 5476 Et
526 5438 579 5475 om.
594 5425 613 5474 B
628 5452 654 5461 -
675 5424 714 5473 tt.
733 5424 822 5487 4444444]
841 5437 931 5471 munus
947 5421 1024 5471 ABE
1043 5446 1071 5456 -
1096 5421 1134 5469 48.
1152 5425 1276 5483 4449444444
1292 5426 1315 5469 44
1331 5423 1520 5484 oppoprpmrotr
1536 5420 1554 5468 Β
1576 5445 1601 5455 -
1625 5418 1665 5467 40.
1684 5416 1744 5465 4444-

420 5503 461 5551 bnt
480 5503 497 5551 Β
518 5527 544 5536 -
565 5500 637 5561 quod]
656 5504 683 5547 ut
700 5500 719 5549 E
739 5524 764 5533 —
785 5499 825 5547 22.
844 5499 981 5547 sudeton
994 5507 1085 5559 quaero
1103 5497 1200 5545 Nonius
1218 5510 1244 5559 p.
1262 5496 1302 5545 37.
1323 5521 1349 5530 -
1372 5495 1413 5543 23.
1431 5496 1504 5557 sortis
1521 5495 1568 5544 ΑΒ
1587 5496 1613 5543 et
1630 5494 1743 5544 Nonius:

419 5579 494 5639 lortes
511 5576 564 5624 lto
585 5601 610 5610 -
635 5588 763 5635 possumus
779 5575 823 5623 boc
841 5575 905 5623 AB:
923 5574 968 5621 boc
981 5584 1112 5633 possumus
1129 5572 1148 5620 0
1167 5596 1194 5606 -
1214 5573 1253 5620 25.
1270 5569 1401 5633 probatur]
1418 5570 1587 5631 probaturque
1605 5569 1622 5617 Β
1640 5569 1702 5629 (non
1716 5566 1743 5628 Ε)

421 5678 452 5687 -
470 5650 510 5698 46.
529 5649 593 5710 4444]
611 5649 653 5698 bio
671 5652 704 5708 Α;
729 5650 785 5698 luto
803 5649 850 5698 ΒΕ
869 5674 895 5684 -
919 5653 953 5696 444
970 5647 1115 5695 ordiendum
1132 5649 1166 5695 A:
1189 5647 1334 5694 ordiendum
1350 5651 1384 5695 est
1402 5647 1452 5695 uu
1472 5671 1499 5680 -
1523 5645 1564 5693 tt.
1583 5641 1668 5706 enque]
1685 5654 1746 5702 eque

422 5725 470 5773 ΑΒ
490 5749 516 5758 -
537 5724 576 5773 49,
595 5724 633 5772 ito
650 5738 703 5773 orn.
722 5724 741 5772 Β
761 5726 820 5784 (non
834 5724 861 5783 E}
881 5748 907 5757 -
927 5722 968 5771 30.
985 5722 1061 5784 perui
1079 5723 1140 5780 (non
1159 5722 1208 5782 4444
1226 5723 1306 5770 etiarn
1325 5722 1384 5770 Ε-
1404 5720 1444 5769 at.
1463 5725 1554 5768 stotum
1572 5719 1635 5767 AB:
1653 5722 1746 5765 44444444

421 5800 538 5861 4444440
562 5827 588 5836 -
609 5799 649 5848 34.
666 5806 763 5861 possent
781 5799 827 5849 ΒΕ
847 5824 872 5833 -
893 5796 932 5846 33.
952 5810 977 5845 44
994 5799 1055 5846 AB:
1079 5810 1105 5844 44
1122 5800 1143 5844 44
1159 5809 1206 5844 suo
1223 5798 1242 5845 0
1257 5823 1284 5833 -
1303 5795 1343 5846 34.
1363 5797 1444 5844 dotum
1462 5794 1516 5853 (sic)
1534 5806 1584 5841 4444
1601 5793 1629 5849 Β;
1653 5793 1746 5841 dictum

422 5888 472 5925 esse
489 5877 549 5935 (non
566 5888 615 5924 erre
632 5874 731 5934 44444444)
751 5874 769 5923 Ε
788 5899 814 5908 -
833 5873 990 5922 narratibus
1008 5873 1128 5924 Ursinus:
1149 5870 1306 5920 naturatibus
1321 5871 1437 5934 ditigeudt
1453 5870 1491 5918 444
1508 5866 1586 5917 codd.
1601 5893 1627 5904 -
1647 5867 1687 5917 36.
1705 5864 1744 5930 44]

423 5964 483 5999 nom
500 5950 519 6001 E
538 5976 564 5985 -
580 5952 691 6013 posuisse
707 5951 733 5998 44
749 5948 787 6013 444]
805 5950 923 6010 posuisset
939 5949 966 5997 44
981 5948 1018 5996 tris
1033 5951 1069 6008 Α;
1083 5947 1202 6010 potuisset
1218 5948 1244 5995 44
1260 5946 1304 6007 bur
1320 5946 1349 5996 Β.
