4342 7459
434 1223 496 1290 278
761 1227 1084 1293 tusculanensis
1105 1227 1436 1291 ntsauraslouuu

434 1388 514 1452 nihil
546 1386 659 1450 melius
690 1405 785 1470 qnam
814 1385 899 1469 quod
933 1394 982 1449 est
1014 1387 1046 1449 in
1078 1387 1308 1450 consuetudine
1340 1387 1496 1450 sermonis
1524 1387 1647 1462 Latini,
1690 1407 1761 1451 cum

433 1483 537 1545 exisse
570 1501 611 1543 ex
645 1486 800 1561 potestate
832 1480 964 1542 dicimus
993 1500 1071 1554 eos,
1106 1481 1161 1562 qui
1190 1478 1342 1542 ecfrenati
1371 1478 1515 1542 feruntur
1545 1488 1601 1543 ant
1630 1480 1762 1544 libidine

433 1669 583 1731 definitur
612 1666 790 1738 iracundia,
817 1666 991 1729 ulciscendi
1021 1666 1129 1728 libido.
1180 1666 1241 1741 Qui
1276 1667 1371 1747 igitur
1401 1660 1508 1729 exisse
1537 1687 1577 1729 ex
1605 1675 1763 1749 potestate

412 1763 593 1836 edicuntur,
615 1759 733 1822 idcirco
748 1758 907 1831 dicuntur,
930 1759 1006 1844 quia
1022 1780 1087 1822 uon
1102 1768 1176 1822 sunt
1190 1761 1222 1821 in
1238 1766 1393 1841 potestate
1408 1760 1540 1833 mentis,
1563 1761 1615 1823 cui
1630 1780 1764 1842 regnum

434 1857 532 1917 totius
553 1854 650 1917 animi
672 1872 691 1915 a
712 1862 827 1915 natura
848 1852 998 1915 tributum
1023 1861 1080 1915 est.
1112 1854 1223 1916 Graeci
1245 1861 1350 1915 autem
1364 1854 1587 1934 periucunde
1601 1854 1765 1936 appellent

434 1968 498 2010 non
525 1947 619 2010 facile
648 1945 801 2007 dixerim:
833 1964 900 2007 eam
932 1953 1038 2008 tamen
1066 1949 1166 2032 ipsam
1198 1946 1419 2028 distinguimus
1449 1967 1508 2010 uos
1530 1947 1644 2010 melius
1668 1968 1763 2031 quam

433 2042 498 2117 illi;
527 2041 608 2104 banc
636 2041 723 2103 enim
751 2039 924 2113 insaniam,
957 2061 1038 2123 quae
1066 2043 1173 2104 iuncta
1202 2042 1336 2105 stultitia
1363 2050 1449 2122 patet
1471 2041 1582 2115 latius,
1615 2040 1763 2105 afurore

433 2136 656 2217 disiungimus.
692 2128 803 2197 Graeci
826 2133 937 2196 volunt
958 2133 1005 2196 illi
1028 2134 1172 2217 quidem,
1195 2134 1251 2198 sed
1273 2154 1384 2215 parum
1407 2134 1642 2197 valeatverbo:
1666 2155 1763 2217 quem

398 2247 492 2294 tonos
514 2228 667 2301 iurarem,
688 2231 910 2309 μελαγχολίαν
936 2226 983 2289 illi
1005 2236 1137 2300 rocaut;
1166 2229 1257 2310 quasi
1281 2248 1355 2290 vero
1379 2228 1524 2291 atrabili
1547 2227 1649 2291 solum
1674 2248 1763 2292 mens

433 2342 470 2385 ac
497 2342 562 2384 non
591 2341 687 2405 saepe
716 2321 765 2383 vel
794 2320 957 2384 iracundia
987 2322 1129 2402 graviore
1158 2322 1209 2384 vel
1238 2323 1351 2384 timore
1374 2322 1424 2384 rel
1449 2321 1559 2384 dolore
1588 2330 1762 2395 moveatur,

433 2436 498 2500 quo
521 2435 636 2497 genere
652 2415 885 2488 Athamantem,
907 2414 1147 2488 Alcmaeonem,
1170 2415 1312 2487 Aiacem,
1335 2414 1478 2477 Orestem
1494 2413 1599 2478 iurare
1614 2416 1762 2478 dicimus.

433 2510 495 2585 Qui
516 2511 560 2573 ita
582 2510 622 2572 sit
642 2508 798 2584 adiectus,
821 2528 893 2571 eum
915 2508 1079 2570 dominum
1103 2527 1172 2570 esse
1194 2528 1299 2571 rerum
1321 2527 1448 2571 suarum
1468 2516 1577 2571 vatam
1591 2507 1761 2572 duodecim

431 2603 576 2676 tabulae;
606 2604 713 2686 itaque
745 2622 808 2666 non
839 2610 888 2665 est
916 2602 1068 2684 scriptum
1098 2622 1125 2663 ει
1155 2622 1300 2675 rasuras,
1332 2602 1389 2665 sed
1426 2622 1453 2665 ss
1482 2621 1629 2665 corrosus
1659 2621 1760 2665 sscrr.

1695 2744 1761 2753 ..-

497 2814 520 2865 3.
539 2815 574 2863 sic
595 2813 797 2863 enlm-·libido
819 2812 892 2863 delet
913 2812 983 2863 Balce
1007 2814 1135 2864 anemos.
1156 2814 1187 2873 ll,
1206 2813 1262 2865 itt.
1283 2839 1309 2849 -
1330 2814 1354 2863 a.
1373 2814 1422 2862 sict
1438 2814 1474 2870 C;
1493 2812 1558 2864 «sed
1575 2813 1627 2863 hoc
1644 2810 1702 2863 loco
1719 2814 1761 2877 (ct.

430 2888 502 2953 qnod
524 2901 605 2953 snpra
623 2892 664 2939 est
680 2888 762 2938 emisse
777 2901 811 2937 ecc
827 2893 949 2950 potestate
964 2888 1070 2937 diamur
1093 2902 1146 2950 eos,
1173 2888 1410 2952 qai-terantur)
1436 2887 1551 2938 causalis
1572 2889 1704 2938 sententia
1728 2888 1762 2938 ad

430 2966 564 3015 dicentium
581 2964 765 3027 cogitationem
783 2974 877 3025 parum
895 2961 1037 3012 commode
1055 2962 1194 3013 retectum
1207 2964 1250 3013 W.
1265 2991 1291 3001 -
1312 2964 1336 3014 6,
1354 2965 1459 3013 manian
1476 2964 1541 3012 unde
1557 2963 1717 3025 appellante
1735 2991 1760 3000 -

430 3039 453 3090 l.
471 3042 529 3101 ipso
545 3041 564 3088 G
584 3062 611 3075 -
631 3037 655 3087 8.
674 3036 795 3085 stultitiae
811 3035 860 3085 ΒΟ
879 3060 906 3071 -
927 3036 951 3086 9.
970 3038 1146 3099 distinguimus
1162 3037 1201 3099 11¹,
1220 3039 1291 3103 quod
1310 3037 1433 3102 praetulit
1450 3037 1599 3101 Tregderus
1617 3036 1757 3088 adnotans:

430 3113 608 3177 edolanpimas
623 3110 695 3161 haud
711 3112 768 3160 ecto
786 3122 820 3159 an
838 3122 871 3159 ue
890 3110 1009 3160 Latinum
1022 3110 1131 3174 quidem
1150 3114 1209 3161 situ
1223 3138 1249 3147 -
1270 3115 1309 3164 to.
1322 3111 1504 3161 melancholian
1516 3112 1582 3167 illi;
1598 3109 1763 3162 mdamlolid

428 3189 448 3239 a
469 3215 495 3225 -
515 3189 555 3237 tt.
572 3187 612 3237 pel
627 3187 715 3236 timore
731 3185 791 3234 tnG
808 3195 941 3246 superscr.
962 3197 996 3234 m.
1017 3198 1072 3236 sec.
1088 3212 1113 3221 -
1134 3188 1243 3237 dotorem
1262 3190 1290 3238 Gt
1305 3213 1331 3223 -
1352 3187 1391 3237 tt.
1411 3187 1543 3236 nooman
1559 3183 1628 3235 11¹-
1649 3185 1689 3237 tl.
1708 3186 1761 3235 lta-

427 3274 476 3324 que
491 3275 542 3311 eon
557 3266 593 3311 est
609 3261 741 3320 sermm,
760 3261 782 3308 si
797 3260 901 3309 mennas
917 3266 940 3309 et
955 3262 1066 3321 lanosae
1082 3268 1157 3319 esset:
1175 3265 1304 3312 insoniam
1319 3264 1386 3312 enim
1397 3267 1543 3312 censerant
1557 3261 1725 3310 constantiam
1736 3261 1762 3309 id

426 3343 461 3386 est
471 3338 617 3394 sanitatem,
636 3340 719 3385 tomen
729 3348 800 3396 posse
811 3337 876 3385 tueri
889 3361 902 3371 -
910 3362 923 3371 -
934 3336 1046 3398 furorem
1058 3350 1108 3386 esse
1119 3364 1133 3374 -
1143 3363 1157 3373 ·
1169 3339 1259 3387 cadere
1268 3338 1357 3399 possit.
1376 3338 1478 3386 insanio
1488 3350 1538 3385 non
1551 3335 1648 3385 Nonius
1661 3348 1688 3399 p.
1701 3333 1759 3386 lli.

429 3438 456 3447 —
474 3412 532 3462 mcit
549 3410 675 3460 Bouhier:
695 3415 754 3460 esset
771 3411 885 3464 Nontns;
904 3424 955 3460 esse
971 3412 1058 3472 incipit
1076 3413 1104 3460 C.
1131 3412 1295 3475 «Tregdcrus
1313 3414 1358 3462 erit
1374 3413 1493 3476 scripsit;
1513 3410 1546 3461 ct.
1566 3408 1668 3471 htadvig
1685 3407 1760 3472 stes

427 3500 453 3537 n.
473 3486 496 3537 i.
519 3485 669 3549 Tregderus
688 3483 778 3547 [prael.
798 3496 824 3547 p.
843 3483 897 3545 xx)
915 3486 1046 3535 Graecum
1067 3478 1164 3536 ἔσεται
1183 3490 1320 3550 comparat
1339 3490 1419 3549 atque
1438 3500 1468 3536 er
1488 3486 1595 3547 antiqua
1614 3483 1698 3533 torma
1716 3486 1761 3532 erit

427 3562 525 3611 tactum
548 3563 597 3610 erit
617 3571 678 3609 esse
696 3559 732 3606 ait
752 3556 793 3620 (cl.
814 3558 917 3620 iladvig
934 3558 949 3621 s
967 3560 990 3621 8)
1008 3562 1223 3624 scripturamque
1241 3564 1286 3612 esit
1303 3564 1453 3612 confirmari
1473 3565 1499 3609 et
1517 3561 1591 3610 Nonii
1609 3558 1758 3622 corruptela

426 3642 485 3685 esset
502 3637 528 3685 et
545 3634 668 3685 codicum
684 3646 735 3684 esse
753 3631 945 3696 (interpolando
962 3636 1034 3684 enim
1052 3637 1078 3685 in
1098 3637 1249 3700 archetypo
1267 3637 1385 3688 additum
1404 3651 1464 3687 esse
1481 3637 1588 3699 incipit).
1616 3634 1760 3684 Videamus

425 3710 542 3775 primum
565 3709 598 3759 de
622 3710 776 3759 auctoritate
799 3706 866 3758 illius
888 3710 1048 3772 scripturae,
1073 3710 1170 3760 deiude
1189 3711 1222 3762 de
1245 3714 1356 3763 ratione.
1386 3711 1462 3776 Apud
1481 3711 1633 3763 Lucretium
1649 3710 1681 3770 (l,
1701 3710 1757 3772 ate)

426 3815 546 3862 extremo
563 3824 642 3861 versu
659 3810 754 3874 legitur
766 3823 797 3860 ex
811 3809 965 3861 melioribus
977 3811 1065 3861 codd:
1086 3814 1145 3874 qaid
1159 3814 1236 3863 iscit
1249 3814 1321 3872 (dett.
1335 3816 1413 3877 essct),
1429 3815 1475 3865 ubi
1489 3794 1534 3865 isit
1543 3814 1580 3874 t:
1591 3793 1640 3866 int
1655 3834 1685 3860 =
1696 3806 1760 3863 ἔσε-

425 3888 480 3950 ται)
498 3901 513 3937 a
531 3891 617 3937 metro
636 3899 744 3950 prorsus
762 3885 877 3936 alienum
890 3890 940 3936 est.
962 3886 1037 3949 Apud
1050 3888 1190 3938 Ciceronem
1203 3890 1236 3938 de
1250 3890 1326 3952 legg.
1340 3891 1382 3949 ΙΙΙ,
1396 3890 1411 3938 9
1424 3903 1456 3940 ex
1468 3890 1547 3940 codd.
1562 3891 1617 3941 lere
1634 3886 1759 3941 omnibus

425 3961 549 4013 scribitur
565 3967 656 4010 escant.
683 3958 762 4010 Paulo
780 3964 854 4023 post,
879 3961 923 4011 ubi
942 3975 1012 4010 nunc
1030 3976 1061 4012 ex
1080 3963 1200 4025 Madvigii
1219 3966 1370 4013 coniectura
1388 3964 1476 4014 editur
1492 3979 1536 4015 nec
1552 3972 1649 4025 escant,
1678 3963 1760 4014 libra·

426 4041 480 4089 rius
498 4038 654 4100 archetypi,
674 4039 718 4101 qui
736 4038 895 4087 sententiam
914 4037 979 4099 legis
998 4051 1049 4086 oon
1069 4041 1173 4086 teneret
1190 4041 1270 4100 atque
1288 4052 1367 4102 supra
1386 4046 1458 4088 santo
1474 4045 1526 4089 tum
1542 4052 1624 4104 saepe
1641 4040 1758 4103 legisset,

426 4126 486 4163 cum
506 4113 624 4176 proxime
642 4114 801 4175 sequeretur
817 4114 932 4173 auspicio
941 4117 1046 4173 petram
1062 4118 1165 4170 sunto,
1185 4115 1290 4178 scripsit
1301 4127 1331 4163 ne
1342 4120 1427 4167 sonim
1449 4115 1480 4174 ll,
1494 4116 1525 4164 60
1538 4129 1600 4164 cum
1612 4119 1674 4164 aute
1686 4114 1758 4177 lege-

425 4192 499 4239 retur
515 4188 591 4237 oincti
608 4192 698 4247 erent,
718 4187 876 4245 Lambinus,
901 4192 1045 4250 sequentes
1063 4190 1102 4246 (ex
1122 4188 1244 4237 codicum
1264 4189 1385 4251 vestigiis)
1405 4189 1547 4239 ediderunt
1563 4196 1653 4239 escunt.
1682 4191 1756 4241 ithai.

426 4264 460 4314 ad
474 4264 587 4312 ilereon.
603 4264 625 4319 l.
644 4263 684 4318 23.
705 4262 748 4311 ubi
767 4261 806 4311 lex
827 4266 917 4312 nostro
929 4260 988 4311 loco
1000 4263 1144 4324 significata
1157 4262 1234 4326 plena
1247 4267 1331 4319 extat.
1352 4278 1422 4313 nunc
1436 4263 1529 4325 legitur
1540 4266 1637 4319 existet,
1656 4264 1759 4314 Schue-

400 4388 405 4398 ,
424 4341 491 4389 tzius
508 4341 581 4387 recte
599 4338 660 4388 lecit
676 4338 748 4395 escit;
767 4339 811 4387 csit
829 4351 880 4387 noo
898 4337 990 4386 dubito
1008 4340 1070 4400 quio
1090 4338 1131 4387 ille
1150 4336 1282 4397 librarius¹
1305 4340 1348 4401 qui
1367 4338 1445 4402 paulo
1458 4344 1517 4402 post
1530 4353 1560 4389 ex
1579 4340 1680 4404 tegessit
1697 4340 1758 4390 lecit

423 4414 545 4477 legaverit
569 4414 614 4473 (ct.
633 4415 733 4462 loveot.
754 4414 788 4470 11,
810 4411 870 4472 tls,
898 4411 943 4461 ubi
965 4413 1072 4463 codices
1097 4412 1212 4462 nonnulli
1235 4414 1348 4475 legasset,
1368 4416 1531 4474 Turiceusis,
1559 4414 1600 4464 elii
1626 4416 1757 4478 lepcucrit,

425 4487 567 4539 Lambinus
585 4489 621 4550 [et
638 4501 676 4551 pr.
698 4489 724 4550 P]
743 4492 816 4537 recte
834 4489 942 4550 tepescit)
961 4490 985 4538 io
1004 4491 1050 4538 erit
1069 4493 1218 4537 mutaturus
1231 4488 1316 4537 tuerit.
1338 4490 1374 4537 De
1391 4491 1490 4537 lnvcut.
1506 4491 1536 4545 ll.
1551 4491 1608 4549 tle,
1626 4490 1671 4539 ubi
1684 4491 1758 4541 Orel-

424 4564 473 4614 hos
490 4561 524 4625 [in
543 4563 629 4626 priore
648 4562 772 4625 editione]
790 4577 822 4612 ex
842 4565 992 4626 archetypo
1010 4566 1037 4612 Si
1052 4565 1164 4624 fumosus
1180 4570 1236 4622 cst,
1256 4564 1327 4613 haud
1346 4563 1427 4613 multo
1439 4564 1569 4615 difficilius
1586 4567 1657 4623 escit,
1677 4578 1757 4627 quam

423 4639 482 4694 erit,
502 4638 540 4685 sic
558 4639 691 4702 corrumpi
710 4640 803 4701 potuit.
832 4639 906 4702 apud
925 4638 1033 4688 Gellium
1052 4640 1116 4700 (XX.
1137 4641 1160 4697 t,
1179 4640 1219 4695 25)
1239 4640 1384 4687 Gronovius
1405 4638 1472 4688 nulla
1491 4640 1613 4688 codicum
1632 4642 1759 4689 varietate

424 4715 632 4761 commemorata
651 4714 756 4776 scripsit
772 4716 838 4763 escit.
862 4713 938 4776 Apud
958 4716 1062 4763 Festum
1081 4712 1176 4775 legitur
1194 4715 1217 4761 in
1236 4713 1307 4763 Pauli
1326 4715 1433 4764 Diacooi
1446 4716 1579 4776 excerptis
1596 4715 1693 4774 llicit,
1713 4717 1760 4764 erit

424 4788 451 4835 et
469 4786 600 4844 Obescit,
624 4787 715 4846 oberit,
735 4789 760 4837 in
779 4789 861 4851 ipsius
879 4789 947 4838 Festi
967 4788 1120 4849 fragmentis
1138 4790 1320 4849 superescit
1341 4792 1465 4852 significat
1482 4791 1603 4851 supererit
1620 4791 1670 4838 ccl.
1691 4793 1719 4838 ct
1735 4803 1757 4839 s.

425 4874 448 4909 v.
468 4861 518 4909 Nec
535 4874 566 4910 ex
583 4862 627 4911 llll
645 4861 755 4912 tabulis:
774 4869 813 4911 est
829 4864 851 4910 ei
868 4868 949 4911 mistos
965 4876 1009 4911 nec
1026 4865 1102 4911 escit
1114 4862 1166 4921 tubi
1181 4865 1340 4925 Augustinus
1352 4866 1495 4927 scripserat
1508 4866 1568 4922 esitt.
1588 4864 1624 4912 Ex
1638 4864 1761 4912 Manebit

424 4938 527 4986 saturn.
548 4937 570 4994 l,
590 4937 618 4996 t,
638 4938 668 4986 re
687 4937 808 4986 landatur
824 4951 839 4985 a
857 4938 989 4987 Gronovio
1001 4938 1034 4986 ad
1050 4937 1113 4988 Gell.
1127 4938 1169 4991 Xt.
1184 4938 1214 4986 t8
1231 4938 1272 4987 Sci
1289 4952 1342 4986 noc
1358 4940 1455 4999 turtum
1470 4940 1631 4999 inclamarit,
1651 4937 1759 4988 codices

424 5010 525 5060 habent
541 5012 562 5058 si
574 5036 608 5046 --
619 5013 666 5059 sit.
692 5011 785 5064 Vides.
805 5024 885 5074 qnam
905 5009 967 5061 nihil
985 5011 1090 5062 aliunde
1108 5013 1237 5076 scriptura
1255 5011 1294 5062 illa
1307 5013 1370 5074 (ecit,
1383 5015 1463 5074 esent)
1476 5013 1573 5063 haheat
1585 5013 1757 5062 auctoritatis.

425 5087 520 5135 Nostro
538 5084 595 5134 loco
614 5085 676 5135 illud
689 5088 832 5149 archetypi
850 5100 900 5135 esse
917 5088 1002 5148 incipit
1020 5089 1102 5147 magis
1115 5101 1146 5135 ex
1159 5089 1288 5152 scriptura
1301 5090 1360 5136 escit
1372 5102 1464 5151 parum
1477 5088 1618 5146 intellecta,
1637 5086 1697 5150 es[se
1708 5086 1759 5150 in]-

422 5157 516 5221 cilpilt,
536 5172 616 5222 quarn
634 5174 666 5209 ex
684 5162 778 5210 vitioso
795 5175 844 5210 esse
861 5167 949 5211 ortum
962 5161 1044 5211 videri
1063 5165 1164 5225 potest:
1185 5162 1218 5212 cl.
1233 5162 1306 5211 libet.
1320 5161 1353 5210 ad
1368 5164 1482 5212 llerenn.
1496 5165 1591 5213 existet.
1611 5163 1687 5211 Nonii
1699 5162 1759 5225 qui-

425 5233 487 5283 dam
509 5238 570 5283 esset
591 5233 673 5284 multo
699 5237 866 5287 verisimilius
890 5240 930 5286 est
953 5250 985 5285 ex
1006 5238 1064 5286 escit
1088 5250 1168 5300 quam
1191 5239 1288 5286 exasit
1311 5241 1402 5286 natum
1430 5251 1503 5296 esse;
1532 5237 1663 5301 proclives
1686 5237 1758 5285 euim

426 5309 588 5359 recentiores
606 5307 704 5359 librarii
722 5311 829 5360 luerunt
845 5310 879 5360 ad
896 5325 919 5359 ss
937 5324 984 5374 pro
1001 5325 1027 5360 sc
1044 5317 1105 5361 ante
1123 5326 1136 5360 c
1154 5314 1189 5371 (i,
1204 5313 1275 5373 cett.)
1293 5311 1465 5361 scribendum
1485 5315 1522 5375 (ut
1539 5314 1564 5361 io
1577 5325 1600 5362 v.
1615 5311 1756 5370 discidium,

425 5383 458 5433 de
477 5396 531 5446 quo
549 5382 581 5434 cl.
601 5382 721 5446 Madvigii
740 5385 887 5435 Excursum
905 5384 938 5433 ad
958 5386 1009 5435 fin.
1030 5388 1048 5441 l.
1062 5385 1111 5445 ii),
1132 5386 1207 5446 Quod
1226 5386 1259 5435 ad
1278 5387 1406 5435 rationem
1425 5388 1529 5447 attinet,
1548 5387 1572 5435 iu
1591 5384 1634 5436 tali
1647 5386 1756 5449 quidem

424 5472 454 5509 re
471 5457 531 5522 plus
547 5456 617 5507 valet
633 5460 705 5506 certa
723 5459 866 5507 auctoritas
883 5460 939 5508 sine
958 5461 1058 5510 ratione
1077 5475 1158 5524 quam
1175 5465 1232 5511 sine
1251 5459 1302 5509 ulla
1319 5462 1475 5510 auctoritate
1494 5463 1573 5511 ratio:
1593 5473 1756 5525 quamquam

426 5545 488 5582 cum
506 5532 598 5582 tuturis
615 5533 685 5594 escit,
703 5539 789 5583 escunt
806 5535 896 5584 nescio
914 5548 948 5584 an
965 5535 1130 5586 inchoativae
1149 5536 1247 5585 termae
1266 5536 1354 5597 (virc-
1365 5538 1410 5585 scit
1421 5538 1526 5598 -scuntl
1538 5536 1624 5599 aliqua
1637 5550 1670 5587 ex
1682 5541 1756 5600 parte

426 5594 551 5657 contendi
568 5608 678 5671 possint.
699 5607 747 5670 (Cl.
767 5607 879 5669 Madvig.
893 5610 989 5672 opusc.
1004 5611 1083 5661 acad.
1100 5614 1119 5661 il
1139 5626 1164 5676 p.
1178 5611 1230 5670 ts.)
1247 5611 1300 5659 licit
1317 5624 1381 5659 vero
1399 5615 1426 5660 et
1442 5616 1512 5661 evat
1528 5612 1653 5662 Romanis
1671 5613 1758 5677 potius

426 5683 574 5747 praesentis
592 5685 680 5742 (emm,
698 5696 723 5732 v.
744 5682 854 5732 Varron.
875 5685 902 5733 L.
923 5685 949 5733 t,
969 5686 1010 5746 tx,
1029 5688 1069 5745 st)
1089 5685 1221 5748 pleniores
1239 5685 1338 5735 lorniac
1358 5685 1482 5741 tuissent;
1508 5686 1541 5734 cl.
1559 5687 1622 5748 tert.
1641 5688 1705 5747 oclt,
1724 5693 1758 5736 est

427 5760 541 5821 t=editp
560 5758 599 5808 ad
616 5758 738 5808 codicum
756 5758 902 5821 scripturas
920 5761 1028 5823 propius
1046 5761 1190 5810 accederet
1206 5762 1274 5819 escit,
1302 5765 1383 5808 essunt
1401 5759 1441 5820 tet.
1461 5754 1592 5822 ἔσσεται,
1609 5753 1755 5820 ἔσσονται,

423 5833 579 5895 moniarii,
602 5834 650 5884 sed
669 5833 839 5896 mediocrine.
869 5833 955 5885 Madv.
975 5837 1021 5899 Op.
1041 5838 1062 5886 Il
1080 5850 1108 5900 p.
1126 5837 1157 5886 65
1175 5836 1209 5886 de
1226 5836 1320 5885 hoosso
1338 5838 1365 5884 et
1381 5832 1548 5900 a'yc'laoont;
1567 5836 1630 5897 sed,
1650 5840 1679 5887 nt
1694 5837 1755 5896 dixi,

427 5909 575 5958 auctoritati
592 5921 685 5959 eorum
703 5909 851 5973 parendum
868 5911 934 5960 est.»
954 5911 995 5960 W.
