4342 7459
853 1229 925 1295 Lm.
938 1228 994 1292 III.
1035 1228 1294 1293 FRAGMENTA.
1672 1226 1734 1294 833

496 1392 610 1456 «Albos
628 1390 775 1455 Albonica
793 1390 924 1470 protulit
945 1390 1048 1454 Cicero
1069 1389 1103 1451 in
1123 1388 1183 1450 111.
1205 1387 1241 1451 sle
1260 1407 1294 1450 re
1309 1385 1449 1469 publico:
1473 1386 1560 1464 Quid
1581 1407 1656 1474 argo
1679 1391 1735 1455 iiia

409 1489 470 1554 sibi
497 1487 566 1553 vuit
592 1485 729 1549 absurda
757 1484 922 1566 exceptio,
951 1482 1013 1547 nisi
1041 1483 1069 1545 si
1091 1484 1161 1565 quis
1182 1481 1341 1546 Athonem
1362 1502 1420 1567 pro
1442 1492 1646 1547 monumento
1667 1483 1737 1549 ru'it

408 1582 552 1647 funditus
573 1581 598 1664 †
616 1576 763 1643 efficeret
808 1577 888 1653 Quia
910 1578 994 1639 cnim
1016 1584 1065 1639 est
1085 1576 1186 1639 Athos
1208 1584 1263 1640 ant
1285 1574 1441 1661 Olympus
1463 1580 1591 1642 tantus?
1635 1576 1736 1660 (Pri-

410 1677 579 1741 scianus
609 1665 1048 1753 v1,t3,§70.p.7t01>.)

492 1763 609 1833 Enitar
621 1788 675 1830 suo
691 1768 767 1840 loco,
789 1773 823 1827 ut
843 1765 993 1827 ostmdam
1014 1764 1174 1828 secundum
1187 1764 1369 1845 definiimus
1380 1766 1477 1846 ipsius
1491 1767 1652 1842 Ciceronis,
1669 1768 1760 1851 qui-t

408 1864 463 1929 bus
483 1864 614 1948 quibsit
636 1861 821 1943 respublica
841 1870 868 1922 et
889 1860 961 1942 quib
981 1859 1022 1921 sit
1036 1860 1168 1940 populus
1188 1861 1320 1942 loquente
1334 1860 1473 1942 Scipione
1486 1859 1613 1923 breuiter
1621 1862 1733 1943 posuit,

408 1955 614 2021 attestantibus
634 1957 726 2019 etium
745 1954 848 2016 multis
869 1954 929 2016 sine
949 1954 1045 2034 ipsius
1065 1954 1127 2016 sive
1148 1972 1267 2023 eorum.
1296 1972 1369 2035 quos
1390 1954 1472 2035 loqui
1489 1952 1561 2035 (ecit
1580 1954 1614 2017 in
1634 1955 1735 2017 eobcm

407 2051 616 2135 disputatione,
637 2049 803 2157 sareulis,
821 2067 985 2130 numquam
1005 2049 1091 2111 illam
1108 2049 1204 2129 [uisse
1224 2066 1288 2110 rem
1303 2047 1466 2130 publicam,
1486 2048 1559 2131 quio
1571 2068 1735 2131 numquam

408 2147 443 2208 in
463 2166 499 2207 ea
516 2147 577 2227 fuit
597 2164 670 2208 aera
689 2143 818 2209 iustitio.
861 2141 1027 2205 Secundum
1043 2142 1263 2223 probabiliores
1282 2152 1382 2205 autem
1401 2142 1584 2223 dcfirsitiones
1599 2162 1659 2226 pro
1679 2163 1735 2206 suo

408 2240 496 2302 modo
516 2240 661 2322 wedam
681 2237 868 2318 respublica
884 2236 945 2316 sui
967 2245 994 2298 et
1015 2237 1122 2298 ocellus
1139 2236 1176 2298 ab
1196 2236 1416 2318 antiquioribus
1436 2238 1582 2299 Romania
1603 2256 1694 2318 quam
1713 2250 1772 2301 oto

404 2334 624 2415 posterioribus
644 2332 857 2396 administrata
877 2339 931 2393 est.
977 2326 1226 2412 (Augustinus
1253 2331 1288 2393 tle
1309 2332 1391 2394 cinit.
1414 2329 1462 2394 aas
1486 2331 1530 2406 11,
1545 2325 1607 2413 24.)

494 2423 546 2489 50.
566 2428 654 2490 Nunc
675 2435 718 2490 est
738 2427 820 2489 lacau
840 2434 873 2487 ut
893 2444 984 2507 quam
999 2432 1105 2506 potero
1125 2423 1252 2487 brnsiter
1271 2444 1308 2488 ac
1327 2426 1455 2489 dilucide
1468 2425 1641 2507 expediam,
1658 2425 1736 2508 ottob

409 2521 443 2584 in
469 2521 596 2583 recalendo
623 2522 714 2585 buius
739 2522 838 2603 operis
865 2521 941 2584 libro
962 2540 1009 2583 oce
1029 2520 1303 2582 demonstraturum
1324 2539 1385 2582 esse
1402 2519 1547 2601 promisi,
1577 2520 1736 2583 secunaum

409 2615 600 2695 &finitiones
623 2616 729 2698 quibus
742 2615 823 2697 opud
837 2616 1006 2679 Ciceronem
1026 2616 1125 2677 utitm
1137 2615 1237 2695 Scipio
1258 2612 1391 2676 inlibris
1410 2613 1446 2677 tle
1459 2631 1493 2675 re
1503 2613 1634 2694 publico,
1649 2632 1736 2675 nuns-

409 2727 501 2791 quom
520 2727 584 2772 rem
600 2709 751 2790 publicam
767 2708 861 2790 [scisse
875 2710 1051 2771 itomanam.
1095 2708 1231 2770 Breviter
1252 2709 1329 2769 enim
1357 2726 1424 2770 ram
1451 2706 1610 2790 publicam
1637 2708 1773 2789 definnm

411 2823 481 2868 esso
502 2822 568 2866 rem
591 2803 713 2886 populi.
753 2803 837 2881 Quae
857 2801 984 2883 definito
1005 2805 1032 2863 sl
1052 2821 1124 2865 vera
1145 2811 1196 2873 est,
1218 2821 1380 2884 numquam
1397 2804 1456 2884 suit
1470 2805 1607 2866 Romana
1620 2819 1668 2862 res
1677 2820 1737 2882 pu·

410 2897 496 2973 blico,
519 2899 590 2978 qula
610 2915 773 2978 numquam
790 2898 849 2978 {nsit
869 2914 919 2958 res
933 2896 1048 2977 populi,
1070 2916 1161 2977 quom
1181 2896 1375 2977 definiionem
1394 2899 1487 2960 voluit
1504 2916 1564 2959 esse
1581 2897 1625 2957 rei
1640 2896 1737 2977 publi·

410 3011 472 3054 cas.
514 2989 670 3072 Populum
691 2993 770 3052 enim
790 3008 862 3053 asse
881 2990 1009 3070 befirumt
1030 2998 1157 3053 coetum
1179 2989 1404 3064 multitudinis,
1425 2991 1505 3054 iuris
1527 3008 1683 3053 consensu
1706 2997 1738 3054 ot

409 3085 555 3149 utilitatis
578 3084 798 3147 communione
820 3084 986 3147 sociatum.
1027 3084 1107 3161 Quid
1127 3092 1226 3146 autem
1246 3084 1328 3147 dicat
1346 3088 1424 3149 iuris
1443 3102 1617 3147 mmeuum
1635 3084 1738 3164 bispei-

411 3178 502 3241 tando
523 3179 673 3259 soplicat,
689 3197 748 3260 per
768 3179 823 3241 boe
844 3179 996 3240 osteadens
1017 3178 1083 3261 gari
1105 3177 1176 3240 sins
1197 3177 1317 3242 institia
1338 3197 1404 3242 non
1427 3197 1522 3261 posse
1543 3197 1614 3241 rem
1632 3177 1775 3260 publi-m

411 3292 490 3337 cam.
533 3272 593 3335 Ubi
615 3291 690 3356 crgo
714 3272 833 3336 institia
852 3292 927 3337 vara
948 3292 1013 3336 non
1035 3280 1101 3346 cst,
1129 3291 1189 3335 nec
1209 3272 1260 3335 ius
1282 3280 1389 3354 potest
1410 3291 1491 3337 essa.
1534 3271 1628 3347 Quod
1651 3272 1737 3335 enim

411 3368 481 3431 iure
503 3363 551 3442 fit,
572 3365 715 3450 profacto
737 3367 818 3430 inste
841 3364 890 3429 fit:
920 3365 1004 3452 quod
1027 3373 1135 3428 autam
1158 3361 1192 3429 fit
1212 3366 1341 3439 iniusto,
1362 3386 1422 3430 nac
1444 3368 1513 3430 iure
1536 3362 1602 3430 fieri
1623 3374 1737 3449 potest.

411 3462 482 3524 Non
513 3461 597 3525 enim
624 3461 693 3524 iura
722 3461 858 3525 dicenda
885 3469 960 3525 sont
989 3460 1038 3522 vei
1065 3459 1206 3541 putanda
1233 3458 1342 3541 iniqua
1364 3459 1529 3522 hominum
1551 3459 1736 3523 constituta:

413 3576 486 3619 cum
507 3552 585 3617 iliud
609 3554 704 3617 etiam
725 3555 787 3638 ipsi
809 3555 858 3619 ins
881 3574 952 3618 essa
973 3554 1089 3628 dicant,
1111 3554 1199 3636 qnod
1221 3555 1261 3616 da
1283 3554 1422 3618 iustitiae
1443 3553 1532 3617 fonte
1554 3553 1737 3627 manaverit,

412 3647 592 3731 rusumque
613 3666 699 3723 essa,
721 3647 805 3733 qnod
828 3667 846 3710 a
868 3646 1056 3732 quibusdam
1078 3665 1143 3710 noo
1165 3653 1251 3710 recte
1273 3646 1480 3711 sentientibus
1501 3645 1565 3709 dici
1587 3646 1685 3720 solet,
1704 3643 1776 3709 idat

414 3760 484 3805 casa
505 3742 566 3815 ius,
588 3738 675 3823 quod
697 3742 738 3816 ci,
760 3741 815 3823 qni
836 3741 907 3825 pius
929 3746 1044 3824 potest,
1066 3739 1144 3804 otiis
1166 3748 1235 3804 est
1255 3742 1422 3818 Quocirca,
1444 3741 1497 3806 nbi
1521 3760 1586 3804 non
1602 3748 1651 3805 cst
1664 3759 1739 3804 vara

412 3836 541 3908 institia,
563 3832 642 3897 iuris
664 3853 821 3898 consensu
843 3835 982 3899 sociatus
1003 3841 1113 3898 coatus
1133 3834 1300 3899 hominum
1321 3855 1385 3899 non
1401 3844 1507 3919 potest
1521 3854 1603 3910 assa,
1617 3843 1650 3899 ct
1664 3835 1738 3898 idco

412 3949 471 3994 nac
492 3928 629 4014 populna
649 3932 740 3992 inula
759 3930 844 3992 illam
864 3931 1010 4011 Scipionis
1029 3928 1075 3991 vel
1097 3929 1246 3993 Ciceronis
1266 3930 1477 4011 miluum,
1499 3935 1531 3992 ct
1551 3930 1579 3993 si
1600 3949 1664 3993 non
1682 3949 1740 4013 po·

413 4023 520 4107 puina,
541 4043 601 4087 nec
621 4042 672 4086 ras
688 4023 809 4107 popuii,
823 4022 879 4086 scd
895 4023 1136 4107 qualiacumque
1151 4022 1373 4099 multitudinis,
1388 4043 1471 4107 quau
1486 4023 1596 4108 popuii
1610 4023 1739 4086 nomina

413 4116 510 4200 dignu
530 4136 596 4180 non
618 4124 675 4180 est.
719 4120 763 4180 Ac
784 4136 843 4200 per
864 4116 940 4189 hoc,
962 4118 990 4179 si
1011 4136 1062 4179 rea
1078 4115 1206 4198 publica
1219 4136 1271 4180 ras
1286 4117 1397 4200 populi
1412 4125 1461 4180 est
1475 4125 1507 4180 ct
1520 4117 1659 4201 populus
1673 4125 1777 4179 nontt

414 4220 477 4286 est,
509 4212 563 4293 qui
584 4230 742 4275 consensu
764 4229 830 4273 non
851 4211 990 4273 sociatus
1011 4218 1060 4273 ast
1081 4210 1177 4282 iuris,
1198 4229 1263 4275 non
1285 4220 1334 4274 cst
1354 4218 1459 4275 autem
1481 4210 1549 4285 ina,
1572 4212 1628 4274 ubi
1650 4211 1739 4275 nulla

414 4303 534 4368 institia
556 4311 620 4379 est,
647 4302 760 4387 procui
782 4302 878 4366 dnbio
900 4302 1073 4386 colligitur,
1102 4302 1156 4365 uhi
1179 4304 1297 4367 iustitia
1320 4324 1384 4368 non
1406 4311 1470 4380 cst,
1492 4324 1556 4368 non
1578 4323 1648 4368 assa
1669 4324 1738 4369 rem

413 4397 583 4481 publicam.
632 4397 755 4461 lustitia
788 4417 884 4479 porro
917 4416 955 4461 aa
986 4396 1087 4460 virtus
1121 4404 1189 4472 cst,
1221 4417 1304 4481 quaa
1334 4417 1392 4462 sua
1421 4398 1537 4481 cuique
1567 4398 1738 4464 distribuit.

416 4490 684 4575 (Augustinus
711 4492 746 4556 dc
766 4494 845 4555 cimt.
866 4491 913 4555 bel
939 4491 1035 4567 xlx,
1057 4485 1121 4574 2⁴.)

834 4831 1007 4907 mana
1033 4831 1320 4930 nonanus

500 4991 524 5055 i.
547 4986 576 5053 i.
600 4990 727 5055 Tentabo
747 4999 855 5066 tomen,
876 4995 1018 5075 quoniam
1038 4993 1173 5073 corporis
1194 4999 1222 5054 et
1234 4991 1330 5053 animi
1339 4990 1424 5072 [octo
1436 4994 1543 5054 mentio
1557 5000 1612 5067 est,
1626 4998 1776 5057 utrius-as

415 5108 470 5170 que
492 5090 646 5162 rationem,
668 5096 812 5169 quantum
820 5088 975 5168 pusillitas
989 5086 1200 5167 intellepcntiae
1213 5105 1294 5148 meae
1303 5084 1448 5166 perniciei,
1465 5080 1628 5167 explicare.
1653 5089 1740 5168 Quod

415 5183 546 5263 ospicium
566 5183 623 5243 bac
642 5180 677 5242 ds
698 5200 792 5244 coum
812 5181 946 5243 manime
966 5179 1184 5260 stumpienbum
1200 5187 1287 5260 puto,
1309 5178 1387 5261 quod
1400 5178 1443 5243 Μ.
1458 5179 1580 5254 Tullius,
1595 5183 1645 5245 uir
1658 5184 1740 5264 inpe-

415 5278 461 5339 ns'i
482 5276 655 5357 ambularit,
676 5274 711 5337 in
730 5283 838 5356 quarto
859 5275 894 5337 de
915 5275 1085 5357 republica
1107 5275 1193 5347 libro,
1217 5294 1284 5338 cum
1305 5274 1338 5336 ici
1355 5275 1455 5355 (acere
1476 5282 1627 5347 tentasset,
1647 5286 1741 5341 mote-

415 5370 497 5432 riom
518 5368 576 5431 late
591 5377 740 5451 patentem
761 5371 897 5452 nepotis
915 5370 1025 5451 finibus
1044 5370 1225 5440 terminavit,
1247 5370 1351 5431 leuiter
1370 5388 1487 5431 summa
1500 5388 1629 5451 quaeque
1641 5370 1741 5434 ‹lecer-

410 5482 497 5545 pens.
542 5463 586 5526 Ac
606 5483 643 5525 ne
663 5464 727 5525 ullo
747 5473 820 5526 esset
840 5464 1008 5537 excusatio,
1032 5482 1088 5525 cur
1108 5482 1175 5527 eum
1196 5463 1294 5525 locum
1314 5482 1374 5526 non
1391 5463 1486 5543 {uerit
1498 5474 1663 5538 exsecutus,
1678 5466 1777 5548 ipaeto

417 5566 540 5620 testatus
567 5567 695 5621 estnec
724 5558 915 5623 voluntatem
942 5558 1002 5622 sibi
1032 5556 1173 5621 defuisse
1200 5574 1259 5620 nac
1286 5576 1403 5621 coram.
1453 5556 1490 5619 In
1510 5557 1587 5621 libro
1608 5561 1687 5622 enim
1705 5560 1741 5624 cle

417 5652 529 5735 lepibus
549 5654 666 5733 pricio,
693 5672 762 5714 cum
784 5653 840 5715 boc
864 5653 942 5716 mem
962 5653 1135 5716 summatim
1156 5653 1333 5733 strinperst,
1361 5652 1407 5713 sic
1426 5653 1488 5713 ait:
1523 5652 1616 5715 Hunc
1637 5653 1740 5718 locum

484 5871 509 5921 t.
520 5870 576 5920 -ntu’
591 5870 646 5932 quis
662 5869 683 5920 0
707 5894 734 5906 —
757 5868 782 5919 b.
800 5868 896 5934 οἶμαι
911 5872 969 5922 stoa
984 5874 1003 5937 †
1019 5870 1049 5935 0,
1067 5869 1128 5922 tort.
1145 5871 1252 5934 salsiore
1277 5894 1304 5906 -
1335 5869 1375 5919 to.
1393 5869 1467 5920 modo
1483 5867 1572 5921 caan:
1589 5882 1658 5921 mors
1674 5870 1694 5921 0
1713 5899 1741 5912 -

419 5945 529 6011 modun
544 5943 624 5995 codd.
644 5970 672 5981 -
690 5943 731 5996 bi.
747 5941 839 6010 primo]
856 5955 916 6012 cap.
928 5944 954 5998 ⁹.

503 6064 595 6115 uam
614 6062 696 6114 no.
1404 6036 1447 6106 bb
