4342 7459
446 1237 509 1304 262
773 1245 1095 1311 ruscmnaauu
1115 1247 1445 1313 DlSPlll'd’l'IONUbl

446 1403 497 1468 32.
521 1405 628 1481 Quidt
654 1403 832 1468 fortitudini
858 1404 1091 1489 comitibusque
1114 1407 1199 1478 eius,
1227 1406 1434 1488 magnitudini
1463 1407 1575 1483 animi,
1605 1407 1769 1491 gravitmi,

446 1500 633 1584 patientiae,
655 1519 760 1562 rerum
781 1498 989 1562 humanarum
1012 1498 1237 1582 despicientiae
1259 1519 1324 1582 quo
1347 1501 1440 1563 modo
1462 1501 1694 1585 respondebis?
1716 1502 1771 1565 ad·

446 1596 591 1658 ilictusne
613 1603 644 1658 et
664 1595 771 1659 iacens
794 1603 827 1657 et
846 1593 1039 1657 lamentabili
1062 1612 1141 1655 voce
1163 1592 1332 1676 deplorans
1354 1593 1484 1657 audiere
1515 1592 1561 1683 cO
1584 1596 1684 1659 virum
1706 1594 1771 1658 ior·

446 1690 579 1751 temict
602 1691 647 1752 Te
661 1709 736 1752 vero
759 1689 802 1752 ita
824 1687 982 1752 adiectum
1003 1707 1044 1749 ne
1065 1686 1168 1749 virum
1191 1687 1320 1770 quidem
1337 1686 1505 1771 quisquam
1522 1688 1649 1751 dixerit.
1671 1687 1771 1752 amit-

422 1782 540 1846 utenda
563 1784 658 1865 igitur
678 1782 830 1847 lortitudo
854 1790 903 1844 est
924 1789 978 1845 aut
1000 1780 1204 1863 sepeliendus
1227 1779 1327 1843 dolor.

530 1878 612 1939 xlv.
635 1876 756 1959 Ecquid
778 1876 839 1939 scis
861 1874 971 1956 igitur,
1001 1874 1026 1936 si
1050 1873 1127 1955 quid
1150 1874 1190 1937 de
1210 1873 1384 1937 Corinthiis
1407 1864 1650 1949 intermiseris,
1675 1894 1771 1959 posse

444 1968 561 2032 habere
581 1976 613 2032 te
634 1970 790 2054 reliquam
811 1968 1042 2052 supellectilem
1064 1967 1200 2032 selvam:
1230 1968 1377 2031 virtutem
1399 1974 1503 2031 autem
1526 1969 1671 2032 sinnam
1693 1971 1771 2033 anri·

445 2063 538 2136 seris,
564 2064 624 2126 etsi
645 2064 746 2127 amitti
767 2082 833 2126 non
855 2070 959 2146 potest
980 2062 1093 2133 virtus,
1116 2060 1172 2124 sed
1195 2062 1220 2123 si
1243 2081 1340 2123 unam
1369 2060 1532 2125 confessus
1559 2061 1622 2126 eris
1648 2069 1680 2125 te
1705 2082 1771 2125 non

444 2155 574 2230 hahere,
596 2156 716 2219 nullam
738 2175 809 2219 esse
830 2164 862 2219 te
883 2154 1087 2218 habiturum?
1130 2151 1181 2215 33.
1202 2156 1284 2217 Num
1306 2154 1402 2236 igitur
1422 2154 1536 2218 fortem
1559 2156 1673 2230 virum,
1695 2175 1770 2219 num

409 2267 436 2311 ro
447 2269 559 2332 magno
581 2251 702 2323 animo,
730 2270 805 2313 num
827 2249 1018 2333 patientem,
1047 2267 1122 2310 num
1147 2266 1286 2329 gravem,
1308 2267 1383 2310 num
1406 2247 1544 2311 humana
1566 2256 1771 2311 contemnen-

444 2350 507 2406 tem
529 2352 620 2428 potes
642 2344 748 2407 dicere
769 2350 823 2407 aut
844 2342 1049 2405 Philoctetam
1071 2339 1180 2415 illum;
1202 2360 1221 2403 a
1243 2348 1273 2403 te
1296 2341 1381 2403 enim
1404 2341 1487 2403 malo
1508 2340 1690 2418 discedere,
1713 2342 1769 2406 sed

444 2437 498 2500 iiie
521 2444 606 2500 certe
627 2457 692 2501 non
712 2434 818 2510 fortis,
841 2435 897 2519 qui
919 2435 1001 2498 iacet
1315 2485 1318 2490 ⁴

1052 2528 1094 2590 in
1115 2533 1227 2590 tecto
1249 2526 1395 2601 umido,

613 2621 722 2699 Quod
746 2622 921 2695 eiulatu,
943 2627 1108 2704 questu,
1131 2620 1297 2702 gemitu,
1318 2619 1565 2699 fremitibus,

406 2735 434 2781 ra
611 2716 854 2780 Resonando
876 2722 1018 2778 mutum
1040 2713 1201 2777 flebilis
1224 2733 1344 2777 voces
1365 2714 1506 2778 refert.

395 2849 398 2859 ι
442 2813 512 2874 Non
527 2829 586 2894 ego
598 2810 739 2874 dolorem
752 2809 895 2873 dolorem
908 2829 977 2872 esse
991 2828 1186 2890 nego-cur
1198 2809 1281 2870 enirn
1296 2807 1449 2881 fortitudo
1459 2808 1711 2872 desideraretur?
1717 2841 1770 2884 -,

443 2904 498 2967 sed
522 2924 593 2967 eum
618 2904 753 2987 opprimi
776 2903 848 2966 dico
871 2903 1036 2984 patientia,
1064 2901 1092 2964 si
1115 2900 1210 2964 modo
1234 2906 1282 2963 est
1303 2900 1410 2983 aliqua
1432 2901 1600 2984 patientia:
1633 2901 1660 2965 si
1682 2902 1770 2967 nulia

443 3005 507 3071 est,
530 2991 608 3081 q'uid
631 3016 822 3060 enomamus
844 2995 1078 3078 philosophiam
1102 3002 1156 3057 aut
1171 2993 1247 3077 quid
1264 2995 1331 3058 eius
1347 2996 1475 3057 nomine
1490 2994 1618 3077 gloriosi
1635 3000 1770 3059 snmnst

442 3090 559 3171 Pungit
580 3090 686 3165 dolor,
708 3089 758 3153 rel
780 3089 881 3153 fodiat
902 3109 995 3152 sane:
1018 3090 1044 3151 si
1067 3087 1172 3151 nudus
1194 3109 1245 3161 es,
1268 3087 1308 3150 da
1329 3088 1489 3170 iugulum:
1511 3088 1561 3151 sin
1577 3095 1678 3151 tectus
1692 3088 1771 3151 Vol-

406 3185 542 3250 rocaniis
565 3184 675 3257 armis,
702 3183 736 3246 id
760 3191 808 3247 est
833 3182 1037 3256 fortitudine,
1068 3182 1200 3256 resisie;
1230 3182 1308 3244 haec
1330 3182 1414 3244 enim
1437 3189 1482 3255 te,
1511 3182 1573 3245 nisi
1595 3183 1639 3245 ita
1660 3181 1769 3257 iacies,

442 3284 548 3341 custos
575 3277 736 3359 dignitatis
762 3278 921 3359 relinquet
951 3285 982 3340 et
1004 3275 1138 3338 deseret.
1181 3270 1233 3335 34.
1256 3275 1382 3338 Cretum
1406 3274 1535 3359 quidem
1558 3275 1660 3359 leges,
1687 3296 1769 3359 quas

441 3372 502 3433 eive
523 3372 658 3451 luppiter
676 3372 742 3433 sive
761 3371 866 3434 Minos
889 3371 1009 3443 sanxit,
1031 3369 1070 3431 de
1094 3368 1177 3431 loris
1193 3368 1321 3450 quidem
1339 3370 1507 3444 sententia,
1529 3376 1565 3432 nt
1587 3376 1702 3451 poetae
1723 3368 1770 3432 le·

441 3473 530 3538 runt,
560 3466 701 3546 itemque
728 3463 881 3545 Lycurgi,
914 3462 1074 3527 laboribus
1104 3460 1252 3524 erudiunt
1281 3462 1493 3534 inventutem,
1522 3461 1669 3525 venando
1697 3481 1769 3525 cur·

441 3556 556 3631 rendo,
584 3556 753 3619 esuriendo
783 3555 933 3628 sitiendo,
962 3555 1097 3637 algendo
1122 3554 1306 3619 aestuando.
1349 3555 1478 3638 Spartae
1505 3575 1580 3619 vero
1609 3556 1700 3637 pueri
1727 3556 1767 3619 ad

401 3666 526 3714 staram
549 3651 594 3712 sio
615 3649 798 3713 verberibus
821 3649 1032 3731 accipiuntur,

437 3739 441 3746 ’
672 3744 718 3805 Ut
739 3741 886 3804 multus
909 3760 927 3803 e
949 3741 1170 3805 visceribus
1192 3742 1358 3823 sanguis
1380 3748 1516 3814 exeat,

440 3855 698 3919 nonnumquam
722 3836 831 3909 etiam,
860 3843 911 3909 ut,
934 3856 1005 3908 cum
1033 3836 1078 3898 ibi
1100 3856 1218 3910 essem,
1245 3835 1426 3907 audiebam,
1455 3833 1494 3897 ad
1525 3853 1654 3897 necem:
1685 3854 1768 3918 quo·

438 3948 509 3991 rum
539 3948 603 3991 non
632 3930 727 3994 modo
756 3949 849 3992 nemo
877 3929 1064 3992 exclamarit
1092 3949 1257 4013 umquam,
1287 3929 1342 3991 scd
1371 3949 1412 3991 ne
1444 3928 1598 4010 ingemuit
1624 3928 1765 4012 quidem.

440 4021 524 4097 Quid
548 4025 647 4105 ergol
677 4024 738 4087 hoo
760 4025 849 4106 pueri
872 4030 1020 4106 possunt,
1043 4024 1101 4085 viri
1124 4043 1188 4085 non
1213 4024 1382 4105 poterunt?
1410 4030 1441 4084 et
1462 4040 1531 4084 mos
1553 4021 1653 4097 valet,
1683 4022 1765 4086 ratio

401 4136 503 4183 eonon
527 4116 663 4180 valehiii

523 4210 591 4273 XV.
613 4207 664 4272 35.
693 4213 827 4273 Interest
854 4209 973 4293 aliquid
1004 4212 1085 4272 inter
1111 4209 1250 4271 laborem
1281 4218 1313 4271 ei
1335 4208 1496 4284 dolorem;
1528 4213 1601 4270 sunt
1630 4207 1765 4273 finitima

439 4304 580 4378 omnino,
596 4304 650 4366 sed
666 4312 769 4367 tamen
786 4302 937 4367 differunt
951 4304 1080 4387 aliquid.
1109 4303 1211 4365 Labor
1226 4311 1273 4365 est
1292 4301 1414 4364 iunctio
1430 4300 1584 4384 quaedam
1601 4301 1649 4363 vel
1665 4302 1765 4365 animi

439 4399 487 4463 vei
510 4399 652 4481 corporis
675 4396 828 4479 gravioris
858 4397 963 4479 operis
990 4405 1021 4458 et
1049 4396 1205 4468 muneris,
1233 4396 1325 4458 dolor
1353 4404 1459 4458 autem
1490 4401 1593 4457 molus
1615 4413 1710 4476 asper
1729 4396 1764 4458 in

439 4512 569 4575 corpore
590 4492 712 4556 alienus
734 4509 753 4552 a
775 4491 930 4553 sensibus.
967 4490 1053 4551 llaec
1077 4488 1141 4551 duo
1163 4488 1272 4552 Graeci
1295 4488 1359 4561 iiii,
1382 4508 1518 4570 quorum
1539 4488 1700 4568 copiosior
1715 4498 1765 4551 est

400 4585 546 4666 aslingua
568 4603 662 4665 quam
685 4591 808 4656 nostra,
838 4590 911 4647 uno'
925 4583 1052 4646 nomine
1075 4581 1245 4664 appeliant.
1287 4583 1396 4664 ltaque
1423 4580 1595 4644 industrios
1616 4580 1764 4645 homines

437 4678 482 4741 iiii
505 4680 666 4742 studiosos
688 4678 739 4741 vel
760 4678 866 4759 potius
887 4677 1021 4739 amantis
1044 4676 1164 4739 doloris
1187 4676 1362 4758 appeliant,
1386 4695 1444 4738 nos
1460 4673 1655 4738 commodius
1673 4675 1764 4738 labo·

438 4773 559 4847 riosos3
584 4772 670 4835 aliud
693 4779 742 4834 est
763 4772 847 4835 enim
870 4771 1030 4845 laborare,
1052 4770 1140 4833 aliud
1162 4769 1280 4832 dolere.
1318 4768 1529 4832 Overborum
1548 4768 1641 4851 inops
1663 4769 1763 4833 inter·

503 5037 527 5085 i.
545 5036 672 5099 grauitate
688 5035 747 5084 Gii¹
767 5059 793 5068 -
812 5033 836 5082 3.
855 5033 957 5082 audiens
974 5034 1007 5090 C;
1026 5032 1137 5080 audieris
1152 5029 1204 5079 aiii.
1226 5054 1251 5065 -
1273 5029 1297 5080 l.
1316 5029 1410 5078 dioeeii
1426 5031 1558 5091 quisquam
1574 5030 1594 5080 0
1615 5056 1639 5065 -
1660 5031 1684 5079 c.
1702 5032 1760 5097 sois]

436 5112 514 5162 nescis
530 5110 665 5161 Ernestius
682 5109 709 5157 et
725 5106 795 5157 Bake
811 5105 829 5156 l.
842 5104 858 5156 l.
872 5120 898 5171 p.
909 5106 950 5157 sl.
967 5133 993 5143 -
1012 5107 1033 5155 si
1050 5109 1105 5167 quis
1122 5106 1170 5154 GR
1190 5130 1216 5140 -
1236 5105 1260 5155 7.
1279 5105 1446 5165 supplectilem
1463 5118 1532 5155 corr.
1545 5106 1570 5154 in
1588 5105 1761 5167 supellectiles

437 5188 502 5238 a·
521 5185 545 5235 8.
563 5185 641 5246 meris
657 5182 716 5233 ead.
730 5174 766 5231 m.
779 5194 847 5231 corr.
862 5182 888 5231 in
905 5183 991 5233 elisii
1012 5207 1037 5217 -
1056 5181 1080 5228 9.
1099 5186 1122 5230 le
1137 5180 1224 5229 esseO
1245 5205 1270 5215 -
1291 5180 1330 5229 ii.
1349 5180 1472 5229 discedere
1488 5177 1612 5242 Bentley:
1633 5178 1759 5230 ebranc

439 5288 466 5298 -
486 5259 525 5310 la.
543 5262 606 5307 tecto
622 5258 749 5308 Bouhier:
767 5256 828 5306 lecto
845 5258 893 5307 CO
911 5284 944 5294 -
961 5258 1000 5307 il.
1018 5256 1125 5305 mutirem
1142 5256 1181 5311 C;
1201 5252 1249 5303 sed
1267 5252 1299 5303 cl.
1318 5253 1353 5303 de
1366 5252 1448 5303 Finih.
1463 5256 1484 5303 ii
1502 5248 1570 5317 gli.
1586 5279 1612 5290 -·
1632 5254 1672 5304 ii.
1686 5255 1761 5303 modo

436 5339 471 5385 est
487 5332 574 5394 aliquo
588 5332 729 5395 patientia:
746 5332 767 5379 si
783 5330 854 5380 oudo
869 5337 916 5391 esl,
935 5332 995 5393 quid
1005 5344 1161 5381 aomomur
1176 5328 1349 5393 philosophia?
1365 5330 1463 5380 Nonius
1476 5342 1502 5392 p.
1516 5330 1572 5379 405.
1588 5355 1615 5364 -
1634 5330 1672 5378 sio
1687 5330 1760 5379 pelio

438 5406 595 5466 Lambinus,
613 5406 633 5455 0
651 5431 678 5442 -
704 5406 742 5457 48.
761 5406 853 5469 uersu]
870 5420 900 5455 sa
917 5407 942 5456 in
959 5419 1051 5457 rasura
1068 5406 1150 5456 habet
1166 5408 1187 5454 G
1205 5431 1231 5441 -
1256 5406 1298 5455 20.
1315 5404 1407 5468 resim]
1425 5406 1470 5454 iste
1486 5406 1511 5455 in
1530 5416 1620 5454 rasura
1638 5403 1721 5455 habet
1737 5408 1759 5455 G

440 5509 466 5520 -
485 5484 526 5533 bi.
544 5481 643 5531 Cretum
659 5480 720 5545 lepis
735 5480 868 5531 Charisius
885 5494 910 5546 p.
930 5479 987 5541 iti,
1007 5482 1046 5531 ii.
1067 5509 1094 5517 -
1119 5482 1159 5531 ἥ.
1178 5483 1229 5530 sior
1243 5481 1355 5542 Iuppiter
1370 5492 1423 5529 om.
1443 5482 1478 5537 ῦς
1503 5479 1546 5528 aiii
1565 5479 1689 5545 supplent
1707 5483 1760 5533 sloe

438 5557 647 5608 iihcdosrrooiilus.
666 5580 694 5590 -
712 5554 754 5604 2³.
771 5554 872 5618 ipporpi
889 5556 937 5604 Gli
957 5582 983 5591 ·-
1002 5556 1043 5605 26.
1062 5556 1201 5619 'tragicum
1219 5570 1326 5607 versum
1345 5557 1445 5620 primus
1458 5557 1562 5620 agnovit
1574 5558 1759 5610 Lachmannus

439 5632 472 5682 ad
490 5634 593 5683 Lucrei.
611 5631 642 5690 V,
661 5629 717 5680 993.
739 5629 774 5693 (ρ.
793 5628 840 5678 323
857 5629 909 5691 sq.)
928 5656 955 5666 -
978 5631 1062 5680 maltis
1082 5632 1102 5681 B
1126 5657 1152 5666 -
1178 5632 1217 5681 27.
1237 5631 1376 5695 audiebam]
1397 5631 1510 5681 udaium
1531 5631 1642 5695 Bentley
1659 5632 1758 5684 coilv

439 5707 512 5770 gir.
533 5734 559 5744 ·-
578 5706 619 5757 28.
637 5704 798 5769 ooo1uooC
818 5731 845 5741 -
864 5704 904 5756 32.
922 5706 1004 5768 differt
1021 5707 1040 5757 C
1058 5706 1115 5766 ised
1133 5707 1158 5755 in
1178 5708 1197 5754 G
1215 5704 1272 5768 syil.
1290 5707 1338 5767 sert
1356 5708 1398 5755 est
1414 5707 1439 5756 in
1458 5709 1568 5766 rasura).
1588 5706 1625 5758 Ci.
1641 5709 1673 5758 iii
1687 5707 1702 5771 ὅ
1715 5707 1755 5760 Bi.

442 5808 469 5820 -
489 5779 528 5832 al.
547 5781 670 5845 procidi
686 5781 711 5845 (i.
725 5795 749 5831 e.
767 5777 808 5829 vei
824 5781 945 5843 praemiii
961 5780 1002 5831 vei
1019 5781 1159 5844 marcilii)
1172 5783 1205 5836 G;
1228 5779 1286 5829 iorl.
1297 5781 1427 5842 Grmcali,
1448 5794 1507 5832 nam
1525 5782 1588 5845 quid
1608 5796 1757 5847 pronomen

439 5855 475 5904 ilii
493 5856 518 5906 h.
531 5853 548 5905 Ι.
561 5855 610 5907 sibi
628 5854 704 5916 velit,
722 5867 802 5906 versu
819 5854 938 5919 proximo
956 5856 1132 5921 aptissimum,
1151 5854 1276 5920 equidem
1293 5870 1346 5907 non
1364 5857 1504 5921 perspicio.
1523 5884 1549 5895 -
1567 5857 1608 5908 36.
1626 5858 1760 5908 modos

441 5931 502 5980 ente
519 5942 640 5982 rasuram
656 5931 686 5981 a.
