4342 7459
436 1250 499 1317 962
989 1245 1202 1311 CICERONIS

438 1406 605 1470 Sardorum
619 1411 650 1465 et
661 1403 870 1465 coniuratione
890 1403 1034 1477 recitata;
1056 1400 1169 1461 deinde
1187 1397 1239 1461 illa
1260 1399 1424 1479 cupiditas,
1444 1416 1525 1479 qnae
1545 1405 1697 1479 suscepta
1716 1405 1771 1461 est

438 1520 495 1581 spe
514 1508 546 1560 et
565 1498 767 1579 promissione
791 1496 1014 1576 praemiorum
1041 1502 1198 1574 postremo
1225 1494 1293 1573 ipsa
1312 1494 1408 1569 natio,
1429 1494 1517 1554 cuius
1535 1500 1619 1555 tanta
1639 1495 1769 1557 vanitas

439 1602 498 1670 est,
518 1601 552 1653 ut
571 1592 744 1653 libertatem
763 1609 782 1652 a
801 1590 950 1650 servitute
977 1588 1060 1651 nulla
1081 1607 1115 1649 re
1136 1587 1195 1650 alia
1219 1587 1278 1648 nisi
1304 1585 1475 1649 mentiendi
1500 1587 1623 1649 lieentia
1648 1587 1770 1650 distin-

439 1686 593 1765 guendam
612 1691 731 1765 putent.
772 1686 818 1745 39.
839 1684 947 1761 Neque
967 1700 1024 1760 ego
1044 1687 1106 1741 dico
1120 1680 1289 1742 Sardorum
1302 1679 1440 1760 querelis
1459 1681 1574 1741 moveri
1593 1698 1653 1742 nos
1668 1682 1771 1743 hum-

414 1786 531 1860 iquam
558 1785 712 1857 oportere.
758 1778 826 1837 Non
854 1794 923 1837 sum
944 1783 996 1837 aut
1016 1783 1078 1837 tam
1097 1776 1284 1836 inhumanus
1309 1780 1362 1835 aut
1381 1782 1443 1837 tam
1463 1772 1582 1836 alienus
1602 1793 1620 1837 a
1641 1775 1769 1853 Sardis,

438 1873 620 1955 praesertim
641 1889 710 1932 cum
730 1872 824 1933 frater
836 1888 925 1931 meus
945 1888 1046 1948 nuper
1065 1869 1105 1930 ab
1125 1868 1173 1929 his
1187 1868 1370 1947 decesserit,
1391 1886 1461 1929 cum
1479 1868 1524 1929 rei
1542 1869 1772 1933 frumentariae

439 1968 494 2030 Cu.
507 1965 643 2044 Pompeii
662 1970 758 2025 missu
777 1964 979 2043 praefuisset:
1002 1964 1055 2042 qui
1076 1963 1194 2042 etipse
1213 1961 1273 2023 illis
1293 1981 1349 2044 pro
1370 1980 1426 2025 sua
1446 1960 1508 2023 lide
1528 1970 1560 2024 et
1572 1963 1771 2027 humanitate

438 2059 603 2134 consuluit,
625 2066 656 2119 et
676 2058 721 2118 eis
740 2057 875 2118 vicissim
903 2074 1052 2137 percarus
1073 2063 1104 2117 et
1122 2058 1277 2119 iucundus
1298 2056 1363 2119 fuit.
1409 2058 1456 2117 to.
1485 2057 1592 2118 Pateat
1610 2075 1686 2118 vero
1707 2058 1771 2120 hoc

437 2154 610 2233 perfugium
638 2150 750 2226 dolori,
780 2158 886 2230 pateat
912 2150 1001 2212 iustis
1030 2148 1185 2229 querelis;
1217 2150 1418 2212 coniurationi
1447 2153 1496 2212 via
1524 2149 1770 2230 intercludatur,

399 2254 429 2299 ⁴⁰
439 2246 640 2325 obsaepiatur
657 2242 793 2319 insidiis;
819 2262 923 2323 neque
943 2244 1053 2304 hocin
1072 2242 1180 2305 Sardis
1200 2244 1297 2323 magis
1323 2262 1417 2323 quam
1435 2244 1467 2305 in
1487 2243 1598 2320 Gallis,
1619 2245 1651 2307 iu
1670 2246 1770 2321 Afris,

438 2341 468 2401 in
487 2340 641 2419 llispanis.
681 2334 850 2400 Damnatus
870 2346 918 2399 εει
937 2340 971 2398 Τ.
992 2337 1160 2409 Albucius,
1181 2339 1217 2401 C.
1237 2338 1441 2417 Megaboccus
1460 2356 1499 2400 ex
1520 2338 1663 2401 Sardinia
1682 2358 1771 2402 non-

437 2432 529 2495 nullis
550 2435 641 2494 etiam
660 2432 859 2496 laudantibus
879 2431 996 2495 Sardis.
1037 2434 1081 2495 lta
1100 2432 1194 2495 lidem
1213 2436 1360 2496 maiorem
1377 2435 1511 2496 varietas
1529 2434 1599 2514 ipsa
1618 2432 1768 2496 faciebat.

438 2526 581 2587 Testibus
601 2528 683 2586 enim
705 2526 831 2605 aequis,
858 2525 973 2588 tabulis
998 2526 1185 2607 incorruptis
1214 2526 1409 2589 tenebantur.
1457 2529 1505 2589 tt.
1526 2528 1615 2588 Nune
1634 2533 1685 2587 est
1703 2542 1771 2588 una

436 2638 510 2696 vox,
531 2638 592 2682 una
611 2637 717 2693 mens,
738 2637 800 2679 non
820 2636 971 2698 expressa
991 2618 1109 2696 dolore,
1140 2619 1198 2681 sed
1218 2618 1370 2693 simulata,
1390 2637 1495 2699 neque
1521 2618 1613 2681 huius
1631 2616 1770 2695 iniuriis,

400 2711 496 2774 used
520 2714 681 2792 promissis
708 2711 837 2773 aliorum
857 2722 889 2774 et
907 2714 1053 2793 praemiis
1079 2714 1221 2777 excitata.
1244 2747 1279 2760 -
1298 2716 1339 2774 At
1357 2713 1508 2775 creditum
1528 2720 1577 2775 est
1595 2710 1770 2792 aliqnando

439 2804 554 2868 Sardis.
568 2808 656 2868 -Et
674 2808 805 2868 fortasse
825 2807 972 2868 credetur
990 2806 1178 2893 aliquando,
1190 2810 1216 2870 si
1235 2808 1345 2887 integri
1362 2808 1514 2884 venerint,
1536 2809 1562 2869 si
1580 2807 1770 2887 incorrupti,

439 2900 465 2962 si
486 2918 542 2962 sua
562 2909 683 2980 sponte,
705 2901 730 2962 si
750 2919 812 2962 non
832 2901 962 2963 alicuius
981 2901 1128 2980 impulsu,
1150 2904 1175 2963 si
1196 2902 1299 2979 soluti,
1320 2903 1346 2964 si
1365 2901 1465 2964 liberi.
1506 2904 1594 2975 Quae
1613 2901 1640 2962 si
1662 2907 1771 2976 erunt,

440 3000 543 3055 tamen
563 2992 622 3053 sihi
641 2992 727 3054 credi
754 2993 910 3069 gaudeant
930 3003 961 3055 et
980 2996 1139 3056 mirentur.
1188 2996 1266 3058 Cum
1293 3014 1368 3056 vero
1388 2996 1491 3058 omnia
1515 2994 1636 3073 absint,
1662 3002 1773 3056 tamen

440 3104 476 3147 se
495 3104 557 3147 non
576 3087 767 3165 respicient‘.l
786 3105 849 3149 non
870 3088 970 3166 gentis
991 3106 1067 3150 suae
1087 3089 1198 3150 famam
1219 3088 1481 3168 perhorrescent?

402 3187 432 3234 ao
515 3180 562 3240 42.
583 3179 825 3241 fallacissimum
845 3199 944 3259 genus
965 3199 1036 3243 esse
1053 3182 1241 3243 Phoenicum
1263 3182 1364 3243 omnia
1384 3188 1585 3243 monumenta
1604 3180 1773 3242 vetustatis

441 3280 535 3352 atque
554 3291 663 3333 omues
681 3272 826 3336 historiae
846 3274 936 3336 nohis
956 3273 1172 3355 prodiderunt.
1212 3276 1259 3337 Ab
1274 3276 1321 3337 his
1334 3276 1391 3337 orti
1405 3275 1499 3337 Poeni
1516 3273 1621 3335 multis
1634 3272 1774 3336 Kartha-

441 3366 624 3445 giniensium
646 3366 885 3446 rebellionibus,
906 3368 1011 3429 multis
1030 3368 1151 3430 violatis
1171 3369 1337 3449 fractisque
1359 3367 1538 3430 foederibus
1557 3365 1631 3429 nihil
1652 3383 1687 3429 se
1709 3364 1774 3427 de-

442 3478 609 3539 generasse
630 3459 813 3525 docuerunt.
853 3465 879 3523 A
893 3463 1004 3524 Poenis
1020 3462 1160 3538 ,admixto
1173 3465 1314 3526 Afrorum
1333 3481 1448 3542 genere
1462 3461 1553 3526 Sardi
1565 3480 1627 3524 uon
1641 3460 1774 3524 deducti

442 3554 474 3615 in
494 3552 666 3616 Sardiniam
688 3563 781 3634 atque
801 3555 844 3616 ihi
864 3557 1032 3631 constituti,
1053 3555 1111 3618 sed
1131 3556 1286 3619 amandati
1306 3566 1338 3619 et
1356 3556 1510 3637 repudiati
1529 3555 1640 3619 coloni.

406 3654 435 3703 tt
519 3650 565 3709 te.
595 3651 716 3723 Quare,
745 3666 815 3709 cum
841 3650 952 3728 integri
977 3649 1052 3710 nihil
1075 3650 1167 3712 fuerit
1185 3652 1216 3712 in
1234 3650 1293 3711 hae
1319 3658 1411 3729 gente
1430 3648 1541 3728 plena,
1562 3665 1656 3729 quam
1676 3647 1774 3711 valde

446 3760 514 3805 eam
533 3751 677 3821 putamus
698 3749 742 3803 tot
760 3743 1019 3805 transfusionibus
1040 3745 1223 3807 coacuisse‘l
1261 3745 1315 3806 ilic
1334 3744 1406 3805 mihi
1423 3745 1565 3822 ignoscet
1583 3744 1640 3805 Cn.
1661 3744 1775 3805 Demi-

445 3837 507 3897 tius
519 3836 671 3913 Sincaius,
691 3838 738 3896 vir
751 3838 976 3916 ornatissimus,
992 3839 1107 3919 hospes
1121 3838 1320 3901 etfamiliaris
1334 3856 1436 3916 meus;
1457 3840 1622 3918 ignoscent
1633 3836 1775 3917 denique

447 3947 555 3991 omnes
582 3928 621 3989 ab
647 3929 758 3990 eodem
779 3931 835 3992 Cn.
856 3932 1008 4013 Pompeio‘
1030 3934 1153 3995 civitate
1185 3932 1306 4011 donati,
1339 3950 1470 4013 quorum
1500 3940 1606 3994 tamen
1633 3931 1777 3993 omnium

446 4022 621 4085 laudatione
648 4023 775 4100 utimur3
802 4025 964 4103 ignoscent
991 4024 1040 4087 alii
1061 4027 1117 4087 viri
1137 4026 1210 4088 boni
1230 4045 1270 4088 er
1290 4026 1448 4102 Sardinia;
1475 4023 1571 4086 credo
1597 4024 1678 4085 enim
1699 4041 1776 4086 esse

409 4115 610 4195 ³0quosdam.
656 4117 702 4177 44.
730 4118 838 4196 Neque
858 4136 926 4196 ego,
948 4138 1018 4179 cum
1039 4118 1177 4180 devitiis
1198 4120 1298 4199 gentis
1318 4119 1439 4198 loquor,
1463 4118 1618 4179 neminem
1638 4118 1774 4198 excipio.

448 4210 511 4271 Sed
530 4229 548 4271 a
568 4228 617 4269 me
637 4218 686 4269 est
705 4209 744 4270 de
765 4211 908 4272 universo
935 4230 1050 4289 genere
1077 4212 1262 4289 dicendum,
1288 4214 1318 4273 in
1340 4231 1401 4291 quo
1428 4212 1559 4273 fortasse
1582 4210 1678 4289 aliqui
1706 4212 1777 4271 suis

448 4303 586 4364 moribus
612 4312 642 4363 et
671 4304 859 4365 humanitate
887 4306 991 4383 stirpis
1021 4307 1120 4385 ipsius
1148 4316 1178 4367 et
1204 4308 1303 4386 gentis
1333 4308 1403 4367 vitia
1432 4310 1581 4366 vicerunt.
1630 4306 1777 4383 llagnam

448 4397 573 4477 quidem
595 4417 664 4458 esse
678 4408 797 4477 partem
812 4401 877 4460 sine
898 4398 970 4476 fide,
992 4402 1058 4461 sine
1079 4404 1227 4463 societate
1242 4411 1273 4462 et
1286 4401 1500 4462 coniunctione
1515 4400 1647 4460 nominis
1661 4400 1777 4475 nostri,

448 4511 499 4552 res
520 4494 587 4570 ipsa
609 4491 755 4552 declarat.
796 4497 882 4566 Quae
902 4502 951 4553 est
971 4499 1051 4553 enim
1072 4504 1198 4574 practer
1218 4495 1390 4556 Sardiniam
1410 4493 1579 4573 provincia,
1599 4509 1681 4571 quae
1700 4491 1778 4552 nnl-

408 4585 509 4646 totam
528 4585 640 4646 haheat
665 4588 794 4648 amicam
820 4588 935 4667 populo
961 4590 1097 4650 Romano
1122 4609 1158 4650 ac
1179 4589 1306 4651 liberam
1328 4589 1505 4650 civitatem‘.l
1549 4588 1596 4648 45.
1620 4604 1649 4648 a.
1670 4586 1778 4648 Africa

448 4683 514 4761 ipsa
534 4698 649 4758 parens
674 4681 725 4742 illa
753 4682 930 4760 Sardiniae,
961 4700 1040 4761 quae
1068 4683 1199 4762 plurima
1226 4692 1257 4744 ει
1277 4683 1478 4746 acerbissima
1505 4700 1575 4743 cum
1603 4678 1779 4741 maioribus

448 4774 561 4834 nostris
581 4772 662 4834 bella
682 4777 788 4850 gessit,
810 4795 871 4836 non
892 4775 991 4837 solum
1012 4776 1199 4837 fidelissimis
1220 4778 1338 4854 regnis,
1367 4775 1535 4836 sedetiam
1557 4775 1588 4834 in
1608 4774 1677 4853 ipsa
1698 4791 1779 4852 pro-

449 4868 547 4927 vincia
567 4885 601 4926 se
622 4886 638 4927 a
659 4868 806 4929 societate
832 4871 1015 4930 Punicorum
1042 4869 1195 4930 bellorum
1221 4871 1306 4930 Utica
1326 4877 1406 4931 teste
1428 4866 1575 4928 defendit.
1598 4866 1779 4944 ,Hispania

448 4960 575 5021 ulterior
594 4961 771 5039 Scipionum
791 4960 920 5044 int[eritu
940 4975 964 5022 et
983 4970 1046 5037 fidei
1065 4966 1235 5039 saguntinae
1253 4984 1321 5038 rogo
1337 4967 1486 5022 nobilitata
1506 4966 1587 5020 hahet
1601 4961 1779 5021 Gaditanam

411 5059 585 5114 llleioitatem
605 5060 713 5141 officiis,
733 5062 872 5136 periculis,
893 5063 999 5128 [aeden
1017 5063 1158 5117 cetheum
1178 5065 1360 5117 coniunctam.
1411 5059 1521 5128 Quaero
1541 5062 1613 5127 iem,
1634 5074 1779 5128 queem

447 5256 497 5304 lata
512 5256 581 5315 facte
592 5280 606 5290 -
617 5280 632 5289 -
643 5255 761 5316 recitata,
780 5253 875 5304 edidit:
893 5255 943 5304 lete
958 5256 1027 5316 fecta
1039 5283 1052 5293 -
1062 5283 1076 5293 ·
1088 5258 1208 5321 rogitate.
1248 5257 1382 5320 (labefacta
1396 5282 1410 5293 -
1421 5282 1435 5293 ·
1451 5256 1563 5319 rogitate
1581 5254 1668 5303 Beieri
1686 5265 1777 5317 susp,

447 5331 497 5378 late
511 5330 581 5391 secte
592 5355 631 5365 --
643 5332 754 5391 cogitata
771 5330 912 5391 Kreyssigii
924 5333 1007 5394 susp.)
1027 5358 1054 5366 —
1074 5331 1098 5383 t.
1121 5334 1163 5382 aie
1180 5334 1214 5382 M.
1234 5336 1294 5382 ante
1312 5346 1337 5382 v.
1357 5336 1469 5394 oportere
1486 5331 1608 5381 inseruit:
1627 5329 1716 5390 Neque
1732 5330 1778 5378 cio

447 5406 522 5455 Serd.
537 5405 624 5452 lleinr.
639 5416 713 5466 susp.
728 5428 755 5439 -
770 5404 793 5452 9.
812 5406 979 5453 coniurationi
990 5409 1034 5454 eia
1045 5408 1134 5455 Beier:
1153 5408 1330 5456 coniuratiovi
1342 5410 1371 5456 A.
1388 5432 1413 5443 -
1430 5406 1470 5454 ιι).
1483 5404 1626 5454 obediatur
1638 5408 1682 5464 A,
1701 5405 1777 5455 nude

447 5479 605 5540 obsaepiatur
629 5481 666 5528 PB
690 5480 756 5529 coni.
782 5479 924 5539 (accidietur
942 5481 984 5542 hi.)
1009 5506 1036 5516 -
1060 5483 1101 5530 lt.
1131 5482 1168 5543 A]
1191 5481 1279 5529 Beier:
1307 5482 1334 5531 1..
1354 5483 1384 5529 A.
1407 5481 1437 5541 (et
1455 5479 1481 5529 C.
1500 5480 1566 5541 Afeg.
1585 5479 1619 5529 hl.
1638 5478 1721 5540 coni)
1746 5504 1775 5514 -

448 5552 487 5602 ⁴8.
505 5559 586 5601 temen
597 5554 650 5618 sthi]
668 5560 721 5602 tem
737 5554 782 5602 sihi
800 5555 889 5604 lleinr.
903 5569 975 5618 susp.
997 5583 1023 5591 -
1042 5556 1083 5605 20.
1103 5557 1235 5606 Poenicum
1246 5560 1275 5606 A.
1298 5583 1324 5592 -
1343 5554 1384 5606 il.
1407 5555 1533 5604 amaricati
1546 5557 1574 5603 A.
1589 5565 1643 5603 non
1657 5553 1777 5618 improb.

448 5628 606 5677 Heinrichio.
628 5657 652 5665 -
673 5630 713 5678 25.
734 5629 818 5692 plene]
835 5644 903 5690 pure
920 5631 1008 5679 lleinr.
1031 5643 1105 5693 susp.
1127 5658 1150 5668 -
1173 5632 1214 5681 tt.
1239 5632 1357 5693 Singates
1373 5631 1407 5679 Μ.
1421 5656 1446 5664 -
1461 5629 1565 5689 denique
1582 5642 1668 5679 cmm
1686 5630 1777 5679 Beier:

448 5702 546 5751 incerta
571 5707 612 5752 est
633 5706 762 5766 scriptura
784 5704 897 5762 codicis,
925 5717 1070 5755 netsrca'ss
1088 5707 1132 5766 ht,
1150 5717 1295 5755 nernccuss
1313 5706 1341 5756 P.
1368 5730 1395 5740 -
1423 5703 1464 5753 31.
1491 5703 1533 5752 sed
1549 5716 1568 5751 a
1583 5704 1632 5768 oie]
1655 5717 1779 5756 sanum

447 5778 478 5826 A.
496 5790 510 5824 a
530 5790 569 5838 pr.
589 5791 639 5839 m.,
663 5779 734 5829 unde
758 5781 841 5831 Maius
864 5793 937 5843 susp.
958 5780 1000 5829 sed
1016 5786 1108 5830 tanen.
1160 5781 1213 5831 Sed
1230 5779 1290 5830 vide
1308 5792 1335 5843 p.
1354 5777 1458 5835 Cluenl,
1475 5776 1499 5839 5.
1518 5776 1581 5827 tte:
1602 5778 1701 5829 Ante.
1716 5778 1778 5830 ,et-

447 5856 542 5899 centur.
