4342 7459
671 1254 740 1318 Lm.
755 1254 795 1317 ll.
826 1252 900 1317 Gar.
915 1252 1198 1318 XXX-XXXII.
1226 1251 1272 1338 §8
1284 1250 1434 1319 iia-56.
1659 1252 1722 1318 aba

448 1413 477 1475 a
491 1410 521 1468 ἕ
535 1410 566 1468 ³*
578 1411 582 1491 Ι
594 1419 650 1483 lex
671 1418 730 1483 iiia
750 1420 823 1482 iota
844 1418 1021 1483 sublatast
1053 1418 1128 1484 ilac
1149 1421 1259 1485 menie
1282 1422 1349 1486 tum
1371 1420 1480 1485 nostrl
1500 1419 1601 1485 maio·
1622 1410 1723 1502 [p35.

398 1542 455 1590 res
476 1528 511 1589 et
532 1521 742 1590 Conlatinum
771 1525 980 1588 innocentem
1010 1524 1202 1607 suspicione
1230 1525 1444 1612 cognationis
1465 1524 1666 1607 expulerunt
1688 1527 1723 1591 et

397 1628 545 1712 reliquos
558 1626 757 1713 Tarquinios
779 1627 964 1691 oliensionc
985 1629 1136 1691 nominis.
1169 1625 1362 1712 &demque
1382 1630 1492 1693 mente
1514 1626 1553 1691 P.
1568 1627 1725 1692 Valerius

398 1735 433 1795 et
456 1731 568 1799 iasces
588 1734 714 1816 primus
735 1729 862 1796 demitti
884 1732 997 1810 iussit,
1018 1748 1091 1796 cum
1114 1730 1227 1796 dicere
1249 1733 1282 1795 in
1304 1732 1461 1797 contione
1482 1732 1667 1814 coepisset,
1688 1735 1725 1795 et

397 1834 493 1899 aedis
513 1853 592 1899 suas
615 1834 733 1900 detulit
755 1835 817 1900 sub
840 1835 979 1912 Veliam,
1003 1838 1122 1917 postea
1145 1852 1251 1919 quam,
1273 1834 1362 1920 quod
1385 1837 1418 1900 in
1440 1836 1626 1902 excelsiore
1649 1836 1744 1910 locoi

397 1937 515 2003 Veliae
536 1939 706 2021 coepisset
726 1935 919 2019 aedificare,
948 1955 990 2001 ao
1011 1939 1103 2021 ipso,
1133 1938 1187 2003 ubi
1210 1956 1271 2002 rex
1295 1932 1433 2016 liutius
1455 1936 1590 2005 babita-
1613 1930 1657 2018 [p.
1671 1930 1723 1997 36.

396 2045 511 2124 verat,
538 2043 760 2126 suspicionem
784 2041 896 2125 populi
919 2042 1025 2105 sensit
1047 2041 1183 2105 moveri.
1225 2039 1400 2125 Idemque,
1428 2041 1460 2106 in
1484 2060 1549 2126 quo
1571 2041 1635 2106 luit
1650 2060 1724 2124 pu-

398 2145 519 2211 blicola
540 2149 690 2229 maxime,
712 2146 820 2234 legem
843 2144 885 2209 ad
910 2145 1066 2229 populum
1083 2146 1159 2208 iniit
1174 2161 1256 2221 eam,
1272 2163 1357 2228 quae
1372 2146 1568 2210 centuriatis
1582 2146 1724 2209 comitiis

397 2250 502 2332 prima
523 2250 593 2314 lata
615 2252 684 2331 est,
713 2267 756 2313 ne
779 2250 852 2334 quis
874 2251 1092 2337 magistratus
1113 2250 1219 2313 civem
1241 2248 1426 2313 Romanum
1453 2246 1618 2314 adversus
1640 2266 1723 2333 pro-

396 2354 608 2418 vocationem
640 2359 777 2418 necaret
814 2369 901 2417 neve
932 2350 1140 2415 verberaret.
1204 2350 1266 2415 54.
1304 2350 1581 2418 Provocationem
1613 2356 1761 2416 autcario

397 2458 496 2521 eiiam
524 2473 546 2520 a
574 2457 711 2543 regibus
744 2457 848 2521 luisse
881 2454 1055 2521 declarant
1088 2456 1235 2538 pontifici
1269 2455 1359 2538 libri,
1393 2455 1584 2544 significant
1615 2457 1723 2520 nostri
1853 2525 1862 2539 κ

397 2561 497 2623 etiam
513 2560 709 2646 augurales,
729 2554 734 2637 Ι
753 2560 896 2644 itemque
919 2559 962 2624 ab
985 2561 1071 2622 omni
1093 2557 1217 2624 iudicio
1239 2576 1415 2643 poenaque
1437 2578 1566 2643 provo·
1595 2550 1723 2639 [ΜΝ.

396 2664 467 2729 carl
489 2661 591 2727 licere
618 2660 766 2728 indicant
787 2682 856 2727 ‚xm
879 2662 1014 2728 tabulae
1035 2662 1252 2745 conpluribus
1275 2662 1422 2749 iegibus,
1451 2666 1501 2745 et,
1528 2663 1616 2747 quoii
1639 2680 1723 2746 pro-

396 2766 501 2832 ditum
523 2771 747 2850 memortaest,
768 2787 810 2831 .x.
831 2768 940 2852 viros,
962 2768 1016 2852 qui
1038 2767 1135 2856 leges
1156 2768 1364 2853 scripserint,
1385 2770 1458 2832 sine
1480 2768 1723 2851 provocatione

396 2876 548 2953 meaios,
575 2874 659 2936 satis
681 2870 867 2936 ostenderit
888 2873 1036 2954 reliquos
1057 2874 1130 2936 stne
1153 2873 1394 2955 provocatione
1417 2871 1635 2959 magistratus
1655 2878 1761 2934 nonii

397 2974 520 3039 tuisse:
556 2973 704 3058 Lucique
726 2975 839 3040 Valeri
862 2973 965 3038 Potiti
995 2980 1030 3039 et
1058 2974 1108 3039 M.
1131 2974 1250 3039 llorati
1272 2974 1428 3058 Barbati,
1451 2972 1614 3040 bominum
1636 2991 1723 3040 oon·

398 3077 533 3145 eurotas
555 3095 657 3143 causa
679 3080 852 3163 sapienter
874 3080 1093 3164 popularium,
1114 3079 1301 3144 consularis
1317 3080 1370 3143 lex
1385 3074 1575 3162 sapritius
1599 3069 1724 3158 [piso.

397 3185 453 3267 qui
475 3184 692 3272 magistratus
712 3185 785 3248 sine
806 3185 1049 3268 provocatione
1071 3186 1253 3248 crearetur.
1286 3182 1403 3269 Neque
1426 3201 1510 3248 vero
1530 3183 1627 3271 leges
1641 3181 1724 3246 Por

396 3288 488 3367 ciue,
515 3305 600 3371 quae
628 3290 700 3353 tres
728 3292 806 3352 sunt
828 3290 926 3352 trium
949 3287 1163 3369 Porciorum,
1192 3292 1229 3351 ut
1251 3289 1363 3372 scitis,
1392 3291 1565 3372 quicquam
1589 3291 1724 3370 praeter

395 3391 601 3456 sanctionem
624 3392 809 3457 attuierunt
830 3394 920 3457 novi.
974 3388 1040 3455 55·
1064 3391 1184 3474 ltaque
1208 3391 1378 3457 Publicola
1406 3392 1482 3477 lege
1502 3391 1560 3455 illa
1583 3390 1624 3454 de
1646 3396 1774 3474 pro-¹⁰·

396 3496 576 3561 vocatione
599 3496 729 3579 perlata
750 3498 861 3559 statim
884 3496 1012 3561 securis
1034 3492 1077 3558 de
1098 3494 1249 3559 fascibus
1270 3492 1355 3559 demi
1378 3497 1474 3560 iussit
1496 3492 1723 3579 postridieque

396 3597 460 3662 sibi
481 3599 645 3687 collegam
667 3593 727 3681 Sp.
743 3599 931 3664 Lucretium
959 3598 1158 3678 subrogavit
1184 3615 1331 3682 suosque
1353 3596 1396 3662 ad
1418 3616 1508 3686 eum,
1539 3596 1627 3683 quod
1650 3601 1724 3661 erat

396 3703 501 3765 maior
530 3708 627 3781 natu,
657 3704 794 3768 lictores
822 3705 965 3767 transire
992 3702 1107 3765 lussit:
1140 3703 1349 3785 instituitque
1377 3703 1502 3786 primus
1528 3704 1565 3766 ut
1594 3692 1723 3780 [piso.

396 3805 540 3893 singuiis
561 3806 755 3870 consulibus
777 3806 917 3869 alternis
938 3804 1106 3869 mensibus
1126 3805 1265 3869 lictores
1285 3806 1470 3887 praeirent,
1491 3823 1535 3870 ne
1556 3806 1652 3889 plura
1675 3806 1723 3868 in·

395 3910 507 3998 signia
529 3912 647 3975 essent
670 3910 775 3993 inperi
799 3912 832 3973 in
853 3909 959 3975 libero
982 3909 1106 3994 populo
1129 3928 1225 3994 quam
1247 3909 1281 3973 in
1302 3927 1410 3995 reguo
1432 3908 1585 3974 tuissent.
1623 3907 1761 3975 Hanno

396 4012 573 4079 mediocris
599 4012 669 4096 bic,
700 4017 736 4077 ut
763 4012 912 4097 equidem
943 4014 1123 4100 intellego,
1151 4014 1204 4078 vir
1227 4013 1308 4097 luit,
1338 4016 1392 4097 qui
1414 4012 1544 4078 modica
1567 4014 1723 4078 libertate

397 4119 522 4201 populo
545 4116 623 4181 data
646 4117 778 4182 iacilius
800 4120 907 4181 tenuit
929 4119 1163 4181 auctoritatem
1185 4119 1380 4201 principum.
1414 4116 1530 4201 Neque
1552 4134 1618 4203 ego
1641 4116 1723 4179 baec

396 4239 485 4286 nrrnc
507 4223 579 4285 siae
601 4238 703 4286 causa
719 4224 783 4283 tam
801 4224 918 4284 vetera
931 4221 1030 4284 vobis
1044 4225 1079 4284 et
1094 4224 1160 4283 tam
1178 4220 1329 4284 obsoleta
1344 4214 1575 4297 decantolseal
1600 4210 1722 4298 [pt86-

397 4325 592 4389 inlustribus
625 4327 658 4388 ln
688 4326 842 4409 personis
873 4324 1144 4409 temporibusque
1175 4323 1328 4408 exempla
1357 4322 1520 4388 bominum
1547 4340 1722 4407 rerumque

396 4425 528 4508 definio,
549 4426 593 4491 ad
616 4447 701 4513 quae
721 4429 850 4513 reliqua
873 4430 981 4491 oratio
1003 4425 1186 4516 detegatur
1207 4445 1288 4492 mea.
1730 4433 1759 4480 ³⁰

482 4528 633 4596 xxxii.
666 4526 729 4596 56.
762 4530 881 4596 Tenuit
913 4532 1016 4619 igitur
1045 4530 1108 4597 boe
1134 4531 1168 4595 in
1196 4533 1288 4594 statu
1309 4533 1448 4595 senatus
1468 4547 1536 4595 rem
1559 4530 1722 4616 publicam

396 4635 601 4719 temporibus
632 4635 716 4721 illis,
747 4639 783 4698 ut
812 4636 844 4698 in
875 4635 998 4719 populo
1021 4635 1126 4699 libero
1149 4652 1256 4718 pauca
1279 4651 1340 4719 per
1362 4633 1536 4718 populum,
1563 4635 1723 4719 pleraque

396 4742 535 4804 senatus
563 4739 765 4805 auctoritate
792 4741 827 4802 et
848 4739 1004 4803 instituto
1026 4755 1067 4806 ae
1088 4755 1180 4803 more
1200 4741 1418 4826 gererentur,
1444 4739 1545 4821 atque
1567 4739 1614 4800 ati
1636 4754 1723 4802 eon-

445 5081 469 5132 2.
489 5040 576 5131 effi
593 5081 612 5132 C
633 5107 660 5118 -
679 5078 704 5132 i.
724 5094 747 5130 ur
765 5080 791 5131 io
809 5081 828 5132 C
847 5094 906 5145 sup.
920 5080 964 5133 lin.
985 5108 1012 5118 -
1031 5083 1056 5133 o.
1073 5044 1137 5132 sess
1155 5084 1174 5133 C
1195 5109 1222 5121 -
1241 5082 1265 5133 6.
1279 5055 1385 5133 moreau
1398 5082 1418 5133 C
1437 5107 1466 5119 -
1484 5081 1509 5133 7.
1521 5080 1679 5132 Publicoloo
1694 5107 1721 5116 -

395 5203 435 5253 il.
455 5177 774 5254 uscmaaaonrmrcromnrs
798 5203 817 5254 C
846 5229 873 5239 -
904 5202 944 5255 ⁴³.
963 5210 986 5254 et
1004 5203 1120 5266 Madvig:
1148 5218 1179 5254 ur
1197 5204 1254 5255 CO.
1290 5201 1508 5269 «appareimale
1526 5201 1640 5268 exempli
1657 5202 1724 5253 aiic-

394 5288 472 5339 reudi
491 5288 603 5338 termam
622 5289 665 5349 (at)
683 5288 785 5338 interiet
806 5288 832 5337 iu
855 5286 942 5337 media
961 5289 1162 5338 enumeratione
1179 5287 1294 5353 plurium
1312 5292 1556 5352 argumentorum·
1586 5287 1624 5338 Cl.
1643 5289 1723 5337 etism

394 5372 516 5435 iladvigii
533 5373 631 5437 opusc.
649 5370 694 5421 alt.
714 5373 798 5435 pito
816 5374 870 5421 noi.
899 5398 926 5407 -
955 5371 994 5423 ii.
1014 5385 1171 5423 susurrassr
1189 5374 1223 5423 C:
1248 5373 1423 5424 memoriosae
1439 5374 1474 5429 0;
1500 5373 1635 5422 mensem
1656 5373 1724 5423 scri·

394 5456 515 5507 bendum
533 5467 593 5506 esse
611 5456 664 5505 iam
681 5454 842 5505 Niebubrius
858 5454 925 5506 vidit
943 5482 969 5492 —
995 5458 1187 5508 scmsssnmrc
1211 5482 1238 5493 -
1268 5459 1308 5508 ii.
1327 5470 1493 5507 osrusoaamr
1510 5457 1540 5518 C,
1558 5456 1605 5506 sed
1624 5457 1723 5506 liaion

768 5535 879 5565 fimum

395 5580 527 5642 expuncta
544 5576 686 5628 videbatur
710 5602 738 5613 -
766 5590 801 5627 aa
877 5578 944 5628 C·
974 5577 1013 5627 lb.
1032 5591 1203 5637 moosuaucra
1221 5578 1240 5629 C
1260 5605 1287 5616 -
1307 5580 1347 5631 ii.
1366 5538 1636 5629 coalumnamxfmn
1654 5580 1673 5629 C
1693 5605 1721 5616 -

396 5701 437 5752 tii.
456 5701 615 5751 suasisse
643 5726 671 5735 -
697 5700 739 5749 ti.
754 5700 856 5791 poriotq
873 5700 973 5751 lloser:
1000 5671 1223 5752 susmraassrac
1249 5728 1283 5738 —
1307 5699 1348 5752 26.
1368 5660 1560 5759 securisumus!
1578 5701 1614 5761 C,
1639 5700 1679 5751 bie
1695 5707 1723 5752 ai

395 5807 441 5859 epo
458 5795 594 5857 qmoemo
620 5820 647 5830 -
675 5795 716 5844 30.
734 5806 858 5852 merenas
877 5796 914 5856 C;
941 5809 976 5846 su
993 5808 1026 5845 ex
1042 5797 1142 5860 reliquo
1157 5796 1227 5845 imni
1254 5821 1281 5832 —
1308 5807 1453 5846 cessasses
1471 5795 1490 5844 C
1508 5796 1576 5845 testo
1595 5796 1720 5846 liuliieu:

1121 5880 1136 5906 Α

397 5918 529 5983 deripotar
544 5918 593 5970 bisi
611 5919 640 5968 ut
656 5930 689 5968 ex
705 5916 777 5978 eod.,
799 5896 964 5985 diaipotw'o
990 5944 1025 5958 -
1048 5918 1090 5969 ³i.
1108 5930 1329 5970 srnnrusssaarus
1345 5918 1375 5969 C.
