4342 7459
438 1262 502 1329 236
765 1269 1092 1335 ruscuttutnuu
1115 1269 1447 1337 DISPUTATIONUM

437 1427 512 1491 rite.
549 1430 631 1492 Vide
653 1450 693 1492 ne
715 1449 734 1493 a
756 1430 847 1494 malis
870 1430 931 1493 dici
954 1432 1059 1493 verius
1082 1430 1191 1514 possit.
1229 1429 1400 1513 Quidego
1423 1451 1508 1494 nunc
1529 1430 1654 1514 lugeam
1677 1433 1771 1497 vitam

438 1520 626 1586 hominum?
657 1525 738 1587 Vere
766 1534 798 1587 et
819 1525 888 1587 iure
910 1545 1058 1606 possum;
1087 1524 1143 1587 sed
1167 1524 1245 1608 quid
1269 1543 1399 1586 necesse
1421 1533 1486 1598 est,
1515 1545 1586 1587 cunr
1616 1526 1649 1588 id
1672 1546 1774 1609 egam,

439 1633 479 1676 ne
502 1624 575 1697 post
598 1626 731 1680 mortem
754 1618 888 1681 miseros
909 1638 969 1680 nos
992 1627 1140 1700 putemus
1161 1619 1245 1692 lore,
1275 1618 1369 1680 etiam
1392 1618 1487 1680 vitam
1511 1616 1636 1682 ellicere
1663 1619 1774 1704 deplo-

438 1708 539 1771 rando
562 1711 782 1774 miseriorem?
804 1711 951 1775 Fecimus
973 1714 1034 1775 hoc
1056 1715 1088 1775 in
1112 1732 1150 1773 eo
1174 1712 1270 1785 libro,
1292 1711 1324 1772 in
1342 1731 1407 1793 quo
1425 1719 1550 1775 nosmet
1571 1712 1658 1795 ipsos
1674 1733 1774 1796 quan-

414 1810 505 1865 eium
528 1805 689 1886 potuimus
711 1806 863 1869 consolati
879 1793 999 1869 sumus.
1032 1811 1056 1869 u
1076 1806 1166 1868 malis
1180 1806 1277 1886 igitur
1291 1824 1376 1866 mors
1392 1804 1534 1878 abducit,
1558 1826 1619 1868 non
1636 1825 1654 1867 e
1670 1804 1773 1878 bonis,

440 1915 548 1959 verum
579 1899 605 1960 ei
636 1899 829 1982 quaerimus.
872 1900 913 1961 Et
940 1898 1068 1983 quidem
1097 1900 1197 1962 hoca
1222 1899 1395 1981 Cyrenaico
1418 1883 1553 1980 Hegesia
1577 1899 1623 1961 sic
1645 1900 1774 1980 copiose

438 1987 634 2072 disputatur,
656 1999 693 2055 ut
713 1994 741 2055 is
763 2012 781 2054 a
803 2012 878 2075 rege
899 1992 1081 2055 Ptolemaeo
1104 1992 1282 2073 prohibitus
1305 2013 1376 2054 esse
1392 1991 1515 2054 dicetur
1535 1993 1589 2055 illa
1607 1994 1638 2055 in
1654 1994 1774 2056 scholis

439 2084 558 2158 dicere,
581 2087 666 2168 quod
691 2086 781 2149 multi
803 2086 842 2148 iis
864 2085 981 2149 auditis
1005 2084 1139 2149 mortem
1162 2086 1222 2147 sibi
1245 2086 1308 2166 ipsi
1331 2086 1573 2148 consciscerent.
1603 2084 1654 2149 8t.
1679 2087 1775 2150 Calli·

437 2177 539 2241 machi
561 2179 690 2262 quidem
714 2180 905 2263 epigramma
934 2179 967 2241 in
989 2180 1221 2243 Ambraciotam
1246 2178 1482 2240 Cleombrotum
1506 2188 1569 2252 est,
1600 2201 1697 2264 quem
1720 2181 1774 2254 ait,

399 2284 510 2335 locum
535 2272 564 2334 ei
588 2273 666 2336 nihil
690 2273 860 2336 accidisset
880 2272 1020 2346 adversi,
1051 2292 1181 2335 emuro
1205 2293 1239 2335 se
1260 2272 1294 2333 in
1318 2292 1403 2333 mare
1426 2272 1577 2335 abiecisse
1600 2274 1683 2336 lecto
1706 2274 1776 2336 Pla·

438 2366 523 2428 tonis
545 2366 637 2429 libro.
673 2367 751 2430 Eius
773 2376 894 2441 autem,
916 2387 1012 2449 quem
1035 2367 1121 2439 dixi,
1143 2365 1300 2448 Hegesiae
1324 2364 1404 2427 liber
1425 2374 1487 2436 est,
1505 2366 1774 2450 Ἀποκαρτερῶν,

437 2458 471 2519 in
494 2480 558 2542 quo
581 2481 599 2524 a
622 2460 686 2523 ritu
708 2460 837 2545 quidam
860 2482 919 2543 per
939 2461 1076 2523 inediam
1094 2458 1261 2521 discedens
1280 2458 1499 2521 revocatureb
1514 2460 1635 2535 amicis,
1658 2462 1775 2545 quibus

438 2552 636 2634 respondens
652 2554 734 2617 vitae
751 2555 909 2617 humanae
920 2561 1085 2617 enumerat
1101 2553 1313 2615 incommoda.
1337 2553 1464 2613 Possem
1482 2553 1565 2614 idem
1583 2553 1699 2628 lacere,
1714 2554 1774 2617 etsi

439 2645 545 2708 minus
567 2666 663 2730 quem
686 2648 758 2721 ille,
782 2650 836 2731 qui
860 2649 990 2710 omnino
1013 2648 1120 2709 vivere
1142 2646 1293 2729 expedire
1309 2645 1429 2707 nemini
1446 2656 1544 2729 putat.
1568 2648 1659 2709 Mitto
1675 2647 1774 2709 alios:

400 2738 576 2802 metiamue
599 2740 691 2803 uobis
714 2742 867 2823 expediti
890 2741 944 2823 qui
967 2749 999 2802 et
1021 2740 1205 2802 domesticis
1221 2749 1252 2801 et
1270 2737 1448 2801 forensibus
1464 2738 1590 2801 solaciis
1607 2759 1776 2803 ornamen-

439 2832 544 2915 tisque
566 2834 679 2915 privati
704 2844 789 2897 certe
812 2834 837 2896 si
861 2842 935 2896 ante
958 2834 1203 2906 occidissemus,
1226 2852 1311 2894 mors
1333 2851 1392 2893 nos
1408 2852 1426 2893 a
1443 2833 1548 2907 malis,
1571 2852 1633 2895 non
1649 2852 1667 2895 a
1682 2832 1775 2895 bonis

438 2926 657 2990 abstraxisset.

524 3022 655 3085 XXXV.
677 3019 729 3084 85.
753 3022 799 3084 Sit
820 3022 916 3104 igitur
937 3022 1069 3105 aliquis,
1094 3021 1148 3104 qui
1171 3019 1250 3082 nihil
1275 3020 1348 3082 meli
1370 3019 1502 3094 habeat,
1527 3019 1649 3083 nullum
1673 3039 1690 3083 a
1713 3021 1776 3083 lor·

438 3122 515 3176 tuna
544 3114 657 3177 volnus
687 3116 860 3199 acceperit:
890 3115 1036 3177 Metellus
1064 3115 1118 3176 ille
1143 3114 1307 3176 honoratis
1334 3122 1485 3196 quattuor
1511 3111 1600 3186 liliis,
1622 3122 1654 3176 at
1683 3115 1776 3199 quin-

399 3208 592 3290 toquaginta
616 3210 774 3282 Priamus,
797 3228 815 3270 e
838 3209 953 3291 quibus
976 3208 1200 3289 septemdecim
1224 3207 1306 3267 iusta
1330 3214 1430 3270 uxore
1452 3208 1544 3268 uatis.
1582 3208 1616 3267 ln
1640 3215 1777 3288 utroque

437 3300 569 3364 eandem
593 3302 704 3365 habuit
725 3303 850 3365 fortuna
872 3310 1075 3385 potestatem,
1099 3301 1153 3364 sed
1178 3320 1235 3362 usa
1254 3300 1287 3361 in
1302 3300 1404 3362 aliero
1421 3310 1477 3362 est.
1513 3292 1673 3364 Metellum
1690 3303 1776 3363 enim

438 3393 527 3455 multi
550 3394 608 3458 lilii
631 3394 729 3467 filiae,
759 3404 890 3478 nepotes
913 3404 1025 3476 neptes
1055 3397 1088 3456 in
1112 3415 1223 3476 rogum
1250 3394 1476 3474 inposuerunt,
1507 3396 1665 3458 Priamum
1690 3406 1776 3459 tenta

437 3490 590 3570 progenie
619 3491 779 3563 orbatum,
811 3510 880 3551 cum
912 3489 944 3549 in
973 3508 1058 3550 aram
1082 3488 1293 3568 confugisset,
1321 3486 1445 3550 hostilis
1470 3506 1580 3551 manus
1604 3491 1774 3552 interemit.

438 3579 498 3642 Hic
521 3581 546 3643 si
571 3582 649 3644 vivis
673 3582 747 3644 liliis
770 3583 920 3644 incolumi
943 3602 1041 3664 regno
1065 3581 1251 3653 occidisset,
1663 3590 1664 3593 ’

399 3692 428 3737 es
734 3683 976 3739 ...metante
999 3696 1071 3757 ope
1094 3674 1327 3746 barbarica,

735 3769 873 3832 'lectis
895 3769 1085 3843 caelatis,
1108 3768 1331 3851 laqueatis,

438 3868 541 3925 utrum
564 3862 690 3926 taudem
713 3864 845 3928 abonis
868 3884 907 3926 an
930 3883 948 3924 a
971 3863 1061 3925 malis
1086 3862 1310 3925 discessisset?
1342 3864 1422 3926 Tum
1451 3863 1591 3945 prolecto
1614 3864 1775 3927 videretur

438 3974 456 4016 a
478 3955 581 4018 bonis.
619 3960 659 4019 tt
679 3965 763 4020 certe
786 3951 816 4017 ei
839 3958 953 4019 melius
975 3958 1137 4019 evenisset
1159 3977 1217 4018 nec
1239 3962 1302 4018 tam
1329 3957 1477 4019 flebiliter
1497 3958 1550 4019 illa
1568 3967 1775 4021 canerentur:

736 4052 840 4113 Haec
862 4052 993 4114 omnia
1018 4052 1098 4113 vidi
1121 4050 1383 4122 inflammari,

400 4162 429 4208 3ο
736 4146 886 4207 Priamo
909 4146 945 4206 vi
970 4148 1083 4207 vitam
1109 4145 1268 4218 evitari,

734 4240 841 4300 lovis
864 4259 968 4301 aram
992 4240 1186 4319 sanguine
1209 4239 1389 4321 turpari:

439 4333 627 4419 quasivero
656 4334 714 4394 ista
738 4333 768 4393 vi
793 4333 964 4415 quicquam
994 4340 1058 4393 tum
1089 4334 1229 4415 potuerit
1250 4332 1278 4391 el
1306 4332 1418 4394 melius
1441 4333 1593 4394 occidere.
1630 4333 1725 4409 Quod
1749 4337 1774 4396 si

438 4436 511 4490 ante
542 4426 726 4498 occidisset,
757 4426 849 4487 talem
881 4434 1028 4487 eventum
1056 4426 1186 4487 omnino
1217 4425 1390 4487 amisisset:
1422 4426 1480 4488 hoc
1503 4433 1607 4488 autem
1631 4436 1775 4511 tempore

437 4687 565 4738 cessisset?
583 4688 642 4737 lum
657 4688 768 4749 profecto
784 4687 912 4736 uideretur
924 4686 1098 4748 (discessisse)
1117 4701 1134 4735 o
1151 4687 1227 4737 bonis.
1252 4685 1328 4737 atiud
1347 4691 1387 4737 est
1404 4689 1445 4747 tv,
1460 4690 1486 4737 tt
1509 4688 1557 4750 (ec
1573 4690 1668 4738 motis
1683 4696 1776 4739 nictum

438 4770 461 4813 et
472 4764 653 4827 aegritudinem
664 4764 733 4811 nosci
745 4768 851 4823 censent,
869 4769 962 4811 metum
978 4763 1109 4824 fulciris,
1128 4763 1310 4824 aspritudinem
1320 4764 1500 4824 praesentitur)
1515 4764 1666 4823 intelligisne
1682 4766 1776 4813 mulis

440 4840 500 4893 tnon
523 4836 610 4886 solum
632 4841 683 4897 ee).
714 4839 750 4886 De
774 4851 791 4885 o
814 4839 837 4885 in
863 4838 1014 4899 Arclretypo
1037 4841 1082 4884 out
1105 4838 1129 4886 in
1156 4838 1171 4885 lt
1197 4841 1257 4885 unte
1275 4853 1291 4884 u
1310 4839 1409 4886 omisso
1430 4839 1462 4886 cl.
1485 4840 1509 4895 l,
1530 4841 1568 4887 id.
1590 4841 1663 4886 titt.»
1684 4840 1724 4887 W.
1745 4865 1772 4875 -

438 4914 462 4961 6.
482 4912 608 4973 eeqreidem
625 4914 687 4969 uti;
706 4914 824 4972 ecquideo
841 4925 908 4961 corr.
930 4914 954 4959 in
972 4911 1074 4973 ecqtudd
1094 4913 1112 4960 li
1133 4937 1159 4947 —
1180 4912 1202 4960 7,
1221 4913 1360 4973 ptolomaeo
1379 4915 1411 4963 ll:
1435 4915 1571 4973 ptholomeo
1589 4914 1637 4961 GB
1659 4939 1685 4948 -
1705 4914 1776 4962 scotis

439 4987 488 5035 Gll
508 5013 536 5024 -
555 4986 579 5034 8.
598 4998 647 5046 quo
663 4987 736 5035 multi
752 4988 788 5035 uis
806 4988 825 5033 t}
844 5011 876 5020 -
893 4986 917 5033 9.
936 4987 1115 5033 theombrotum
1133 4988 1193 5033 C-
1215 4987 1254 5033 tt).
1275 4987 1406 5035 accedisset
1423 4991 1442 5035 t}
1455 4988 1484 5035 no
1550 4988 1589 5035 ll.
1608 4987 1712 5035 helesiae
1730 4989 1775 5037 Gli

439 5060 495 5114 ised
514 5074 594 5124 supra
613 5061 627 5123 S
639 5062 670 5110 83
689 5064 760 5109 recte
777 5062 900 5122 sepeciem
920 5062 1004 5109 elisios
1021 5063 1038 5109 u
1053 5089 1083 5097 -
1096 5059 1349 5111 AIOKAPTEPON
1364 5065 1403 5120 0¹,
1422 5060 1698 5111 ΑΙΤΟΚΑΡΤΕΡΟΝ
1708 5064 1774 5119 mit.

438 5134 703 5185 ArtotrAtrrttuutv
720 5137 737 5184 Β
758 5162 783 5171 -
806 5140 844 5185 tr.
865 5138 890 5183 in
908 5149 957 5194 quo
976 5135 1087 5196 Bentley
1105 5134 1172 5194 (coll.
1193 5139 1207 5197 ξ
1227 5138 1297 5196 tuti:
1323 5138 1389 5197 quod
1407 5139 1465 5186 ct).
1491 5136 1594 5185 «scribe
1614 5139 1641 5184 in
1658 5149 1717 5199 quio.
1737 5137 1774 5186 Nc

438 5212 460 5261 ei
477 5211 610 5272 inscriptus
626 5209 733 5272 quidem
752 5209 872 5259 additum
890 5215 974 5262 esset.
995 5225 1103 5261 causum
1121 5212 1298 5273 inscriptionis
1313 5212 1401 5260 ntierri
1415 5214 1577 5260 conveniret.
1597 5212 1664 5260 Cum
1676 5213 1702 5260 io
1716 5215 1776 5273 post

437 5301 455 5335 n
472 5286 622 5343 excidisset,
642 5300 699 5346 qim,
719 5289 747 5333 ut
764 5299 845 5348 saepe
858 5286 933 5346 1583.
948 5287 987 5346 96)
1006 5299 1067 5335 cum
1081 5287 1147 5347 quod
1165 5289 1304 5334 contusum
1319 5289 1386 5334 est·
1407 5287 1447 5333 W.
1465 5311 1489 5319 ·-
1512 5286 1551 5333 43.
1566 5287 1666 5334 Possum
1685 5285 1776 5334 Plectr-

439 5362 511 5411 eisen
530 5361 620 5411 Philol.
639 5362 802 5410 Schneidew.
824 5362 854 5409 lv
874 5374 898 5423 p.
912 5362 968 5410 stu.
991 5384 1018 5396 -
1037 5362 1102 5408 idem
1120 5361 1270 5409 Ernestius:
1296 5361 1321 5406 id
1339 5362 1357 5408 t:
1378 5385 1405 5393 -
1427 5360 1466 5409 tt.
1487 5373 1563 5418 quom
1580 5362 1621 5408 illc
1637 5373 1774 5423 superscr.

440 5449 475 5484 m.
495 5436 660 5494 recentiore,
679 5438 727 5485 sed
747 5439 809 5484 item
829 5434 904 5483 valde
923 5437 1040 5497 antiqua,
1060 5436 1084 5482 in
1104 5438 1168 5482 G-
1187 5436 1217 5482 itt
1246 5436 1341 5482 solatiis
1358 5436 1404 5483 tili
1421 5461 1446 5470 -
1467 5436 1497 5482 tu
1525 5435 1776 5496 horror-unsltentley

440 5508 507 5570 (coll.
533 5507 595 5558 Plln.
615 5510 644 5558 N.
666 5512 695 5559 Η.
717 5511 759 5559 t'tt
778 5511 792 5572 5
811 5509 867 5559 ito.
896 5509 980 5558 Vulcr.
1001 5511 1066 5557 Mox.
1088 5509 1147 5568 vit,
1166 5512 1190 5566 t,
1210 5509 1248 5568 ⁴l²
1273 5511 1409 5556 nonoretur
1427 5511 1454 5556 ll.
1475 5510 1513 5557 (ti.
1534 5511 1588 5559 llic:
1610 5512 1680 5559 lirin.
1700 5511 1714 5572 ἓ
1732 5511 1773 5559 84.

439 5587 473 5635 de
491 5586 574 5635 Flnlb.
595 5584 614 5631 V
633 5587 648 5646 5
665 5585 706 5635 82.
728 5610 754 5618 -·
783 5583 822 5645 at]
846 5590 869 5631 et
893 5585 910 5632 B
936 5609 963 5617 -
987 5584 1028 5631 20.
1047 5596 1061 5630 e
1077 5596 1131 5631 om.
1152 5585 1171 5632 (ἶ
1192 5608 1217 5617 -
1243 5585 1296 5631 noli
1315 5585 1335 5631 0
1355 5610 1381 5619 -
1405 5585 1444 5632 dd.
1465 5585 1532 5631 tectis
1548 5586 1651 5633 caelatis
1668 5587 1776 5634 lacuatis

439 5659 546 5709 Seruius
564 5658 597 5707 ud
616 5664 679 5709 teo.
699 5660 718 5716 1.
732 5658 788 5707 itti.
810 5658 842 5707 (ll
864 5659 893 5705 tlt
913 5657 981 5719 git.
998 5685 1024 5694 -
1043 5659 1084 5707 29.
1104 5659 1294 5720 iustomomGlt
1309 5683 1335 5693 -
1355 5659 1393 5707 32.
1414 5660 1439 5706 ci
1453 5661 1543 5708 t’etrus
1556 5661 1682 5708 Crassus:
1702 5658 1774 5709 uelC

442 5758 469 5767 -
489 5733 529 5782 33.
552 5734 682 5783 occidisset
702 5731 920 5796 teramnenmm
943 5735 978 5788 ῦς
1001 5733 1139 5791 occidisset,
1158 5734 1176 5794 †
1192 5740 1245 5780 tum
1261 5738 1373 5781 clientum
1391 5734 1419 5780 0.
1444 5733 1576 5783 «Primum
1597 5734 1687 5783 scribo
1707 5733 1775 5782 oeci·

440 5809 526 5865 disset,
550 5808 606 5858 scil.
627 5811 761 5864 Priamus·
785 5807 818 5857 ct
838 5820 907 5869 quse
931 5806 1009 5869 paulo
1033 5811 1093 5856 aute
1113 5806 1248 5867 leguntur:
1272 5807 1294 5854 si
1317 5808 1380 5855 uiuis
1402 5808 1460 5870 filiis
1476 5808 1595 5856 incolumi
1611 5822 1690 5871 reptio
1707 5808 1775 5857 ocei-

441 5884 528 5941 disset,
547 5887 574 5931 et
592 5883 607 5946 5
623 5883 663 5934 st.
683 5884 729 5940 86;
748 5882 897 5944 Tregderus
915 5896 947 5931 ex
965 5882 1117 5946 Archetypo
1136 5895 1227 5945 porum
1247 5884 1319 5931 recte
1338 5884 1480 5941 comesset,
1499 5887 1574 5944 quasi
1586 5882 1773 5945 veroquodud

440 5960 491 6007 isto
511 5958 538 6007 ci
559 5957 632 6008 salva
653 5960 784 6010 sententia
806 5958 899 6008 reterri
921 5959 1006 6022 possit
1028 5957 1071 6017 ide
1089 5957 1185 6007 eedem
1204 5958 1398 6020 permutatione
1416 5955 1468 6006 vid.
1488 5958 1530 6015 ltt,
1549 5956 1605 6019 ll),
1624 5957 1722 6007 deiude
1741 5970 1773 6007 ex
