4342 7459
440 1232 502 1304 tat
694 1224 715 1281 -’
891 1239 945 1302 nn
966 1237 1136 1301 uuonan
1156 1237 1321 1300 aarum

545 1400 615 1462 Hie
637 1398 818 1461 dextram
840 1418 1029 1481 porgens,
1057 1396 1289 1481 quadrupes
1311 1414 1389 1477 qua
1410 1402 1525 1458 rasta
1545 1399 1729 1469 tenetur,

546 1493 693 1557 Tendit
716 1501 754 1554 et
775 1492 982 1555 inlustrem
1005 1493 1262 1555 truculentus
1284 1491 1395 1553 cedit
1414 1488 1459 1553 ad
1482 1489 1609 1567 bram3

545 1588 615 1649 llic
638 1606 729 1649 sese
751 1585 929 1649 infernis
952 1608 970 1648 e
993 1586 1180 1669 partibus
1203 1584 1322 1667 erigit
1343 1583 1486 1668 Hydra,

441 1682 528 1744 cuius
551 1682 645 1763 longe
667 1700 780 1763 eorpus
803 1687 851 1743 est
872 1679 990 1753 lusum,

406 1786 432 1832 'o
545 1777 586 1838 ln
609 1775 823 1857 medioque
845 1776 935 1837 sinu
956 1774 1112 1856 fulgens
1135 1773 1300 1837 Cratera
1321 1772 1485 1835 relucet

545 1869 765 1932 Extremam
788 1869 924 1931 nitens
947 1868 1127 1950 plumato
1150 1886 1325 1950 corpore
1349 1868 1501 1931 Corvus

545 1964 690 2026 Rostro
712 1963 859 2035 tundit,
882 1968 919 2024 et
940 1962 1003 2025 bic
1025 1962 1207 2026 Geminis
1230 1970 1291 2025 est
1311 1961 1386 2024 ille
1407 1961 1480 2023 sub
1502 1959 1606 2043 ipsis

545 2059 644 2119 Ante
667 2056 820 2130 Canem,
843 2055 1047 2139 IIpoxdov
1068 2056 1184 2119 Graio
1208 2056 1274 2139 qui
1297 2055 1460 2118 nomine
1483 2053 1627 2117 fertur.

441 2143 512 2210 tt5.
539 2150 626 2212 Haeo
652 2151 755 2213 omnis
787 2149 953 2232 discriptio
979 2150 1120 2213 siderum
1146 2157 1242 2232 atque
1269 2149 1323 2212 bic
1348 2157 1454 2212 tantus
1477 2148 1555 2211 caeli
1577 2156 1706 2212 ornabis
1729 2168 1771 2214 ex

402 2246 431 2301 to
441 2244 624 2325 corporibus
644 2244 708 2308 bue
730 2253 762 2306 et
783 2244 860 2307 illuc
882 2264 955 2307 casu
972 2251 1004 2306 et
1018 2253 1135 2307 temere
1151 2242 1349 2306 cursantibus
1363 2241 1505 2325 potuisse
1521 2240 1605 2305 ellici
1620 2243 1770 2326 cuiqnam

440 2356 518 2399 sano
541 2338 640 2400 videri
662 2338 788 2421 potestt
817 2345 872 2402 aut
893 2357 969 2401 vero
991 2337 1052 2401 alia
1075 2353 1157 2422 quae
1179 2344 1291 2399 natura
1313 2336 1426 2398 mentis
1449 2341 1481 2397 et
1501 2335 1633 2399 rationis
1655 2354 1770 2418 expers

439 2429 518 2492 baec
541 2427 664 2494 allicere
687 2433 804 2515 potuit,
826 2424 908 2515 quae
929 2449 996 2494 non
1017 2431 1114 2494 modo
1136 2437 1172 2493 ut
1192 2429 1306 2493 fierent
1321 2429 1443 2492 ratione
1458 2436 1628 2512 eguerunt,
1650 2428 1708 2493 sed
1722 2428 1771 2491 in·

440 2524 547 2607 tellegi
571 2525 679 2607 qualia
700 2525 764 2588 sint
786 2523 854 2587 sine
876 2545 999 2588 summa
1019 2526 1143 2587 ratione
1166 2543 1231 2587 non
1252 2522 1411 2605 possuntt

402 2616 404 2620 ’
525 2618 619 2680 xiv.
641 2620 707 2682 Nee
728 2638 804 2681 vero
824 2619 902 2682 baec
925 2619 1027 2682 solum
1051 2618 1260 2692 admirabilia,
1282 2617 1339 2681 sed
1358 2615 1439 2679 nibil
1453 2615 1555 2679 maius
1570 2635 1666 2700 mam
1682 2615 1769 2701 quod

402 2711 484 2773 ttita
507 2710 628 2773 stabilis
651 2721 699 2775 est
721 2713 859 2776 mundus
880 2720 974 2798 atque
997 2713 1039 2776 ita
1062 2712 1209 2775 cohaeret
1230 2711 1269 2774 ad
1292 2708 1557 2793 permanendum,
1579 2719 1614 2774 nt
1633 2710 1769 2775 nihilne

441 2806 612 2887 excogitari
634 2806 761 2888 quidem
784 2809 886 2889 possit
907 2806 1020 2888 aptius.
1057 2805 1175 2869 Omnes
1198 2806 1281 2868 enim
1309 2812 1414 2887 partes
1441 2804 1510 2866 eius
1537 2802 1681 2889 undique
1705 2822 1770 2868 me·

440 2901 526 2962 dium
547 2900 652 2962 locum
675 2909 875 2983 capessentes
891 2903 1033 2963 nituntur
1050 2901 1236 2982 aequaliter.
1265 2900 1402 2961 Maxime
1417 2901 1522 2959 autem
1538 2916 1673 2981 corpora
1687 2899 1770 2961 inter

440 2996 601 3057 seiuncta
623 3003 821 3077 permanent,
844 3015 914 3057 cum
938 2996 1028 3078 quasi
1051 2994 1187 3077 quodam
1205 2993 1333 3056 vinculo
1356 2990 1550 3055 circumdato
1572 2991 1770 3075 colligantur,

348 3148 352 3155 .
441 3090 526 3172 quod
549 3088 624 3150 lacit
646 3109 682 3149 ea
706 3097 832 3162 natura,
855 3109 937 3171 quae
960 3108 1163 3171 peromnem
1189 3087 1340 3150 mundum
1358 3086 1465 3147 omnia
1480 3092 1586 3148 mente
1601 3091 1633 3148 et
1647 3083 1770 3148 ratione

400 3181 611 3245 reconliciens
633 3181 779 3244 funditur
799 3190 831 3244 et
852 3183 893 3245 ad
916 3183 1053 3245 medium
1076 3183 1157 3266 rapit
1180 3190 1211 3245 et
1233 3181 1388 3244 convertit
1406 3186 1556 3243 extrema.
1593 3173 1666 3240 116.
1683 3178 1771 3254 Quo·

441 3278 539 3350 circa,
562 3277 589 3338 si
612 3274 747 3338 mundns
769 3276 919 3357 globosus
943 3284 991 3339 est
1013 3277 1053 3338 ob
1077 3297 1212 3360 eamque
1234 3293 1360 3337 cansam
1383 3291 1492 3336 omnes
1508 3274 1576 3335 eius
1591 3280 1698 3355 partes
1713 3292 1771 3335 uu·

440 3370 539 3451 dique
567 3368 752 3451 aequabiles
781 3372 869 3452 ipsae
895 3390 952 3451 per
982 3388 1015 3432 se
1045 3380 1142 3452 atque
1169 3372 1251 3432 inter
1282 3388 1316 3430 se
1339 3368 1557 3440 continentur,
1587 3367 1770 3447 contingere

439 3464 521 3525 idem
545 3473 647 3526 terrae
669 3482 799 3525 necesse
821 3474 883 3538 est,
905 3472 940 3526 ut
962 3464 1109 3526 omnibus
1126 3466 1193 3526 eius
1210 3462 1351 3545 partibus
1365 3462 1397 3523 in
1413 3460 1553 3522 medium
1568 3459 1770 3542 vergentibus

440 3556 534 3617 —id
557 3565 662 3618 autem
686 3556 822 3619 medium
846 3555 987 3619 intimum
1012 3559 1046 3620 in
1068 3558 1203 3641 sphaera
1225 3565 1273 3620 est
1294 3589 1337 3600 -
1358 3555 1438 3617 nibil
1461 3556 1684 3638 interrumpat,
1707 3566 1768 3637 qtto

401 3663 430 3713 st
440 3649 621 3711 labefactari
645 3651 745 3730 possit
766 3658 852 3712 tanta
874 3651 1035 3716 contentio
1058 3653 1220 3733 gravitatis
1243 3657 1275 3713 et
1296 3649 1483 3734 ponderum.
1515 3646 1701 3731 Eademque
1722 3664 1771 3709 ra·

440 3744 524 3804 tione
547 3762 646 3815 mare,
670 3763 740 3805 oum
763 3764 858 3825 supra
880 3753 995 3807 terram
1018 3746 1075 3820 sit,
1099 3746 1237 3808 medium
1260 3754 1363 3807 minen
1379 3751 1483 3807 terrae
1498 3742 1602 3804 locum
1617 3749 1769 3824 expetens

440 3835 646 3917 conglobatur
672 3837 812 3919 undique
834 3839 1043 3921 aequabiliter
1065 3859 1168 3920 neque
1190 3839 1347 3901 redundat
1368 3855 1517 3920 umquam
1541 3837 1769 3920 neque-elfuu-

440 3928 535 3991 ditur.
573 3925 606 3988 11
614 3926 643 3990 7.
667 3927 749 3991 Huic
771 3940 875 3994 autem
900 3934 1065 3996 continens
1085 3941 1139 3996 aer
1155 3934 1255 3996 fertur
1267 3934 1320 3996 ille
1337 3931 1467 4016 quidem
1482 3931 1609 3994 levitate
1623 3930 1770 4003 sublime,

440 4023 496 4084 sed
524 4033 627 4085 tamen
656 4023 688 4084 in
718 4045 829 4087 omnes
859 4035 963 4109 partes
986 4030 1110 4111 seipse
1133 4028 1254 4102 lundit;
1285 4029 1393 4109 itaque
1416 4034 1447 4088 et
1469 4024 1548 4087 mari
1571 4026 1769 4087 continuatus

401 4126 471 4181 soei
492 4119 615 4179 iunctus
639 4124 686 4178 est
708 4127 739 4179 et
761 4128 870 4180 natura
893 4119 993 4181 fertur
1016 4122 1054 4182 ad
1078 4123 1217 4195 caelum,
1242 4123 1330 4184 cuius
1354 4121 1505 4181 tenuitate
1524 4125 1556 4180 et
1571 4119 1676 4181 calore
1692 4126 1769 4180 tem·

439 4222 567 4295 peratus
590 4212 716 4275 vitalem
740 4223 770 4275 et
792 4214 960 4275 salutarem
983 4217 1126 4297 spiritum
1151 4218 1280 4299 praebet
1295 4214 1519 4277 animantibus.
1560 4212 1663 4287 Quem
1687 4232 1770 4273 com·

440 4308 534 4389 plexa
555 4326 676 4368 summa
699 4327 770 4388 pars
793 4309 886 4379 caeli,
910 4328 992 4389 quae
1014 4311 1156 4372 aetheria
1179 4313 1308 4383 dicitur,
1330 4318 1361 4370 et
1384 4330 1476 4370 suum
1494 4307 1608 4368 retinet
1622 4304 1768 4367 ardorem

440 4408 567 4462 tenuem
590 4409 621 4460 et
643 4400 730 4461 nulla
752 4400 948 4462 admixtione
973 4414 1155 4467 concretum
1179 4415 1211 4467 et
1233 4425 1303 4466 eum
1326 4405 1407 4464 aeris
1423 4400 1622 4464 extremitate
1638 4398 1771 4460 coniun-

440 4494 531 4574 gitur.
576 4494 684 4554 XLVl.
712 4495 747 4554 ln
773 4495 901 4557 aethere
929 4502 1032 4559 autem
1061 4507 1146 4560 astra
1174 4499 1358 4569 volvuntur,
1388 4515 1469 4577 quae
1499 4513 1533 4555 se
1564 4499 1596 4554 et
1617 4491 1690 4554 nisu
1713 4507 1769 4553 suo

401 4586 625 4667 aoconglobata
654 4588 816 4649 continent
844 4599 875 4650 et
903 4588 1002 4652 forma
1031 4592 1098 4674 ipsa
1127 4591 1290 4674 figuraque
1313 4609 1368 4651 sua
1392 4594 1551 4649 momenta
1573 4590 1769 4657 sustentant;

441 4689 515 4743 sunt
537 4680 622 4742 enim
643 4677 794 4755 rutunda,
819 4682 933 4764 quibus
952 4682 1075 4759 formis,
1099 4693 1134 4746 ut
1149 4694 1222 4747 ante
1238 4684 1358 4747 dixisse
1373 4680 1494 4755 videor,
1517 4680 1647 4743 minime
1662 4674 1770 4741 noceri

507 4895 530 4941 t.
547 4906 655 4956 porgens
676 4906 746 4943 corr.
766 4894 791 4942 in
812 4907 918 4956 pergens
939 4897 960 4944 Α
982 4924 1006 4931 -
1035 4910 1087 4959 qua
1102 4901 1177 4947 nasta
1193 4898 1258 4946 AB:
1283 4895 1327 4960 qai
1344 4899 1417 4943 ousta
1435 4894 1469 4952 C;
1492 4907 1544 4959 qua
1560 4897 1618 4941 asta
1636 4890 1700 4947 Em
1720 4900 1771 4951 qao

440 4967 507 5015 iasio
525 4969 542 5015 P
563 4993 589 5001 -
610 4970 632 5016 8.
652 4969 714 5015 cedit
730 4968 779 5016 ΑΕ
792 4970 826 5016 P:
846 4970 926 5017 caedit
944 4970 962 5017 B
973 4970 1052 5019 CVO
1067 4996 1093 5005 -
1114 4971 1137 5019 3,
1157 4984 1207 5020 esse
1218 4973 1360 5035 (superscr.
1373 4969 1431 5031 sese}
1445 4969 1464 5016 V
1480 4995 1506 5004 -
1525 4967 1630 5031 inseratis
1645 4979 1659 5016 s
1675 4965 1769 5016 Bcl’:

440 5041 532 5101 inferni
548 5055 573 5090 se
590 5040 634 5096 V¹;
653 5044 801 5103 inseruistis
817 5045 853 5098 Α;
871 5045 963 5106 inservii
981 5046 1010 5095 da
1028 5045 1074 5101 V²;
1095 5047 1197 5108 infernis
1214 5047 1244 5095 de
1260 5046 1308 5095 EO
1325 5072 1350 5079 -
1369 5046 1393 5094 5.
1412 5046 1438 5093 in
1454 5042 1585 5102 medioque
1602 5045 1660 5091 sinti
1675 5042 1771 5106 seipsas

440 5124 538 5166 crotera
554 5116 645 5165 relacio
661 5120 759 5166 Nonius
778 5132 803 5181 p.
816 5118 873 5169 sis.
894 5144 921 5155 -
948 5127 1045 5169 cratera
1063 5122 1093 5169 V¹
1111 5126 1138 5170 et
1155 5122 1262 5171 Nonius.
1284 5146 1311 5155 —
1337 5118 1360 5167 6.
1379 5133 1423 5167 cor
1439 5131 1505 5179 prae
1521 5117 1583 5165 AV¹
1602 5142 1628 5151 -
1648 5117 1673 5166 7.
1692 5115 1772 5165 matt

441 5189 516 5242 13²0:
536 5193 611 5240 teiidit
627 5190 773 5243 ati'EPv
793 5220 820 5230 -
839 5195 863 5244 8.
882 5197 1010 5253 eneconis
1027 5197 1068 5258 (ex
1085 5196 1260 5256 correctione)
1279 5196 1314 5254 B;
1334 5196 1476 5243 aoticanem
1494 5194 1512 5243 P
1532 5216 1559 5228 -
1575 5204 1689 5254 procyon
1705 5186 1768 5242 ss·-

442 5268 465 5318 9.
485 5269 612 5329 discriptio
629 5271 663 5316 it:
684 5270 815 5330 descriptio
832 5282 893 5319 cum
911 5273 1007 5320 ceteris
1025 5272 1044 5319 0
1059 5296 1084 5305 -
1108 5272 1147 5321 111.
1166 5276 1189 5320 et
1205 5274 1266 5319 ante
1284 5275 1373 5319 temere
1387 5282 1439 5318 om.
1452 5269 1474 5316 A
1489 5294 1514 5302 -
1533 5265 1712 5315 cursitantibus
1723 5262 1770 5315 EO

444 5370 471 5380 -
492 5346 531 5396 11.
549 5344 645 5393 saneti
665 5370 692 5380 -
711 5351 738 5393 at
754 5349 851 5394 aaroA
871 5372 897 5380 -
918 5339 1308 5407 atiaeqaaeit1301iquaa²ss
1328 5346 1397 5406 (post
1413 5356 1430 5390 a
1447 5343 1472 5389 in
1491 5341 1510 5389 B
1528 5338 1575 5390 litt.
1595 5340 1694 5401 erasa);
1719 5338 1771 5389 atta

442 5432 493 5481 qao
510 5419 529 5468 E
548 5445 575 5453 —
601 5418 643 5469 tt.
661 5420 721 5467 nihii
737 5422 817 5483 magis
833 5419 981 5471 Wallrerus.
1002 5446 1028 5455 -
1053 5424 1093 5471 15.
1112 5434 1143 5470 ne
1159 5420 1302 5483 copitariC
1323 5443 1349 5455 -
1377 5417 1415 5467 18.
1435 5418 1522 5465 uincto
1539 5415 1591 5464 CV
1611 5442 1638 5451 -
1659 5415 1772 5464 881111-

441 5495 511 5543 diam
528 5497 546 5543 P
566 5520 592 5529 -
611 5492 651 5544 22.
672 5494 743 5543 Inter
759 5495 827 5557 ipsae
845 5498 871 5542 et
885 5508 931 5556 per
947 5508 972 5545 ss
989 5507 1082 5544 rasura
1100 5498 1141 5545 est
1158 5499 1217 5543 octo
1235 5496 1290 5544 lere
1308 5491 1455 5543 litterarum
1473 5490 1499 5539 in
1517 5490 1535 5538 B
1554 5513 1581 5524 -
1603 5492 1655 5552 ipss
1671 5488 1724 5540 CV
1742 5510 1768 5524 -

442 5568 483 5619 st.
503 5571 615 5631 inponam
638 5582 707 5618 corr.
727 5583 758 5618 ex
782 5570 906 5631 infinitam
922 5571 958 5628 Α;
986 5576 1008 5620 ot
1030 5570 1143 5634 intimam
1159 5571 1191 5617 V²
1213 5597 1239 5606 -
1268 5583 1316 5632 qao
1334 5581 1403 5618 corr.
1422 5580 1453 5617 ex
1472 5566 1537 5629 qood
1553 5566 1587 5623 133
1614 5564 1681 5626 qood
1703 5563 1722 5614 C
1742 5586 1769 5599 -

442 5643 483 5692 27.
503 5643 678 5704 aequatiterc
700 5671 725 5679 -
753 5643 793 5693 28.
812 5642 915 5694 sobttms
932 5657 996 5695 nos:
1023 5646 1123 5694 sublimi
1139 5644 1295 5701 acam
1323 5642 1433 5691 sublimis
1449 5640 1508 5690 ΒΟ.
1535 5639 1610 5690 Conl.
1630 5638 1645 5703 5
1663 5638 1721 5689 tot.
1738 5660 1771 5673 -

443 5715 483 5766 31.
504 5718 580 5777 Quem
596 5717 775 5778 composa--
787 5724 892 5767 amatus
907 5720 1017 5769 oriretur
1034 5720 1058 5783 (g
1075 5720 1124 5770 118
1141 5720 1219 5779 extr.)
1242 5717 1343 5769 Probus
1360 5716 1394 5766 ad
1413 5713 1506 5779 Vergil.
1526 5711 1615 5764 lincol.
1635 5723 1662 5777 p.
1681 5711 1713 5763 tt
1728 5723 1769 5776 sq·

445 5816 473 5829 -
487 5791 527 5841 32.
546 5805 612 5852 qaae
627 5794 739 5843 aetheria
753 5793 892 5843 ARCPV
910 5797 936 5844 ct
953 5793 1071 5846 Probus:
1092 5808 1138 5858 qao
1154 5796 1251 5844 etherea
1269 5796 1287 5844 E
1298 5809 1304 5853 ς
1323 5794 1366 5856 qai
1383 5792 1499 5842 11111110
1514 5818 1539 5827 -
1554 5802 1628 5839 taam
1643 5785 1684 5839 b:
1702 5797 1771 5838 11111-

442 5877 512 5914 mian
533 5866 643 5917 Probus.
664 5892 692 5903 -
716 5864 756 5917 st.
775 5867 840 5915 niza
862 5868 882 5916 0
907 5895 933 5905 -
958 5869 998 5920 35.
1017 5869 1165 5934 conglobata
1184 5869 1301 5921 Probus:
1324 5868 1426 5934 globata
1443 5865 1475 5921 81.
1497 5865 1536 5918 Cl.
1555 5864 1587 5931 §3
1603 5865 1645 5917 98.
1663 5862 1721 5915 111.
1740 5886 1769 5902 ·-

444 5938 485 5989 36.
503 5941 616 5990 minoda
632 5940 699 5991 AV1:
718 5942 828 5991 rotunda
839 5941 868 5992 0.
