4342 7459
438 1202 500 1270 532
929 1204 984 1268 DE
1004 1204 1272 1269 DIVINATIONE

524 1367 608 1429 xlv.
630 1361 683 1426 33.
707 1364 794 1427 Η444
817 1363 977 1428 observari
1000 1374 1085 1430 certe
1108 1386 1172 1429 non
1195 1372 1380 1448 potuerunt,
1394 1373 1432 1428 ut
1445 1384 1544 1448 supra
1557 1366 1661 1430 docui.
1688 1368 1770 1431 Sunt

440 1464 537 1547 igitur
558 1461 635 1525 artis
658 1459 801 1532 inventa,
820 1478 885 1521 non
907 1462 1091 1533 vetustatis,
1115 1461 1141 1523 si
1165 1467 1285 1522 estare
1307 1459 1373 1522 ulla
1396 1479 1500 1522 rerum
1523 1460 1766 1543 incognitarum.

442 1558 520 1621 Cum
542 1575 647 1618 rerum
668 1562 774 1617 autem
797 1560 907 1617 natura
929 1572 1021 1635 quam
1045 1554 1264 1634 cognationem
1286 1552 1426 1616 hahentt
1448 1574 1531 1637 quae
1554 1563 1590 1617 ut
1610 1574 1675 1618 uno
1694 1575 1772 1618 con·

439 1672 536 1715 seusu
564 1650 669 1712 iuncta
699 1648 740 1710 sit
770 1654 802 1710 et
829 1648 1016 1720 continens,
1047 1646 1134 1730 quod
1163 1648 1257 1711 video
1285 1646 1440 1730 placuisse
1465 1647 1627 1732 physicis,
1660 1648 1771 1732 eisque
1871 1699 1876 1705 .

414 1755 602 1818 maxume,
625 1743 679 1825 qui
702 1761 797 1805 omne
819 1742 904 1824 quod
927 1749 1012 1804 esset
1034 1762 1131 1803 unum
1154 1762 1224 1805 esse
1246 1744 1414 1806 dixerunt:
1441 1742 1520 1826 quid
1542 1742 1659 1805 hahere
1681 1762 1773 1807 mun-

439 1839 499 1902 dus
520 1844 625 1920 potest
646 1857 717 1899 cum
741 1835 881 1899 thesauri
904 1835 1086 1898 inventione
1109 1836 1334 1899 coniunctum?
1357 1837 1391 1899 Si
1410 1837 1495 1901 euim
1515 1837 1597 1900 extis
1615 1838 1772 1920 pecuniae

439 1932 516 1997 mihi
543 1927 746 2011 amplificatio
774 1928 954 1992 ostenditur
980 1928 1077 2011 idque
1105 1928 1141 1991 fit
1170 1939 1298 2004 natura,
1328 1933 1466 2013 primum
1494 1939 1568 1995 exta
1595 1939 1671 1995 sunt
1696 1951 1774 1994 coa-

438 2026 546 2089 iuncta
569 2025 706 2096 mundo,
739 2022 855 2085 deinde
884 2043 990 2085 meum
1018 2022 1140 2087 lucrum
1164 2034 1275 2088 natura
1296 2046 1402 2089 rerum
1424 2027 1616 2090 continetur.
1658 2027 1772 2089 Nonne

440 2121 540 2205 pudet
560 2119 707 2203 physicos
729 2116 807 2181 haec
829 2118 961 2180 diceret
1005 2117 1045 2180 Ut
1072 2119 1158 2180 enim
1186 2119 1249 2182 iam
1275 2121 1317 2183 sit
1343 2119 1449 2203 aliqua
1476 2121 1510 2183 iu
1532 2127 1645 2183 natura
1666 2140 1772 2184 rerum

401 2215 601 2297 ⁴⁰coutaqio,
633 2232 729 2296 quam
751 2231 821 2275 esse
844 2209 983 2274 concedo
1013 2246 1055 2257 —
1085 2213 1182 2277 multa
1205 2214 1290 2276 enim
1314 2215 1411 2277 Stoici
1433 2213 1611 2296 colligunt:
1644 2220 1774 2277 namet

438 2309 651 2375 musculorum
673 2305 832 2370 iecuscula
852 2306 963 2368 bruma
986 2305 1136 2369 dicuutur
1157 2309 1278 2391 augeri,
1301 2316 1333 2371 et
1354 2308 1496 2390 puleium
1518 2306 1643 2371 aridum
1660 2304 1772 2371 llores·

438 2425 511 2470 cere
532 2400 668 2466 hmmali
690 2402 760 2482 ipso
783 2400 853 2473 die,
882 2409 915 2463 et
937 2400 1060 2463 inflatas
1082 2403 1187 2486 rumpi
1209 2402 1379 2476 vesiculas,
1409 2411 1441 2465 et
1463 2402 1583 2466 semiue
1605 2400 1772 2476 melorum,

439 2518 522 2583 quse
544 2498 575 2559 in
599 2496 639 2559 iis
661 2493 774 2558 mediis
796 2493 1014 2567 incluserint,
1037 2495 1070 2556 iu
1092 2497 1266 2560 contrarias
1288 2497 1387 2578 partis
1409 2517 1444 2561 se
1460 2503 1600 2570 vertere,
1622 2496 1686 2557 iam
1701 2514 1773 2557 ner·

439 2612 497 2656 ros
518 2592 552 2655 in
574 2588 690 2651 lidihus
712 2588 783 2650 aliis
805 2587 907 2670 pulsis
929 2607 1077 2651 resonare
1100 2588 1195 2663 alios,
1218 2590 1453 2672 ostreisque-et
1475 2586 1649 2672 conchyliis
1671 2587 1773 2651 omui·

402 2688 498 2750 robus
527 2684 730 2764 contingere,
767 2689 803 2744 ut
832 2702 903 2744 cum
931 2681 1007 2744 luna
1041 2683 1161 2765 pariter
1189 2692 1333 2748 crescant
1364 2684 1547 2768 pariterque
1578 2682 1773 2756 decrescant,

438 2781 632 2861 arboresque
659 2785 695 2840 ut
720 2775 849 2838 hiemali
878 2783 1020 2858 tempore
1048 2796 1121 2839 cum
1143 2777 1219 2840 luna
1240 2777 1336 2841 simul
1358 2784 1577 2851 senescentes,
1606 2777 1684 2860 quia
1704 2784 1773 2840 tum

439 2874 617 2938 exsiccatae
645 2871 731 2943 siut,
765 2871 952 2952 tempestive
981 2869 1070 2933 caedi
1098 2878 1270 2954 putentur;
1306 2867 1357 2935 34.
1381 2874 1457 2956 quid
1480 2872 1521 2936 de
1541 2871 1630 2935 iretis
1655 2879 1712 2934 aut
1732 2872 1774 2934 de

439 2967 570 3032 marinis
591 2964 731 3028 aestibus
753 2964 845 3047 plura
867 2963 990 3027 dicamt
1020 2983 1155 3047 quorum
1176 2985 1325 3029 accessus
1347 2975 1379 3030 et
1401 2985 1544 3030 recessus
1565 2966 1660 3029 lunae
1683 2975 1773 3029 motu

439 3063 672 3145 gubernantur:
695 3067 842 3121 sescenta
864 3056 938 3121 licet
960 3057 1103 3121 eiusdem
1126 3059 1213 3122 modi
1236 3059 1380 3142 proferri,
1403 3067 1440 3123 ut
1461 3060 1645 3125 distantium
1666 3080 1773 3123 rerum

401 3156 584 3239 ”cognatio
606 3152 757 3216 naturalis
779 3161 928 3235 appareat
950 3184 992 3199 -
1018 3152 1131 3215 demus
1151 3152 1231 3227 hoc,
1255 3154 1336 3217 nihil
1358 3155 1443 3219 enim
1465 3154 1540 3218 huic
1563 3153 1773 3238 disputationi

438 3253 640 3316 adversatur:
662 3269 738 3312 num
760 3248 865 3322 etiam,
887 3249 915 3311 si
938 3245 1046 3313 fissum
1069 3249 1233 3312 cuiusdam
1250 3248 1335 3312 modi
1351 3250 1448 3313 luerit
1462 3249 1496 3311 in
1511 3249 1633 3325 iecore,
1649 3249 1774 3312 lucrum

439 3345 640 3411 ostenditur?
676 3342 748 3418 Qua
770 3359 812 3404 ex
833 3342 1056 3405 coniunctione
1079 3351 1210 3406 naturae
1232 3351 1265 3406 et
1286 3343 1379 3427 quusi
1401 3352 1556 3408 concentu
1578 3352 1675 3429 etque
1697 3363 1775 3407 con·

440 3459 551 3513 seusu,
574 3457 669 3521 quam
692 3435 902 3519 συμπάθειαν
924 3436 1037 3498 Graeci
1059 3437 1239 3520 appellant,
1268 3439 1436 3501 convenire
1459 3445 1565 3520 potest
1585 3446 1641 3500 aut
1662 3435 1773 3501 fissum

439 3534 555 3599 iecoris
577 3554 649 3595 cum
672 3531 788 3594 lucello
810 3550 881 3593 meo
904 3538 959 3593 aut
980 3550 1071 3593 meus
1093 3532 1309 3612 quaesticulus
1332 3552 1404 3594 cum
1426 3531 1527 3607 caelo,
1549 3539 1634 3595 terra
1652 3551 1774 3596 rarum·

402 3639 502 3711 teque
525 3628 658 3689 natural

525 3721 595 3783 XV.
628 3716 806 3782 Concedam
828 3718 889 3781 hoc
912 3719 1036 3801 ipsum,
1069 3719 1096 3781 si
1119 3720 1186 3793 vis,
1224 3722 1283 3783 etsi
1311 3740 1455 3801 maguam
1482 3719 1635 3784 iacturam
1658 3739 1774 3784 musae

440 3814 564 3888 lacero,
587 3813 614 3876 si
636 3812 734 3875 ullam
757 3832 827 3875 esse
850 3813 1103 3875 convenientiam
1127 3822 1257 3877 naturae
1279 3835 1350 3877 cum
1374 3815 1457 3877 extis
1479 3833 1686 3878 concessero:
1721 3811 1773 3877 35.

442 3909 497 3973 scd
521 3917 625 3972 tamen
649 3927 688 3969 eo
711 3926 863 3971 concesso
885 3907 940 3990 qui
963 3908 1069 3969 euenit
1091 3916 1125 3970 ut
1147 3908 1188 3981 is,
1211 3909 1265 3991 qui
1287 3909 1439 3990 inpetrire
1461 3908 1553 3982 velit,
1581 3908 1775 3971 convenien-

443 4011 507 4067 tem
530 4002 666 4066 hostiam
688 4001 782 4064 rehus
804 4001 871 4063 suis
893 4001 1057 4063 immolet?
1091 4001 1160 4065 Hoc
1183 4011 1265 4078 erat,
1289 4001 1375 4085 quod
1398 4022 1458 4084 eya
1480 4020 1544 4064 non
1567 4001 1659 4064 rehsr
1680 4022 1775 4087 posse

404 4097 597 4170 sodissolri;
628 4102 660 4158 at
682 4114 777 4178 quam
799 4094 912 4157 festive
935 4094 1136 4157 dissolviturl
1168 4098 1268 4178 pudet
1290 4116 1340 4158 me
1362 4116 1426 4158 non
1447 4096 1492 4158 tui
1515 4096 1661 4179 quidem,
1683 4098 1774 4160 cuius

444 4192 539 4255 etiam
563 4190 745 4252 memoriam
767 4187 922 4260 admiror,
947 4188 1002 4250 sed
1027 4188 1212 4273 Chrysippi,
1235 4190 1404 4271 Antipatri,
1426 4189 1588 4261 Posidom,
1610 4191 1666 4271 qui
1688 4190 1773 4254 idem

442 4286 525 4349 istuc
555 4283 684 4368 quidem
715 4283 841 4356 dicunt,
872 4283 959 4366 quod
990 4292 1037 4346 est
1066 4282 1183 4345 dictum
1213 4304 1232 4346 a
1260 4292 1307 4357 te,
1341 4284 1380 4345 ad
1408 4283 1545 4346 hostiam
1574 4283 1774 4366 deligendam

444 4378 556 4440 ducem
580 4398 649 4440 esse
673 4378 735 4439 vim
758 4376 917 4459 quandam
940 4380 1127 4440 sentientem
1149 4387 1244 4459 atque
1267 4378 1422 4450 divinam,
1447 4398 1530 4461 quae
1553 4385 1621 4441 tota
1642 4377 1776 4440 confusa

444 4470 563 4535 mundo
587 4473 638 4533 sit.
683 4471 764 4533 lllud
787 4490 861 4534 vero
884 4472 983 4534 multo
1006 4473 1100 4534 etiam
1124 4472 1247 4546 melius,
1269 4474 1353 4555 quod
1377 4480 1501 4534 etate
1524 4480 1710 4553 usurpatum
1727 4478 1777 4534 est

404 4573 474 4628 acet
502 4563 617 4628 dicitur
646 4565 685 4627 ah
714 4565 798 4627 illis:
832 4585 903 4627 cum
935 4566 1099 4628 immolare
1127 4566 1286 4649 quispiam
1314 4566 1409 4638 velit,
1439 4573 1505 4629 tum
1534 4562 1601 4628 fieri
1628 4575 1774 4629 extorum

509 4871 534 4920 2.
553 4872 612 4936 non]
630 4885 678 4920 con
695 4870 725 4920 ΑΙ
746 4897 771 4906 -
791 4871 978 4933 encopnttarum
995 4873 1025 4931 Α,
1044 4871 1092 4921 sed
1110 4887 1168 4921 ram
1184 4886 1220 4922 m.
1240 4885 1294 4923 sec.
1314 4872 1341 4921 in
1359 4885 1412 4921 ras.
1433 4898 1460 4906 -
1479 4871 1503 4921 3.
1522 4872 1686 4935 sepultionem
1703 4876 1724 4923 Α
1746 4897 1774 4909 -

443 4946 468 4996 6.
487 4947 615 4996 thensaam'
633 4944 663 4996 44ι
682 4972 709 4982 -
729 4946 753 4995 8.
771 4958 853 4995 nonne
870 4946 908 4994 C:
928 4960 977 4994 non
995 4947 1073 4996 codd.
1093 4947 1157 4997 dett.
1177 4950 1273 4998 hloseri
1291 4949 1310 4998 0
1331 4974 1356 4983 -
1381 4948 1419 4997 46.
1438 4949 1555 5010 cantapia
1572 4947 1639 4996 BH:
1659 4950 1778 5011 coprsats'a

444 5026 464 5073 Α
483 5024 540 5082 (sed
557 5024 644 5085 pnotr'o
661 5034 696 5071 m.
711 5033 765 5070 sec.
780 5022 806 5068 44
824 5022 887 5079 444.)
905 5021 942 5075 0;
963 5020 995 5070 cl.
1016 5022 1070 5071 Cic.
1090 5022 1124 5072 de
1142 5023 1195 5072 lato
1215 5024 1253 5087 §5
1273 5049 1299 5058 -
1320 5023 1447 5086 4444444444
1464 5023 1485 5072 H
1506 5049 1531 5059 -
1553 5025 1592 5072 tt.
1606 5024 1774 5073 ercanw-

440 5100 569 5163 pateptam
586 5101 604 5148 Β
626 5124 651 5133 -
672 5097 711 5147 td.
730 5097 767 5145 444
784 5097 802 5144 Β
823 5122 850 5132 -
868 5097 956 5144 mediis
973 5110 1025 5147 om.
1042 5099 1060 5146 Η
1081 5123 1107 5132 -
1126 5103 1212 5159 portes
1228 5098 1304 5149 Allo
1318 5122 1344 5133 ·—
1366 5097 1405 5147 44.
1419 5099 1553 5158 ostreisque
1569 5099 1600 5157 Α,
1618 5097 1666 5147 sed
1684 5110 1733 5161 que
1749 5101 1777 5148 tn

443 5188 496 5225 ras.
517 5189 552 5224 m.
571 5188 626 5226 sec.
654 5199 681 5209 —
713 5173 752 5222 46.
772 5178 800 5221 at
821 5174 849 5220 et
869 5178 989 5233 patentur
1011 5173 1125 5223 delenda
1149 5178 1243 5223 censet
1266 5174 1416 5235 Hottinger‚
1450 5172 1600 5234 arboresque
1620 5173 1721 5222 hiematt
1736 5198 1777 5211 -·

442 5263 565 5301 4444444444
587 5257 615 5299 at
636 5252 697 5311 quta
719 5248 799 5306 Rath,
826 5254 947 5309 ternpore,
970 5250 1032 5297 tana
1053 5249 1127 5298 444444
1149 5254 1284 5298 senescente
1305 5249 1423 5311 iladvig;
1455 5249 1513 5311 ipse
1533 5251 1680 5306 commate,
1702 5248 1776 5309 quod

443 5325 514 5389 apud
536 5324 660 5375 Orellium
685 5327 745 5387 post
766 5330 875 5384 tempore
897 5326 1011 5387 positum
1035 5329 1090 5380 est.
1119 5322 1223 5373 sublato
1245 5325 1284 5373 sic
1307 5324 1389 5373 verba
1413 5325 1588 5385 interpretor:
1617 5325 1645 5371 ut
1663 5320 1776 5372 arbores

442 5400 549 5450 hiemali
567 5404 689 5463 tempore
709 5406 770 5460 (non
783 5398 892 5455 aestivo)
912 5412 974 5447 cum
991 5397 1052 5448 luna
1070 5398 1147 5449 simul
1165 5401 1339 5448 senescerent
1356 5401 1383 5448 et
1401 5402 1465 5459 tum,
1480 5399 1541 5461 quia
1554 5398 1700 5447 4444444444
1712 5397 1775 5457 sint,

443 5477 601 5539 tempestivo
619 5474 694 5524 caedi
713 5478 839 5538 potentur
866 5497 893 5509 -
921 5476 960 5522 46.
980 5476 1041 5535 tum]
1059 5476 1154 5524 camll
1183 5500 1210 5508 -
1239 5475 1279 5523 47.
1299 5474 1445 5523 4444444444
1469 5498 1497 5508 -
1524 5473 1724 5522 stultiores.
1745 5496 1773 5508 -

443 5550 484 5600 49.
502 5551 655 5599 4444444440
676 5575 702 5585 -
726 5550 778 5598 4444
794 5549 861 5596 modi
878 5547 972 5598 Salisb.
993 5575 1020 5584 -
1043 5552 1084 5598 44.
1104 5549 1172 5613 narn]
1190 5562 1248 5598 cam
1265 5549 1286 5597 H
1306 5574 1332 5583 -
1353 5552 1374 5598 rt
1391 5549 1480 5598 omli
1500 5574 1527 5583 -
1551 5548 1591 5598 22.
1611 5559 1688 5607 qaam
1705 5546 1775 5595 sah

445 5650 473 5661 -
491 5627 664 5674 coniunctione
681 5625 718 5675 C:
741 5625 888 5687 copnatione
905 5624 983 5674 codd.
998 5624 1063 5673 dett.
1077 5625 1189 5685 4444444,
1207 5626 1355 5687 cantaps'one
1372 5624 1487 5674 Klotzius
1507 5648 1533 5660 —
1552 5622 1593 5672 43.
1606 5621 1775 5683 sympathiam

444 5700 463 5750 C
483 5725 509 5735 -
527 5703 638 5764 4444444
660 5724 686 5736 -
705 5701 747 5750 m.
765 5713 844 5748 casata
861 5700 881 5749 Η
903 5726 928 5736 -
948 5700 989 5749 28.
1007 5701 1045 5748 tris
1061 5700 1120 5749 B-
1141 5701 1260 5762 inpetm're
1278 5699 1436 5749 harabinus:
1455 5700 1583 5761 impertire
1601 5700 1634 5758 C,
1654 5698 1686 5748 cl.
1701 5699 1720 5755 4,
1734 5696 1774 5761 43

444 5800 472 5810 -
492 5774 532 5824 36.
551 5774 674 5838 ,44]4444
700 5802 727 5812 -
755 5775 796 5825 dl.
815 5777 938 5824 ammiror
955 5775 977 5824 li
997 5802 1024 5812 -
1048 5776 1177 5837 possident
1194 5775 1268 5835 ml,
1291 5776 1416 5824 Posidonii
1432 5777 1452 5825 0
1470 5800 1497 5810 -
1526 5775 1569 5835 qut
1585 5772 1658 5837 tdem]
1675 5772 1775 5835 quidem

442 5846 514 5907 B¹ll.
537 5852 598 5912 qstd
613 5857 648 5900 est
665 5855 684 5899 Α
702 5850 750 5900 sed
769 5854 792 5898 st
808 5850 833 5899 in
852 5863 904 5900 res.
926 5876 952 5886 -
980 5851 1022 5901 34.
1040 5852 1193 5916 edicendam
1209 5850 1259 5901 444
1283 5876 1309 5887 -
1338 5851 1378 5899 33.
1396 5852 1578 5902 444444444444
1600 5875 1626 5885 -
1645 5852 1699 5899 4444
1716 5846 1772 5913 ΑΒ,

441 5926 469 5976 et
486 5924 545 5975 vide
563 5925 670 5990 terte
688 5951 715 5963 -
734 5926 775 5977 66.
793 5925 855 5991 tem]
867 5939 924 5976 cern
940 5927 972 5976 ll.
