4342 7459
443 1261 505 1331 tol
731 1265 785 1330 llll
806 1265 963 1331 liumus
984 1265 1182 1331 notionum
1202 1266 1256 1329 ET
1277 1266 1479 1333 uolonum

444 1436 555 1500 dolore
576 1453 688 1499 vacare
709 1454 791 1517 opus
813 1440 861 1497 est
883 1441 915 1498 et
935 1434 1058 1499 valere:
1088 1435 1133 1498 sic
1155 1435 1251 1518 igitur
1272 1436 1305 1498 in
1326 1435 1454 1500 bomine
1476 1436 1628 1520 perfectio
1650 1440 1710 1504 ista
1731 1442 1765 1504 in

444 1549 483 1593 eo
505 1528 720 1613 potissimum,
743 1527 830 1610 qood
854 1536 902 1590 est
923 1529 1093 1611 optimum,
1122 1527 1154 1592 id
1176 1529 1276 1592 estin
1299 1529 1430 1604 virtute,
1453 1529 1609 1594 landatur.
1653 1534 1764 1617 ltaque

442 1622 520 1687 mibi
540 1643 605 1685 non
626 1622 703 1685 satis
725 1620 874 1684 videmini
898 1624 1115 1697 considerare,
1138 1621 1223 1707 qood
1246 1622 1307 1686 iter
1328 1624 1368 1686 sit
1388 1630 1518 1688 naturae
1534 1645 1678 1711 quaeque
1691 1649 1766 1710 pro·

443 1717 571 1802 gressio.
609 1718 678 1780 Non
700 1715 798 1789 enim,
830 1715 915 1800 quod
937 1715 1010 1780 lacit
1031 1718 1065 1778 in
1087 1716 1247 1799 frugibus,
1278 1724 1330 1791 ut,
1352 1738 1423 1780 cum
1445 1718 1484 1780 ad
1508 1720 1626 1802 spicam
1649 1722 1765 1803 perdu-

418 1814 525 1882 sxerit
552 1812 592 1874 ab
619 1810 735 1884 herba,
768 1808 928 1892 relinquat
956 1818 989 1871 et
1012 1831 1069 1893 pro
1092 1810 1192 1873 nihilo
1215 1809 1329 1873 babeat
1349 1810 1494 1894 herbam,
1526 1812 1611 1876 idem
1633 1814 1709 1878 iacit
1730 1814 1764 1877 in

441 1906 583 1979 bomine,
615 1924 686 1968 oum
715 1922 789 1966 eum
819 1903 858 1964 ad
887 1902 1016 1966 rationis
1046 1904 1189 1966 habitum
1217 1899 1409 1987 perduxerit.
1457 1905 1587 1989 Semper
1608 1907 1692 1971 enim
1721 1908 1765 1971 ita

441 2000 571 2066 assumit
599 1997 738 2080 aliquid,
768 2004 803 2059 ut
832 2015 884 2070 ea,
915 2015 995 2080 quae
1023 1997 1123 2079 prima
1144 1996 1284 2071 dederit,
1314 2018 1380 2059 non
1402 1997 1536 2061 deserat.
1581 1996 1632 2061 38.
1654 2001 1765 2085 ltaque

441 2095 587 2160 sensibus
606 2093 763 2156 rationem
785 2090 932 2155 adiunxit
954 2097 985 2152 et
1006 2090 1128 2153 ratione
1151 2090 1262 2154 ellectu
1284 2110 1397 2153 sensus
1419 2111 1483 2153 non
1506 2092 1646 2176 reliquit
1683 2094 1723 2158 Ut
1737 2094 1765 2157 si

441 2190 564 2254 cultura
592 2186 722 2261 vitium,
748 2184 838 2247 cuius
864 2183 926 2247 boc
951 2205 1064 2247 munus
1087 2193 1150 2259 est,
1177 2191 1213 2248 ut
1235 2180 1351 2246 efficiat
1372 2192 1407 2247 ut
1428 2185 1502 2247 vitis
1525 2205 1596 2250 cum
1618 2187 1764 2250 omnibus

404 2284 581 2368 inpartibus
611 2281 678 2345 suis
706 2298 801 2362 quam
830 2279 946 2361 optime
976 2298 1010 2341 se
1038 2278 1154 2341 babeat
1176 2314 1231 2352 -,
1261 2278 1317 2361 sed
1347 2279 1393 2340 sic
1422 2278 1658 2361 intellegamus,
1691 2279 1765 2343 licet

440 2379 541 2452 enim,
561 2383 597 2441 ut
618 2394 675 2437 ros
696 2392 825 2456 quoque
847 2371 971 2446 soletis,
994 2367 1111 2453 fingere
1133 2371 1255 2454 aliquid
1273 2370 1407 2435 docendi
1430 2391 1524 2435 causa
1537 2394 1596 2434 -ε
1619 2373 1646 2436 si
1668 2374 1765 2456 igitur

440 2468 496 2536 illa
517 2471 640 2535 cultura
661 2467 769 2531 vitium
792 2466 912 2529 invite
934 2465 1114 2547 insitipsa,
1143 2473 1262 2538 cetera,
1294 2466 1402 2539 credo,
1426 2465 1516 2539 velit,
1545 2486 1625 2549 quae
1648 2466 1686 2530 ad
1710 2487 1764 2531 co·

440 2565 566 2628 lendam
588 2563 683 2626 vitem
705 2559 898 2632 attinebunt,
928 2559 1011 2621 sicut
1031 2568 1139 2633 antee,
1168 2580 1202 2622 se
1233 2565 1336 2623 autem
1359 2560 1505 2623 omnibus
1527 2559 1600 2623 vitis
1621 2560 1762 2644 partibus

439 2657 596 2743 praeierat
616 2661 797 2735 statuatque
819 2652 897 2716 nihil
919 2673 988 2715 esse
1011 2653 1123 2716 melius
1144 2653 1178 2716 in
1199 2653 1263 2716 vite
1286 2673 1380 2736 quam
1403 2675 1452 2717 so:
1475 2653 1621 2717 similiter
1641 2675 1763 2731 sensus,

403 2772 511 2821 tecum
534 2748 668 2814 accessit
687 2748 727 2810 ad
749 2754 907 2819 naturam,
930 2753 1036 2809 tuetur
1055 2746 1141 2809 illam
1157 2748 1298 2832 quidem,
1321 2749 1377 2811 sed
1394 2749 1488 2811 etiam
1504 2767 1538 2810 se
1553 2754 1670 2823 tuetur,
1691 2769 1762 2812 cum

440 2854 543 2910 autem
565 2849 725 2925 assumpta
747 2849 796 2903 est
812 2840 909 2913 ratio,
932 2847 1019 2902 tanto
1035 2842 1067 2902 in
1083 2840 1247 2904 dominatu
1263 2842 1402 2917 locatur,
1423 2849 1458 2905 ul
1472 2842 1579 2905 omniu
1593 2842 1647 2905 illa
1660 2842 1762 2925 prima

439 2948 571 3004 naturae
600 2935 696 2999 buius
725 2933 843 2997 tutelae
872 2931 1076 2996 subiciantur.
1120 2930 1170 2996 39.
1199 2936 1309 3019 ltaque
1338 2955 1403 2997 non
1433 2936 1569 2999 discedit
1590 2936 1630 2999 ab
1652 2954 1762 2999 eorum

440 3032 620 3106 curatione,
650 3029 767 3112 quibus
793 3027 972 3110 praeposita
994 3027 1087 3090 vitom
1117 3048 1240 3092 omnem
1263 3030 1356 3092 debet
1378 3030 1568 3111 gubemare‚
1597 3038 1635 3094 ut
1655 3030 1761 3093 mirari

440 3128 516 3193 satis
537 3128 669 3189 istorum
692 3121 933 3185 inconstantiam
957 3139 1020 3183 non
1043 3123 1172 3205 possim.
1213 3124 1394 3187 Naturalem
1417 3125 1500 3186 enim
1522 3123 1761 3207 appetitionem,

401 3240 535 3306 ecquam
557 3224 670 3281 vocant
691 3209 809 3298 ὁρμήν,
833 3214 972 3298 itemque
994 3215 1147 3291 officium,
1170 3217 1271 3300 ipsam
1294 3218 1387 3280 eliam
1405 3217 1552 3281 virtutem
1566 3216 1676 3280 volunt
1690 3236 1761 3280 esse

438 3334 545 3379 carum
573 3330 695 3385 rerum,
722 3327 805 3392 quae
827 3309 1000 3371 seeundum
1027 3319 1171 3372 naturam
1193 3318 1276 3373 sunt.
1315 3311 1391 3373 Cum
1414 3318 1517 3374 autem
1539 3309 1580 3373 ad
1602 3330 1761 3373 summum

437 3408 555 3472 bonum
577 3406 689 3470 volunt
710 3403 886 3487 pervenire,
909 3401 1089 3465 transiliunt
1118 3403 1224 3465 omnia
1246 3412 1277 3465 et
1298 3404 1361 3466 duo
1383 3403 1475 3466 nobis
1496 3421 1593 3485 opere
1615 3422 1672 3485 gro
1694 3421 1759 3466 uno

437 3503 635 3585 relinquunt,
662 3504 699 3559 ut
724 3495 787 3559 elia
815 3514 990 3569 sumamus,
1019 3495 1081 3557 alia
1111 3506 1311 3579 expetamus,
1342 3498 1448 3579 potius
1482 3517 1576 3581 quam
1605 3517 1669 3561 nno
1696 3496 1760 3560 fine

437 3604 607 3678 utrumque
628 3589 863 3654 concluderent.

400 3704 430 3751 ss
522 3688 590 3750 XV.
620 3682 672 3746 40.
711 3684 752 3746 at
779 3684 862 3746 enim
897 3683 957 3746 iam
989 3682 1100 3747 dicetis
1136 3683 1280 3747 virtulem
1316 3704 1378 3746 non
1412 3701 1506 3766 posse
1536 3684 1702 3760 constitui,
1732 3684 1760 3748 si

438 3801 489 3856 ea,
512 3799 594 3866 quae
616 3786 706 3843 extra
728 3776 874 3839 virtutem
897 3775 973 3849 sint,
1002 3775 1043 3838 ad
1064 3775 1156 3838 beate
1178 3775 1345 3839 vivendum
1370 3777 1555 3859 pertineant.
1596 3777 1691 3853 Quod
1712 3785 1762 3841 to·

437 3882 504 3938 tum
530 3876 639 3936 contra
668 3879 726 3935 est.
769 3869 928 3934 Introduci
956 3871 1040 3932 enim
1063 3871 1161 3932 virtus
1187 3870 1276 3932 nullo
1299 3869 1399 3933 modo
1417 3878 1536 3952 potest,
1559 3870 1621 3936 nisi
1644 3873 1761 3945 omnia,

438 3987 520 4053 quae
542 3965 627 4047 leget
647 3985 794 4048 quaeque
816 3963 941 4037 reiciet,
963 3983 1056 4026 unam
1079 3962 1256 4027 reserentur
1278 3962 1317 4026 ad
1340 3984 1504 4027 summam.
1545 3965 1623 4027 Nam
1645 3966 1672 4029 si
1694 3986 1762 4029 om·

437 4064 511 4125 nino
541 4080 579 4125 ce
609 4059 825 4141 neglegemus,
855 4057 889 4120 in
916 4058 1080 4119 Aristonea
1109 4057 1184 4120 vitia
1216 4064 1248 4120 el
1283 4063 1412 4140 peecata
1442 4056 1616 4123 incidemus
1648 4059 1762 4123 oblivi-

400 4171 641 4237 toscemurque,
668 4172 750 4238 quae
777 4151 885 4215 virtuti
912 4152 973 4234 ipsi
1002 4149 1159 4234 principia
1186 4150 1386 4213 dederimus:
1418 4151 1468 4213 sin
1497 4171 1535 4214 ea
1560 4172 1626 4216 non
1655 4153 1762 4236 negle-

438 4269 547 4332 gemus
577 4268 681 4331 neque
709 4255 815 4310 mmen
844 4245 882 4309 ad
908 4242 1002 4307 finem
1030 4246 1143 4308 summi
1166 4246 1241 4308 boni
1264 4246 1454 4320 referemus,
1480 4266 1544 4308 non
1567 4246 1698 4310 multum
1722 4247 1761 4310 ab

437 4343 526 4406 Erilli
555 4342 681 4405 levitate
706 4338 938 4413 aberrabimus3
970 4338 1102 4400 duarum
1131 4338 1214 4401 enim
1236 4340 1370 4402 vilarum
1393 4340 1483 4403 nobis
1505 4348 1597 4403 erunt
1618 4340 1762 4404 instituta

438 4435 604 4519 capienda.
640 4434 727 4497 Facit
751 4434 834 4495 enim
857 4433 910 4494 ille
930 4432 992 4494 duo
1011 4432 1152 4495 seiuncta
1173 4432 1284 4496 ultima
1298 4434 1462 4509 bonorum,
1485 4453 1576 4517 quae,
1598 4442 1635 4497 ut
1655 4440 1762 4497 essent

438 4550 526 4603 vera,
554 4528 704 4611 coniungi
727 4527 919 4590 debuerunt:
949 4547 1032 4589 nunc
1056 4527 1102 4590 itu
1128 4536 1330 4611 separantur,
1359 4536 1394 4591 ut
1423 4527 1563 4592 diiuncta
1589 4529 1666 4604 sint,
1695 4548 1760 4613 quo

400 4624 519 4687 senihil
539 4630 643 4705 potest
664 4642 734 4685 esse
755 4621 943 4706 perversius.
986 4615 1037 4682 ll.
1059 4621 1171 4706 ltaque
1193 4631 1303 4685 contra
1325 4632 1373 4686 est
1394 4642 1431 4686 ao
1453 4623 1576 4698 dicitis;
1598 4641 1670 4686 nam
1685 4641 1761 4685 con-

503 4905 528 4954 2.
546 4904 573 4952 id
589 4908 624 4952 est
640 4900 736 4952 eodem
748 4914 801 4964 quo
814 4900 828 4964 5
840 4902 871 4951 33
883 4901 1042 4965 compendio
1053 4901 1098 4949 BE
1112 4926 1138 4936 -
1158 4900 1182 4949 3.
1195 4901 1243 4950 iter
1259 4901 1335 4951 silli:
1355 4901 1450 4950 intersit
1466 4902 1485 4950 B
1499 4928 1525 4938 -
1546 4900 1570 4952 i.
1583 4915 1634 4951 non
1649 4900 1715 4952 enim
1725 4927 1762 4941 --

435 4979 583 5042 perduxerit
603 4977 701 5027 Nonius
723 4992 748 5041 g.
768 4978 825 5027 ²25.
845 5002 872 5011 -
897 4978 953 5025 Non
971 4977 1035 5025 enim
1052 4989 1105 5025 orn.
1124 4976 1144 5024 B
1164 5001 1190 5011 -
1214 4980 1242 5025 ut
1258 4977 1323 5040 cum]
1341 4978 1435 5026 uictum
1451 4978 1550 5027 Nonius
1569 5002 1595 5012 -
1611 4976 1764 5038 groduoenit

438 5055 502 5115 BE,
520 5053 567 5105 sed
586 5053 666 5102 iidem
683 5065 708 5101 v.
728 5053 743 5100 6
758 5052 905 5115 perducerit
925 5078 948 5085 -
971 5051 994 5100 7.
1013 5065 1063 5098 non
1080 5051 1113 5099 B:
1131 5064 1163 5100 ne
1179 5052 1233 5101 llo
1249 5078 1273 5087 -
1293 5052 1387 5117 ltaque]
1406 5053 1510 5114 otgueB
1524 5055 1585 5115 (non
1597 5050 1625 5112 E)
1639 5075 1668 5088 -
1686 5051 1710 5101 8.
1723 5064 1777 5111 re,

437 5130 510 5192 liguit
526 5129 560 5177 B:
578 5127 695 5187 relinquit
712 5126 732 5175 Ο
752 5152 777 5162 -
797 5125 822 5175 9.
841 5125 951 5174 munibus
966 5125 1079 5186 portibus
1096 5125 1147 5173 suis
1163 5125 1196 5174 B:
1212 5125 1329 5187 partibile
1343 5128 1394 5176 suis
1410 5126 1522 5177 omnibu
1539 5126 1559 5175 Ο
1573 5151 1600 5161 -
1620 5124 1659 5175 43.
1679 5126 1762 5175 oensi-

437 5204 482 5253 bus
498 5216 552 5254 om.
565 5204 584 5252 B
603 5203 664 5263 (non
675 5201 703 5261 E)
723 5226 748 5237 -
770 5198 810 5251 tl.
827 5200 913 5249 meliro
929 5213 979 5249 esse
996 5203 1014 5251 B
1032 5225 1058 5235 -
1086 5202 1125 5250 ⁴5.
1144 5213 1169 5249 se
1185 5205 1268 5250 tuetur
1284 5201 1344 5250 EG:
1367 5204 1488 5252 situetur
1503 5201 1540 5260 B,
1557 5204 1641 5250 luetis
1655 5213 1682 5251 se
1697 5201 1718 5251 0
1731 5225 1758 5236 -

439 5279 479 5329 46.
498 5283 533 5328 est
548 5292 572 5327 r.
585 5278 618 5326 B:
636 5290 659 5325 r.
672 5275 769 5325 estllO
789 5302 814 5311 —
834 5281 906 5325 tanto
923 5276 970 5325 BE
990 5303 1015 5311 -
1037 5275 1075 5324 se.
1095 5274 1130 5339 ul]
1148 5280 1171 5324 et
1187 5276 1236 5324 BE
1254 5300 1280 5309 -
1302 5276 1341 5325 lli.
1361 5279 1464 5327 istomsm
1475 5274 1656 5338 Wesenberg:
1675 5287 1761 5325 mann

438 5353 516 5405 codd.
532 5355 559 5403 el
576 5353 637 5403 0-
653 5351 745 5411 possim
762 5351 795 5400 C:
812 5364 912 5413 gosmm
929 5352 960 5407 B;
979 5350 1100 5411 possimus
1117 5348 1202 5398 codd·
1214 5348 1278 5398 dett.
1298 5353 1324 5398 et
1341 5351 1361 5400 0
1381 5378 1408 5387 -
1429 5352 1469 5401 23.
1488 5356 1635 5413 menemus
1649 5363 1712 5402 nos:
1729 5364 1761 5400 eo

435 5435 551 5492 gemmus
567 5425 627 5478 BE:
649 5429 795 5485 appetamus
808 5425 836 5473 0.
856 5424 894 5474 Ci.
914 5423 972 5486 §2⁰
990 5426 1017 5473 el
1033 5437 1089 5473 var.
1108 5422 1167 5473 lect.
1187 5437 1211 5486 p.
1226 5423 1282 5482 468,
1296 5424 1319 5473 6.
1336 5451 1362 5461 -
1382 5424 1423 5476 tl.
1441 5430 1574 5486 utrumque
1589 5425 1762 5476 concluderent

438 5505 503 5555 BD:
522 5502 608 5553 mnoia
624 5500 772 5549 concludent
788 5498 866 5549 codd.
880 5499 961 5556 dett.;
980 5505 1113 5560 utrumque
1123 5498 1301 5548 concludcnlO
1316 5526 1343 5536 -
1361 5500 1401 5549 25.
1413 5500 1472 5550 -iarn
1489 5501 1573 5551 dicetis
1588 5501 1624 5551 D:
1643 5512 1704 5550 num
1720 5500 1760 5549 dl·

436 5578 534 5638 mern
553 5574 631 5641 [mm]
649 5575 729 5624 dicitis
746 5576 783 5634 n;
802 5581 896 5624 nmero
911 5575 992 5624 dicitis
1008 5574 1028 5622 0
1047 5597 1071 5609 -
1093 5574 1134 5623 26.
1152 5577 1209 5622 sunt
1225 5573 1244 5621 B
1265 5600 1291 5608 -
1310 5573 1351 5623 eo.
1369 5574 1439 5640 leget]
1457 5575 1505 5639 legi
1520 5575 1554 5633 ὓς
1572 5574 1654 5639 alliget
1670 5576 1699 5623 G.
1718 5573 1758 5624 Cl.

438 5666 464 5717 p.
478 5652 535 5712 l66,
548 5652 588 5700 u.
603 5648 659 5711 473,
671 5649 712 5699 28.
728 5675 755 5686 -
774 5651 866 5701 retlciet
882 5650 901 5698 B
915 5675 941 5684 -
960 5650 1100 5710 reserentur
1116 5648 1149 5698 B:
1174 5646 1316 5708 reseruntur
1333 5651 1352 5698 0
1367 5676 1393 5685 -
1406 5662 1438 5699 en
1453 5649 1586 5699 Bromius:
1605 5660 1651 5698 nos
1667 5645 1758 5707 codd,

437 5731 517 5789 ,lnce
530 5726 555 5775 ll
573 5750 600 5761 -
624 5724 665 5774 29.
683 5725 836 5787 neglegemus
859 5722 1014 5773 Lambinus:
1037 5724 1185 5786 negligimus
1202 5720 1280 5771 codd.
1303 5749 1326 5759 -
1352 5724 1485 5774 incidemus
1501 5729 1524 5774 et
1537 5728 1642 5787 peccam
1657 5721 1711 5772 ult
1729 5746 1756 5757 -

437 5800 478 5849 30.
496 5800 648 5862 negligemus
668 5799 700 5848 B:
720 5798 882 5860 intelligemus
898 5798 932 5854 E;
956 5797 1102 5860 negligimus
1123 5796 1205 5845 celeri
1222 5795 1299 5845 codd.
1320 5822 1346 5831 -
1367 5796 1407 5846 32.
1426 5797 1491 5847 esitii
1506 5797 1568 5847 BE:
1589 5795 1677 5846 Herilli
1692 5794 1756 5846 llo.

438 5873 476 5922 Cl.
494 5874 531 5930 ll,
549 5872 565 5934 5
582 5872 623 5922 36.
642 5894 669 5907 -
693 5870 868 5920 admouimus
885 5873 945 5933 (non
962 5870 1116 5932 munemne)
1135 5869 1183 5919 BE
1208 5896 1233 5905 -
1258 5869 1298 5921 tl.
1316 5873 1354 5920 ito
1370 5872 1511 5923 Manutius:
1529 5872 1579 5921 ista
1596 5868 1675 5922 codd.
1694 5870 1757 5920 et0

440 5946 1010 6012 -utletB-seisncto83disiuncts0.
