4342 7459
444 1224 507 1292 662
984 1230 1039 1291 Illi
1061 1228 1232 1293 OFFICIIS

444 1402 482 1459 ut
503 1393 621 1456 diceret
641 1390 758 1454 frustra
785 1409 820 1452 ee
846 1388 1038 1472 triumphum
1062 1390 1189 1452 tertium
1212 1388 1450 1470 deportaturum
1471 1390 1588 1466 luisse,
1616 1393 1677 1458 niei
1699 1413 1774 1459 meo

443 1492 477 1553 in
499 1510 565 1552 rem
587 1486 745 1570 publicam
768 1482 922 1547 beoelicio
945 1483 998 1545 ubi
1021 1483 1229 1565 triumpharet
1250 1491 1335 1546 esset
1355 1483 1530 1548 babitums.
1573 1486 1654 1550 Sunt
1674 1488 1776 1570 igitur

445 1582 635 1646 domesticae
656 1578 858 1642 tortitudines
881 1600 944 1643 non
967 1577 1134 1642 interiores
1156 1574 1362 1641 militaribus:
1385 1578 1558 1662 inquibus
1581 1581 1654 1664 plus
1676 1583 1775 1648 etiam

444 1696 539 1761 quam
561 1675 595 1737 in
616 1673 667 1736 bis
689 1693 805 1756 operae
827 1674 988 1756 studiique
1011 1671 1194 1755 ponendum
1218 1680 1276 1734 eet.

420 1785 435 1832 e
529 1765 721 1831 xx111.tt).
747 1767 884 1830 Omnino
907 1766 987 1830 illud
1010 1770 1187 1838 honestum,
1210 1764 1295 1847 quod
1320 1786 1360 1828 ex
1382 1766 1490 1828 animo
1509 1767 1638 1833 excelso
1654 1772 1777 1853 magni·

443 1865 569 1947 licoque
596 1862 797 1947 quaerimus,
827 1862 924 1924 animi
947 1858 1098 1934 eflicitur,
1127 1881 1191 1922 non
1214 1861 1355 1941 corporis
1377 1861 1508 1925 viribus.
1552 1863 1776 1930 Exercendum

444 1968 548 2024 tamen
578 1976 691 2039 corpus
720 1963 751 2017 et
780 1956 823 2018 ita
851 1951 1054 2017 efficiendum
1085 1962 1151 2028 eet,
1184 1962 1218 2016 ut
1247 1955 1399 2017 oboedire
1428 1956 1563 2020 consilio
1592 1959 1776 2044 rationique

443 2052 545 2139 possit
565 2051 599 2113 in
622 2048 835 2131 exsequendis
858 2048 994 2129 negotiis
1018 2055 1049 2110 et
1071 2048 1105 2109 in
1129 2043 1236 2112 labore
1259 2049 1437 2112 tolerando.
1474 2050 1651 2114 Ilonestum
1667 2060 1776 2118 autem

442 2147 492 2220 id,
523 2143 610 2229 quod
633 2143 847 2226 exquirimus,
876 2150 976 2206 totum
1000 2150 1047 2205 est
1070 2144 1208 2224 positum
1231 2142 1383 2206 inanimi
1407 2163 1483 2207 cura
1507 2153 1539 2207 et
1561 2145 1775 2228 cogitatione:

405 2243 477 2305 nin
497 2261 562 2324 quo
584 2259 647 2302 non
670 2239 822 2301 minorem
846 2237 1014 2301 utilitatem
1036 2238 1170 2301 allerunt
1193 2238 1249 2321 qui
1271 2239 1368 2320 togati
1391 2238 1437 2301 rei
1459 2237 1605 2320 publicae
1623 2250 1777 2323 praesunt

444 2355 540 2420 quam
562 2333 617 2417 qui
639 2332 760 2395 bellum
782 2340 904 2414 gerunt.
948 2333 1059 2415 ltaque
1087 2352 1197 2396 eorum
1228 2332 1362 2394 consilio
1385 2352 1482 2413 saepe
1503 2339 1559 2395 aut
1581 2353 1646 2396 non
1666 2355 1776 2398 suece-

443 2437 498 2512 pta
520 2435 574 2491 aut
595 2425 739 2490 conlecta
761 2426 845 2489 bella
866 2435 956 2500 sunt,
982 2446 1047 2488 non
1070 2446 1243 2508 numquam
1266 2427 1359 2489 etiam
1382 2426 1496 2501 inlata,
1518 2435 1555 2490 ut
1575 2428 1619 2491 bl.
1646 2428 1775 2494 Catonis

442 2523 559 2587 bellum
575 2521 701 2584 tertium
718 2522 880 2594 l’unicum,
895 2522 928 2584 in
944 2542 1007 2604 quo
1023 2522 1116 2584 etiam
1134 2521 1248 2584 mortui
1263 2522 1363 2584 valuit
1376 2523 1558 2585 auctoritas.
1581 2520 1633 2586 80.
1652 2523 1725 2599 Qua
1739 2544 1774 2588 re

444 2614 621 2699 expetenda
644 2613 771 2696 quidem
794 2615 893 2696 magis
916 2622 966 2677 est
986 2614 1176 2677 decernendi
1201 2615 1281 2677 ratio
1303 2635 1397 2698 quam
1414 2614 1597 2679 decertandi
1610 2617 1775 2695 fortitudo,

407 2726 434 2773 te
444 2708 502 2772 sed
532 2707 706 2771 carendum
735 2728 776 2771 ne
805 2707 838 2769 id
867 2708 1007 2771 bellandi
1030 2709 1130 2791 magis
1152 2708 1227 2790 fuga
1250 2729 1345 2792 quam
1368 2709 1511 2772 utilitatis
1533 2711 1658 2774 ratione
1678 2712 1777 2776 sacia·

444 2824 524 2866 mus.
568 2802 690 2864 Bellum
723 2810 828 2864 autem
857 2801 902 2864 ita
930 2803 1139 2885 suscipiatur,
1169 2810 1205 2865 ut
1235 2802 1316 2865 nihil
1344 2802 1430 2866 aliud
1459 2802 1521 2865 nisi
1542 2824 1607 2886 pax
1629 2808 1777 2889 quaesita

444 2896 600 2961 videatur.
644 2896 746 2959 Fortis
775 2916 849 2959 vero
879 2896 976 2957 animi
1007 2904 1039 2959 et
1065 2897 1240 2959 constantie
1267 2905 1315 2959 est
1336 2916 1400 2959 non
1414 2898 1602 2979 perturbari
1623 2900 1659 2963 in
1679 2901 1775 2968 rebus

444 2990 564 3073 asperis
586 3010 646 3053 uec
668 2990 910 3052 tumultuantem
934 2989 974 3052 de
997 2990 1094 3072 gradu
1118 2989 1211 3063 deici,
1227 2998 1263 3053 ut
1278 2990 1403 3063 dicitur,
1419 2989 1476 3053 sed
1491 2993 1652 3073 praesenti
1668 2996 1775 3059 animo

433 3085 491 3241 π’
513 3092 546 3147 et
566 3084 700 3148 consilio
722 3105 781 3148 nec
802 3105 821 3148 a
843 3084 967 3147 ratione
989 3084 1164 3147 discedere.
1207 3080 1258 3145 81.
1276 3083 1477 3164 Quamquam
1492 3083 1555 3148 boc
1568 3088 1679 3163 animi,
1694 3088 1775 3153 illud

389 3175 443 3278 ff
479 3179 538 3241 'am
562 3178 682 3260 ingenii
704 3179 808 3261 magni
832 3186 890 3252 est,
913 3179 1094 3260 praecipere
1118 3178 1309 3259 cogitatione
1330 3176 1437 3240 sutura
1459 3185 1491 3239 et
1513 3178 1677 3262 aliquante
1701 3189 1775 3246 ante

444 3272 655 3345 constituere,
685 3273 762 3355 quid
784 3272 929 3335 accidere
951 3273 1053 3355 possit
1074 3274 1108 3335 in
1130 3281 1297 3354 utramque
1318 3279 1439 3354 partem
1463 3279 1494 3335 et
1515 3274 1594 3356 quid
1615 3275 1773 3357 egendum

443 3368 494 3439 sit,
516 3367 586 3429 dum
609 3368 687 3449 quid
709 3368 859 3441 evenerit,
882 3387 940 3429 nec
963 3366 1160 3429 committere
1182 3374 1216 3427 ut
1231 3364 1403 3447 aliquando
1418 3365 1588 3431 dicendum
1603 3368 1662 3431 sit:
1686 3372 1775 3433 uNon

445 3471 617 3544 putaram.»
662 3461 748 3523 Haec
777 3470 852 3527 sunt
881 3480 976 3544 opera
1005 3459 1109 3541 magni
1139 3457 1235 3521 animi
1258 3468 1290 3521 et
1311 3457 1430 3522 excelsi
1453 3467 1485 3547 et
1506 3461 1677 3543 prudentia
1698 3483 1774 3527 con·

443 3555 580 3637 eilioque
608 3552 747 3617 fidentis.
796 3556 928 3617 Temere
957 3562 1061 3616 autem
1092 3554 1127 3616 in
1156 3554 1224 3616 acie
1253 3553 1372 3616 versari
1401 3561 1434 3616 et
1462 3573 1557 3617 manu
1583 3575 1654 3619 cum
1682 3556 1774 3621 hoste

405 3649 615 3729 aecoossIgere
644 3649 780 3711 immane
810 3648 958 3731 quiddam
990 3653 1021 3708 et
1049 3646 1215 3709 beluarum
1243 3646 1346 3710 simile
1375 3654 1439 3721 est,
1470 3646 1527 3711 sed
1556 3667 1626 3713 cum
1649 3659 1773 3734 tempos

443 3742 681 3824 necessitasque
703 3741 855 3824 postulat,
878 3740 1104 3803 decertandum
1127 3762 1220 3804 manu
1244 3748 1292 3804 est
1314 3748 1347 3803 et
1368 3761 1453 3804 mors
1475 3742 1618 3805 servituti
1640 3745 1775 3828 turpitu-

444 3836 575 3919 dinique
596 3833 831 3918 anteponenda.
890 3868 895 3878 ·

529 3930 645 3993 XXIV.
676 3926 728 3991 82.
756 3930 803 3991 Ile
826 3929 1005 3992 evertendis
1028 3937 1134 3992 autem
1157 3929 1408 4012 diripiendisque
1431 3929 1562 3992 urbibus
1584 3931 1676 3995 valde
1698 3952 1775 3995 con·

445 4023 646 4087 siderandum
678 4030 725 4085 est
753 4043 794 4085 ne
824 4023 900 4106 quid
930 4032 1068 4097 temere,
1099 4046 1139 4086 ne
1170 4024 1247 4107 quid
1275 4022 1456 4086 crudeliter.
1506 4024 1608 4108 quue
1636 4035 1687 4090 eet
1715 4028 1773 4092 viri

406 4119 566 4202 romagni,
589 4118 683 4180 rebus
706 4116 830 4199 agitatis
853 4117 965 4199 punire
987 4127 1112 4192 sontes,
1141 4117 1375 4180 multitudinem
1400 4137 1606 4192 conservare,
1629 4121 1773 4184 inomni

443 4215 570 4277 t‘ortuna
599 4221 684 4275 recta
706 4220 802 4293 atque
826 4212 959 4273 honesta
982 4214 1129 4275 retinere.
1176 4213 1213 4274 Ut
1235 4212 1318 4273 enim
1342 4219 1433 4285 sunt,
1466 4212 1621 4293 quemad
1646 4213 1772 4277 modum

444 4328 540 4390 supra
563 4305 646 4380 dixi,
678 4306 732 4387 qui
755 4305 884 4368 urbanis
906 4305 1000 4368 rebus
1024 4305 1155 4367 bellicas
1178 4314 1387 4387 anteponant,
1416 4306 1462 4367 sic
1484 4308 1623 4389 reperias
1646 4308 1773 4382 multos,

445 4403 558 4485 quibus
589 4401 767 4484 periculosa
798 4408 829 4461 et
859 4398 961 4460 calida
985 4399 1117 4461 consilia
1140 4399 1255 4480 quietis
1279 4406 1310 4460 et
1335 4399 1480 4481 cogitatis
1504 4399 1722 4480 splendidiora
1745 4412 1774 4465 et

445 4496 565 4558 maiora
595 4496 770 4557 videantur.
824 4490 874 4555 83.
905 4495 1085 4575 Numquam
1109 4495 1236 4555 omnino
1261 4495 1393 4576 periculi
1416 4495 1489 4576 fuga
1513 4493 1772 4559 committendum

406 4600 493 4652 esest
516 4598 550 4652 ut
573 4590 705 4652 inbelles
729 4590 894 4670 timidique
916 4587 1095 4661 videamur,
1118 4588 1174 4649 sed
1197 4588 1380 4669 fugiendum
1405 4588 1484 4650 illud
1506 4589 1612 4661 etiam,
1636 4608 1676 4652 ne
1698 4592 1774 4653 olle·

445 4703 550 4747 ramus
579 4704 637 4746 nos
668 4683 817 4766 periculis
845 4683 913 4744 sine
942 4701 1052 4754 causa,
1085 4702 1147 4762 quo
1177 4703 1247 4744 esse
1276 4683 1355 4744 nibil
1379 4691 1483 4765 potest
1506 4682 1644 4744 stultius.
1689 4682 1774 4758 Qua-

445 4785 573 4862 propter
601 4777 632 4839 in
662 4776 813 4838 adeundis
840 4775 988 4859 periculis
1012 4775 1208 4838 consuetudo
1231 4776 1384 4838 imitanda
1406 4776 1599 4839 medicorum
1622 4783 1688 4852 est,
1719 4778 1774 4862 qui

511 5051 536 5099 i.
554 5051 581 5100 in
598 5062 672 5109 rep.
692 5048 710 5097 B
731 5071 757 5083 -
778 5046 956 5107 3.ctiomplus
973 5059 987 5094 o
1006 5070 1031 5080 —
1053 5045 1076 5095 e.
1091 5048 1250 5107 exquirimus
1263 5047 1282 5095 ll
1303 5072 1331 5082 -
1351 5048 1477 5108 ltneque
1494 5060 1576 5096 omo
1595 5073 1621 5083 -
1644 5048 1775 5110 ⁴3.quors

446 5126 570 5189 explendo
587 5126 685 5187 quidem
701 5124 784 5185 moqis
800 5127 834 5171 est
851 5122 996 5170 decernendi
1013 5124 1095 5171 oratio
1113 5138 1188 5184 quom
1205 5124 1347 5172 decertandi
1363 5125 1483 5184 fortitudo
1506 5124 1604 5173 Nonius
1627 5137 1654 5187 p.
1667 5125 1725 5175 285.
1746 5151 1770 5164 ·-

447 5201 487 5252 ll.
506 5201 588 5262 moqis
604 5200 702 5260 quidem
720 5211 734 5246 o
755 5221 780 5233 -
804 5203 838 5246 est
856 5209 938 5246 omo
958 5224 984 5233 -
1011 5200 1050 5246 tr.
1069 5201 1147 5247 enimi
1165 5202 1224 5260 Cp:
1251 5211 1342 5247 omo.
1374 5198 1439 5246 Vide
1457 5198 1490 5247 ed
1509 5210 1535 5261 p.
1546 5199 1603 5257 228,
1616 5199 1657 5248 et.
1680 5226 1708 5236 —
1725 5215 1775 5250 non

445 5277 546 5328 turbari
564 5288 578 5325 o
604 5301 630 5310 -
656 5275 695 5323 t8.
714 5286 758 5322 nec
775 5274 966 5331 tumultuantem
983 5273 1012 5321 de
1028 5276 1111 5335 produ
1128 5276 1237 5323 deiciunt
1254 5274 1352 5323 b'onius
1370 5286 1395 5335 p.
1410 5273 1466 5321 alt.
1485 5300 1518 5309 —
1540 5275 1648 5323 tumultu
1665 5276 1695 5325 de
1712 5289 1726 5326 o
1746 5302 1772 5311 -

446 5355 487 5405 20.
503 5352 632 5414 percipere
648 5347 703 5399 ll²c
726 5374 753 5385 -
777 5349 951 5408 oliqeundoC
974 5375 1006 5383 -
1028 5349 1068 5396 22.
1088 5362 1132 5398 nco
1149 5351 1209 5409 quid
1226 5349 1413 5397 committeret
1438 5374 1463 5383 -
1489 5348 1529 5397 ΞΒ.
1548 5348 1683 5399 nonerunt
1698 5364 1775 5413 opero

446 5429 533 5493 moqni
551 5426 630 5476 enimi
646 5431 669 5473 ct
685 5425 826 5474 crocitantis
842 5429 864 5471 ct
879 5424 1027 5484 prudentior
1043 5439 1108 5485 quoe
1124 5426 1274 5486 consilioque
1289 5425 1387 5487 fidentis
1404 5424 1504 5472 Nonius
1522 5437 1547 5486 p.
1559 5423 1615 5474 l98.
1639 5451 1665 5460 -
1689 5429 1773 5490 moqni

447 5511 471 5556 et
487 5503 579 5554 excelsi
595 5501 675 5550 enimi
691 5512 708 5561 p
728 5525 754 5535 -
776 5499 961 5560 prudentiori}
982 5525 1007 5533 -
1033 5499 1073 5548 bl.
1094 5503 1206 5550 euersuri
1224 5500 1284 5549 ΑἨ
1305 5526 1331 5534 -
1350 5500 1391 5548 it.
1411 5500 1582 5560 anteponendo
1600 5505 1635 5549 est
1652 5513 1667 5550 o
1685 5526 1712 5536 -
1732 5501 1771 5551 29.

447 5587 537 5631 tensare
552 5580 598 5641 flet
614 5588 645 5624 ne
661 5587 685 5624 o.
715 5572 754 5623 Cl.
773 5571 840 5635 §dl
862 5599 888 5607 —
912 5573 1045 5621 crudeliter
1061 5587 1195 5638 superscr.
1214 5589 1233 5623 s.
1254 5575 1371 5635 tsctlicetl
1387 5577 1433 5637 flat
1450 5587 1467 5624 s
1486 5601 1512 5610 -
1531 5577 1619 5637 moqnt
1634 5578 1687 5623 uin·
1703 5577 1772 5626 Aeb

451 5681 478 5692 -
505 5653 546 5702 32.
564 5650 675 5714 urbanis]
692 5650 844 5698 tumentes
873 5674 900 5684 -
931 5653 1085 5709 anteponunt
1110 5663 1124 5698 o
1155 5677 1180 5685 -
1212 5652 1247 5699 ric
1263 5650 1534 5712 repperies--cotidu
1549 5651 1655 5699 corintio
1675 5652 1772 5701 Nonius

448 5745 476 5795 p.
486 5729 544 5779 263.
566 5754 593 5763 -
612 5728 741 5788 repperias
758 5727 819 5783 utt;
842 5727 948 5786 reperies
965 5726 1033 5773 Aba
1054 5750 1080 5759 -
1106 5724 1145 5775 33.
1165 5726 1293 5775 cottidoC
1320 5753 1344 5760 -
1372 5726 1517 5774 concilicet
1533 5726 1621 5787 quictis
1637 5727 1771 5789 etcopito-

448 5805 522 5853 tiontr
539 5803 672 5860 anunm
697 5803 841 5851 concilicet
858 5803 947 5863 quietis
963 5800 1153 5861 capitationibus
1171 5814 1207 5862 op
1233 5826 1259 5836 —
1283 5802 1450 5863 splendidiora
1466 5801 1623 5863 ABIIebp:
1645 5802 1771 5864 splendido

450 5889 480 5935 o;
503 5883 525 5928 ct
540 5879 709 5939 aplcndidioru
727 5890 742 5928 o
759 5904 792 5914 -
808 5877 849 5927 35.
868 5881 895 5924 ut
912 5877 938 5924 in
955 5876 1044 5925 bellicis
1061 5877 1190 5937 timidique
1206 5889 1220 5926 o
1241 5903 1266 5916 -
1287 5878 1349 5926 illud
1365 5878 1441 5926 stium
1457 5876 1590 5926 Ablleb:
1612 5878 1682 5927 istud
1697 5877 1770 5928 ouon

451 5962 480 6011 o;
504 5954 579 6002 ettorn
594 5953 656 6002 iilud
673 5965 688 6003 o
708 5980 735 5990 -·
754 5952 794 6002 37.
813 5952 966 6003 medicorum
981 5953 1106 6003 imitando
1123 5963 1147 6002 o.
