4342 7459
443 1194 505 1261 304
768 1193 1092 1262 TUSCULANARUM
1114 1195 1444 1263 DISPU'l'ATlOllUbl

442 1361 571 1438 propter
586 1361 793 1430 vetustatem,
813 1375 903 1431 eum,
926 1356 981 1439 qni
997 1356 1153 1440 sapientia
1169 1356 1355 1432 excelleret,
1377 1356 1576 1442 Pythagorae
1590 1355 1768 1420 auditorem

444 1449 643 1511 crediderunt
664 1446 773 1511 luisse.

527 1543 565 1604 ll.
587 1544 627 1606 lit
649 1543 688 1605 de
711 1544 891 1607 coniectura
914 1543 1043 1627 quidem
1064 1546 1226 1607 hactenus.
1265 1545 1405 1628 Vestigia
1427 1551 1532 1608 autem
1555 1544 1769 1629 Pythagoreo·

442 1660 512 1702 rum
540 1657 729 1721 quamquam
759 1637 858 1701 multa
885 1637 989 1720 colligi
1010 1645 1158 1721 possunt,
1188 1640 1296 1722 paucis
1318 1648 1424 1703 tamen
1444 1649 1585 1713 utemur,
1618 1640 1769 1723 quoniam

420 1744 508 1795 onon
531 1731 562 1793 id
584 1731 687 1814 agitur
707 1730 769 1796 boc
790 1740 941 1815 tempore.
975 1733 1054 1795 llam
1076 1752 1147 1795 cum
1170 1733 1359 1797 carminibus
1375 1733 1458 1797 soliti
1475 1734 1522 1797 illi
1537 1753 1607 1797 esse
1623 1734 1770 1796 dicantur

443 1836 475 1890 et
504 1834 671 1910 praecepta
699 1825 854 1909 quaedam
883 1824 1035 1888 occultius
1065 1827 1188 1890 tradere
1211 1836 1242 1890 et
1263 1835 1383 1891 mentes
1404 1847 1478 1890 suas
1500 1848 1519 1891 a
1540 1828 1769 1911 cogitationum

442 1922 617 1984 intentione
640 1929 732 1981 cantu
757 1915 935 2003 [idibusque
951 1919 991 1982 ad
1007 1919 1267 2003 tranquillitatem
1281 1920 1462 1996 traducere,
1478 1923 1698 2005 gravissumus
1714 1941 1770 1985 au·

443 2023 511 2078 ctor
532 2015 564 2076 in
586 2013 770 2097 Originibus
792 2013 872 2075 dixit
893 2012 969 2075 Cato
991 2033 1111 2076 morem
1132 2013 1215 2095 apud
1235 2014 1368 2078 maiores
1383 2015 1467 2079 bunc
1482 2015 1645 2099 epularum
1660 2016 1769 2092 fuisse,

442 2118 477 2172 ut
499 2110 647 2192 deinceps
670 2107 724 2190 qui
747 2108 938 2171 accubarent
960 2115 1108 2170 canerent
1129 2108 1168 2170 ad
1191 2107 1298 2170 tibiam
1322 2108 1477 2172 clarorum
1500 2110 1636 2173 virorum
1658 2109 1770 2172 laudes

404 2212 537 2287 toatque
559 2202 707 2265 virtutes:
737 2221 778 2264 ex
804 2221 866 2283 quo
895 2201 1097 2284 perspicuum
1127 2208 1229 2264 estet
1250 2208 1360 2265 cantus
1382 2209 1446 2265 tum
1469 2203 1568 2267 fuisse
1591 2204 1770 2288 descriptos

441 2318 555 2361 vocum
577 2296 663 2360 sonis
686 2303 719 2359 et
739 2295 888 2357 carmina.
931 2290 961 2356 l.
985 2294 1184 2378 Quamquam
1209 2294 1241 2358 id
1265 2295 1393 2379 quidem
1416 2297 1510 2360 etiam
1533 2298 1701 2360 duodecim
1723 2305 1770 2361 ta·

441 2392 534 2454 bulae
565 2390 741 2463 declarant,
773 2387 866 2452 condi
896 2389 958 2451 iam
980 2397 1047 2451 tum
1069 2388 1199 2452 solitum
1221 2408 1291 2452 esse
1314 2410 1457 2465 carmen,
1489 2392 1575 2474 quod
1597 2411 1637 2454 nc
1659 2392 1770 2455 liceret

440 2486 509 2549 fieri
533 2486 572 2548 ad
595 2484 723 2547 alterius
753 2482 916 2557 iniuriam,
945 2482 1014 2565 lege
1036 2487 1218 2545 sanxerunt.
1254 2484 1318 2545 Nec
1341 2503 1415 2546 vero
1441 2479 1518 2547 illud
1541 2506 1605 2547 non
1628 2485 1769 2549 erudito·

441 2601 510 2642 rum
532 2587 708 2660 temporum
731 2585 947 2659 argumentum
971 2584 1033 2651 est,
1057 2576 1140 2659 quod
1165 2585 1196 2639 et
1218 2577 1348 2639 deorum
1372 2578 1588 2661 pulvinaribus
1610 2587 1643 2643 et
1664 2579 1769 2662 epulis

404 2692 432 2738 so
442 2673 679 2755 magistratuum
701 2671 780 2733 fides
803 2671 1004 2751 praecinunt,
1028 2671 1113 2753 quod
1136 2672 1299 2755 proprium
1317 2672 1386 2735 eius
1407 2670 1481 2746 fuit,
1505 2673 1543 2735 de
1558 2692 1621 2756 qua
1642 2673 1768 2758 loquor,

441 2767 637 2849 disciplinae.
671 2765 747 2828 Alibi
771 2765 899 2848 quidem
922 2766 1014 2828 etiarn
1033 2764 1127 2848 Appii
1151 2764 1242 2827 Caeci
1266 2785 1405 2840 carmen,
1428 2765 1512 2847 quod
1536 2767 1627 2829 valde
1650 2768 1769 2831 Panae-

441 2863 504 2925 tius
526 2860 633 2923 laudat
655 2858 790 2942 epistola
812 2858 962 2941 quadam,
992 2878 1074 2942 quae
1099 2864 1146 2921 est
1168 2859 1207 2921 ad
1231 2859 1269 2933 Q.
1292 2860 1505 2934 Tuberonem,
1535 2861 1769 2944 Pythagoreum

440 2958 576 3020 videtur.
609 2954 709 3018 ldulta
731 2952 824 3015 etiam
848 2954 974 3015 suntin
998 2952 1114 3016 nostris
1136 2952 1288 3015 institutis
1304 2949 1396 3015 ducta
1414 2956 1453 3016 ab
1469 2953 1548 3028 illis,
1571 2974 1654 3037 qnae
1678 2974 1769 3038 prae·

441 3056 541 3124 tereo,
563 3069 603 3112 ne
626 3068 678 3122 ea,
700 3067 782 3131 quae
804 3045 983 3130 repperisse
1005 3047 1065 3130 ipsi
1087 3054 1251 3129 putamur,
1274 3047 1401 3110 aliunde
1425 3048 1572 3111 didicisse
1595 3048 1768 3112 videamur.

402 3142 469 3210 ωδ.
494 3144 555 3207 Sed
570 3152 606 3206 ut
620 3143 659 3205 ad
676 3139 871 3223 propositum
888 3141 1125 3215 redecimatio,
1148 3161 1242 3223 quam
1258 3140 1345 3203 brevi
1360 3147 1500 3225 tempore
1516 3149 1596 3225 quot
1611 3150 1643 3206 et
1657 3143 1768 3225 quanti

439 3247 569 3324 potitae,
593 3238 646 3321 qui
669 3244 774 3298 autem
797 3243 938 3298 oratores
962 3234 1151 3297 extiteruntl
1173 3234 1266 3298 lacile
1289 3243 1324 3298 ut
1345 3244 1495 3318 appareat
1516 3242 1643 3299 nostros
1662 3234 1769 3300 omnia

440 3332 592 3415 consequi
614 3331 773 3413 potuisse,
796 3327 888 3389 simul
913 3335 947 3389 ut
968 3328 1050 3391 velle
1073 3329 1263 3410 coepissent.

524 3427 578 3487 lll.
609 3423 670 3487 Sed
694 3424 733 3485 de
756 3422 869 3485 ceteris
892 3421 1004 3483 studiis
1026 3422 1089 3483 alio
1114 3421 1183 3483 loco
1206 3429 1238 3483 et
1260 3420 1416 3496 dicemus,
1446 3423 1473 3485 si
1494 3444 1571 3486 usus
1592 3421 1704 3497 inerit,
1737 3430 1769 3485 et

440 3541 535 3604 saepe
558 3519 706 3581 diximus.
740 3516 919 3598 Sapientiae
943 3516 1081 3578 studium
1104 3525 1194 3578 vetus
1217 3515 1248 3576 id
1272 3513 1401 3599 quidem
1424 3516 1456 3578 in
1479 3517 1612 3591 nostris,
1642 3514 1699 3578 sed
1721 3524 1768 3580 ta-

401 3631 512 3679 umen
534 3621 606 3677 ante
629 3610 728 3674 Laelii
750 3618 883 3672 aetutem
907 3616 938 3670 et
960 3608 1116 3690 Scipionis
1139 3629 1202 3670 non
1223 3609 1349 3691 reperio
1372 3630 1453 3692 quos
1469 3610 1630 3694 appellare
1646 3610 1766 3693 possim

439 3708 643 3771 nominatim:
666 3705 779 3787 quibus
802 3703 1057 3766 adulescentibus
1077 3702 1216 3764 Stoicum
1231 3704 1392 3785 Diogenen
1409 3711 1440 3767 et
1453 3704 1676 3769 Academicum
1693 3706 1767 3769 Car-

439 3803 571 3866 neadem
595 3799 686 3863 video
709 3796 748 3860 ad
772 3805 913 3860 senatum
936 3798 975 3859 ab
991 3793 1236 3859 Atheniensibus
1251 3797 1364 3859 missos
1381 3818 1449 3860 esse
1465 3799 1599 3881 legatos,
1623 3799 1767 3881 quicum

439 3896 484 3959 rei
508 3894 651 3979 publicae
675 3891 793 3953 nullam
815 3911 963 3974 umquam
983 3898 1105 3974 partem
1128 3892 1304 3973 attigissent
1325 3898 1473 3975 essetque
1489 3912 1596 3956 eorum
1611 3894 1692 3957 alter
1708 3892 1767 3977 Cy·

438 4008 583 4060 renaeus,
605 3986 685 4049 alter
701 3984 903 4069 Babylonius,
919 4004 1090 4067 numquam
1106 3984 1245 4068 proiecto
1261 3984 1379 4047 scholis
1394 3994 1502 4048 essent
1516 3988 1643 4051 excitati
1660 4007 1766 4070 neque

401 4083 479 4150 cond
506 4082 587 4144 illud
617 4100 730 4143 munus
759 4081 865 4153 electi,
895 4079 956 4141 nisi
986 4079 1017 4139 in
1047 4079 1236 4162 quibusdam
1267 4078 1463 4161 principibus
1486 4080 1681 4161 temporibus
1703 4080 1767 4143 illis

438 4177 572 4240 fuissent
596 4174 702 4237 studia
732 4172 903 4236 doctrinae.
945 4172 1006 4247 Qui
1035 4193 1107 4235 cum
1135 4181 1239 4236 cetera
1269 4173 1381 4235 litteris
1409 4172 1607 4247 mandarent,
1638 4172 1694 4235 alii
1716 4173 1767 4236 ius

439 4272 549 4344 civile,
572 4269 625 4331 alii
648 4269 807 4331 orationes
830 4288 916 4339 suas,
946 4266 999 4328 alii
1024 4264 1228 4355 monumenta
1250 4266 1417 4340 maiorum,
1440 4267 1519 4329 banc
1541 4266 1767 4349 amplissimam

440 4365 582 4428 omnium
603 4363 734 4436 artium,
757 4359 837 4424 bene
860 4361 986 4425 vivendi
1012 4361 1223 4445 disciplinam,
1246 4362 1309 4422 vita
1327 4362 1426 4443 magis
1442 4366 1536 4446 quam
1558 4361 1672 4424 litteris
1694 4381 1768 4443 per-

504 4627 528 4674 i.
546 4626 621 4687 fuisse
641 4622 835 4672 credideruuto
860 4646 886 4655 -
916 4621 955 4669 tu.
977 4621 1112 4683 descriptos
1134 4623 1152 4670 l.
1172 4622 1198 4671 F.
1218 4621 1363 4671 Gronovius
1386 4620 1428 4682 (ad
1448 4621 1502 4671 Liv.
1520 4621 1575 4682 vlt,
1594 4621 1621 4670 t:
1645 4621 1767 4684 descripto

438 4703 490 4751 torn
506 4701 540 4749 od
557 4699 678 4747 tibicinem
694 4699 793 4755 coetui:
816 4697 948 4757 rescriptos
966 4693 1030 4754 C0;
1053 4698 1203 4759 perscriptos
1220 4694 1339 4746 Woliius.
1367 4697 1515 4760 «Scriptura
1531 4696 1663 4757 rescriptos
1680 4695 1767 4745 vindl-

439 4778 523 4828 cauda
541 4777 701 4837 interpretes
719 4772 813 4821 trustra
832 4785 861 4821 se
878 4773 1025 4830 torserunt,
1045 4784 1106 4820 curn
1126 4771 1256 4821 inauditas
1274 4770 1402 4833 quasdam
1418 4770 1501 4820 verbo
1518 4771 1667 4821 rescribendi
1684 4773 1766 4834 signi-

439 4853 575 4903 ficationes
593 4849 770 4911 adsignarent.
797 4845 857 4896 stibi
876 4846 909 4894 de
927 4844 1026 4895 codicis
1044 4847 1182 4910 archetypi
1200 4846 1289 4895 mendi
1307 4845 1417 4895 dubium
1430 4859 1483 4895 nou
1496 4848 1554 4895 est:
1574 4844 1637 4896 illud
1650 4845 1766 4897 dubitari

438 4933 538 4996 potest,
557 4931 644 4978 utrum
662 4923 834 4976 scribendum
853 4924 886 4972 sit
900 4925 1051 4985 perscriptos
1067 4933 1100 4969 an
1112 4922 1260 4983 descriptus,
1279 4933 1359 4983 quem
1377 4919 1501 4983 equidem
1519 4920 1712 4971 correctionem
1730 4919 1766 4971 illi

437 5003 622 5071 praetulerint,
645 5015 697 5051 non
716 5000 801 5051 solum
819 5000 891 5064 quod
908 4998 1040 5063 aliquanto
1059 4996 1158 5047 facilior
1174 5000 1230 5057 est,
1256 4996 1304 5046 sed
1322 4996 1400 5045 etiam
1419 4995 1490 5058 quod
1508 4994 1636 5045 Wollinnn
1655 4996 1681 5046 ln
1698 4996 1767 5047 sonu

438 5081 463 5142 ti.
482 5093 506 5127 e.
525 5089 652 5126 sonorum
671 5076 752 5129 notis;
776 5077 808 5123 ct.
828 5076 837 5124 1
856 5075 870 5137 S
889 5075 928 5124 ot.
948 5074 981 5123 de
999 5076 1063 5137 liep.
1083 5074 1125 5131 iii,
1144 5072 1167 5134 3)
1191 5072 1325 5121 duriorem
1343 5069 1476 5133 quandum
1496 5068 1578 5119 babet
1594 5068 1764 5121 brevitatem.

437 5154 475 5203 De
493 5152 626 5214 descriptos
642 5151 667 5212 (i.
688 5163 711 5199 e.
731 5151 859 5211 signatos,
878 5162 1034 5213 expressos,
1054 5150 1166 5209 notatos)
1184 5160 1273 5197 cocum
1289 5146 1354 5195 souis
1371 5143 1409 5209 (=
1420 5158 1453 5195 ex
1470 5158 1566 5195 vocum
1584 5145 1664 5207 sonis)
1683 5144 1715 5196 cl.
1729 5145 1765 5197 de

437 5230 516 5291 Legg.
530 5228 562 5276 lll
582 5224 653 5289 fill:
673 5226 816 5285 Descriptus
829 5224 937 5286 populus
952 5238 1040 5284 censu,
1059 5222 1196 5283 ordinibus,
1214 5221 1345 5271 aetatibus.
1365 5219 1398 5269 de
1411 5221 1480 5270 Oret.
1495 5221 1525 5282 ll,
1540 5219 1595 5270 tte.
1615 5220 1717 5269 Verrio.
1731 5220 1763 5282 V,

377 5354 379 5356 ,
436 5305 468 5354 at
493 5301 598 5367 [quibus
619 5303 708 5350 tamen
731 5299 796 5350 locis
812 5300 925 5350 verbum
943 5300 1074 5349 discribere
1091 5301 1177 5364 aptius
1194 5296 1313 5351 videtur:
1339 5294 1398 5344 vide
1417 5294 1451 5344 ad
1469 5295 1483 5359 5
1501 5295 1534 5360 tJ.
1562 5294 1666 5358 iladvig
1683 5294 1698 5358 5
1715 5294 1765 5346 254

437 5394 463 5429 n.
482 5381 505 5428 5.
529 5379 653 5427 Ceterum
672 5375 787 5425 Kiibneri
805 5379 832 5425 et
848 5374 938 5425 Klotzii
956 5389 1036 5425 causa
1054 5375 1105 5424 boc
1123 5386 1232 5430 moneo,
1255 5370 1326 5435 qnod
1344 5369 1385 5421 vel
1404 5384 1436 5420 ex
1454 5372 1498 5430 iis,
1517 5382 1586 5433 quoe
1604 5372 1763 5433 sequuntur,

436 5452 513 5505 tocile
531 5450 689 5514 intelligitur,
708 5452 841 5513 descriptos
856 5464 944 5500 uocum
960 5452 1026 5500 souis
1044 5462 1106 5499 curn
1123 5453 1211 5498 coetus
1228 5445 1373 5508 (melodias)
1391 5447 1493 5494 tantum
1511 5457 1571 5494 esse
1588 5443 1763 5507 iungendum,

437 5543 489 5579 non
507 5529 586 5579 etiam
604 5539 666 5576 com
682 5526 798 5574 corruisse
816 5527 983 5588 (poematalm
1002 5525 1045 5574 W.
1064 5549 1092 5559 -
1113 5524 1152 5572 l‘t.
1171 5527 1205 5571 est
1222 5526 1298 5582 utque
1315 5520 1455 5570 tuberonem
1473 5520 1491 5570 C
1507 5544 1533 5555 —
1549 5520 1765 5583 percuperem

437 5604 457 5655 C
477 5631 504 5640 -
526 5603 564 5653 ⁴8.
583 5602 676 5651 multoe
693 5602 713 5649 G
731 5603 757 5649 et
774 5602 796 5659 (e
808 5601 939 5664 punctata)
958 5602 976 5650 a
997 5626 1022 5635 -
1043 5599 1082 5648 ⁴9.
1101 5600 1235 5661 repperisse
1252 5598 1386 5647 Davisius:
1402 5596 1539 5658 perperisse
1555 5595 1591 5653 C;
1607 5594 1764 5656 peperiueo

439 5704 467 5715 -
484 5676 585 5727 oliuude
603 5677 627 5725 d.
646 5676 777 5725 uideamur
794 5676 819 5725 b.
834 5675 916 5725 lom.
931 5677 965 5735 C;
985 5674 1111 5745 qimi.
1127 5701 1153 5710 -
1171 5675 1212 5723 20.
1231 5674 1388 5734 adpositum
1405 5669 1435 5721 G¹
1451 5697 1476 5706 -
1494 5670 1534 5719 it.
1552 5667 1765 5718 nostrosoltursde

436 5752 550 5802 didicisse
564 5751 698 5801 uideamur
713 5750 798 5799 omnio
815 5751 850 5808 C;
869 5750 903 5801 cl.
922 5763 947 5799 v.
962 5749 1001 5799 ⁴9.
1023 5774 1049 5783 -
1068 5749 1109 5797 Ἠ.
1122 5749 1238 5811 consequi
1249 5746 1300 5797 del.
1315 5746 1384 5796 Bake
1397 5744 1414 5795 l.
1428 5743 1444 5794 l.
1458 5757 1483 5808 p.
1498 5744 1528 5793 ot
1541 5756 1582 5807 sq.
1598 5770 1625 5780 -
1644 5742 1685 5792 26.
1697 5741 1763 5792 llio·

435 5826 552 5888 prsemo
567 5849 593 5862 -
613 5825 859 5877 ueroeuermon
873 5851 900 5862 -
919 5824 960 5875 29.
978 5824 1050 5875 scotis
1066 5824 1116 5874 Gli
1129 5849 1156 5859 -
1176 5823 1216 5873 ³2.
1231 5822 1458 5873 monomouiotiet
1475 5819 1619 5883 (superscr.
1632 5829 1671 5868 rc.
1685 5828 1721 5867 m.
1734 5815 1761 5880 u)

436 5898 470 5960 li;
487 5902 639 5951 monimento
655 5901 684 5951 B.
