4342 7459
475 1251 517 1319 lb
874 1250 1199 1323 amnemcoauu
1219 1251 1402 1319 Pmonnu

470 1435 511 1511 ¹ut
531 1429 573 1494 sit
593 1428 715 1513 aliquid
736 1426 771 1491 in
793 1433 902 1491 nostra
923 1432 1094 1511 potestate,
1122 1426 1157 1490 in
1179 1446 1232 1501 eo,
1255 1423 1311 1509 qui
1333 1423 1380 1487 rei
1401 1421 1481 1486 nulli
1503 1421 1713 1498 adsentietur,
1741 1443 1807 1488 non

475 1524 545 1587 erit.
588 1519 640 1585 39.
662 1522 721 1585 Ubi
752 1522 848 1607 igitur
869 1523 987 1599 virtus,
1016 1522 1043 1586 si
1066 1520 1148 1584 nihil
1169 1522 1264 1584 situm
1286 1526 1334 1583 est
1355 1520 1389 1581 in
1410 1518 1488 1602 ipsis
1509 1517 1627 1581 nobist
1669 1518 1807 1582 Maxime

475 1624 582 1680 autem
604 1616 790 1693 absurdum,
821 1617 898 1681 vitia
927 1617 961 1680 in
982 1618 1124 1700 ipsorum
1146 1634 1217 1678 esse
1239 1620 1396 1697 potestate
1417 1631 1523 1696 neque
1542 1631 1675 1696 peccare
1697 1633 1809 1697 quem·

476 1731 571 1795 quam
593 1710 655 1774 nisi
677 1710 883 1787 adsensione:
915 1711 977 1775 hoo
998 1710 1083 1774 idem
1106 1711 1139 1773 in
1162 1708 1278 1772 virtute
1300 1728 1364 1772 non
1387 1727 1473 1783 esse,
1495 1708 1585 1771 cuius
1608 1708 1711 1771 omnis
1732 1727 1808 1770 con-

451 1805 591 1868 testantia
612 1812 644 1866 et
664 1804 797 1867 firmitas
821 1824 861 1868 ex
883 1804 924 1867 iis
945 1804 1040 1868 rebus
1062 1808 1204 1878 constat,
1232 1804 1349 1887 quibus
1370 1802 1507 1866 adsensa
1528 1810 1578 1865 est
1599 1810 1631 1864 et
1652 1820 1732 1885 quas
1753 1801 1809 1864 ad-

475 1897 622 1981 probavit
631 1916 640 1973 ;
664 1899 859 1983 omninoque
878 1905 951 1963 ante
966 1899 1065 1962 videri
1080 1897 1202 1980 aliquid
1218 1917 1312 1981 quam
1327 1916 1456 1981 egemus
1472 1915 1603 1960 necesse
1618 1903 1681 1969 est,
1704 1896 1808 1977 eique,

476 1992 562 2075 quod
584 1992 687 2056 usum
710 1994 766 2067 sit,
793 1992 998 2057 adsentiatur.
1036 1992 1143 2068 Quare
1166 1991 1222 2076 qui
1243 2002 1299 2057 aut
1320 1993 1423 2056 visum
1444 1997 1501 2055 aut
1521 1991 1692 2055 adsensum
1715 1989 1809 2064 tollit,

475 2086 503 2149 is
526 2106 651 2149 omnem
674 2088 832 2151 actionem
855 2087 938 2151 tollit
960 2109 977 2151 e
999 2088 1072 2151 vita.

558 2180 645 2244 Xlll.
668 2177 720 2243 40.
749 2183 839 2246 Nunc
865 2202 905 2246 ea
931 2181 1111 2258 videamus,
1139 2201 1222 2266 quae
1251 2187 1361 2243 contra
1382 2179 1422 2243 ab
1444 2179 1495 2243 bis
1516 2180 1671 2263 disputari
1693 2181 1807 2244 solent.

438 2292 468 2340 io
476 2274 540 2338 Sed
568 2274 658 2357 prius
686 2277 817 2359 potestis
847 2277 944 2339 totius
974 2295 1085 2338 eorum
1111 2276 1242 2340 rationis
1265 2276 1355 2358 quasi
1376 2274 1581 2338 fundamenta
1604 2293 1806 2357 cognoscere.

477 2370 669 2453 Conponunt
700 2367 796 2451 igitur
829 2370 964 2453 primum
993 2376 1092 2432 artem
1123 2370 1281 2453 quandam
1304 2368 1345 2431 de
1366 2369 1421 2442 iis,
1454 2386 1536 2451 quae
1563 2368 1632 2431 visa
1662 2367 1806 2441 dicimus,

476 2483 650 2547 eorumque
673 2470 705 2525 et
726 2462 790 2526 rim
814 2470 846 2525 et
867 2481 983 2545 genera
1004 2462 1177 2527 deliniunt:
1199 2465 1233 2526 in
1254 2464 1323 2537 bis,
1345 2460 1439 2546 quale
1455 2463 1495 2525 sit
1512 2463 1561 2536 id,
1584 2461 1671 2546 quod
1686 2460 1808 2545 percipi

477 2566 510 2620 et
539 2556 716 2639 conprendi
738 2556 855 2639 possit,
887 2555 1020 2621 totidem
1042 2556 1146 2621 verbis
1169 2565 1246 2640 quot
1268 2558 1377 2620 Stoici.
1420 2556 1544 2619 Deinde
1564 2555 1621 2619 illa
1641 2562 1809 2638 exponunt

477 2652 559 2726 duo,
582 2670 666 2734 quae
689 2650 781 2735 quasi
804 2650 986 2713 contineant
1007 2670 1133 2714 omnem
1154 2651 1237 2714 hanc
1259 2651 1494 2734 quaestionem:
1517 2669 1600 2734 quae
1620 2650 1663 2713 ita
1677 2649 1808 2712 videan-

440 2752 544 2819 sstur,
572 2748 609 2806 ut
636 2744 731 2807 etiam
764 2744 825 2807 alia
847 2744 958 2808 eodem
979 2745 1075 2809 modo
1098 2746 1198 2809 videri
1219 2744 1346 2827 possint
1366 2764 1425 2808 nec
1447 2744 1481 2807 in
1503 2744 1544 2807 iis
1567 2744 1738 2827 quicquam
1759 2744 1808 2805 in·

475 2838 582 2915 tersit,
610 2858 675 2901 non
704 2859 798 2924 posse
820 2859 931 2902 eorum
953 2839 1015 2903 alia
1041 2839 1181 2923 percipi,
1210 2838 1358 2901 alienon
1381 2837 1519 2922 percipi:
1548 2837 1629 2900 nibil
1655 2838 1808 2900 interesse

476 2940 597 3007 autem,
627 2952 692 2995 non
720 2933 816 2995 modo
843 2933 870 2996 si
898 2934 984 2996 omni
1013 2954 1053 2997 ex
1082 2940 1170 3016 parte
1198 2932 1341 2996 eiusdem
1367 2932 1454 2995 modi
1477 2932 1557 3009 sint,
1586 2932 1642 2994 sed
1665 2929 1807 2994 etiamsi

477 3028 613 3091 discerni
642 3047 706 3090 non
736 3027 871 3110 possint
908 3027 1032 3103 Quibus
1061 3028 1173 3111 positis
1199 3027 1295 3091 unius
1316 3027 1493 3109 argumenti
1515 3024 1719 3091 conclusione
1741 3030 1808 3086 tota

476 3122 516 3185 ab
538 3121 588 3185 lais
610 3139 704 3185 causa
719 3122 953 3205 conprenditur.
988 3121 1159 3205 Conposita
1176 3140 1214 3184 ea
1227 3120 1391 3183 conclusio
1406 3120 1452 3184 sic
1466 3130 1531 3184 est:
1555 3121 1701 3194 «Eorum,
1724 3136 1807 3203 quae

439 3215 639 3303 recidentur,
668 3214 732 3279 alia
760 3234 835 3279 vera
862 3221 952 3290 sunt,
978 3213 1041 3279 alia
1060 3214 1184 3279 salsam
1216 3223 1248 3279 et
1271 3214 1512 3299 «quodfalsum
1535 3219 1601 3289 est,
1628 3212 1662 3275 id
1684 3210 1806 3295 percipi

476 3330 543 3374 non
564 3316 684 3393 potest:
707 3308 794 3392 quod
816 3316 922 3373 autem
944 3330 1050 3375 verum
1066 3311 1170 3373 visum
1192 3318 1254 3384 est,
1276 3310 1310 3372 id
1333 3330 1425 3373 omne
1448 3310 1510 3373 tale
1527 3317 1591 3384 est,
1612 3316 1650 3371 ut
1663 3306 1807 3370 eiusdem

476 3406 563 3470 modi
585 3406 680 3468 etiam
701 3402 816 3467 salsum
838 3404 942 3486 possit
962 3402 1095 3468 videris
1131 3405 1171 3467 Et
1195 3422 1297 3487 cquae
1318 3403 1387 3465 visa
1409 3412 1483 3466 sunt
1504 3401 1694 3476 eiusmodi,
1717 3409 1752 3464 ut
1772 3401 1807 3463 in

475 3500 516 3563 iis
540 3498 618 3562 nibil
640 3497 781 3572 intersit,
804 3517 871 3561 non
892 3505 999 3582 potest
1019 3496 1165 3560 accidere
1186 3505 1346 3561 uteorum
1361 3495 1424 3559 alia
1444 3496 1567 3580 percipi
1588 3496 1723 3580 possint,
1743 3494 1807 3558 alia

476 3614 542 3657 nou
564 3591 699 3675 possint.
743 3590 872 3655 Nullum
894 3593 990 3674 igitur
1011 3599 1059 3655 est
1079 3591 1199 3667 visum,
1221 3590 1308 3673 quod
1330 3591 1452 3674 percipi
1474 3591 1604 3674 possiti
1649 3583 1701 3651 44.
1716 3587 1807 3664 Quae

439 3693 583 3753 stantem
606 3691 749 3762 sumunt,
781 3694 817 3748 ut
838 3686 1029 3750 concludant
1049 3686 1098 3774 id,
1126 3685 1215 3770 quod
1238 3683 1366 3758 volunt,
1391 3704 1432 3746 ex
1452 3683 1504 3746 his
1526 3683 1590 3745 duo
1612 3681 1673 3745 sibi
1694 3688 1808 3764 putant

477 3779 627 3845 concedi:
656 3798 762 3863 neque
789 3780 874 3842 enim
904 3779 1071 3864 quisquam
1099 3787 1262 3862 repugnat.
1305 3780 1351 3841 Ea
1378 3785 1451 3841 sunt
1476 3777 1572 3842 baec:
1606 3796 1713 3861 aquae
1740 3778 1808 3839 viss

476 3873 557 3938 t'alsa
585 3875 664 3950 sint,
694 3895 732 3939 ea
758 3875 882 3959 percipi
904 3894 967 3939 non
994 3894 1135 3957 possem
1168 3882 1201 3936 et
1222 3873 1371 3937 alterum:
1406 3873 1513 3936 ointer
1534 3890 1617 3956 quae
1638 3871 1707 3934 visa
1727 3868 1806 3932 nibil

475 3969 616 4045 intersit,
647 3989 688 4035 ex
715 3968 756 4032 iis
777 3987 841 4031 non
869 3989 963 4052 posse
991 3967 1052 4031 alia
1073 3967 1149 4031 talia
1172 3987 1259 4042 esse,
1289 3972 1326 4029 ut
1348 3966 1468 4050 percipi
1490 3966 1630 4050 possint,
1661 3964 1740 4039 alia,
1772 3970 1807 4027 ut

476 4084 542 4127 non
563 4064 704 4147 possint:
725 4061 850 4146 reliqua
870 4081 945 4126 vero
967 4062 1066 4125 multa
1088 4070 1121 4126 et
1142 4062 1228 4126 varia
1249 4060 1394 4124 oratione
1417 4059 1606 4134 detendunt,
1629 4063 1808 4141 quaesunt

438 4158 553 4223 etitem
575 4159 654 4234 duo,
684 4177 801 4221 unum:
832 4176 937 4242 oquae
967 4157 1151 4232 videantur,
1180 4175 1287 4220 eorum
1311 4154 1374 4217 alia
1395 4174 1470 4218 vera
1491 4174 1577 4228 esse,
1598 4150 1663 4216 alia
1682 4150 1802 4216 ialmzs

475 4253 626 4317 alterum:
658 4272 770 4316 somne
791 4251 910 4326 visum,
932 4249 1020 4334 quod
1042 4251 1083 4313 sit
1104 4269 1123 4312 a
1144 4269 1234 4325 vero,
1256 4248 1319 4312 tale
1341 4268 1429 4325 esse,
1451 4246 1546 4333 quale
1568 4247 1663 4311 etiam
1684 4268 1704 4312 a
1724 4247 1804 4311 falso

475 4347 577 4431 possit
598 4366 697 4410 essen
735 4340 786 4408 42.
807 4344 895 4408 llaec
917 4344 980 4407 duo
1003 4344 1168 4427 proposita
1182 4364 1246 4407 non
1260 4343 1508 4426 praetervolant,
1531 4342 1587 4407 sed
1603 4344 1647 4406 ita
1662 4342 1804 4416 dilatant,

475 4446 514 4504 ut
539 4461 603 4505 non
631 4440 821 4504 mediocrem
851 4458 959 4502 curam
984 4438 1158 4502 adhibeant
1183 4447 1214 4504 et
1242 4437 1447 4520 diligentiam.
1490 4436 1645 4501 Dividunt
1666 4434 1750 4500 enim
1771 4435 1805 4497 in

475 4544 598 4618 partes,
625 4542 657 4597 et
677 4552 731 4596 eas
756 4534 885 4617 quidem
908 4552 1052 4615 magnas:
1083 4533 1219 4615 primum
1241 4533 1274 4596 in
1298 4553 1426 4609 sensus,
1449 4532 1565 4596 deinde
1587 4533 1621 4595 in
1643 4550 1700 4606 ea,
1722 4548 1805 4615 quae

438 4629 638 4694 abducuntur
664 4647 682 4691 a
708 4628 856 4692 sensibus
886 4636 918 4690 et
938 4627 978 4691 ab
1001 4629 1088 4691 omni
1110 4628 1354 4705 consuetudine,
1384 4648 1479 4714 quam
1501 4628 1663 4692 obscurari
1684 4627 1806 4692 volunt.

476 4724 557 4786 Tum
588 4722 779 4806 perveniunt
810 4721 850 4784 ad
877 4742 947 4786 eam
975 4731 1113 4804 partem,
1148 4730 1183 4786 ut
1213 4743 1254 4787 ne
1276 4724 1399 4787 ratione
1421 4722 1552 4808 quidem
1573 4731 1605 4785 et
1626 4720 1807 4785 coniectura

477 4817 614 4881 uliares
635 4816 759 4900 percipi
779 4815 890 4900 possit.
925 4816 1012 4881 Haec
1033 4825 1140 4881 autem
1162 4817 1310 4882 universa
1331 4818 1505 4882 concidunt
1527 4817 1621 4881 etiam
1642 4815 1806 4881 minutius.

779 4996 963 5004 -ι-α--ι--α-
1210 4999 1252 5007 .-

541 5133 1003 5196 t.rsv-5.tcs,bti13v-
1022 5135 1517 5199 coemit—adprobabitw-
1537 5137 1561 5186 7.
1580 5129 1804 5187 maeuiiiLsmb.

476 5212 557 5273 coni,
583 5211 751 5260 motionis
771 5209 880 5271 Davies,
905 5208 972 5260 alter
989 5211 1014 5260 in
1032 5213 1132 5261 mutata
1154 5214 1299 5274 structura,
1326 5210 1393 5261 alter
1409 5212 1436 5261 in
1460 5213 1591 5274 potestate
1608 5212 1713 5276 passive
1729 5206 1806 5261 verbi

476 5285 607 5346 offensus;
631 5289 659 5334 at
674 5299 699 5334 v.
718 5284 830 5347 Madvig.
850 5286 873 5344 1,
896 5296 922 5347 p.
944 5285 986 5335 434
1007 5298 1049 5349 sq.
1071 5314 1098 5325 -
1122 5287 1147 5338 8.
1165 5287 1203 5336 liis
1218 5284 1250 5338 ΑΙ
1268 5314 1295 5324 -
1319 5288 1343 5337 9.
1362 5287 1394 5337 ob
1419 5288 1450 5336 iis
1465 5287 1569 5337 Ernesti
1587 5311 1615 5323 -
1640 5288 1680 5336 40.
1695 5284 1804 5350 potestis]

476 5360 536 5411 lort.
555 5359 675 5423 oportebit
691 5357 733 5409 vel
750 5372 813 5422 opu:
828 5360 876 5409 erit
892 5386 925 5397 -
940 5360 1050 5412 rationes
1066 5358 1138 5412 B¹V¹
1151 5387 1178 5399 ·-
1198 5363 1240 5413 44.
1258 5364 1288 5413 de
1304 5363 1335 5412 ii:
1350 5363 1494 5414 Manutius:
1514 5363 1543 5412 de
1559 5362 1627 5412 bisc
1641 5389 1669 5401 -
1688 5363 1727 5411 tt.
1744 5373 1805 5424 per·

474 5435 553 5497 cipiet
568 5435 703 5497 conprendi
719 5433 748 5485 B¹
767 5461 795 5472 -
813 5434 854 5485 43.
872 5435 939 5498 quod
955 5432 1055 5486 ati¹v¹
1073 5463 1101 5473 -
1120 5436 1161 5489 44.
1179 5442 1326 5488 conteneant
1341 5440 1372 5489 ΔΙ
1391 5463 1419 5474 -·
1443 5439 1483 5488 45.
1503 5438 1557 5487 otio
1572 5438 1653 5487 muita
1669 5436 1713 5487 ed.
1731 5436 1802 5486 Crat.

478 5534 506 5549 -
524 5510 552 5559 is
567 5510 605 5559 bis
621 5510 672 5560 CO
691 5536 718 5545 —
738 5509 778 5559 46.
796 5522 846 5559 ooo
859 5522 932 5573 posse
947 5510 1092 5562 Manutius:
1108 5526 1181 5575 posse
1197 5511 1301 5574 A¹VG3
1319 5527 1369 5564 non
1386 5524 1469 5563 mones
1482 5525 1555 5575 posse
1571 5511 1658 5563 BA²E
1671 5535 1698 5547 -
1718 5511 1805 5561 ilem

475 5585 543 5635 omui
559 5598 576 5634 v
594 5610 622 5621 -
642 5584 683 5634 49.
701 5584 829 5646 manento
845 5590 930 5635 ouum
944 5598 977 5636 eo
993 5586 1043 5637 ΑΒ
1062 5614 1090 5626 ·-
1114 5589 1156 5639 20.
1174 5594 1198 5639 et
1213 5588 1256 5638 hic
1273 5591 1342 5640 etv.
1360 5588 1392 5639 22
1409 5586 1443 5638 ab
1461 5589 1518 5653 ipse
1535 5586 1705 5638 conclusione
1722 5586 1806 5637 inter·

475 5661 618 5724 punctione
636 5660 809 5711 seiuuxlmus.
823 5684 853 5698 -
866 5660 908 5709 44.
924 5660 1018 5723 sobius
1033 5662 1110 5712 stium
1120 5663 1166 5713 ΑΒ
1180 5687 1208 5700 -
1225 5666 1283 5712 suot
1298 5675 1325 5712 r:
1344 5662 1393 5711 sint
1410 5661 1458 5712 CO
1470 5688 1498 5700 -
1517 5661 1558 5714 2³.
1576 5662 1608 5711 iis
1619 5657 1698 5712 V¹A²z
1716 5662 1764 5711 itis
1774 5658 1805 5712 Αι

475 5731 517 5795 ν’,
535 5733 628 5785 tono
642 5760 669 5771 -
687 5736 922 5798 potesttiaautius:
938 5737 1070 5799 possoCO
1084 5764 1112 5775 -
1129 5737 1217 5790 bisc
1232 5738 1301 5788 bisc
1316 5762 1343 5774 -
1362 5737 1416 5787 cita
1432 5742 1479 5789 oet
1493 5732 1655 5789 sosBV²-
1674 5736 1807 5788 tonsos

475 5820 562 5860 eom
578 5823 645 5875 pace
660 5806 731 5863 ΑΨ
748 5838 777 5848 -
800 5826 887 5863 conen
902 5812 929 5862 in
946 5813 996 5863 ΑΒ
1014 5826 1122 5865 erasum
1140 5816 1190 5865 est.
1210 5837 1238 5850 -
1264 5813 1305 5864 34.
1323 5814 1454 5865 sinuoso
1470 5812 1502 5865 V*
1520 5837 1547 5849 ·-
1567 5810 1607 5862 tl.
1623 5816 1710 5874 portes
1725 5810 1807 5861 mv

478 5908 506 5921 —
525 5884 567 5936 36.
584 5887 703 5938 westie
717 5886 780 5937 ΒΨ
799 5912 826 5925 -
845 5898 911 5949 goos
926 5885 1061 5938 obscum
1074 5887 1162 5941 celest
1178 5889 1248 5943 cont.
1260 5890 1366 5954 Davies,
1384 5903 1462 5954 qm
1477 5888 1604 5943 mmcd
1620 5887 1708 5938 edem
1718 5885 1808 5940 christ

480 5957 1134 6017 —36.o:sosanossv¹-et.imsmcv¹.
