4342 7459
442 1222 505 1288 848
941 1222 995 1285 DE
1017 1222 1070 1285 RE
1091 1220 1262 1285 eunucu

441 1384 558 1458 locum,
580 1401 673 1467 quem
697 1381 786 1445 vides
808 1414 849 1429 -
871 1388 940 1446 erat
960 1388 1065 1445 autem
1085 1380 1115 1444 is
1137 1380 1392 1465 splendidissimo
1415 1381 1552 1446 candore
1574 1384 1660 1449 inter
1681 1387 1774 1453 dam-

441 1498 508 1542 mas
530 1478 633 1540 circus
655 1476 784 1539 elucens
806 1509 863 1550 -,
885 1494 979 1560 quem
1002 1494 1070 1550 vos,
1092 1483 1127 1538 ut
1148 1493 1168 1539 a
1189 1476 1279 1539 Grais
1301 1475 1477 1558 accepistis,
1499 1476 1610 1541 orbem
1631 1478 1772 1548 lacteum

440 1570 647 1652 nuncupatis:
677 1590 718 1633 ex
740 1589 804 1653 quo
833 1569 940 1632 omnia
962 1569 1039 1632 mibi
1061 1569 1287 1652 contemplanti
1308 1569 1471 1651 praeclara
1493 1579 1600 1635 cetera
1619 1581 1654 1636 et
1674 1575 1773 1640 mira·

438 1665 516 1728 bilia
536 1664 736 1727 videbantur.
778 1664 878 1727 Erant
898 1671 1005 1726 autem
1027 1683 1084 1727 eae
1108 1663 1230 1737 stellae,
1253 1682 1332 1747 quas
1355 1683 1529 1747 numquam
1551 1684 1594 1728 ex
1614 1666 1678 1732 boc
1698 1667 1772 1733 loeo

338 1754 348 1779 l
417 1759 594 1834 evidimus,
622 1767 654 1823 et
682 1778 738 1821 eae
766 1756 1001 1840 magnitudines
1030 1757 1189 1831 omnium,
1220 1775 1297 1839 quas
1326 1776 1396 1819 esse
1422 1758 1595 1843 numquam
1617 1762 1772 1844 suspicati

440 1873 565 1927 sumus,
594 1873 635 1916 ex
657 1852 774 1935 quibus
801 1857 867 1914 erat
894 1870 931 1914 ea
952 1850 1098 1923 minima,
1115 1869 1209 1932 quae
1230 1848 1341 1912 ultima
1363 1868 1382 1913 a
1404 1850 1508 1926 caelo,
1539 1852 1645 1917 citima
1667 1858 1772 1930 terris,

440 1947 511 2010 luce
538 1946 664 2010 lucebat
690 1945 802 2009 aliena.
853 1944 1021 2007 Stellarum
1043 1951 1148 2005 autem
1171 1942 1257 2025 globi
1279 1950 1382 2005 terrae
1403 1944 1654 2027 magnitudinem
1675 1947 1772 2013 facile

439 2040 617 2104 vincebant.
645 2040 710 2102 lam
733 2039 801 2121 ipsa
823 2046 907 2100 terra
928 2038 972 2100 ita
994 2036 1070 2099 mibi
1096 2055 1191 2119 parva
1213 2035 1282 2098 visa
1304 2044 1361 2111 est,
1383 2044 1421 2099 ut
1440 2056 1492 2100 me
1513 2038 1639 2122 imperii
1656 2043 1771 2117 nostri,

438 2154 504 2218 ,quo
526 2132 617 2216 quasi
641 2140 791 2215 punctum
814 2131 884 2194 eius
905 2130 1108 2211 attingimus,
1131 2129 1317 2212 paeniteret.

403 2242 431 2287 eo
524 2227 623 2290 XVll.
647 2222 723 2307 (lv.)
752 2220 803 2287 li.
825 2226 928 2301 Quam
952 2244 1021 2286 cum
1044 2224 1145 2306 magis
1166 2224 1324 2286 intuererz
1355 2224 1499 2300 Quaeso,
1520 2226 1628 2309 inquit
1648 2226 1772 2293 affim-

439 2341 516 2394 nus,
549 2338 718 2403 quousque
746 2317 835 2382 bnmi
865 2315 968 2380 delira
996 2326 1050 2380 tua
1081 2335 1171 2379 meus
1199 2318 1280 2380 eritl
1329 2319 1440 2381 Nonne
1469 2320 1586 2401 aspicis
1619 2341 1704 2405 quae
1737 2323 1771 2386 ia

439 2413 559 2495 templa
583 2412 735 2475 veneris?
784 2413 905 2481 Nouem
937 2411 995 2474 tibi
1028 2410 1158 2473 orbibus
1191 2410 1241 2473 vel
1276 2411 1383 2493 potius
1412 2412 1516 2494 globis
1545 2433 1669 2480 conexa
1695 2422 1772 2480 sunt

438 2507 554 2581 omnia,
576 2525 712 2588 quorum
734 2525 817 2569 unns
840 2514 889 2568 est
910 2504 1065 2578 caelestis,
1089 2505 1236 2580 extimus,
1259 2505 1315 2586 qui
1338 2504 1478 2589 reliquos
1499 2526 1610 2573 omnes
1631 2512 1772 2594 comple·

440 2601 551 2673 ctitur,
573 2619 715 2661 summus
737 2600 805 2682 ipse
828 2599 923 2673 deus,
945 2618 1056 2662 arcens
1078 2608 1111 2663 et
1132 2602 1298 2665 continens
1321 2611 1459 2677 ceteros,
1483 2604 1602 2688 inquo
1624 2611 1702 2668 sunt
1721 2606 1771 2669 in·

400 2690 495 2758 refixi
517 2692 579 2766 illi,
608 2692 664 2774 qui
685 2692 873 2766 volvuntur,
903 2692 1063 2757 stellarum
1095 2713 1206 2757 cursus
1228 2695 1433 2778 sempiterni:
1466 2698 1518 2760 cui
1539 2698 1674 2763 subiecti
1695 2707 1772 2763 sunt

438 2795 578 2872 septem,
607 2786 663 2869 qui
691 2793 858 2849 versantur
885 2794 970 2849 retro
992 2789 1152 2851 contrario
1174 2796 1263 2852 motu
1286 2798 1384 2872 atque
1405 2790 1539 2853 caelum.
1581 2792 1630 2855 Ex
1651 2794 1770 2876 quibus

439 2902 537 2946 unum
558 2880 686 2964 globum
708 2881 851 2964 possidet
873 2882 939 2955 illa,
962 2901 1057 2966 quam
1078 2884 1111 2945 in
1134 2883 1226 2947 terris
1242 2883 1420 2947 Saturniam
1436 2885 1610 2949 nominant.
1645 2886 1770 2951 Deinde

438 2985 488 3039 est
509 2976 671 3038 bominum
694 2977 802 3057 generi
824 2994 991 3060 prosperus
1014 2984 1046 3039 et
1067 2977 1214 3040 salutaris
1236 2975 1290 3040 ille
1312 2976 1433 3059 iulgor,
1455 2979 1510 3061 qui
1533 2979 1651 3043 dicitur
1670 2980 1770 3045 lovis:

438 3079 506 3133 tum
533 3069 648 3132 rutilus
673 3069 898 3153 horribilisque
928 3070 1038 3143 terris,
1068 3090 1164 3153 quem
1186 3072 1333 3133 Martium
1363 3070 1484 3135 dicitis:
1518 3073 1634 3137 deinde
1662 3075 1772 3139 subter

399 3163 575 3227 eomediam
596 3163 663 3226 iere
684 3163 846 3245 regionem
870 3164 923 3228 Sol
946 3164 1085 3247 optinet,
1108 3164 1174 3226 dux
1196 3172 1227 3226 et
1249 3164 1397 3248 princeps
1420 3172 1452 3227 et
1473 3166 1656 3231 moderator
1677 3168 1771 3232 lumi·

438 3278 514 3321 num
537 3257 745 3340 reliquorum,
767 3277 855 3319 mens
878 3258 988 3320 mundi
1010 3265 1042 3320 et
1062 3257 1259 3340 temperatio,
1281 3264 1368 3320 tanta
1390 3260 1621 3341 magnitudine,
1640 3269 1678 3326 ut
1691 3282 1771 3326 eun·

439 3360 488 3416 cta
509 3371 568 3414 sua
589 3350 661 3414 luce
683 3351 795 3413 lustret
817 3360 848 3412 et
870 3351 1034 3434 compleat.
1066 3351 1158 3414 Hunc
1179 3358 1216 3414 ut
1237 3351 1368 3413 comites
1383 3362 1621 3436 consequuntur
1635 3356 1771 3420 Veneris

438 3447 528 3519 alter,
551 3444 631 3508 alter
653 3444 800 3507 Mercurii
824 3464 946 3517 cursus,
968 3446 1000 3506 in
1024 3442 1196 3527 infimoque
1219 3444 1296 3507 orbe
1311 3444 1400 3507 Luna
1422 3446 1520 3509 radiis
1543 3448 1620 3511 solis
1634 3468 1768 3514 accense

439 3539 646 3602 convertitur.
690 3537 773 3600 lnt‘ra
795 3547 901 3601 autem
923 3540 985 3600 iam
1007 3539 1087 3601 nibil
1110 3549 1158 3601 est
1180 3540 1242 3601 nisi
1265 3538 1396 3602 mortale
1418 3548 1450 3602 et
1472 3540 1624 3607 caducum
1644 3551 1771 3625 praeter

403 3637 560 3697 mauimos
589 3651 719 3695 munere
746 3630 877 3694 deorum
898 3630 1063 3695 bominum
1085 3633 1194 3714 generi
1218 3631 1325 3705 datos,
1356 3651 1454 3715 supra
1475 3634 1597 3697 Lunam
1618 3645 1695 3701 sunt
1715 3655 1768 3701 ae-

437 3736 528 3790 terna
550 3726 671 3790 omnia:
701 3744 773 3787 narn
796 3743 850 3799 ea,
872 3744 954 3807 quae
977 3734 1026 3788 est
1046 3727 1149 3789 media
1173 3734 1205 3789 et
1227 3745 1325 3799 nona,
1348 3726 1473 3801 Tellus,
1495 3746 1600 3810 neque
1622 3736 1769 3795 movetur

438 3829 470 3884 et
491 3817 598 3883 infima
620 3829 669 3884 est
690 3818 776 3882 etin
799 3837 867 3880 earn
889 3818 1034 3881 teruntur
1056 3821 1162 3882 omnia
1186 3826 1265 3882 nutu
1287 3838 1346 3881 suo
1368 3819 1521 3901 pondera.

523 3914 636 3977 xvltl.
669 3909 726 3994 (V.)
758 3908 808 3973 t8.
838 3911 927 3986 Quae
956 3932 1026 3974 cum
1055 3913 1198 3976 intuerer
1218 3920 1367 3995 stupens,
1393 3921 1428 3976 ut
1449 3933 1499 3976 me
1520 3916 1647 3999 recepi:
1681 3916 1767 3994 Quid

436 4008 514 4071 biol
546 4007 696 4090 inquam,
728 4006 802 4089 quis
832 4013 881 4068 est
909 4004 964 4089 qui
994 4006 1133 4090 complet
1158 4024 1252 4069 aures
1282 4024 1368 4069 meas
1397 4014 1502 4070 tantus
1524 4015 1558 4072 et
1578 4016 1643 4072 tam
1667 4009 1767 4075 dulcis

398 4106 558 4166 tosonusl
601 4101 661 4163 Hic
683 4108 746 4175 est,
774 4100 896 4183 inquit,
924 4099 996 4173 ille,
1024 4101 1079 4184 qui
1103 4100 1276 4163 intervallis
1299 4100 1474 4163 disiunctus
1494 4102 1680 4184 inparibus,
1710 4105 1766 4168 sed

437 4206 541 4261 tamen
565 4216 623 4279 pro
645 4203 713 4257 rata
735 4202 823 4277 parte
845 4195 966 4257 ratione
989 4192 1147 4256 distinctis
1170 4193 1298 4276 inpulsu
1321 4202 1354 4256 et
1375 4204 1459 4258 motu
1482 4195 1624 4278 ipsorum
1641 4198 1765 4260 orbium

438 4289 573 4354 efficitur
596 4297 627 4352 et
648 4296 738 4352 acuta
760 4309 830 4351 curn
852 4285 1001 4370 gravibus
1023 4295 1202 4372 temperans
1232 4290 1336 4351 varios
1362 4289 1571 4372 aequabiliter
1593 4302 1766 4355 concentus

516 4508 538 4554 t.
557 4510 664 4554 erut-·
683 4503 833 4553 uidebuntur
854 4504 933 4553 blacr.
952 4501 1061 4564 1,t,5
1088 4528 1114 4538 -
1148 4504 1172 4551 3.
1192 4504 1273 4552 circus
1289 4503 1372 4552 lucens
1389 4506 1416 4564 Ρ,
1444 4502 1667 4554 circulueetuceue
1687 4503 1764 4555 codd.

437 4578 556 4645 plerique
575 4581 666 4639 Mace,
684 4579 780 4628 etueeeu
795 4579 877 4628 circus
894 4579 914 4627 0
941 4603 967 4613 -
995 4580 1067 4640 grets
1084 4579 1118 4627 C:
1139 4578 1226 4628 Gratis
1242 4580 1262 4628 0
1290 4604 1317 4613 -
1344 4578 1368 4628 3.
1386 4581 1549 4639 uuummoats‘e
1566 4576 1596 4628 u¹
1614 4606 1649 4618 -
1668 4594 1701 4630 ece
1717 4594 1765 4643 qao

437 4679 477 4691 --
494 4654 626 4702 elucebunt
643 4655 712 4716 (v.8)
732 4656 811 4704 llaec.
841 4681 868 4689 -
895 4654 956 4702 mitt
973 4655 1057 4702 munta
1075 4654 1155 4702 blacr.
1184 4678 1210 4688 —
1239 4660 1321 4703 cetero
1339 4654 1358 4704 lt
1375 4667 1435 4717 sup.
1449 4652 1494 4703 lin.
1514 4678 1544 4690 -
1563 4658 1587 4704 et
1603 4654 1623 4703 T
1640 4666 1701 4720 sup.
1720 4654 1762 4706 lin.

439 4754 466 4765 -
486 4728 509 4778 l.
530 4731 556 4777 et
574 4730 597 4777 5.
617 4741 661 4777 eoe
678 4730 759 4778 FPlt:
783 4728 843 4778 beas
860 4730 899 4788 bl,
920 4728 967 4778 bue
985 4728 1029 4777 ET
1055 4752 1082 4762 —
1111 4728 1135 4776 6.
1154 4741 1188 4777 ecc
1205 4729 1293 4790 qulbus
1310 4754 1349 4767 ·-
1366 4730 1450 4780 ulieuu
1472 4731 1556 4780 Prisc.
1574 4730 1622 4788 lli,
1641 4729 1667 4790 i,
1685 4731 1717 4780 22
1735 4757 1763 4768 -

435 4815 467 4852 eo
484 4805 501 4851 F
518 4801 570 4851 sl.
590 4804 659 4862 m.t,
683 4818 713 4853 eo
730 4807 820 4853 croti>
849 4830 875 4840 -
901 4805 1022 4865 proxim
1038 4804 1148 4852 terrisT
1174 4829 1201 4838 -
1228 4803 1252 4854 Ἰ,
1271 4804 1401 4854 stellarum
1417 4831 1457 4841 -·
1473 4804 1606 4855 elucebunt
1626 4817 1681 4855 om.
1699 4808 1717 4856 Ρ
1735 4831 1763 4842 -

435 4877 460 4926 8.
479 4876 593 4925 elucebat
610 4878 628 4925 E
646 4904 678 4914 -
694 4881 748 4927 tom
764 4892 824 4928 uero
841 4879 896 4941 ipsu
913 4884 982 4927 terro
998 4879 1106 4927 itamibi
1119 4881 1316 4941 utsopuruoest
1334 4882 1352 4929 F
1373 4907 1396 4916 -
1415 4893 1500 4943 pomo
1511 4880 1573 4928 mibi
1585 4881 1641 4928 uisu
1659 4878 1763 4930 doodd.

434 4953 499 5001 lanii
526 4977 552 4987 -
581 4953 620 5001 ltl.
639 4954 721 5015 magle
737 4955 829 5002 cumT
850 4980 875 4989 -
904 4955 944 5003 tt.
962 4960 1092 5003 menalus
1108 4955 1133 5004 M
1153 4980 1179 4990 -
1198 4970 1278 5006 uouue
1295 4956 1365 5006 uides
1383 4958 1412 5006 1³¹
1434 4984 1457 4994 -
1480 4969 1545 5018 quoe
1560 4956 1765 5017 coutmleuen't

434 5027 453 5077 F
471 5040 541 5077 corr.
559 5040 618 5090 sup.
637 5026 680 5077 lin.
700 5042 736 5077 m.
756 5029 915 5087 recentiore,
933 5030 959 5076 lu
977 5042 1040 5090 quoe
1057 5034 1074 5078 t.
1094 5044 1119 5079 u.
1140 5030 1158 5078 lt
1180 5057 1204 5064 -
1227 5032 1266 5080 lt.
1285 5032 1551 5093 Nouem--poedero
1567 5032 1666 5095 (um
1684 5034 1762 5083 blecr.

434 5104 454 5162 i,
474 5104 514 5162 tt,
532 5104 547 5152 t
565 5114 626 5165 sqq.
646 5127 672 5136 -
692 5103 843 5151 cennaco
871 5129 898 5138 -
927 5103 965 5152 ⁴3.
984 5105 1095 5152 caelestis
1111 5109 1146 5152 est
1163 5105 1189 5161 F,
1208 5110 1243 5154 eat
1261 5108 1346 5155 omli
1367 5134 1392 5143 -
1412 5106 1564 5156 eutumusii
1585 5133 1612 5143 -
1638 5107 1679 5158 tt.
1696 5121 1764 5157 esea-

433 5191 490 5228 mus
507 5180 592 5228 oml’
619 5204 645 5214 -
674 5178 844 5239 tantillitas.
864 5181 892 5238 u,
911 5179 955 5239 inf.
974 5186 1030 5228 suet
1047 5180 1120 5228 illio
1152 5206 1176 5215 -
1205 5181 1388 5244 localitate
1411 5184 1489 5232 Mser.
1519 5208 1546 5217 -
1572 5183 1762 5248 assumptio.

434 5254 499 5302 llet
517 5252 533 5301 F
551 5251 607 5314 (sed
626 5252 668 5301 bie
686 5265 725 5315 pr.
739 5253 830 5314 meu),
849 5255 1001 5312 omltPT,
1027 5254 1074 5304 sed
1093 5254 1181 5303 firmat
1198 5256 1277 5305 etiam
1297 5257 1377 5305 bicor.
1404 5283 1436 5292 -
1466 5257 1504 5306 t6.
1524 5255 1602 5320 retro]
1618 5269 1682 5305 roro
1699 5259 1717 5308 Ρ
1735 5280 1761 5293 -

434 5329 475 5379 ll.
493 5329 620 5377 meanti*
642 5355 675 5365 -
700 5329 962 5378 ectum-satutare
980 5332 1060 5379 Prisc.
1075 5328 1198 5390 v1,7,3t
1227 5356 1254 5366 -
1281 5332 1322 5381 il.
1342 5333 1462 5392 teperutio
1480 5334 1508 5389 a,
1527 5334 1682 5394 temporucio
1698 5335 1717 5383 T
1733 5356 1760 5369 -

433 5409 475 5456 22.
494 5409 661 5469 consequntur
678 5404 734 5461 ΡΤ,
758 5410 938 5464 cousequenter
955 5406 1019 5462 ΕΜ,
1044 5408 1254 5467 consequentes?
1280 5430 1307 5441 ·-
1339 5407 1404 5455 ulter
1418 5407 1551 5456 ueuerlsf
1583 5433 1610 5442 —
1640 5408 1682 5456 23.
1700 5408 1763 5457 ulter

435 5485 504 5542 (ente
516 5482 603 5542 litere.)
621 5480 640 5529 Τ
658 5491 717 5542 sup.
731 5476 775 5527 lin.
797 5504 822 5513 -
842 5480 869 5527 tn
885 5491 938 5529 om.
953 5480 981 5540 0,
1000 5479 1072 5541 quod
1092 5481 1172 5530 Mser.
1191 5493 1298 5543 quoque
1317 5480 1394 5531 codd.
1410 5480 1516 5531 tirmant
1534 5510 1561 5518 -
1581 5481 1623 5533 tl.
1635 5484 1762 5545 tumleon

433 5558 513 5607 blacr.
538 5582 562 5591 -
582 5560 617 5603 est
633 5554 720 5603 om.E
746 5581 773 5591 -
798 5555 839 5604 26.
858 5555 885 5603 iu
901 5569 932 5605 eo
950 5557 968 5604 P
988 5581 1012 5590 -
1034 5557 1074 5605 at.
1093 5558 1237 5617 reseruntur
1254 5555 1332 5606 codd.
1352 5555 1471 5621 plerique
1489 5558 1570 5606 blecr.
1592 5580 1619 5593 -
1639 5558 1681 5608 28.
1699 5560 1763 5621 Quid

432 5656 473 5669 ·-
490 5633 571 5681 locum
588 5631 622 5693 (ρ.
633 5627 689 5685 839,
703 5629 728 5690 9)
746 5631 825 5679 blacr.
841 5630 870 5688 ll,
885 5632 908 5687 t,
922 5631 949 5686 ῖς
974 5630 1007 5680 ct.
1027 5632 1107 5681 etiam
1126 5633 1156 5689 ll,
1170 5633 1194 5688 2,
1208 5632 1235 5679 it
1252 5635 1279 5681 et
1291 5632 1314 5691 3,
1329 5632 1410 5694 55⁴²·
1426 5633 1464 5682 te.
1490 5656 1517 5667 ·-
1541 5632 1603 5694 quid
1621 5633 1759 5684 EFthT:

433 5708 489 5769 quis
506 5706 562 5761 no,
582 5705 666 5766 Qutd?
682 5705 737 5765 llic,
755 5708 861 5766 inquom
877 5705 922 5754 lan
943 5731 968 5739 -
988 5706 1028 5754 29.
1048 5708 1104 5768 quis
1120 5707 1207 5755 om.lt
1229 5732 1256 5742 -
1275 5713 1364 5757 cnutus
1380 5709 1400 5758 T
1419 5736 1446 5744 -
1465 5707 1505 5757 30.
1525 5708 1663 5757 disiunctus
1680 5710 1759 5759 bleor.

434 5784 462 5831 et
479 5780 606 5829 Favonius
619 5778 741 5842 Eulogius
759 5778 853 5839 (schol.
868 5780 922 5829 Cic.
936 5782 955 5840 1,
969 5794 994 5844 p.
1006 5779 1075 5841 teat:
1095 5783 1240 5830 coniunctus
1257 5782 1335 5832 codd.
1350 5784 1449 5833 somnii
1466 5783 1524 5833 et0
1542 5809 1569 5818 -
1590 5783 1632 5834 3⁴.
1647 5785 1760 5847 perun

433 5856 478 5905 Ei
495 5858 523 5904 et
539 5855 618 5905 codd.
638 5854 738 5918 aliquot
754 5856 833 5905 bicor.
853 5856 911 5916 (pro
926 5860 987 5904 roto
1000 5857 1061 5917 port
1076 5858 1175 5907 salioru
1196 5855 1239 5906 ed.
1258 5858 1337 5918 lunt„
1358 5871 1407 5921 pro
1421 5862 1483 5909 roto
1495 5856 1613 5921 portione
1629 5858 1673 5911 ed.
1690 5856 1757 5926 bid.)

436 5956 464 5970 -
482 5930 590 5995 impuno
604 5944 691 5984 maren
706 5932 823 5982 udinem
839 5929 963 5995 Eulogius
981 5956 1008 5968 -
1031 5930 1072 5983 32.
1091 5932 1221 5998 eouttdtur
1237 5931 1267 5984 0.
