4342 7459
706 1228 775 1296 an.
789 1229 829 1294 n.
857 1229 931 1295 cn.
945 1226 1178 1296 xxi-xxm
1205 1223 1253 1315 §i
1267 1220 1302 1295 44
1316 1224 1414 1296 -sa
1667 1224 1731 1301 aso

406 1411 517 1459 cavera
538 1390 704 1465 noluisset,
726 1392 875 1454 admonet
895 1390 972 1454 iuris
994 1390 1158 1454 consultus
1179 1390 1233 1454 bic
1256 1391 1384 1475 quidem
1405 1392 1474 1475 ipse
1496 1394 1629 1469 Mucius,
1652 1416 1731 1477 pon-

407 1484 485 1550 tifex
507 1485 602 1558 idem,
624 1493 658 1548 nt
680 1486 784 1548 minus
806 1485 909 1567 capiat
931 1504 1025 1568 qnam
1040 1484 1187 1546 omnibus
1202 1484 1371 1549 heredibus
1386 1484 1592 1571 relinquatur.
1628 1490 1732 1570 Super

407 1578 555 1645 dicebant
584 1578 640 1663 qni
671 1578 748 1660 quid
778 1578 915 1660 cepisset
941 1577 1107 1661 adstringi.
1157 1578 1277 1642 Rursus
1305 1579 1403 1642 sacris
1431 1579 1614 1644 liberantur.
1663 1579 1732 1645 lico

408 1693 484 1748 vero
506 1671 587 1736 nibil
609 1670 648 1734 ad
673 1668 867 1754 pontificium
891 1669 952 1744 ins,
975 1680 1024 1734 set
1046 1691 1063 1734 e
1087 1671 1191 1734 medio
1215 1680 1263 1735 est
1284 1674 1353 1735 iure
1375 1672 1469 1747 civili,
1491 1681 1527 1737 nt
1547 1693 1603 1756 per
1624 1694 1678 1737 aes
1700 1684 1732 1738 et
1763 1682 1768 1694 '

407 1767 520 1831 libram
541 1764 692 1828 heredem
716 1764 894 1829 testamenti
918 1764 1043 1827 solvant
1065 1773 1097 1827 et
1114 1764 1229 1828 eodem
1252 1764 1322 1828 loco
1345 1784 1395 1828 res
1418 1766 1475 1841 sit,
1505 1766 1596 1850 quasi
1618 1786 1656 1831 ea
1678 1779 1754 1850 pc*

408 1859 503 1924 cunia
525 1857 627 1941 legata
649 1878 713 1920 non
737 1867 838 1931 emet,
861 1858 887 1920 si
911 1858 954 1930 is,
977 1858 1028 1919 cni
1053 1858 1190 1941 legatum
1214 1866 1276 1931 cst,
1299 1858 1469 1941 stipulatus
1492 1859 1593 1923 estid
1616 1862 1732 1944 ipsum,

407 1952 494 2037 quod
522 1951 661 2034 legatum
690 1960 753 2028 est,
783 1959 818 2015 ut
847 1971 885 2016 ea
913 1953 1045 2034 pecunia
1074 1972 1116 2015 ex
1138 1951 1345 2034 stipulatione
1368 1952 1535 2029 debeatur,
1568 1954 1673 2039 sitque
1695 1975 1732 2019 ea

407 2067 471 2111 non
498 2067 546 2105 44

491 2138 543 2204 54.
568 2163 620 2198 ss
645 2141 769 2204 doctum
792 2138 953 2202 hominem
976 2157 1068 2211 sane,
1100 2138 1190 2202 cuius
1210 2138 1273 2201 init
1293 2139 1397 2202 Attius
1418 2139 1652 2224 perfamiliaris,
1676 2144 1731 2207 sed

407 2255 559 2309 mensem,
582 2235 688 2308 credo,
711 2241 886 2295 extremum
908 2232 995 2305 anni,
1018 2240 1052 2294 ut
1076 2240 1197 2296 veteres
1218 2232 1438 2310 Februarium,
1461 2236 1507 2297 sic
1529 2236 1580 2299 bio
1601 2237 1732 2300 Decem·
1742 2245 1770 2292 ⁴⁰

407 2328 494 2392 brem
519 2328 722 2413 sequebatur.
765 2325 878 2388 Hostia
906 2333 1010 2389 autem
1040 2326 1177 2389 maxima
1205 2335 1386 2411 parentare,
1416 2328 1544 2411 pictatis
1571 2350 1642 2393 essa
1666 2325 1732 2415 [ad-

407 2417 560 2504 iunctum]
585 2421 725 2505 putabat.

493 2515 594 2578 xxti.
626 2511 678 2576 55.
712 2514 777 2578 lam
807 2521 893 2576 tanta
921 2512 1033 2597 religio
1062 2522 1110 2576 est
1137 2514 1394 2597 sepulchrorum,
1423 2524 1458 2580 ut
1480 2526 1568 2583 extra
1589 2539 1678 2584 saera
1701 2530 1733 2586 et

408 2619 535 2693 gentem
557 2608 666 2672 inferri
688 2606 735 2670 las
758 2616 874 2690 negent
896 2627 985 2680 esse,
1006 2606 1104 2690 idque
1126 2608 1210 2690 apud
1233 2609 1367 2673 maiores
1390 2619 1516 2675 nostros
1538 2614 1575 2675 A.
1590 2614 1733 2698 Torqua·

409 2714 460 2769 tus
489 2704 520 2766 in
548 2711 642 2784 gente
671 2700 802 2785 Popillia
827 2701 989 2764 indicavit
1032 2702 1098 2763 Neo
1121 2721 1196 2765 vero
1218 2711 1280 2765 tam
1303 2700 1479 2779 denicales,
1509 2727 1591 2789 quae
1613 2727 1631 2770 a
1653 2728 1731 2772 nece
1743 2713 1771 2759 ⁴⁶

408 2797 586 2881 appellatae
609 2804 699 2869 sunt,
729 2796 802 2878 quia
825 2796 848 2875 †
870 2794 1048 2858 residentnr
1070 2796 1204 2869 mortui,
1228 2815 1323 2879 quam
1346 2807 1525 2862 ceterorum
1547 2801 1731 2866 caelestium

409 2891 508 2975 quieti
532 2890 600 2952 dies
621 2888 721 2952 leriae
742 2889 996 2959 nominarentur,
1024 2886 1087 2949 nisi
1110 2888 1245 2958 maiores
1267 2909 1340 2964 eos,
1368 2891 1422 2974 qni
1445 2912 1486 2955 cx
1507 2893 1566 2957 hae
1587 2897 1652 2958 vita
1674 2898 1733 2962 mi-

408 2991 569 3067 grassent,
596 2982 783 3045 iudeorum
806 3002 938 3044 numero
961 2999 1030 3043 esse
1052 2979 1239 3043 voluissent.
1283 2984 1343 3045 Eas
1365 2983 1398 3047 in
1421 3004 1477 3048 cos
1500 2985 1567 3050 dies
1589 2988 1732 3053 conferre

408 3079 476 3151 ius,
499 3085 533 3139 ut
554 3076 654 3156 ipsius
676 3095 781 3158 neque
804 3075 949 3157 publicae
972 3074 1069 3136 leriae
1091 3073 1164 3145 sint,
1188 3082 1317 3158 totaque
1339 3075 1434 3140 buius
1455 3079 1534 3142 iuris
1555 3084 1732 3165 conpositio

408 3166 599 3255 pontificalis
622 3188 767 3252 magnam
789 3170 972 3250 religionem
988 3166 1277 3250 caerimoniamque
1292 3168 1441 3233 declarat.
1476 3172 1588 3256 Neque
1603 3184 1769 3238 necessc2⁰

410 3273 460 3329 est
481 3261 612 3327 edisseri
635 3282 654 3326 a
675 3263 782 3336 nobis,
812 3282 894 3346 quae
918 3261 990 3325 linis
1010 3259 1156 3322 funestae
1178 3259 1333 3335 familiae,
1357 3261 1442 3345 quod
1465 3284 1564 3347 genus
1586 3268 1732 3332 sacrificii

409 3358 481 3422 Lari
506 3350 715 3441 [verbecibus]
739 3352 809 3428 liat,
839 3376 933 3440 quem
962 3354 1001 3418 ad
1031 3354 1160 3416 modum
1189 3374 1225 3416 os
1255 3363 1422 3437 exceptum
1452 3366 1535 3422 terra
1565 3368 1733 3443 optegitur

410 3470 558 3536 quasque
580 3450 613 3511 in
636 3468 731 3532 porca
752 3457 911 3511 contracta
933 3449 1001 3512 iura
1024 3450 1105 3523 sint,
1129 3466 1194 3530 quc
1217 3456 1358 3529 tempore
1379 3450 1509 3533 incipiat
1530 3453 1732 3537 sepulchrum

411 3564 482 3609 ease
504 3553 536 3607 et
557 3543 711 3624 religione
733 3551 886 3606 teneatur.
931 3539 981 3604 56.
1003 3546 1048 3605 Ac
1063 3540 1141 3604 mibi
1166 3543 1295 3626 quidem
1316 3544 1571 3627 antiquissimum
1594 3547 1734 3629 sepultu-

478 3751 503 3800 4.
520 3750 585 3798 iuris
600 3746 746 3797 4444444446
767 3774 793 3783 -
812 3747 911 3796 munius
927 3748 956 3806 Β,
974 3760 1065 3797 munus
1080 3748 1139 3807 All,
1158 3746 1207 3798 sed
1224 3748 1245 3798 A
1262 3760 1324 3798 cnm
1341 3748 1350 3797 i
1367 3760 1426 3812 sup.
1443 3745 1488 3799 lin.
1515 3776 1542 3787 -
1568 3750 1593 3801 i.
1611 3751 1736 3815 4444444444

410 3826 430 3877 B
450 3852 478 3863 -
495 3823 682 3887 superdicrbuot
699 3825 717 3871 A
747 3848 771 3856 -
799 3821 824 3871 3.
842 3824 885 3884 qui
902 3822 962 3884 4444
979 3824 1123 3874 Manutius:
1142 3822 1261 3887 quiequid
1277 3823 1338 3884 Ali,
1357 3825 1415 3885 4444
1431 3825 1449 3873 Β
1477 3848 1504 3861 ·-
1531 3826 1698 3891 4444444444·
1713 3831 1734 3880 A

413 3927 440 3937 -
458 3901 562 3951 444440
591 3926 618 3935 -
645 3897 668 3947 l.
688 3898 727 3947 444
742 3902 777 3947 444
793 3898 901 3961 scripsi:
925 3897 965 3947 tus
981 3904 1004 3946 44
1019 3897 1112 3953 Alio.
1136 3897 1237 3948 4444444
1266 3924 1291 3934 -
1317 3911 1331 3947 4
1348 3899 1429 3948 medlo
1446 3899 1464 3949 s
1482 3912 1551 3951 corr.
1571 3914 1603 3951 er
1619 3902 1736 3956 44444444

413 4000 441 4013 -
458 3977 568 4038 paruam
584 3970 622 4035 444,
638 3985 699 4035 pars
714 3974 747 4022 444
765 3973 795 4031 ll,
815 3986 858 4022 444
874 3978 897 4022 44
914 3975 932 4021 A
952 3973 977 4021 in
996 3985 1048 4023 ras.
1068 3972 1149 4022 babet
1176 3998 1203 4008 -
1230 3974 1255 4022 6.
1274 3968 1423 4022 4444444444Ι
1449 3999 1477 4010 -
1504 3977 1685 4027 taatcmaataB
1706 4003 1733 4014 -

410 4050 506 4101 selueru
523 4046 553 4099 ΒΙ
572 4073 598 4084 -
619 4048 643 4098 6.
662 4048 793 4111 stipulatur
809 4053 844 4097 est
861 4060 915 4098 om.
929 4048 947 4096 Β
975 4073 1001 4084 -
1030 4048 1054 4098 7.
1073 4046 1148 4111 quod]
1165 4060 1215 4109 444
1232 4046 1251 4097 C
1271 4071 1297 4082 -
1317 4047 1342 4098 8.
1362 4047 1504 4105 Lacunam.
1523 4061 1593 4112 quae
1610 4054 1671 4115 post
1686 4065 1737 4103 44444

411 4124 439 4175 ln
455 4122 580 4174 omnibns
597 4120 676 4173 codd.
695 4124 751 4181 est,
775 4120 919 4171 Lambinus
936 4133 968 4169 en
987 4119 1118 4171 Plutarchi
1136 4121 1248 4185 quaesti.
1268 4122 1341 4172 Rom.
1362 4121 1449 4185 pili
1467 4122 1606 4186 edwytt.
1626 4130 1684 4186 aut,
1708 4131 1737 4178 ut

410 4200 468 4264 lpse
486 4198 534 4255 ait,
552 4209 584 4248 44
603 4197 722 4260 margine
740 4195 839 4246 codicis
856 4196 956 4258 antiqui
974 4195 1013 4245 sic
1030 4193 1156 4259 explevit:
1181 4196 1261 4255 444444
1276 4207 1307 4244 44
1325 4195 1418 4251 tradam
1435 4196 1477 4246 ed.
1492 4197 1583 4250 tami.
1597 4201 1669 4263 4466)
1687 4216 1737 4251 444

410 4274 518 4338 44444444
533 4272 623 4323 sacris.
660 4272 734 4321 Vasio
750 4284 817 4320 4444
834 4270 909 4331 (auus
925 4282 979 4320 orn.
993 4268 1084 4319 bamb.
1099 4269 1171 4330 4666)
1188 4269 1222 4317 cd
1238 4270 1351 4318 manium
1367 4270 1436 4328 iura,
1453 4282 1520 4331 4444
1535 4273 1644 4324 maiores
1659 4278 1737 4325 444444

410 4354 434 4401 44
453 4345 632 4409 444444444444
654 4346 813 4395 instituerunt
834 4351 856 4394 44
876 4343 1058 4407 444444444444444
1079 4343 1216 4392 coluerunt.
1251 4341 1388 4392 Febr-icario
1404 4348 1487 4393 444444
1503 4358 1592 4408 mensa,
1615 4350 1659 4409 444
1679 4355 1739 4400 tuae

410 4426 537 4475 4444444444
553 4420 615 4469 caat
631 4421 720 4470 4444444
736 4425 805 4481 4444,
827 4420 934 4469 mortuis
951 4418 1085 4481 4444444444
1101 4417 1247 4467 4444444444·
1274 4417 1340 4479 quod
1356 4421 1438 4467 444444
1456 4419 1487 4467 b,
1500 4419 1607 4481 Brutus,
1629 4428 1657 4472 ut
1673 4425 1738 4474 4444-

409 4503 482 4561 ptum
498 4509 515 4545 4
531 4495 638 4544 Sisenna
654 4499 688 4544 444
705 4497 743 4556 (444
756 4520 784 4531 -·
794 4499 829 4545 444
847 4507 899 4544 om.
914 4493 941 4542 L.
957 4493 1039 4552 4666),
1058 4492 1187 4543 4444444444
1202 4493 1285 4551 [acm
1300 4491 1392 4541 4444444
1426 4491 1501 4542 dicius
1517 4507 1562 4558 epo
1579 4496 1616 4544 rai
1634 4509 1738 4548 4444444

410 4587 469 4625 cum
483 4584 580 4621 44444444
596 4584 750 4633 4444444444,
768 4571 876 4621 brutum
890 4569 1044 4631 reportabam
1061 4570 1154 4619 ideirco
1172 4582 1189 4618 4
1205 4580 1275 4616 more
1290 4568 1417 4617 maiomam
1433 4568 1567 4620 4444444444
1577 4568 1647 4633 (scm
1657 4571 1739 4623 84444-

411 4662 473 4699 m
487 4647 559 4697 uideo
573 4659 687 4707 4444444,
710 4660 757 4697 eur
773 4649 794 4697 is
812 4646 860 4707 44444
877 4644 969 4696 hamb.
983 4644 1056 4704 4666)
1072 4648 1143 4693 44444
1158 4644 1298 4693 institutum
1313 4656 1363 4690 4444
1379 4642 1497 4703 emam,
1514 4643 1653 4710 ipsoram),
1670 4647 1739 4697 14η).

413 4728 468 4775 tum
488 4728 574 4773 444444
589 4723 716 4771 maiorum
732 4721 871 4779 4444444444
887 4725 977 4769 temam
993 4719 1129 4781 4444444444
1146 4733 1195 4768 oon
1211 4721 1239 4779 444
1254 4718 1316 4767 miti
1330 4717 1385 4767 ocri
1400 4717 1486 4767 4444444.
1514 4718 1675 4779 (Brutum-
1686 4725 1740 4775 vert

413 4795 703 4859 4444444444444666.)
723 4821 748 4831 -
769 4793 793 4844 9.
812 4796 897 4844 444444
914 4795 945 4853 Η,
964 4796 1109 4845 44444448
1131 4821 1155 4829 -
1179 4791 1490 4844 commemoratore
1511 4818 1538 4829 -
1558 4796 1739 4858 ttptstulio

414 4887 477 4927 enm
493 4872 641 4937 Stephano;
670 4882 718 4919 nos
740 4869 885 4918 adiunctum
907 4871 937 4919 nt
958 4868 1090 4931 glossema
1107 4882 1169 4919 cum
1186 4868 1265 4918 Balsio
1282 4866 1437 4917 inclusimus
1462 4893 1494 4903 —
1518 4873 1578 4917 44444
1594 4870 1615 4920 44
1643 4897 1670 4909 -
1698 4873 1738 4923 43.

413 4953 491 5003 wire
507 4948 541 4998 C:
565 4949 655 4996 444444
671 4944 691 4994 0
709 4956 770 4993 cum
789 4944 896 4993 Pearcic
913 4945 999 5006 (44444
1015 4955 1091 4991 sacru
1108 4955 1257 5004 4444444444
1272 4940 1362 5002 inserit
1379 4939 1457 5000 Balce)
1482 4968 1508 4977 -
1533 4941 1571 4993 44.
1592 4947 1740 5008 4444444444

413 5024 465 5076 lili
482 5020 541 5086 (sed
553 5021 574 5072 ll
586 5024 640 5080 444),
661 5019 721 5066 nota
739 5019 918 5082 praenominis
936 5018 962 5067 in
979 5020 1000 5067 A
1018 5029 1095 5068 erasa
1113 5021 1153 5066 est
1172 5040 1198 5051 -
1220 5017 1259 5066 m.
1272 5015 1378 5078 Popillia
1394 5028 1456 5065 nos:
1472 5018 1578 5079 populis
1591 5014 1631 5079 444,
1645 5022 1740 5083 Popttts

414 5097 535 5151 A’lillO
562 5120 588 5131 -
617 5097 678 5144 ante
700 5106 745 5142 4444
766 5094 791 5142 in
810 5096 828 5142 A
852 5091 921 5143 duae
939 5096 1028 5142 tresve
1046 5090 1137 5140 literae
1155 5103 1248 5140 erasae
1276 5116 1303 5127 -
1330 5095 1384 5140 tum
1400 5090 1523 5140 dmtectes
1539 5092 1738 5147 ltanconnetus:

414 5173 539 5225 tssdaticu
555 5170 597 5221 tae
613 5169 672 5228 All.
691 5174 743 5218 tum
760 5169 850 5217 4444444
867 5170 944 5229 (corr.
958 5168 1044 5229 defles)
1061 5166 1105 5215 444
1121 5165 1141 5215 Β
1167 5193 1199 5202 -
1224 5177 1306 5228 44444
1321 5178 1366 5213 444
1382 5177 1413 5215 ec
1429 5165 1556 5229 4444444444
1574 5171 1606 5227 Α,
1625 5182 1689 5231 quas
1705 5184 1740 5219 444

413 5262 446 5301 aa
462 5245 638 5311 uppebuctali
666 5268 692 5278 -
723 5243 762 5293 46.
779 5244 919 5292 recidentur
934 5241 1027 5291 mortui
1044 5240 1147 5297 (moritui
1165 5240 1196 5300 Η)
1214 5240 1249 5295 C;
1275 5240 1416 5289 recidentur
1431 5241 1537 5290 mortuis
1554 5240 1696 5293 Salmasius
1713 5248 1740 5294 44

416 5324 446 5384 ο,
463 5323 587 5374 4444444444
597 5318 703 5368 mortuis
719 5317 872 5376 Lambinus.
892 5330 943 5379 444
958 5315 1064 5366 residem
1080 5314 1175 5363 mortui
1191 5314 1321 5373 Daumius,
1340 5313 1402 5377 44444
1416 5316 1529 5365 residem
1538 5318 1631 5366 mortui
1648 5318 1741 5369 llann-

416 5399 480 5459 tins,
504 5397 564 5458 4444
580 5392 688 5444 resideat
698 5394 791 5442 mortui
804 5390 957 5454 llarquardt
967 5388 1054 5451 Antiq.
1069 5390 1098 5439 lt.
1112 5389 1154 5446 444,
1166 5389 1223 5450 mc,
1238 5389 1298 5451 4444
1309 5390 1363 5439 saci
1373 5389 1463 5439 444444
1474 5390 1598 5440 Christ-
1613 5404 1663 5454 444
1675 5392 1697 5442 ll
1710 5417 1736 5428 -

416 5470 458 5521 tr.
475 5468 671 5520 somtaurmtll
696 5492 722 5502 -
749 5467 788 5517 48.
806 5468 931 5530 sumsere
947 5460 987 5524 A¹,
1004 5465 1103 5528 coslare
1119 5467 1163 5520 Δὶς
1182 5461 1272 5513 malim
1289 5463 1399 5526 44444444
1426 5489 1452 5499 -
1481 5465 1521 5513 ta.
1539 5466 1579 5513 444
1595 5470 1630 5515 444
1647 5465 1738 5518 Lamb.

419 5570 448 5582 -
465 5550 493 5595 44
511 5545 671 5595 Mommsen:
690 5546 718 5590 44
734 5554 764 5590 cs
781 5542 811 5601 C,
829 5547 857 5590 ut
873 5553 952 5605 44444
967 5540 987 5590 0
1005 5541 1032 5589 et
1050 5539 1127 5603 pauci
1145 5538 1211 5588 dett.
1232 5565 1259 5574 —
1278 5539 1319 5588 46.
1336 5537 1486 5602 pontificalia
1502 5538 1617 5601 glossam
1629 5542 1698 5604 sapit
1710 5565 1737 5577 -

417 5617 460 5669 at.
476 5618 603 5680 4444444444·
619 5616 733 5679 44444444
761 5642 787 5652 -
814 5618 856 5666 ii.
875 5617 937 5666 Lari
955 5614 1112 5665 Lambinus:
1131 5613 1250 5663 taraco
1277 5638 1304 5649 -
1331 5612 1476 5662 wormius
1492 5611 1532 5671 A²‚
1549 5613 1688 5665 cordicibus
1704 5615 1739 5673 il;

420 5705 519 5744 nomen
536 5694 588 5743 iam
605 5691 710 5742 Davisio
727 5693 754 5741 et
771 5692 903 5754 Wagnero
920 5693 1075 5754 suspectum
1093 5688 1199 5739 inclusit
1214 5686 1373 5751 Feldhuegel
1392 5713 1418 5722 -
1445 5692 1575 5749 acceptum
1589 5691 1660 5738 tarra
1675 5688 1742 5740 Tur-

420 5765 507 5817 nebus
524 5766 601 5829 (conl.
619 5766 704 5816 Varro
721 5767 755 5817 de
774 5768 801 5817 l..
816 5769 843 5817 L.
862 5767 893 5828 V,
905 5767 921 5831 4
932 5768 984 5827 ²³i=
1014 5768 1132 5817 reiectum
1149 5770 1232 5814 terrae
1249 5764 1279 5823 C,
1297 5761 1344 5812 sed
1362 5764 1403 5811 est
1418 5764 1444 5812 ln
1462 5762 1483 5812 A
1499 5763 1617 5812 retectum
1632 5763 1658 5814 ln
1676 5777 1739 5823 ras.;

419 5845 541 5893 4444444444
557 5845 627 5893 44444
644 5843 664 5892 0
682 5853 744 5891 cum
760 5843 872 5893 Patricio
898 5867 925 5879 -
952 5842 994 5892 23.
1012 5842 1144 5904 4444444444
1159 5833 1229 5890 A¹u¹
1247 5863 1274 5874 -
1294 5841 1354 5900 4444
1366 5842 1471 5901 procur
1486 5832 1533 5902 444)
1550 5837 1656 5902 tempus
1671 5837 1694 5891 ll
1711 5862 1739 5877 -

420 5916 463 5969 44.
481 5931 512 5968 44
528 5917 671 5970 llannttus:
689 5917 724 5969 444
739 5916 800 5982 All,
818 5922 846 5969 44
861 5917 908 5969 lto
927 5942 955 5955 -
973 5915 1067 5982 44444444
1082 5910 1123 5968 A¹.
