4342 7459
439 1229 503 1296 876
979 1233 1033 1297 ult
1054 1230 1225 1298 LEGIBUS

439 1395 578 1479 aliquam
611 1394 778 1459 dedecoris
807 1394 1001 1478 obpresserit
1030 1413 1223 1478 omnemque
1255 1393 1367 1457 mortis
1401 1391 1586 1479 dolorisque
1619 1393 1767 1460 timorem

440 1490 585 1572 effugerit
610 1490 858 1574 societatemque
886 1490 1023 1553 caritatis
1045 1489 1158 1551 coierit
1179 1508 1251 1551 cum
1274 1488 1341 1550 suis
1364 1487 1532 1571 omnisque
1554 1497 1671 1553 natura
1692 1508 1768 1552 cou-

439 1584 563 1646 iuuotos
585 1603 659 1647 suos
681 1583 809 1647 duxerit
830 1584 1012 1668 cultumque
1034 1584 1165 1646 deorum
1195 1590 1227 1645 et
1247 1602 1360 1665 puram
1383 1582 1568 1665 religionem
1590 1582 1769 1666 susceperit

441 1684 473 1740 et
494 1678 658 1741 exacuerit
678 1677 782 1752 illam,
804 1684 840 1741 ut
861 1679 1042 1751 oculorum,
1065 1677 1110 1740 sic
1132 1675 1252 1759 ingenii
1274 1675 1376 1739 aciem
1398 1675 1437 1740 sd
1460 1676 1544 1740 bona
1565 1677 1716 1760 eligenda
1737 1683 1770 1741 et

418 1772 600 1836 1661616666
620 1772 794 1848 contraria,
820 1791 902 1855 quae
924 1773 1024 1835 virtus
1046 1791 1088 1835 ex
1109 1770 1307 1854 providendo
1330 1779 1377 1834 est
1398 1771 1558 1856 appellata
1580 1772 1769 1856 prudentiss

440 1866 519 1951 quid
549 1885 587 1930 66
615 1865 678 1930 6161
708 1874 763 1928 aut
789 1866 920 1949 cogitari
950 1866 1065 1949 poterit
1091 1866 1237 1929 beatius?
1281 1861 1332 1928 61.
1361 1866 1514 1948 idemque
1537 1885 1609 1930 oum
1631 1865 1768 1941 caelum,

438 1968 548 2035 terras,
571 1960 670 2023 maria
691 1979 862 2044 rerumque
884 1960 1027 2024 omnium
1050 1967 1192 2022 naturam
1216 1960 1426 2042 perspexerit,
1447 1979 1549 2042 eaque
1570 1960 1657 2025 uude
1672 1980 1769 2044 qene-

437 2061 521 2127 rata,
545 2074 609 2137 quo
631 2062 813 2127 recurrant,
836 2053 974 2137 quaudo,
997 2074 1061 2137 quo
1083 2054 1178 2118 modo
1201 2054 1334 2129 obiturs,
1357 2055 1433 2137 quid
1455 2055 1487 2118 in
1510 2055 1557 2117 his
1579 2056 1715 2118 mortale
1738 2062 1770 2119 st

437 2148 602 2221 caducum,
625 2146 702 2233 quid
725 2147 869 2212 divinum
891 2154 1117 2231 aeternumque
1139 2148 1189 2223 sit,
1211 2148 1326 2212 viderit
1346 2149 1516 2233 ipsumque
1538 2167 1577 2213 ea
1598 2148 1768 2213 moderan-

399 2248 499 2305 ⁴⁰tem
523 2249 555 2304 et
576 2247 737 2324 regentem
760 2260 861 2324 paene
884 2240 1046 2323 prenderit
1067 2260 1202 2325 seseque
1224 2262 1289 2305 non
1311 2244 1406 2306 unius
1429 2241 1657 2308 circumdatum
1681 2261 1769 2306 moe·

437 2335 530 2398 uibus
552 2335 632 2408 loci,
660 2342 709 2397 set
730 2334 832 2397 civem
854 2334 951 2397 totius
974 2334 1083 2398 mundi
1108 2335 1198 2417 quasi
1221 2336 1315 2398 unius
1338 2336 1425 2400 urhis
1448 2338 1628 2419 agnoverit,
1651 2338 1685 2400 in
1706 2335 1767 2399 hae

437 2429 492 2493 ille
519 2426 752 2512 magnificentia
782 2447 886 2491 rerum
915 2436 1013 2512 atque
1035 2429 1067 2490 in
1090 2426 1150 2492 hoe
1171 2437 1343 2513 conspectu
1365 2436 1396 2492 et
1417 2429 1600 2512 cognitione
1623 2438 1767 2504 naturae,
1854 2470 1857 2473 «

438 2523 471 2587 61
493 2522 706 2598 immortales,
740 2542 835 2606 quum
866 2540 900 2583 se
931 2523 1000 2604 ipse
1028 2529 1155 2597 noscet,
1186 2522 1273 2606 quod
1295 2524 1410 2607 Apollo
1440 2524 1602 2606 praecepit
1623 2523 1767 2607 Pythius,

437 2636 532 2699 quam
560 2622 760 2691 contemnet,
791 2634 885 2698 quam
919 2614 1088 2698 despiciet,
1121 2636 1214 2698 quum
1245 2636 1303 2698 pro
1332 2617 1434 2680 nihilo
1456 2617 1580 2700 putabit
1601 2635 1657 2691 ea,
1685 2636 1767 2700 quae

401 2709 932 2793 156613661666166666116616661
977 2710 1091 2772 XXIV.
1118 2707 1168 2772 62.
1191 2713 1295 2793 Atque
1317 2710 1397 2774 haec
1420 2712 1641 2796 omnia-quasi
1664 2711 1769 2794 saepi·

438 2812 543 2867 mento
566 2804 676 2888 aliquo
698 2803 829 2866 vallabit
851 2803 1029 2866 disserendi
1051 2803 1186 2877 ratione,
1208 2806 1277 2867 veri
1299 2813 1331 2867 et
1352 2804 1424 2867 falsi
1446 2803 1610 2868 iudicandi
1633 2803 1768 2868 scientia

439 2904 471 2961 et
498 2906 564 2961 arte
592 2896 729 2980 quadam
758 2896 981 2979 intellegendi,
1012 2897 1087 2980 quid
1120 2916 1279 2980 quamque
1308 2918 1375 2960 rem
1397 2906 1548 2980 sequatur
1571 2905 1603 2961 et
1625 2897 1705 2983 quid
1727 2899 1769 2962 sit

440 2992 581 3076 quoique
596 2992 799 3055 contrarium.
833 2990 1001 3074 Quomque
1015 3011 1050 3053 se
1072 2990 1112 3053 ad
1136 2991 1260 3053 civilem
1284 2992 1466 3054 societatem
1489 2999 1598 3055 natum
1620 2992 1767 3066 senserit,

438 3104 503 3148 uon
526 3085 629 3148 solum
652 3085 707 3149 illa
729 3084 838 3148 subtili
862 3085 1075 3168 disputatione
1099 3085 1158 3148 sibi
1182 3084 1333 3147 utendum
1356 3085 1489 3168 putabit,
1513 3084 1683 3148 sedetiam
1699 3086 1767 3149 lusa

400 3178 534 3243 ”latius
561 3187 714 3263 perpetua
741 3180 902 3253 oratioue,
934 3197 998 3262 qua
1028 3186 1118 3261 regat
1139 3180 1295 3267 populos,
1322 3198 1386 3261 qua
1409 3178 1547 3241 stabiliat
1568 3180 1676 3261 leges,
1704 3200 1768 3265 qua

440 3273 571 3357 castiget
601 3270 784 3358 improbos,
818 3293 880 3356 qua
911 3280 1037 3335 tueatur
1066 3272 1188 3346 bonos,
1222 3292 1286 3357 quo
1307 3272 1415 3335 laudet
1437 3272 1540 3336 claros
1562 3275 1671 3350 viros,
1706 3295 1767 3359 qua

438 3375 607 3452 praecepta
638 3367 747 3431 salutis
781 3376 812 3431 et
846 3365 948 3429 laudis
981 3374 1054 3449 apte
1081 3367 1121 3428 ad
1149 3366 1404 3449 persuadendum
1433 3366 1507 3430 edat
1536 3369 1603 3432 suis
1633 3368 1767 3447 civibus,

440 3480 503 3544 qua
529 3460 649 3523 hortari
679 3462 719 3524 ad
748 3460 863 3534 decus,
891 3479 1039 3523 revocare
1067 3460 1108 3522 ab
1136 3461 1273 3543 tlaqitio,
1302 3461 1459 3525 consolari
1491 3464 1592 3546 possit
1623 3464 1768 3530 addictos

439 3553 586 3638 iactaque
615 3563 646 3618 et
673 3556 817 3618 consulta
839 3554 968 3618 tortium
992 3562 1025 3616 et
1045 3554 1235 3637 sapientium
1257 3574 1330 3617 oum
1352 3556 1567 3638 improborum
1590 3556 1767 3640 ignominia

401 3649 641 3731 ”sempiternis
670 3650 883 3712 monumentis
912 3647 1059 3730 prodere.
1104 3648 1193 3723 Quae
1223 3669 1320 3733 quom
1349 3658 1397 3713 tot
1426 3670 1477 3713 res
1499 3659 1673 3735 tantaeque
1695 3654 1767 3728 siut,

440 3763 524 3828 quae
552 3743 657 3805 inesse
686 3743 718 3805 iu
750 3743 878 3806 homine
906 3741 1140 3824 perspiciantur
1169 3741 1208 3803 ab
1235 3743 1291 3817 iis,
1320 3745 1375 3827 qui
1398 3764 1433 3807 se
1455 3744 1517 3827 ipsi
1539 3746 1641 3809 velint
1662 3765 1767 3827 nosse,

441 3856 548 3901 earum
577 3855 692 3920 parens
720 3844 768 3900 est
796 3835 1024 3918 educatrixque
1053 3836 1219 3918 sapientia.
1270 3835 1331 3900 Au.
1364 3836 1502 3902 Laudato
1530 3839 1663 3922 quidem
1686 3850 1768 3904 esta

439 3941 472 3996 te
494 3931 632 4014 graviter
653 3937 685 3993 et
707 3950 795 3993 rere:
825 3930 880 3992 sed
903 3948 1040 4013 quorsus
1062 3929 1124 3994 hoc
1146 3931 1303 4012 pertinet?
1346 3928 1398 3994 63.
1428 3933 1471 3995 Μ.
1493 3933 1632 3997 Primum
1656 3931 1699 3998 ad
1721 3953 1767 4008 ea,

409 4017 411 4020 ’
440 4025 611 4107 Pomponi,
643 4023 682 4088 de
706 4023 822 4107 quibus
844 4025 944 4087 acturi
967 4024 1029 4086 iam
1052 4044 1177 4098 sumus,
1200 4043 1282 4106 quae
1305 4032 1392 4089 tauta
1414 4045 1485 4090 esse
1507 4027 1674 4105 volumus3
1704 4047 1767 4092 nou

506 4290 529 4335 1.
549 4286 643 4335 moeris
660 4285 719 4336 cod.
734 4286 900 4336 Monacensis
920 4311 945 4321 -
966 4288 1113 4347 oppresserit
1129 4287 1202 4336 uuo
1222 4313 1248 4322 -
1268 4287 1292 4336 ἰ.
1311 4288 1397 4337 coierit
1414 4286 1566 4336 Turnebus:
1586 4289 1721 4338 6661666611
1737 4290 1767 4349 H,

438 4363 546 4423 coeperit
563 4362 610 4411 AB
639 4387 667 4397 -
693 4374 824 4421 crinesque
841 4360 1004 4422 Stephanus:
1032 4363 1191 4422 omnibusque
1210 4363 1243 4416 C:
1271 4375 1319 4412 uos
1341 4365 1469 4421 omnisque
1489 4364 1656 4426 scripsimus.
1685 4389 1714 4401 -
1743 4364 1766 4415 1.

439 4436 525 4485 occos
542 4436 678 4500 eliqendov
695 4438 724 4493 A,
744 4435 821 4483 bonos
837 4436 966 4497 eicqeodos
983 4433 1026 4495 13¹,
1046 4437 1111 4486 bono
1127 4439 1256 4500 delipeudo
1273 4438 1306 4494 03
1326 4440 1353 4485 at
1371 4452 1394 4486 v.
1414 4438 1483 4487 Bake
1502 4437 1535 4486 ad
1554 4438 1579 4486 h.
1594 4435 1612 4487 l.
1632 4462 1659 4474 -
1679 4439 1705 4488 6.
1723 4453 1768 4488 ee-

439 4514 546 4575 66611661
563 4512 641 4576 pauci
658 4510 736 4560 codd⁴
756 4509 820 4559 dett.
841 4511 903 4559 et0
934 4531 961 4544 -
988 4512 1114 4573 eidemque
1131 4513 1176 4561 AB
1203 4536 1229 4546 -
1259 4510 1379 4573 6666111Ι
1408 4538 1434 4547 -
1465 4512 1489 4561 7.
1508 4525 1593 4561 eman
1610 4514 1769 4576 omniumque

438 4589 503 4641 AB;
522 4587 681 4647 omniumque
697 4598 783 4634 remam
800 4583 900 4648 aliquot
917 4584 981 4633 6611,
1010 4612 1037 4622 -
1064 4593 1233 4645 naturamque
1250 4585 1279 4635 Βι
1307 4612 1332 4621 -
1361 4586 1385 4635 8.
1405 4600 1479 4647 quom
1496 4587 1594 4637 obituro
1613 4586 1641 4638 111
1661 4614 1687 4625 -
1718 4591 1769 4652 psit

439 4657 1004 4720 61-16166666111,6116626
1032 4688 1058 4697 -
1088 4663 1128 4711 10.
1147 4664 1221 4710 66166
1237 4661 1301 4710 6611.
1323 4663 1412 4723 pauci:
1438 4662 1517 4711 oensis
1534 4664 1589 4722 AB,
1612 4665 1767 4726 demisisti,

438 4739 495 4787 onis
511 4736 588 4785 codd.
608 4735 650 4785 alii
677 4761 703 4771 -
732 4736 1769 4804 66616666166666116(1316666666[166161666661666616666166666-

435 4815 551 4877 pularem
563 4813 593 4874 Η)
611 4813 718 4861 alicuius
733 4814 842 4876 66βηί116
861 4814 984 4876 (61))161116
1002 4813 1029 4870 B,
1049 4812 1143 4873 deflmti
1162 4812 1205 4870 ili:
1226 4815 1318 4861 contra
1336 4810 1418 4860 verba
1437 4814 1562 4875 corrupta
1579 4828 1629 4878 pro
1647 4818 1767 4880 genuinis

439 4889 539 4938 habent
556 4892 585 4937 A.
599 4888 641 4936 W.
656 4889 751 4951 Zumpt
771 4890 798 4937 et
815 4887 932 4947 Vahlen,
959 4889 1001 4937 hic
1023 4887 1133 4949 quidem
1156 4885 1292 4935 scribens:
1319 4899 1417 4948 seseque
1436 4901 1486 4935 coss
1507 4888 1565 4936 uilis
1586 4892 1770 4942 circundatum

437 4963 564 5013 ommibus
577 4962 726 5024 popularem
743 4964 851 5012 61166116
867 4965 961 5027 definio
977 4963 1033 5022 ioci,
1050 4970 1085 5011 set
1103 4966 1154 5012 616.
1181 4986 1207 4997 -
1237 4963 1276 5010 lt.
1295 4963 1343 5010 toci
1359 4963 1400 5011 sed
1417 4963 1448 5022 il,
1466 4963 1526 5011 loeis
1541 4969 1566 5013 et
1581 4966 1629 5014 Au
1655 4992 1682 5003 -
1707 4980 1771 5015 uass

438 5038 468 5089 11¹
486 5064 513 5073 -
534 5039 663 5085 amoueo
681 5039 699 5087 B
719 5064 746 5075 -
767 5036 1003 5102 recommends
1027 5065 1054 5074 -
1074 5039 1114 5087 13,
1134 5038 1374 5088 dommioortoiesA
1394 5064 1421 5075 -
1441 5041 1462 5087 ri
1479 5040 1530 5101 ipse
1547 5041 1577 5098 C,
1595 5043 1684 5103 ipsese
1701 5042 1721 5092 0
1740 5068 1766 5079 —

436 5119 518 5164 nosset
535 5114 554 5163 C
574 5113 630 5173 1666
647 5118 682 5162 set
699 5116 719 5163 A
737 5115 761 5163 in
781 5118 843 5176 ras.)
862 5140 889 5151 -
910 5116 1008 5176 appollo
1022 5113 1151 5174 proecepit
1165 5113 1258 5175 phitius
1273 5113 1293 5161 A
1313 5137 1338 5147 -
1361 5111 1400 5161 11.
1419 5118 1574 5174 contempnet
1591 5128 1670 5176 quom
1687 5118 1769 5181 despi-

436 5191 516 5240 tietA
541 5215 574 5225 -
601 5188 833 5250 1666196666
860 5214 887 5224 -
912 5189 1031 5237 dicootm
1047 5188 1126 5235 etism
1145 5189 1178 5245 A,
1203 5200 1256 5236 non
1279 5188 1413 5245 ducuntur,
1436 5190 1464 5236 ut
1482 5188 1551 5237 Bake
1570 5190 1722 5242 adfirmauit
1740 5218 1765 5228 -

438 5265 606 5315 teredones
629 5263 663 5321 C,
688 5261 759 5311 unde
781 5263 879 5313 ratione
895 5269 918 5313 et
939 5262 1112 5313 scribendum
1131 5260 1243 5311 videtur.
1270 5288 1297 5298 -
1324 5263 1439 5323 oe,riA
1466 5289 1490 5298 -
1519 5266 1649 5315 iudicandi
1667 5268 1769 5316 66166116

439 5339 473 5389 ll:
492 5340 586 5388 iudicio
604 5341 628 5398 (o
646 5338 671 5385 in
688 5334 706 5385 d
723 5339 802 5399 6666.)
820 5338 953 5387 derodendo
971 5339 1122 5396 (descientia
1140 5340 1181 5386 est
1192 5339 1217 5385 iu
1231 5338 1294 5398 ros.)
1312 5342 1341 5396 A,
1360 5333 1455 5387 iudiciis
1473 5336 1498 5400 (is
1508 5340 1533 5389 16
1546 5344 1608 5402 ras.)
1627 5343 1770 5392 desoieutio

437 5415 457 5465 ll
478 5441 504 5451 -
524 5416 564 5464 11.
578 5416 716 5473 sequentur
732 5413 778 5461 AB
796 5438 827 5448 -
847 5412 886 5461 18.
906 5415 1012 5474 quoique
1028 5416 1057 5463 A:
1076 5426 1175 5473 quoque
1192 5414 1222 5472 ii,
1241 5415 1375 5474 66166611,
1395 5414 1443 5465 sed
1462 5417 1608 5465 66116666.
1631 5440 1658 5453 -
1679 5431 1769 5479 quoss-

438 5503 485 5550 que
501 5490 521 5538 0
541 5515 567 5525 -
588 5488 627 5537 19.
645 5488 703 5549 soso
719 5490 740 5538 A
758 5488 783 5536 iu
796 5499 846 5535 ras.
868 5512 894 5522 —
914 5490 954 5538 td.
973 5502 1037 5550 quos
1053 5494 1156 5552 costiqct
1174 5487 1201 5538 11Ι
1224 5517 1250 5525 -
1270 5491 1311 5539 ui.
1324 5495 1409 5538 tuetur
1426 5491 1454 5539 11¹
1473 5515 1499 5526 —
1519 5491 1558 5540 td.
1572 5491 1659 5541 leudes
1675 5487 1769 5543 A¹B¹il

440 5592 467 5602 -
485 5564 525 5614 23.
545 5563 577 5611 ob
595 5576 656 5613 nos:
680 5564 714 5611 od
731 5556 770 5622 A¹,
793 5576 810 5610 o
827 5559 945 5612 A²Bil0
971 5591 1004 5599 —
1029 5563 1070 5613 st.
1090 5570 1113 5613 et
1130 5568 1191 5613 ante
1209 5579 1275 5614 cons.
1295 5567 1385 5615 omit
1415 5592 1441 5601 -
1469 5568 1648 5616 66666161661
1672 5593 1700 5604 -
1727 5569 1768 5618 25.

437 5653 486 5701 quo
503 5642 529 5687 in
547 5640 577 5698 Η,
597 5652 673 5700 quum
691 5639 711 5687 0
739 5664 765 5672 -
793 5638 843 5686 siut
860 5652 924 5699 quoe
941 5643 970 5699 A,
990 5640 1037 5689 sed
1056 5645 1083 5688 61
1101 5653 1164 5701 quoe
1182 5641 1207 5690 in
1225 5654 1293 5692 ras:
1312 5646 1445 5702 tantaeque
1461 5644 1538 5691 inesse
1554 5643 1580 5690 io
1597 5642 1696 5693 11616166
1710 5656 1770 5704 per·

437 5715 578 5777 opimantur
595 5715 730 5772 Davisius,
749 5712 818 5763 haud
837 5715 893 5762 scio
911 5727 942 5762 an
962 5719 1034 5764 recte
1063 5741 1090 5750 —
1117 5716 1158 5764 26.
1177 5714 1209 5762 ob
1222 5717 1295 5766 disc
1325 5743 1351 5752 —
1384 5718 1425 5767 27.
1444 5730 1461 5766 o
1478 5718 1582 5766 teAio
1599 5729 1653 5767 ras.
1672 5717 1767 5774 habet;

438 5794 473 5837 ert
489 5802 542 5838 om.
556 5790 612 5849 CO,
632 5789 732 5838 addidit
750 5788 889 5851 Feldhiigel
908 5794 967 5853 post
983 5804 1048 5847 vere,
1068 5803 1116 5839 nos
1134 5795 1243 5854 propter
1261 5805 1381 5842 rasurum
1400 5793 1425 5841 in
1443 5795 1462 5843 A
1481 5794 1542 5856 post
1558 5793 1657 5853 quidem
1669 5791 1769 5841 addere

440 5863 596 5925 maluimus,
620 5867 669 5916 nisi
687 5866 773 5929 potius
790 5864 962 5916 scribendum
980 5871 1034 5917 est:
1061 5867 1168 5915 laudato
1184 5873 1220 5917 est
1236 5882 1266 5917 eo
1284 5869 1383 5930 quidem
1399 5871 1450 5919 616.
1480 5892 1507 5904 -
1534 5866 1576 5918 28.
1594 5866 1769 5917 setcorssssll

440 5939 488 6001 (te
505 5953 538 5990 ex
549 5941 629 6003 corr.)
647 5966 674 5977 -
694 5942 755 5992 doec
767 5942 893 6006 pertinent
909 5941 987 5993 codd.
1007 5942 1117 6006 quidam
1135 5942 1199 5993 dett.
1220 5944 1247 5993 et
1263 5943 1292 5993 0.
