4342 7459
439 1236 502 1308 666
976 1249 1030 1313 DE
1052 1247 1223 1313 OFFlCllS

525 1408 654 1472 xxvii.
682 1404 733 1470 93.
764 1409 912 1491 Sequitur
937 1417 973 1471 ut
995 1409 1034 1472 de
1056 1429 1119 1473 una
1140 1408 1264 1493 reliqua
1286 1416 1375 1490 parte
1396 1407 1573 1473 honestatis
1595 1405 1767 1474 dicendum

441 1503 498 1577 sil,
526 1503 558 1564 in
589 1521 651 1585 qua
679 1502 870 1565 verecundia
899 1510 930 1565 et
958 1504 1049 1583 quasi
1072 1504 1200 1586 quidam
1222 1510 1351 1564 ornatus
1374 1503 1475 1575 ritae,
1504 1504 1714 1587 temperantia
1734 1509 1768 1566 ct

440 1595 593 1658 modestia
622 1596 788 1678 omnisque
816 1593 937 1658 sedatio
965 1596 1238 1678 perturbationum
1261 1597 1357 1658 animi
1379 1605 1411 1659 et
1431 1616 1539 1660 rerum
1560 1599 1673 1661 modus
1698 1618 1768 1662 car·

439 1689 534 1752 nitur.
578 1688 645 1751 lloc
665 1690 737 1751 loco
760 1691 940 1753 continetur
961 1690 1003 1759 id.
1027 1689 1112 1771 quod
1129 1688 1190 1751 dici
1206 1689 1315 1751 Latine
1330 1689 1480 1753 decorum
1496 1698 1621 1774 potestr
1644 1692 1767 1757 Graece

414 1782 523 1845 oenim
546 1794 669 1864 πρέπον
690 1783 823 1846 dicitnr:
856 1783 950 1846 huius
972 1784 1019 1848 vis
1042 1805 1079 1847 ea
1101 1792 1167 1857 est,
1198 1793 1232 1847 ut
1253 1785 1293 1847 ab
1316 1784 1448 1848 honesto
1470 1805 1535 1847 non
1557 1794 1654 1868 queat
1675 1806 1769 1869 sepa-

438 1875 510 1938 rari.
556 1871 607 1937 94.
629 1877 709 1939 Nam
731 1884 762 1938 et
783 1876 868 1957 quod
891 1876 983 1940 decet
1004 1877 1171 1941 honesturn
1194 1887 1241 1941 est
1264 1887 1294 1941 et
1309 1879 1395 1959 quod
1411 1878 1581 1941 honestum
1596 1886 1646 1942 est
1661 1877 1768 1944 docet:

439 1968 540 2055 qualis
568 1978 674 2033 autem
706 1970 883 2033 differentia
911 1972 952 2033 sit
981 1972 1104 2035 honesti
1134 1979 1166 2034 et
1197 1972 1316 2043 decori,
1346 1968 1470 2034 facilins
1500 1971 1641 2055 intellegi
1669 1991 1767 2058 qnam

438 2062 602 2146 explanari
624 2071 741 2145 potest.
785 2063 944 2151 Quicquid
967 2074 1016 2127 est
1037 2066 1122 2128 enim
1146 2064 1232 2149 qued
1256 2066 1381 2139 deceat,
1404 2065 1436 2129 id
1452 2074 1518 2128 tnnr
1534 2076 1679 2149 apparet,
1694 2089 1768 2133 curn

438 2164 620 2239 antegressa
642 2164 691 2220 est
713 2158 873 2221 honestas.
918 2159 1027 2241 ltaque
1050 2180 1114 2221 non
1139 2161 1241 2222 solurn
1265 2160 1296 2222 in
1318 2159 1379 2223 hac
1402 2168 1490 2244 parte
1512 2160 1706 2238 honestatis,
1727 2162 1769 2228 de

403 2262 502 2334 roqua
530 2250 592 2313 hoc
620 2251 691 2314 loco
720 2250 938 2314 disserendum
968 2262 1033 2325 est,
1063 2254 1119 2316 sed
1150 2254 1243 2316 etiarn
1267 2255 1299 2316 in
1323 2255 1423 2316 tribus
1446 2252 1663 2337 superioribus
1687 2258 1767 2341 quid

439 2346 549 2408 deceat
576 2354 718 2428 apparet.
768 2347 846 2407 Nam
875 2354 906 2408 et
933 2347 1057 2409 ratione
1079 2347 1126 2408 uti
1149 2355 1243 2429 atque
1266 2349 1407 2410 oratione
1429 2348 1600 2431 prudenter
1620 2357 1653 2412 et
1673 2368 1768 2431 agere

438 2438 525 2522 quod
554 2458 628 2521 agas
658 2441 857 2504 considerate
889 2442 1038 2523 omnique
1067 2443 1101 2504 in
1130 2462 1181 2514 re,
1212 2440 1290 2523 quid
1319 2443 1359 2504 sit
1381 2444 1467 2513 reri,
1496 2442 1605 2505 ridere
1626 2453 1662 2507 et
1684 2448 1767 2512 tueri

438 2532 546 2605 decet,
575 2541 748 2617 contraque
769 2534 855 2607 lalli,
878 2554 998 2609 errare,
1028 2535 1110 2608 labi,
1141 2536 1244 2616 decipi
1266 2544 1329 2597 tam
1353 2535 1487 2599 dedecet
1511 2555 1605 2619 quarn
1630 2537 1766 2605 delirare

439 2634 472 2689 ot
493 2634 597 2690 mente
626 2647 697 2691 esse
725 2638 867 2711 captum,
898 2636 929 2691 et
957 2630 1038 2691 iusta
1065 2630 1170 2692 omnia
1200 2629 1313 2691 decora
1343 2638 1434 2702 sunt,
1463 2630 1580 2694 iniusta
1601 2642 1712 2697 contra
1732 2643 1768 2699 nt

401 2722 544 2803 toturpia
572 2722 618 2784 sic
640 2722 798 2786 indecora.
842 2724 960 2785 Similis
983 2731 1031 2784 est
1053 2724 1135 2784 ratio
1157 2722 1365 2786 tortitudinis.
1409 2724 1503 2798 Quod
1526 2725 1610 2787 enim
1633 2726 1768 2791 viriliter

438 2815 609 2898 animoque
631 2834 745 2897 magno
767 2812 817 2890 fit,
846 2816 877 2877 id
900 2816 1029 2898 dignum
1053 2816 1122 2877 rire
1145 2824 1175 2877 et
1197 2815 1348 2878 decorum
1370 2816 1513 2891 ridetur,
1537 2818 1622 2901 quod
1646 2829 1766 2897 coum,

439 2908 471 2971 id
494 2917 529 2972 nt
550 2916 641 2990 turpe
664 2910 711 2971 sic
735 2909 928 2973 indecorum.
978 2905 1029 2970 95.
1058 2909 1163 2985 Quare
1187 2910 1324 2991 pertinet
1345 2910 1475 2993 quidem
1498 2911 1537 2973 ad
1560 2932 1687 2976 ornnem
1711 2914 1767 2980 ho·

438 3011 591 3067 nectutem
613 3003 685 3077 hoo,
707 3002 793 3087 quod
816 3002 897 3076 dico,
920 3002 1068 3065 decorum
1092 3011 1123 3065 et
1145 3003 1187 3064 ita
1209 3003 1362 3085 pertinet,
1377 3011 1490 3066 utnon
1507 3006 1673 3069 recondita
1689 3028 1768 3091 qua·

439 3097 658 3160 damnatione
680 3105 838 3170 cernatur,
861 3098 916 3160 sed
940 3096 981 3158 sit
1002 3097 1034 3157 in
1057 3106 1213 3180 promptu.
1258 3099 1313 3159 Est
1335 3098 1419 3160 eninr
1441 3098 1594 3181 quiddam
1608 3131 1650 3146 -
1669 3100 1767 3184 idque
1787 3160 1793 3170 ,

401 3191 637 3273 sointellegitur
658 3192 691 3254 in
713 3192 800 3255 omni
822 3192 937 3254 virtute
959 3226 1000 3236 -
1030 3191 1116 3273 quod
1141 3190 1269 3253 deceat:
1301 3191 1389 3272 quod
1411 3192 1602 3274 cogitatione
1623 3195 1766 3275 magian

439 3288 554 3351 virtute
583 3296 687 3370 potest
715 3306 809 3368 quarn
836 3305 871 3347 re
897 3285 1046 3368 separari.
1096 3286 1136 3347 Ut
1164 3293 1312 3347 venustas
1341 3293 1373 3347 et
1394 3285 1597 3368 pulchritudo
1621 3287 1765 3369 corporis

438 3381 561 3444 secerni
590 3401 655 3443 non
684 3388 827 3463 potesta
850 3377 1049 3451 valetudine,
1080 3379 1126 3441 sic
1148 3378 1225 3452 hoc,
1257 3379 1296 3440 de
1318 3398 1383 3462 quo
1406 3379 1583 3462 loquimur,
1614 3380 1764 3444 decorum

439 3481 540 3538 totum
562 3474 642 3537 illud
665 3474 794 3557 quidem
818 3480 866 3536 est
888 3492 959 3534 cum
982 3472 1094 3534 virtute
1119 3471 1295 3545 confusum,
1318 3471 1374 3534 sed
1397 3480 1502 3534 mente
1524 3481 1556 3535 et
1576 3474 1766 3555 cogitatione

439 3567 654 3649 distinguitur.
703 3564 754 3628 96.
782 3568 837 3629 Est
867 3565 1070 3628 autemeius
1099 3565 1264 3647 discriptio
1293 3565 1433 3649 duple13
1469 3585 1540 3627 nam
1563 3574 1596 3628 et
1617 3567 1766 3648 generale

400 3661 598 3746 tiquoddam
628 3661 775 3723 decorum
804 3660 1033 3742 intellegimus,
1066 3657 1152 3739 quod
1184 3659 1217 3720 in
1245 3660 1330 3720 omni
1358 3658 1524 3721 honestate
1546 3669 1706 3734 versatur,
1735 3666 1767 3723 et

438 3755 525 3820 aliud
548 3757 622 3819 huic
644 3754 838 3827 subiectum,
854 3754 939 3836 quod
956 3752 1091 3836 pertinet
1106 3751 1144 3814 ad
1161 3752 1302 3832 singulas
1318 3761 1422 3833 partes
1438 3751 1623 3815 honestatis.
1660 3755 1766 3837 Atque

438 3849 517 3913 illud
546 3849 693 3932 superius
715 3850 760 3911 sio
781 3848 848 3911 iere
872 3844 995 3910 deliniri
1018 3847 1116 3921 solet,
1149 3847 1297 3909 decorum
1320 3846 1352 3907 id
1374 3856 1460 3918 esae3
1489 3846 1575 3926 quod
1597 3855 1766 3910 consenta-

438 3963 534 4006 neum
557 3942 756 4005 sithominis
779 3942 984 4006 excellentiae
1007 3942 1039 4003 in
1062 3962 1112 4015 eo,
1135 3941 1168 4002 in
1190 3959 1256 4021 quo
1279 3949 1392 4002 natura
1414 3940 1482 4002 eius
1505 3959 1523 4001 a
1545 3938 1683 4022 reliquis
1697 3942 1765 4005 ani-

438 4038 598 4102 mantibus
626 4037 759 4100 differat.
804 4036 894 4112 Quae
916 4044 1021 4098 autem
1046 4054 1118 4117 pars
1141 4034 1280 4097 subiecta
1303 4033 1411 4114 generi
1434 4041 1499 4104 est,
1529 4052 1598 4095 eam
1620 4034 1667 4095 sic
1689 4033 1767 4097 deti·

399 4135 546 4206 ³⁰uiunt,
578 4141 613 4195 ut
640 4132 671 4193 id
701 4130 848 4193 decorum
879 4130 977 4192 velint
1000 4147 1087 4201 esse,
1118 4128 1202 4208 quod
1227 4128 1269 4189 ita
1291 4136 1422 4189 naturae
1445 4136 1692 4189 consentaneum
1716 4129 1765 4201 sit,

438 4229 526 4291 utin
550 4246 588 4288 eo
611 4224 787 4287 moderatio
810 4232 841 4286 et
862 4223 1067 4305 temperantia
1092 4230 1242 4303 appareat
1265 4243 1335 4283 curn
1359 4222 1464 4301 specie
1481 4222 1616 4302 quadam
1632 4220 1765 4283 liberali.

439 4323 582 4383 xxvltt.
605 4318 656 4380 97.
679 4318 764 4378 Haeo
787 4318 829 4379 ita
852 4318 993 4398 intellegi
1016 4335 1185 4398 possumus
1208 4316 1389 4377 existimare
1413 4335 1453 4377 cx
1476 4335 1514 4376 eo
1537 4313 1767 4396 decerequod

439 4424 552 4497 poetae
575 4421 760 4495 sequuntur,
783 4411 822 4473 de
845 4431 909 4492 quo
932 4411 994 4472 alio
1018 4411 1087 4471 loco
1111 4409 1204 4490 plura
1226 4411 1288 4471 dici
1311 4411 1423 4471 solent.
1469 4408 1531 4470 Sed
1554 4417 1619 4470 turn
1639 4428 1766 4472 serrare

439 4507 517 4570 illud
548 4517 678 4590 poetas,
712 4505 799 4588 quod
830 4505 959 4578 deceat,
992 4505 1147 4575 dicimus,
1180 4524 1250 4565 cum
1275 4503 1327 4575 id,
1361 4502 1446 4586 quud
1476 4521 1602 4584 quaque
1632 4521 1768 4585 persona

400 4602 570 4683 tidignum
593 4609 653 4674 est,
677 4609 708 4663 et
730 4598 763 4662 fir
785 4608 817 4662 et
839 4599 969 4672 dicitur,
992 4607 1040 4673 ut,
1064 4600 1090 4661 si
1107 4602 1227 4660 Aeacus
1250 4607 1304 4660 aut
1318 4598 1422 4658 Minos
1445 4596 1564 4658 diceret
1595 4594 1767 4668 oderint,

441 4694 525 4758 dum
557 4703 745 4769 metuant,
778 4703 833 4756 aut

736 4788 835 4850 natis
865 4785 1071 4869 sepulchro
1106 4786 1187 4868 ipse
1217 4794 1274 4848 est
1302 4803 1460 4867 parens,

439 4882 624 4946 indecorum
646 4885 814 4956 videretur,
837 4881 922 4964 quud
948 4901 1003 4943 eos
1026 4880 1124 4942 fnisse
1147 4882 1245 4942 iustos
1261 4879 1459 4959 accepimus:
1481 4883 1513 4938 at
1528 4877 1623 4938 Atreo
1642 4876 1767 4938 dicente

439 4977 569 5061 plausus
592 4980 789 5051 excitantur3
820 4985 868 5039 est
897 4977 980 5037 enirn
1010 4975 1105 5056 digna
1129 4994 1265 5055 persona
1287 4974 1399 5034 oratio.
1444 4969 1506 5033 Sed
1529 4978 1660 5052 poetae,
1691 4969 1768 5052 quid

401 5077 599 5154 l⁰quemque
629 5072 755 5143 deceat,
785 5089 826 5130 ex
856 5088 991 5151 persona
1020 5068 1213 5129 iudicabunt.
1257 5066 1355 5127 Nobis
1384 5074 1488 5127 autem
1518 5083 1685 5146 personam
1709 5068 1768 5126 irn-

440 5167 546 5250 posuit
577 5166 647 5248 ipsa
676 5174 787 5226 natura
815 5182 929 5245 magua
961 5181 1031 5223 cum
1063 5161 1251 5223 excellentia
1279 5160 1535 5243 praestantiaque
1559 5159 1768 5221 animantium

440 5260 642 5343 reliquarum.
686 5255 737 5318 98.
760 5258 916 5332 Quocirca
940 5264 1051 5340 poetae
1076 5256 1108 5316 in
1132 5274 1245 5336 magna
1269 5255 1419 5316 varietate
1443 5273 1649 5336 personarum
1673 5253 1766 5315 etiam

507 5505 529 5552 l.
549 5503 667 5561 Sequitur
683 5506 767 5549 autem
784 5505 810 5547 ut
827 5512 842 5549 o
861 5525 888 5535 -
907 5500 931 5548 i.
950 5499 1110 5548 elmodenia
1127 5499 1283 5559 quesedotic
1300 5510 1314 5547 o
1334 5523 1360 5532 -
1381 5497 1604 5546 3.modosom.o
1623 5520 1650 5530 -
1670 5497 1768 5557 ilpra-

437 5593 488 5642 poo
506 5579 562 5637 Ba,
579 5591 691 5639 praepos
709 5576 801 5625 Allbo
833 5600 859 5609 -
895 5575 987 5622 dicitur
1002 5575 1256 5623 decoramentum
1286 5600 1312 5609 -
1350 5571 1388 5622 43.
1406 5572 1462 5632 fatti
1478 5577 1501 5620 et
1517 5582 1636 5620 morso
1667 5596 1692 5604 -
1725 5572 1766 5620 to.

439 5656 507 5703 ratio
524 5658 559 5702 est
581 5666 595 5702 c
622 5679 649 5688 -
676 5653 719 5701 30.
737 5651 797 5712 qaid
813 5651 896 5698 decern
918 5663 932 5698 o
961 5676 987 5685 -
1019 5649 1058 5698 il.
1078 5651 1220 5697 distinctum
1238 5650 1298 5710 (non
1316 5648 1471 5707 destinatum)
1493 5659 1507 5696 o
1536 5673 1562 5682 -
1590 5645 1765 5708 discriptiob:

440 5730 608 5781 distinctiora
626 5728 757 5787 coemptio
775 5725 893 5775 ABllao
913 5750 940 5759 -
960 5726 1000 5773 25.
1019 5725 1196 5786 inteltipiturc
1217 5750 1241 5758 -
1262 5724 1302 5773 il.
1321 5723 1373 5783 sere
1389 5723 1423 5770 sic
1440 5735 1454 5772 e
1473 5747 1499 5757 -
1520 5721 1561 5770 33.
1580 5722 1632 5771 Nec
1647 5734 1716 5772 corr.
1735 5732 1768 5769 ex

439 5804 489 5853 llcc
506 5816 520 5853 ο
540 5829 565 5838 -
586 5803 705 5852 ἀκοαὶ)
724 5827 752 5838 -
771 5801 911 5862 33.poetoc
927 5808 1077 5848 corceantur
1095 5813 1110 5861 p
1130 5825 1156 5834 -
1175 5800 1216 5847 sed
1232 5803 1259 5844 ut
1277 5802 1329 5844 tum
1348 5798 1441 5846 alitio
1461 5822 1487 5831 -
1507 5796 1547 5845 35.
1567 5802 1681 5845 recurat
1697 5806 1766 5844 corr.

441 5892 474 5928 ex
490 5892 521 5928 ce
536 5892 615 5928 cosso
630 5885 657 5927 ot
673 5879 690 5929 l)
708 5879 831 5940 (etiamn
849 5874 980 5938 syllabam
997 5889 1041 5924 cas
1057 5875 1139 5923 habet
1157 5874 1181 5922 in
1200 5885 1291 5921 rasura
1304 5875 1428 5934 quattuor
1440 5870 1597 5934 litterarum)
1616 5896 1644 5907 -
1664 5870 1768 5920 oderant

442 5966 458 6005 o
476 5979 501 5989 -
522 5954 563 6004 37.
581 5955 692 6018 ssprslcro
709 5966 725 6004 ο
744 5978 771 5989 -
791 5951 832 6003 ta.
850 5952 1007 6014 reliquorum
1023 5948 1188 6001 s¹u¹flsoz
1206 5948 1361 6010 reliquorum
1378 5940 1479 5997 A²B²o.
