4342 7459
444 1233 485 1300 84
731 1234 784 1299 ΒΕ
806 1232 963 1300 FINIBUS
985 1230 1183 1298 Bonosum
1203 1229 1257 1298 ET
1278 1231 1479 1301 nacouou

446 1410 532 1474 tione
559 1426 663 1492 neque
689 1405 919 1489 disputatione,
946 1424 1039 1488 quam
1062 1405 1103 1468 ol>
1127 1423 1195 1468 rem
1215 1405 1362 1489 voluptas
1385 1406 1577 1490 expetenda,
1597 1402 1768 1490 firgiendus

447 1504 538 1568 dolor
559 1504 609 1567 sit
646 1502 763 1566 Sentiri
784 1501 863 1564 haec
889 1506 992 1584 putat,
1019 1507 1055 1563 ut
1077 1498 1178 1563 calere
1200 1500 1320 1582 ignem,
1341 1502 1449 1566 nivem
1469 1524 1540 1567 esse
1562 1500 1682 1577 albam,
1695 1497 1769 1566 ‘mcl

445 1598 549 1673 dulce,
567 1617 700 1682 quorum
716 1594 796 1657 nihil
811 1602 958 1679 oportere
974 1593 1139 1676 exquisitis
1155 1595 1330 1658 rationibus
1345 1594 1540 1672 confirmare,
1562 1604 1683 1662 tautum
1696 1615 1769 1660 esse

444 1693 520 1757 satis
546 1690 733 1767 admonere3
761 1690 914 1753 interesse
937 1688 1021 1751 cuim
1048 1689 1131 1751 inter
1153 1696 1373 1771 argumentum
1395 1691 1696 1777 conclusionemque
1718 1710 1770 1755 ra·

420 1787 538 1852 otionis
561 1795 592 1850 et
613 1787 694 1850 inter
715 1781 905 1847 mediocrem
927 1783 1234 1846 animadversionem
1256 1793 1351 1869 atque
1373 1784 1640 1864 admonitionem
1669 1787 1771 1851 altera

443 1881 567 1945 occulta
588 1880 743 1966 quaedam
765 1883 797 1941 et
818 1878 910 1961 quasi
930 1877 1072 1940 involuta
1094 1878 1226 1961 aperiri,
1253 1879 1352 1942 altera
1372 1888 1517 1965 prompta
1538 1888 1570 1945 et
1590 1888 1700 1963 aperta
1720 1881 1770 1945 iu·

442 1973 551 2040 dicari.
578 1975 718 2065 ¹Etenim
746 1974 895 2058 quoniam
922 1971 1069 2034 detractis
1093 1972 1132 2035 de
1154 1972 1283 2036 homine
1305 1976 1451 2039 sensibus
1473 1975 1586 2060 reliqui
1607 1975 1688 2040 nihil
1710 1983 1770 2057 est,

442 2091 571 2135 necessa
594 2077 658 2145 est,
681 2067 757 2152 quid
779 2066 894 2130 autad
917 2072 1061 2128 naturam
1082 2073 1138 2128 aut
1158 2073 1269 2130 contra
1291 2067 1342 2143 sit,
1365 2075 1512 2134 amatura
1531 2069 1601 2152 ipsa
1621 2070 1769 2137 iudicari.

440 2166 488 2229 Ea
515 2163 592 2249 quid
623 2162 756 2248 percipit
788 2168 843 2225 aut
870 2159 947 2242 quid
974 2157 1108 2235 iudicat,
1137 2179 1200 2246 quo
1228 2168 1284 2225 aut
1310 2170 1399 2245 petat
1427 2170 1482 2229 aut
1508 2163 1610 2247 lirgiat
1636 2164 1770 2249 aliquid,

403 2266 565 2343 topraeter
584 2257 778 2341 voluptatem
801 2260 832 2318 ct
853 2252 1021 2317 doloremt
1064 2249 1115 2315 3l.
1139 2254 1219 2319 Sunt
1240 2261 1343 2320 autem
1366 2257 1496 2343 quidam
1517 2279 1535 2322 o
1554 2259 1690 2335 uostris,
1713 2262 1769 2344 qui

438 2355 518 2419 haec
546 2352 694 2417 subtilius
721 2350 820 2413 velint
848 2351 971 2412 tradere
1000 2355 1031 2411 et
1058 2358 1176 2431 negent
1196 2351 1273 2414 satis
1296 2370 1385 2426 esse,
1413 2351 1488 2435 quid
1509 2351 1628 2417 bouum
1651 2354 1693 2417 sit
1714 2361 1770 2419 aut

439 2450 514 2534 quid
536 2448 663 2522 malum,
685 2465 782 2509 seusu
803 2443 951 2517 iudicari,
973 2442 1031 2506 sed
1053 2443 1159 2506 animo
1182 2445 1277 2509 etiam
1300 2466 1337 2509 ac
1351 2445 1474 2510 ratione
1496 2446 1638 2530 intellegi
1660 2468 1768 2531 posse,

440 2551 472 2607 et
493 2541 687 2624 voluptatem
715 2539 818 2621 ipsam
846 2557 905 2620 per
929 2556 963 2599 se
986 2556 1056 2600 esse
1078 2540 1290 2621 expetendam
1312 2547 1344 2604 et
1366 2540 1505 2605 dolorem
1527 2542 1632 2624 ipsum
1653 2563 1712 2626 per
1732 2564 1768 2608 se

440 2658 510 2702 esse
538 2632 734 2719 fugiendum.
776 2632 885 2716 ltaque
913 2631 1003 2694 aiunt
1029 2631 1112 2694 hanc
1140 2634 1231 2716 quasi
1258 2633 1434 2698 naturalem
1462 2642 1557 2720 atque
1584 2636 1712 2701 insitam
1733 2639 1769 2702 in

403 2731 552 2797 ¹lanienis
580 2730 698 2793 nostris
723 2727 829 2789 inesse
856 2726 1035 2800 notionem,
1065 2733 1101 2788 ut
1128 2726 1260 2791 alterum
1282 2749 1353 2792 esse
1376 2729 1606 2812 appetendum,
1633 2731 1767 2796 alterum

439 2825 672 2911 aspernandum
694 2820 877 2885 sentiamus.
920 2820 982 2882 atii
1005 2826 1125 2895 autem,
1148 2821 1263 2906 quibus
1286 2842 1344 2905 ego
1367 2824 1538 2900 assentior,
1563 2844 1634 2889 cum
1657 2844 1677 2888 a
1696 2824 1770 2910 phi-

438 2918 582 3003 losophis
610 2915 824 2999 compluribus
855 2914 1011 2996 permulta
1041 2913 1199 2991 dicantur,
1229 2936 1285 2979 cur
1305 2937 1366 2980 nec
1387 2917 1534 3001 voluptas
1555 2920 1588 2982 iu
1609 2918 1704 2983 honis
1726 2919 1770 2984 sit

438 3011 634 3078 numeranda
660 3030 720 3074 nec
746 3010 780 3071 in
807 3008 900 3071 malis
927 3007 1032 3082 dolor,
1065 3029 1131 3071 uon
1160 3010 1342 3074 existimant
1369 3020 1515 3094 oportere
1546 3012 1679 3076 nimium
1708 3032 1769 3076 nos

439 3128 554 3173 causae
576 3102 751 3179 confidere,
774 3103 884 3165 sedet
905 3102 1188 3183 argumentandum
1211 3112 1242 3167 et
1262 3113 1407 3169 accurate
1423 3101 1642 3173 disserendum
1664 3111 1697 3171 et
1717 3125 1770 3170 ra·
1797 3159 1802 3165 .

401 3204 577 3269 ²⁰tiouibus
599 3198 788 3284 conquisitis
810 3196 850 3259 de
872 3196 1035 3279 voluptate
1058 3205 1091 3259 et
1111 3197 1220 3261 dolore
1243 3199 1467 3282 disputandum
1488 3208 1611 3284 putant.

521 3299 563 3362 X.
581 3292 635 3359 32.
657 3293 720 3358 Sed
740 3299 777 3355 ut
799 3291 1007 3373 perspiciatis,
1028 3291 1114 3354 unde
1137 3293 1239 3355 omnis
1262 3292 1322 3356 istc
1344 3302 1436 3357 natus
1459 3315 1547 3358 error
1568 3296 1610 3360 sit
1622 3295 1768 3382 volupta-

438 3403 501 3459 tem
531 3389 747 3457 accusantium
780 3384 988 3465 doloremque
1018 3384 1232 3460 laudantium,
1265 3394 1360 3450 totam
1390 3409 1458 3453 rem
1491 3392 1631 3472 aperiam
1664 3410 1767 3475 eaque

437 3490 521 3571 ipsa,
551 3503 632 3568 quae
660 3482 699 3545 ab
729 3480 785 3542 illo
814 3480 980 3542 inventore
1009 3479 1151 3542 veritatis
1180 3486 1211 3543 et
1240 3482 1332 3564 quasi
1356 3483 1528 3548 architecto
1550 3485 1661 3549 beatae
1682 3486 1767 3549 vitae

438 3581 635 3651 dictasunt,
658 3573 834 3659 explicabo.
871 3574 969 3635 Nemo
992 3572 1076 3635 enim
1099 3574 1201 3655 ipsam
1223 3574 1436 3658 voluptatem,
1460 3578 1535 3661 quia
1549 3580 1695 3663 voluptas
1714 3579 1767 3655 sit,

400 3679 625 3758 maspcrnatur
652 3674 708 3731 aut
730 3666 797 3729 odit
819 3672 873 3741 aut
893 3664 988 3747 fugit,
1016 3666 1072 3728 sed
1095 3667 1171 3749 qnia
1192 3678 1403 3732 consecuntur
1424 3672 1528 3753 magui
1551 3671 1676 3736 dolores
1698 3693 1767 3750 eos,

437 3769 493 3853 qui
519 3765 642 3830 ratione
669 3761 864 3844 voluptatem
891 3760 982 3842 sequi
1010 3761 1174 3837 nesciuut3
1204 3781 1310 3846 neque
1331 3783 1427 3846 porro
1450 3765 1618 3847 quisquam
1639 3766 1767 3850 estqui

438 3862 580 3926 dolorem
601 3858 724 3941 ipsum,
754 3854 828 3936 quia
850 3854 941 3917 dolor
967 3854 1025 3928 sit,
1053 3861 1152 3928 amet,
1183 3864 1399 3932 consectetur,
1432 3858 1565 3940 adipisci
1585 3858 1681 3935 velit,
1709 3858 1768 3923 sed

439 3957 515 4040 quia
546 3972 612 4015 non
640 3968 814 4034 numquam
843 3948 912 4010 eius
942 3948 1028 4011 modi
1058 3956 1200 4031 tempora
1222 3949 1382 4025 incidunt,
1414 3960 1451 4015 ul
1468 3952 1580 4017 labore
1602 3961 1635 4018 et
1655 3953 1768 4019 doloro

438 4067 584 4133 magnam
606 4044 745 4128 aliquam
770 4049 901 4126 quaerat
921 4043 1125 4125 voluptatem.
1160 4043 1199 4106 Ut
1221 4044 1306 4107 enim
1327 4046 1367 4108 ad
1386 4047 1514 4111 minima
1527 4048 1668 4123 veniam,
1693 4049 1767 4132 quis

400 4152 582 4209 mnostrum
612 4137 870 4203 exercitationem
890 4137 989 4200 ullam
1011 4137 1154 4220 corporis
1176 4138 1309 4221 suscipit
1330 4138 1539 4216 laboriosam,
1567 4140 1631 4205 nisi
1652 4149 1689 4204 ut
1710 4142 1768 4206 ali-

438 4237 516 4325 quid
543 4257 583 4300 ex
610 4255 647 4299 ea
675 4232 832 4297 commodi
853 4235 1088 4315 consequatur?
1118 4232 1190 4315 quis
1212 4240 1317 4296 autem
1338 4233 1389 4297 vel
1411 4255 1483 4298 eum
1504 4235 1573 4299 iure
1595 4233 1767 4319 reprehen-

439 4332 538 4408 derit,
560 4330 669 4415 quiin
692 4348 729 4392 ea
750 4327 911 4409 voluptate
933 4326 1010 4391 velit
1030 4346 1118 4400 esse,
1141 4346 1236 4409 quam
1257 4326 1338 4390 nihil
1361 4328 1521 4393 molestiae
1541 4336 1766 4413 consequatur,

437 4426 617 4500 velillum,
640 4423 696 4507 qui
718 4422 861 4485 dolorem
884 4441 956 4484 eum
978 4418 1093 4504 fugiat,
1116 4441 1179 4504 quo
1195 4420 1341 4504 voluptas
1363 4422 1449 4485 nulla
1467 4422 1627 4507 pariatur?
1658 4421 1710 4488 33.
1725 4426 1767 4490 At

438 4542 514 4586 vero
538 4539 593 4583 eos
616 4525 648 4582 et
670 4535 853 4581 accusamus
876 4521 908 4579 et
929 4516 1012 4578 iusto
1035 4515 1109 4578 odio
1133 4514 1333 4598 dignissimos
1349 4513 1508 4591 ducimus,
1531 4517 1587 4600 qui
1601 4517 1766 4584 blanditiis

401 4612 652 4700 aspraesentium
679 4611 877 4694 voluptatum
907 4608 1035 4673 deleniti
1062 4617 1159 4693 atque
1189 4609 1344 4691 corrupti,
1377 4629 1457 4693 quos
1483 4609 1609 4674 dolores
1632 4620 1664 4676 et
1685 4634 1766 4698 quas

439 4707 602 4772 molestias
624 4705 789 4789 excepturi
810 4704 887 4776 sint,
917 4703 1078 4766 obcaecati
1100 4703 1274 4786 cupiditate
1295 4723 1360 4767 non
1388 4703 1574 4786 provident,
1602 4704 1766 4791 similique

439 4809 513 4866 sunt
545 4800 578 4862 in
607 4799 716 4881 culpa,
749 4797 804 4881 qui
835 4795 940 4859 officia
968 4793 1119 4858 deserunt
1140 4795 1274 4858 mollitia
1295 4796 1410 4871 animi,
1442 4795 1475 4860 id
1498 4805 1546 4860 est
1566 4797 1711 4863 laborum
1734 4805 1767 4864 et

439 4895 587 4959 dolorum
607 4892 694 4975 iuga.
730 4894 771 4954 Et
793 4889 905 4952 harum
921 4888 1049 4972 quidem
1072 4910 1178 4952 rerum
1198 4888 1300 4952 facilis
1316 4898 1409 4953 estet
1424 4890 1574 4973 expedita
1589 4892 1766 4971 distinctio;

439 5009 512 5053 nam
533 4988 634 5051 libero
655 4996 814 5071 tempore,
836 5004 909 5048 cum
930 4985 1034 5047 soluta
1054 4983 1148 5046 nobis
1170 4990 1219 5045 est
1240 4984 1377 5066 eligendi
1399 4984 1502 5065 optio,
1528 5004 1664 5068 cumque
1686 4986 1766 5050 nihil

402 5082 588 5167 toimpedit,
617 5102 681 5166 quo
704 5080 808 5144 minus
831 5079 880 5155 id,
902 5078 989 5162 quod
1011 5077 1147 5141 maxime
1169 5077 1304 5161 placeat,
1333 5076 1437 5141 lacere
1459 5079 1636 5162 possimus,
1663 5080 1766 5145 omnis

504 5342 529 5393 2.
542 5341 646 5391 lacon:
665 5340 710 5389 troc
726 5338 802 5390 Bllo
815 5363 841 5374 -
854 5335 1029 5389 auidulccll:
1048 5338 1262 5389 dulcemclltllo
1277 5364 1302 5375 —
1317 5338 1340 5389 3.
1354 5338 1559 5402 oportercllldus
1570 5352 1670 5407 nepos:
1688 5355 1767 5407 opor·

438 5424 500 5471 teret
516 5417 594 5468 codd.
609 5442 636 5452 -
655 5420 752 5466 tanturm
768 5414 855 5465 om.B
875 5440 902 5451 -
921 5413 1047 5465 assecutis
1063 5418 1098 5463 A:
1116 5414 1244 5463 sutisessc
1260 5415 1335 5464 uuo
1355 5441 1382 5452 -
1401 5412 1426 5465 l.
1444 5416 1511 5464 mter
1527 5428 1579 5466 om.
1598 5418 1618 5467 B
1636 5442 1664 5453 -
1683 5431 1766 5483 ωψ-

438 5500 595 5556 mentumque
609 5494 643 5552 133
665 5495 852 5556 eoqtmcmmum
868 5492 929 5539 lt-
949 5491 973 5539 5.
992 5489 1197 5539 ammonicionem
1215 5490 1307 5540 BE-
1323 5492 1348 5540 6.
1366 5491 1474 5540 iudicati
1490 5490 1552 5540 AB:
1572 5490 1683 5541 indicam
1700 5494 1761 5542 0-

438 5572 463 5621 7.
476 5566 694 5633 quom'om1quoB
709 5593 736 5601 -
754 5566 779 5616 8.
793 5566 853 5627 quid
869 5565 903 5613 od
918 5569 1038 5613 usturam
1050 5564 1111 5627 (om.
1125 5564 1176 5626 aot)
1189 5564 1222 5625 133
1242 5566 1301 5627 qm'd
1314 5571 1401 5628 optem
1413 5567 1446 5615 ud
1457 5571 1579 5616 maturam
1590 5566 1721 5617 Grascrus
1733 5592 1761 5603 -

438 5645 517 5694 9.Eo
532 5643 593 5705 qcto
609 5642 673 5693 AC:
694 5642 726 5691 ut
743 5640 802 5703 quio
817 5641 850 5698 B;
874 5638 972 5702 Ecquid
992 5639 1012 5689 0
1032 5666 1059 5676 -
1081 5644 1127 5688 out
1143 5640 1204 5703 quid
1219 5640 1287 5689 AB:
1314 5643 1438 5704 acqutdo
1463 5668 1491 5678 -
1518 5640 1558 5692 13.
1576 5640 1658 5703 tntum
1675 5654 1764 5704 perso

435 5720 518 5783 ipsum
537 5731 588 5769 eme
604 5718 624 5768 B
647 5741 675 5753 -
699 5717 739 5766 ⁴5.
756 5714 841 5779 messe]
858 5725 909 5763 csse
925 5714 944 5763 Β
963 5738 991 5749 -
1012 5714 1050 5763 ts.
1068 5726 1146 5774 quom
1158 5714 1272 5775 plumbus
1288 5717 1307 5764 Β
1326 5743 1354 5753 -
1372 5718 1457 5766 dicant
1473 5717 1492 5767 B
1511 5741 1539 5752 -
1557 5728 1603 5767 mc
1619 5728 1673 5766 om.
1692 5716 1712 5766 E
1733 5743 1761 5754 -

439 5796 480 5845 ⁴8.
497 5808 541 5845 nec
557 5794 592 5859 in]
614 5806 646 5843 uc
664 5792 727 5841 loB
747 5817 773 5826 -
793 5790 833 5840 49.
851 5790 894 5839 sed
910 5802 962 5838 om.
982 5790 1000 5838 B
1019 5814 1047 5824 -
1065 5789 1107 5839 il.
1125 5802 1197 5839 error
1212 5792 1243 5840 stt
1259 5794 1294 5841 lt:
1313 5793 1333 5841 εἰ
1350 5806 1422 5843 error
1437 5793 1473 5851 B;
1491 5792 1613 5842 sitcrror
1628 5790 1713 5841 Ello
1730 5814 1758 5825 -

436 5869 479 5919 28.
497 5869 581 5919 dolore
600 5873 623 5920 et
641 5867 765 5917 loboralt
788 5893 815 5902 -
842 5865 883 5915 30.
901 5866 1006 5927 accepit
1028 5864 1076 5914 BE
1097 5888 1124 5900 -
1148 5865 1188 5915 32.
1207 5865 1268 5928 quio
1288 5879 1344 5916 mco
1365 5868 1385 5917 E
1408 5893 1436 5902 -·
1460 5865 1499 5917 33.
1519 5865 1577 5931 quo]
1600 5864 1660 5929 quid
1680 5858 1712 5914 Αι
1730 5888 1757 5899 -

438 5942 479 5996 31.
497 5941 630 6008 conotus]
644 5941 814 6009 perblandum
830 5940 875 5993 BE
889 5967 916 5978 -
935 5939 975 5991 33.
993 5939 1088 5992 deliniti
1104 5939 1149 5990 BE
1164 5966 1191 5977 -
1210 5939 1252 5991 ld.
1266 5940 1367 6004 placem
1382 5940 1494 5999 maximo
1508 5940 1529 5996 B
1541 5965 1569 5982 -
1584 5948 1713 6008 pomus
1727 5936 1757 5989 ll.
