<?xml version="1.0" encoding="UTF-8"?>
<!DOCTYPE html PUBLIC "-//W3C//DTD XHTML 1.0 Transitional//EN"
    "http://www.w3.org/TR/xhtml1/DTD/xhtml1-transitional.dtd">
<html xmlns="http://www.w3.org/1999/xhtml" xml:lang="en" lang="en">
 <head>
  <title>
</title>
<meta http-equiv="Content-Type" content="text/html;charset=utf-8" />
  <meta name='ocr-system' content='tesseract 3.04.00' />
  <meta name='ocr-capabilities' content='ocr_page ocr_carea ocr_par ocr_line ocrx_word'/>
</head>
<body>
  <div class='ocr_page' id='page_1' title='image "./operaquaesupers00halmgoog/operaquaesupers00halmgoog_0493.png"; bbox 0 0 4342 7459; ppageno 0'>
   <div class='ocr_carea' id='block_1_1' title="bbox 686 1205 1733 1335">
    <p class='ocr_par' dir='ltr' id='par_1_1' title="bbox 686 1205 1733 1335">
     <span class='ocr_line' id='line_1_1' title="bbox 686 1205 1733 1335; baseline -0.001 -19"><span class='ocrx_word' id='word_1_1' title='bbox 686 1252 755 1316; x_wconf 74' lang='lat' dir='ltr'>nn.</span> <span class='ocrx_word' id='word_1_2' title='bbox 776 1251 832 1316; x_wconf 87' lang='lat' dir='ltr'>rn.</span> <span class='ocrx_word' id='word_1_3' title='bbox 860 1251 935 1316; x_wconf 70' lang='lat' dir='ltr'>cn.</span> <span class='ocrx_word' id='word_1_4' title='bbox 956 1205 1229 1315; x_wconf 45' lang='lat' dir='ltr'>xxxin-&#39;xc</span> <span class='ocrx_word' id='word_1_5' title='bbox 1255 1248 1301 1335; x_wconf 68' lang='lat' dir='ltr'>§s</span> <span class='ocrx_word' id='word_1_6' title='bbox 1322 1247 1469 1315; x_wconf 75' lang='lat' dir='ltr'>att-ac.</span> <span class='ocrx_word' id='word_1_7' title='bbox 1669 1233 1733 1316; x_wconf 80' lang='lat' dir='ltr'>in</span> 
     </span>
    </p>
   </div>
   <div class='ocr_carea' id='block_1_2' title="bbox 405 1406 1790 4868">
    <p class='ocr_par' dir='ltr' id='par_1_2' title="bbox 405 1406 1782 3654">
     <span class='ocr_line' id='line_1_2' title="bbox 406 1406 1733 1495; baseline -0.004 -17"><span class='ocrx_word' id='word_1_8' title='bbox 406 1413 487 1478; x_wconf 89' lang='lat' dir='ltr'>talis.</span> <span class='ocrx_word' id='word_1_9' title='bbox 532 1414 596 1477; x_wconf 83' lang='lat' dir='ltr'>Vos</span> <span class='ocrx_word' id='word_1_10' title='bbox 625 1412 710 1475; x_wconf 90' lang='lat' dir='ltr'>enim</span> <span class='ocrx_word' id='word_1_11' title='bbox 740 1410 801 1495; x_wconf 89' lang='lat' dir='ltr'>ipsi</span> <span class='ocrx_word' id='word_1_12' title='bbox 830 1410 934 1474; x_wconf 89' lang='lat' dir='ltr'>dicere</span> <span class='ocrx_word' id='word_1_13' title='bbox 962 1409 1072 1475; x_wconf 89' lang='lat' dir='ltr'>soletis</span> <span class='ocrx_word' id='word_1_14' title='bbox 1102 1406 1180 1473; x_wconf 86' lang='lat' dir='ltr'>nihil</span> <span class='ocrx_word' id='word_1_15' title='bbox 1209 1429 1280 1474; x_wconf 89' lang='lat' dir='ltr'>esse</span> <span class='ocrx_word' id='word_1_16' title='bbox 1308 1410 1396 1495; x_wconf 91' lang='lat' dir='ltr'>qnod</span> <span class='ocrx_word' id='word_1_17' title='bbox 1423 1410 1502 1475; x_wconf 83' lang='lat' dir='ltr'>deus</span> <span class='ocrx_word' id='word_1_18' title='bbox 1524 1407 1648 1475; x_wconf 85' lang='lat' dir='ltr'>efficere</span> <span class='ocrx_word' id='word_1_19' title='bbox 1669 1432 1733 1475; x_wconf 93' lang='lat' dir='ltr'>non</span> 
     </span>
     <span class='ocr_line' id='line_1_3' title="bbox 406 1504 1735 1591; baseline -0.002 -20"><span class='ocrx_word' id='word_1_20' title='bbox 406 1507 523 1591; x_wconf 78' lang='lat' dir='ltr'><strong>possit,</strong></span> <span class='ocrx_word' id='word_1_21' title='bbox 555 1514 586 1569; x_wconf 90' lang='lat' dir='ltr'>et</span> <span class='ocrx_word' id='word_1_22' title='bbox 616 1506 746 1590; x_wconf 90' lang='lat' dir='ltr'>quidem</span> <span class='ocrx_word' id='word_1_23' title='bbox 775 1505 845 1569; x_wconf 86' lang='lat' dir='ltr'>sine</span> <span class='ocrx_word' id='word_1_24' title='bbox 875 1504 984 1567; x_wconf 91' lang='lat' dir='ltr'>labore</span> <span class='ocrx_word' id='word_1_25' title='bbox 1010 1504 1098 1566; x_wconf 89' lang='lat' dir='ltr'>ullo:</span> <span class='ocrx_word' id='word_1_26' title='bbox 1133 1513 1168 1567; x_wconf 92' lang='lat' dir='ltr'>ut</span> <span class='ocrx_word' id='word_1_27' title='bbox 1189 1508 1271 1568; x_wconf 92' lang='lat' dir='ltr'>enim</span> <span class='ocrx_word' id='word_1_28' title='bbox 1300 1505 1464 1568; x_wconf 90' lang='lat' dir='ltr'>homiuum</span> <span class='ocrx_word' id='word_1_29' title='bbox 1487 1506 1625 1570; x_wconf 90' lang='lat' dir='ltr'>membra</span> <span class='ocrx_word' id='word_1_30' title='bbox 1646 1507 1735 1570; x_wconf 90' lang='lat' dir='ltr'>nulla</span> 
     </span>
     <span class='ocr_line' id='line_1_4' title="bbox 406 1597 1736 1682; baseline -0.002 -18"><span class='ocrx_word' id='word_1_31' title='bbox 406 1601 608 1665; x_wconf 67' lang='lat' dir='ltr'>contentione</span> <span class='ocrx_word' id='word_1_32' title='bbox 632 1607 736 1663; x_wconf 90' lang='lat' dir='ltr'>mente</span> <span class='ocrx_word' id='word_1_33' title='bbox 759 1599 828 1682; x_wconf 92' lang='lat' dir='ltr'>ipsa</span> <span class='ocrx_word' id='word_1_34' title='bbox 850 1619 886 1661; x_wconf 92' lang='lat' dir='ltr'>ac</span> <span class='ocrx_word' id='word_1_35' title='bbox 900 1600 1061 1661; x_wconf 82' lang='lat' dir='ltr'>voluntate</span> <span class='ocrx_word' id='word_1_36' title='bbox 1084 1607 1287 1672; x_wconf 81' lang='lat' dir='ltr'>moveantur,</span> <span class='ocrx_word' id='word_1_37' title='bbox 1309 1600 1355 1662; x_wconf 91' lang='lat' dir='ltr'>sic</span> <span class='ocrx_word' id='word_1_38' title='bbox 1373 1603 1503 1663; x_wconf 91' lang='lat' dir='ltr'>numine</span> <span class='ocrx_word' id='word_1_39' title='bbox 1519 1597 1650 1662; x_wconf 86' lang='lat' dir='ltr'>deorum</span> <span class='ocrx_word' id='word_1_40' title='bbox 1667 1620 1736 1662; x_wconf 91' lang='lat' dir='ltr'>om-</span> 
     </span>
     <span class='ocr_line' id='line_1_5' title="bbox 405 1690 1735 1777; baseline -0.001 -19"><span class='ocrx_word' id='word_1_41' title='bbox 405 1696 458 1758; x_wconf 91' lang='lat' dir='ltr'>nia</span> <span class='ocrx_word' id='word_1_42' title='bbox 481 1691 573 1776; x_wconf 89' lang='lat' dir='ltr'>liugi,</span> <span class='ocrx_word' id='word_1_43' title='bbox 596 1694 717 1756; x_wconf 85' lang='lat' dir='ltr'>moveri</span> <span class='ocrx_word' id='word_1_44' title='bbox 739 1695 919 1775; x_wconf 78' lang='lat' dir='ltr'>mutarique</span> <span class='ocrx_word' id='word_1_45' title='bbox 942 1712 1044 1776; x_wconf 88' lang='lat' dir='ltr'>posse.</span> <span class='ocrx_word' id='word_1_46' title='bbox 1082 1693 1193 1774; x_wconf 82' lang='lat' dir='ltr'>Neque</span> <span class='ocrx_word' id='word_1_47' title='bbox 1218 1691 1250 1753; x_wconf 94' lang='lat' dir='ltr'>id</span> <span class='ocrx_word' id='word_1_48' title='bbox 1274 1690 1378 1755; x_wconf 88' lang='lat' dir='ltr'>dicitis</span> <span class='ocrx_word' id='word_1_49' title='bbox 1400 1694 1619 1775; x_wconf 75' lang='lat' dir='ltr'>superstitiose</span> <span class='ocrx_word' id='word_1_50' title='bbox 1641 1702 1735 1777; x_wconf 88' lang='lat' dir='ltr'>atque</span> 
     </span>
     <span class='ocr_line' id='line_1_6' title="bbox 407 1772 1760 1871; baseline -0.004 -18"><span class='ocrx_word' id='word_1_51' title='bbox 407 1791 550 1862; x_wconf 85' lang='lat' dir='ltr'>aniliter,</span> <span class='ocrx_word' id='word_1_52' title='bbox 573 1787 629 1850; x_wconf 94' lang='lat' dir='ltr'>sed</span> <span class='ocrx_word' id='word_1_53' title='bbox 650 1787 780 1871; x_wconf 82' lang='lat' dir='ltr'>physica</span> <span class='ocrx_word' id='word_1_54' title='bbox 796 1772 1019 1868; x_wconf 77' lang='lat' dir='ltr'>consta‘ntique</span> <span class='ocrx_word' id='word_1_55' title='bbox 1041 1786 1179 1848; x_wconf 88' lang='lat' dir='ltr'>ratione:</span> <span class='ocrx_word' id='word_1_56' title='bbox 1201 1787 1364 1848; x_wconf 90' lang='lat' dir='ltr'>materiam</span> <span class='ocrx_word' id='word_1_57' title='bbox 1380 1788 1465 1851; x_wconf 90' lang='lat' dir='ltr'>enim</span> <span class='ocrx_word' id='word_1_58' title='bbox 1479 1807 1594 1862; x_wconf 88' lang='lat' dir='ltr'>rerum,</span> <span class='ocrx_word' id='word_1_59' title='bbox 1617 1807 1657 1851; x_wconf 87' lang='lat' dir='ltr'>ex</span> <span class='ocrx_word' id='word_1_60' title='bbox 1673 1801 1760 1871; x_wconf 77' lang='lat' dir='ltr'>quau</span> 
     </span>
     <span class='ocr_line' id='line_1_7' title="bbox 407 1878 1738 1966; baseline -0.004 -18"><span class='ocrx_word' id='word_1_61' title='bbox 407 1893 439 1949; x_wconf 89' lang='lat' dir='ltr'>ot</span> <span class='ocrx_word' id='word_1_62' title='bbox 461 1884 494 1946; x_wconf 92' lang='lat' dir='ltr'>in</span> <span class='ocrx_word' id='word_1_63' title='bbox 517 1900 580 1966; x_wconf 92' lang='lat' dir='ltr'>qua</span> <span class='ocrx_word' id='word_1_64' title='bbox 603 1882 710 1944; x_wconf 94' lang='lat' dir='ltr'>omnia</span> <span class='ocrx_word' id='word_1_65' title='bbox 731 1880 808 1953; x_wconf 90' lang='lat' dir='ltr'>sint,</span> <span class='ocrx_word' id='word_1_66' title='bbox 839 1889 936 1942; x_wconf 89' lang='lat' dir='ltr'>totam</span> <span class='ocrx_word' id='word_1_67' title='bbox 964 1899 1034 1941; x_wconf 87' lang='lat' dir='ltr'>esse</span> <span class='ocrx_word' id='word_1_68' title='bbox 1056 1878 1228 1942; x_wconf 80' lang='lat' dir='ltr'>flexibilem</span> <span class='ocrx_word' id='word_1_69' title='bbox 1250 1887 1282 1942; x_wconf 90' lang='lat' dir='ltr'>et</span> <span class='ocrx_word' id='word_1_70' title='bbox 1303 1881 1571 1956; x_wconf 79' lang='lat' dir='ltr'>commutabilem,</span> <span class='ocrx_word' id='word_1_71' title='bbox 1600 1889 1636 1945; x_wconf 90' lang='lat' dir='ltr'>ut</span> <span class='ocrx_word' id='word_1_72' title='bbox 1657 1882 1738 1944; x_wconf 87' lang='lat' dir='ltr'>nihil</span> 
     </span>
     <span class='ocr_line' id='line_1_8' title="bbox 408 1972 1738 2062; baseline -0.003 -19"><span class='ocrx_word' id='word_1_73' title='bbox 408 1981 448 2043; x_wconf 92' lang='lat' dir='ltr'>sit</span> <span class='ocrx_word' id='word_1_74' title='bbox 470 1976 559 2062; x_wconf 92' lang='lat' dir='ltr'>quod</span> <span class='ocrx_word' id='word_1_75' title='bbox 581 1994 646 2037; x_wconf 92' lang='lat' dir='ltr'>non</span> <span class='ocrx_word' id='word_1_76' title='bbox 670 1994 711 2037; x_wconf 83' lang='lat' dir='ltr'>ex</span> <span class='ocrx_word' id='word_1_77' title='bbox 733 1992 770 2036; x_wconf 91' lang='lat' dir='ltr'>ea</span> <span class='ocrx_word' id='word_1_78' title='bbox 792 1973 936 2055; x_wconf 87' lang='lat' dir='ltr'>quamvis</span> <span class='ocrx_word' id='word_1_79' title='bbox 958 1973 1061 2035; x_wconf 87' lang='lat' dir='ltr'>subito</span> <span class='ocrx_word' id='word_1_80' title='bbox 1083 1972 1160 2056; x_wconf 89' lang='lat' dir='ltr'>fingi</span> <span class='ocrx_word' id='word_1_81' title='bbox 1182 1973 1388 2056; x_wconf 83' lang='lat' dir='ltr'>convertique</span> <span class='ocrx_word' id='word_1_82' title='bbox 1403 1975 1526 2057; x_wconf 82' lang='lat' dir='ltr'>possit3</span> <span class='ocrx_word' id='word_1_83' title='bbox 1550 1976 1619 2038; x_wconf 92' lang='lat' dir='ltr'>eius</span> <span class='ocrx_word' id='word_1_84' title='bbox 1633 1984 1738 2039; x_wconf 91' lang='lat' dir='ltr'>autem</span> 
     </span>
     <span class='ocr_line' id='line_1_9' title="bbox 407 2066 1739 2150; baseline -0.001 -15"><span class='ocrx_word' id='word_1_85' title='bbox 407 2075 576 2136; x_wconf 85' lang='lat' dir='ltr'>universae</span> <span class='ocrx_word' id='word_1_86' title='bbox 605 2066 753 2131; x_wconf 85' lang='lat' dir='ltr'>fictricem</span> <span class='ocrx_word' id='word_1_87' title='bbox 783 2074 815 2128; x_wconf 89' lang='lat' dir='ltr'>et</span> <span class='ocrx_word' id='word_1_88' title='bbox 842 2066 1084 2129; x_wconf 80' lang='lat' dir='ltr'>moderatricem</span> <span class='ocrx_word' id='word_1_89' title='bbox 1113 2066 1252 2129; x_wconf 81' lang='lat' dir='ltr'>divinam</span> <span class='ocrx_word' id='word_1_90' title='bbox 1283 2087 1352 2130; x_wconf 89' lang='lat' dir='ltr'>esse</span> <span class='ocrx_word' id='word_1_91' title='bbox 1378 2068 1628 2150; x_wconf 84' lang='lat' dir='ltr'>providentiam:</span> <span class='ocrx_word' id='word_1_92' title='bbox 1658 2071 1739 2134; x_wconf 78' lang='lat' dir='ltr'>liano</span> 
     </span>
     <span class='ocr_line' id='line_1_10' title="bbox 409 2156 1740 2249; baseline -0.002 -21"><span class='ocrx_word' id='word_1_93' title='bbox 409 2166 515 2249; x_wconf 91' lang='lat' dir='ltr'>igitur,</span> <span class='ocrx_word' id='word_1_94' title='bbox 539 2180 742 2247; x_wconf 91' lang='lat' dir='ltr'>quocumque</span> <span class='ocrx_word' id='word_1_95' title='bbox 764 2179 798 2222; x_wconf 90' lang='lat' dir='ltr'>se</span> <span class='ocrx_word' id='word_1_96' title='bbox 821 2168 960 2235; x_wconf 86' lang='lat' dir='ltr'>moveat,</span> <span class='ocrx_word' id='word_1_97' title='bbox 989 2156 1115 2223; x_wconf 84' lang='lat' dir='ltr'>efficere</span> <span class='ocrx_word' id='word_1_98' title='bbox 1136 2181 1230 2243; x_wconf 90' lang='lat' dir='ltr'>posse</span> <span class='ocrx_word' id='word_1_99' title='bbox 1252 2162 1411 2246; x_wconf 92' lang='lat' dir='ltr'>quicquid</span> <span class='ocrx_word' id='word_1_100' title='bbox 1430 2162 1514 2225; x_wconf 82' lang='lat' dir='ltr'>velit</span> <span class='ocrx_word' id='word_1_101' title='bbox 1550 2165 1662 2249; x_wconf 91' lang='lat' dir='ltr'>ltaque</span> <span class='ocrx_word' id='word_1_102' title='bbox 1684 2172 1740 2227; x_wconf 91' lang='lat' dir='ltr'>aut</span> 
     </span>
     <span class='ocr_line' id='line_1_11' title="bbox 408 2247 1778 2340; baseline -0.004 -18"><span class='ocrx_word' id='word_1_103' title='bbox 408 2259 512 2323; x_wconf 89' lang='lat' dir='ltr'>nescit</span> <span class='ocrx_word' id='word_1_104' title='bbox 541 2256 616 2340; x_wconf 93' lang='lat' dir='ltr'>quid</span> <span class='ocrx_word' id='word_1_105' title='bbox 645 2255 747 2337; x_wconf 87' lang='lat' dir='ltr'>possit</span> <span class='ocrx_word' id='word_1_106' title='bbox 775 2263 831 2316; x_wconf 92' lang='lat' dir='ltr'>aut</span> <span class='ocrx_word' id='word_1_107' title='bbox 852 2254 993 2338; x_wconf 72' lang='lat' dir='ltr'>neglegit</span> <span class='ocrx_word' id='word_1_108' title='bbox 1013 2274 1063 2316; x_wconf 88' lang='lat' dir='ltr'>res</span> <span class='ocrx_word' id='word_1_109' title='bbox 1085 2253 1238 2318; x_wconf 87' lang='lat' dir='ltr'>humanas</span> <span class='ocrx_word' id='word_1_110' title='bbox 1260 2263 1314 2319; x_wconf 90' lang='lat' dir='ltr'>aut</span> <span class='ocrx_word' id='word_1_111' title='bbox 1335 2256 1414 2339; x_wconf 91' lang='lat' dir='ltr'>quid</span> <span class='ocrx_word' id='word_1_112' title='bbox 1436 2256 1477 2320; x_wconf 87' lang='lat' dir='ltr'>sit</span> <span class='ocrx_word' id='word_1_113' title='bbox 1498 2247 1653 2339; x_wconf 91' lang='lat' dir='ltr'>optimum</span> <span class='ocrx_word' id='word_1_114' title='bbox 1675 2272 1778 2319; x_wconf 82' lang='lat' dir='ltr'>nonio</span> 
     </span>
     <span class='ocr_line' id='line_1_12' title="bbox 408 2345 1740 2437; baseline -0.002 -20"><span class='ocrx_word' id='word_1_115' title='bbox 408 2359 514 2437; x_wconf 91' lang='lat' dir='ltr'>potest</span> <span class='ocrx_word' id='word_1_116' title='bbox 535 2350 686 2415; x_wconf 86' lang='lat' dir='ltr'>iudicare.</span> <span class='ocrx_word' id='word_1_117' title='bbox 729 2345 781 2409; x_wconf 89' lang='grc'>93.</span> <span class='ocrx_word' id='word_1_118' title='bbox 802 2349 875 2410; x_wconf 90' lang='lat' dir='ltr'>Non</span> <span class='ocrx_word' id='word_1_119' title='bbox 897 2355 989 2411; x_wconf 88' lang='lat' dir='ltr'>curat</span> <span class='ocrx_word' id='word_1_120' title='bbox 1007 2347 1150 2428; x_wconf 87' lang='lat' dir='ltr'>singulos</span> <span class='ocrx_word' id='word_1_121' title='bbox 1171 2347 1328 2413; x_wconf 85' lang='lat' dir='ltr'>homines.</span> <span class='ocrx_word' id='word_1_122' title='bbox 1362 2352 1433 2413; x_wconf 87' lang='lat' dir='ltr'>Nou</span> <span class='ocrx_word' id='word_1_123' title='bbox 1452 2351 1586 2414; x_wconf 87' lang='lat' dir='ltr'>mirum:</span> <span class='ocrx_word' id='word_1_124' title='bbox 1608 2372 1648 2415; x_wconf 88' lang='lat' dir='ltr'>ne</span> <span class='ocrx_word' id='word_1_125' title='bbox 1664 2352 1740 2414; x_wconf 85' lang='lat' dir='ltr'>ciri·</span> 
     </span>
     <span class='ocr_line' id='line_1_13' title="bbox 409 2440 1740 2529; baseline -0.003 -18"><span class='ocrx_word' id='word_1_126' title='bbox 409 2456 489 2511; x_wconf 90' lang='lat' dir='ltr'>tates</span> <span class='ocrx_word' id='word_1_127' title='bbox 519 2445 661 2529; x_wconf 91' lang='lat' dir='ltr'>quidem.</span> <span class='ocrx_word' id='word_1_128' title='bbox 697 2444 769 2505; x_wconf 88' lang='lat' dir='ltr'>Non</span> <span class='ocrx_word' id='word_1_129' title='bbox 797 2444 877 2505; x_wconf 79' lang='lat' dir='ltr'>east</span> <span class='ocrx_word' id='word_1_130' title='bbox 906 2462 947 2504; x_wconf 90' lang='lat' dir='ltr'>no</span> <span class='ocrx_word' id='word_1_131' title='bbox 977 2442 1122 2504; x_wconf 86' lang='lat' dir='ltr'>nationes</span> <span class='ocrx_word' id='word_1_132' title='bbox 1151 2440 1280 2525; x_wconf 89' lang='lat' dir='ltr'>quidem</span> <span class='ocrx_word' id='word_1_133' title='bbox 1308 2450 1340 2506; x_wconf 92' lang='lat' dir='ltr'>et</span> <span class='ocrx_word' id='word_1_134' title='bbox 1367 2444 1480 2527; x_wconf 89' lang='lat' dir='ltr'>gentis.</span> <span class='ocrx_word' id='word_1_135' title='bbox 1517 2444 1611 2519; x_wconf 90' lang='lat' dir='ltr'>Quod</span> <span class='ocrx_word' id='word_1_136' title='bbox 1634 2444 1661 2507; x_wconf 87' lang='lat' dir='ltr'>si</span> <span class='ocrx_word' id='word_1_137' title='bbox 1683 2446 1740 2507; x_wconf 83' lang='lat' dir='ltr'>has</span> 
     </span>
     <span class='ocr_line' id='line_1_14' title="bbox 410 2536 1743 2619; baseline -0.002 -16"><span class='ocrx_word' id='word_1_138' title='bbox 410 2541 505 2604; x_wconf 90' lang='lat' dir='ltr'>etiam</span> <span class='ocrx_word' id='word_1_139' title='bbox 528 2545 722 2610; x_wconf 87' lang='lat' dir='ltr'>contemnet,</span> <span class='ocrx_word' id='word_1_140' title='bbox 746 2536 823 2619; x_wconf 91' lang='lat' dir='ltr'>quid</span> <span class='ocrx_word' id='word_1_141' title='bbox 847 2537 959 2598; x_wconf 90' lang='lat' dir='ltr'>mirum</span> <span class='ocrx_word' id='word_1_142' title='bbox 983 2543 1030 2597; x_wconf 88' lang='lat' dir='ltr'>est</span> <span class='ocrx_word' id='word_1_143' title='bbox 1050 2554 1144 2598; x_wconf 88' lang='lat' dir='ltr'>omne</span> <span class='ocrx_word' id='word_1_144' title='bbox 1165 2536 1206 2598; x_wconf 88' lang='lat' dir='ltr'>ab</span> <span class='ocrx_word' id='word_1_145' title='bbox 1228 2555 1264 2599; x_wconf 88' lang='lat' dir='ltr'>ca</span> <span class='ocrx_word' id='word_1_146' title='bbox 1280 2556 1380 2619; x_wconf 88' lang='lat' dir='ltr'>genus</span> <span class='ocrx_word' id='word_1_147' title='bbox 1392 2536 1566 2601; x_wconf 84' lang='lat' dir='ltr'>humanum</span> <span class='ocrx_word' id='word_1_148' title='bbox 1581 2557 1652 2601; x_wconf 87' lang='lat' dir='ltr'>esse</span> <span class='ocrx_word' id='word_1_149' title='bbox 1666 2558 1743 2601; x_wconf 88' lang='lat' dir='ltr'>con·</span> 
     </span>
     <span class='ocr_line' id='line_1_15' title="bbox 410 2628 1742 2715; baseline -0.001 -18"><span class='ocrx_word' id='word_1_150' title='bbox 410 2635 590 2715; x_wconf 71' lang='lat' dir='ltr'>temptum?</span> <span class='ocrx_word' id='word_1_151' title='bbox 620 2630 684 2693; x_wconf 86' lang='lat' dir='ltr'>Sed</span> <span class='ocrx_word' id='word_1_152' title='bbox 706 2650 772 2713; x_wconf 91' lang='lat' dir='ltr'>quo</span> <span class='ocrx_word' id='word_1_153' title='bbox 795 2630 890 2692; x_wconf 94' lang='lat' dir='ltr'>modo</span> <span class='ocrx_word' id='word_1_154' title='bbox 912 2628 997 2691; x_wconf 90' lang='lat' dir='ltr'>idem</span> <span class='ocrx_word' id='word_1_155' title='bbox 1020 2629 1125 2692; x_wconf 89' lang='lat' dir='ltr'>dicitis</span> <span class='ocrx_word' id='word_1_156' title='bbox 1145 2648 1211 2692; x_wconf 93' lang='lat' dir='ltr'>non</span> <span class='ocrx_word' id='word_1_157' title='bbox 1232 2631 1342 2692; x_wconf 89' lang='lat' dir='ltr'>omnia·</span> <span class='ocrx_word' id='word_1_158' title='bbox 1360 2630 1438 2694; x_wconf 87' lang='lat' dir='ltr'>deos</span> <span class='ocrx_word' id='word_1_159' title='bbox 1460 2632 1628 2714; x_wconf 88' lang='lat' dir='ltr'>persequi,</span> <span class='ocrx_word' id='word_1_160' title='bbox 1656 2631 1742 2696; x_wconf 90' lang='lat' dir='ltr'>idem</span> 
     </span>
     <span class='ocr_line' id='line_1_16' title="bbox 410 2720 1780 2805; baseline -0.005 -12"><span class='ocrx_word' id='word_1_161' title='bbox 410 2727 505 2793; x_wconf 85' lang='lat' dir='ltr'>voltis</span> <span class='ocrx_word' id='word_1_162' title='bbox 526 2745 546 2789; x_wconf 86' lang='lat' dir='ltr'>a</span> <span class='ocrx_word' id='word_1_163' title='bbox 568 2725 617 2789; x_wconf 90' lang='lat' dir='ltr'>dis</span> <span class='ocrx_word' id='word_1_164' title='bbox 639 2723 861 2787; x_wconf 80' lang='lat' dir='ltr'>inmortalibus</span> <span class='ocrx_word' id='word_1_165' title='bbox 884 2720 1065 2785; x_wconf 90' lang='lat' dir='ltr'>hominibus</span> <span class='ocrx_word' id='word_1_166' title='bbox 1088 2722 1248 2805; x_wconf 91' lang='lat' dir='ltr'>dispertiri</span> <span class='ocrx_word' id='word_1_167' title='bbox 1271 2744 1308 2786; x_wconf 91' lang='lat' dir='ltr'>ac</span> <span class='ocrx_word' id='word_1_168' title='bbox 1324 2723 1424 2787; x_wconf 82' lang='lat' dir='ltr'>dividi</span> <span class='ocrx_word' id='word_1_169' title='bbox 1439 2726 1586 2788; x_wconf 77' lang='lat' dir='ltr'>somniat</span> <span class='ocrx_word' id='word_1_170' title='bbox 1620 2724 1780 2789; x_wconf 83' lang='lat' dir='ltr'>ldcircota</span> 
     </span>
     <span class='ocr_line' id='line_1_17' title="bbox 410 2815 1742 2903; baseline -0.002 -20"><span class='ocrx_word' id='word_1_171' title='bbox 410 2820 490 2883; x_wconf 83' lang='lat' dir='ltr'>haec</span> <span class='ocrx_word' id='word_1_172' title='bbox 518 2828 638 2893; x_wconf 88' lang='lat' dir='ltr'>tecum,</span> <span class='ocrx_word' id='word_1_173' title='bbox 671 2819 747 2901; x_wconf 91' lang='lat' dir='ltr'>quia</span> <span class='ocrx_word' id='word_1_174' title='bbox 767 2826 882 2880; x_wconf 81' lang='lat' dir='ltr'>restra</span> <span class='ocrx_word' id='word_1_175' title='bbox 911 2822 960 2879; x_wconf 90' lang='lat' dir='ltr'>est</span> <span class='ocrx_word' id='word_1_176' title='bbox 987 2815 1028 2877; x_wconf 89' lang='lat' dir='ltr'>de</span> <span class='ocrx_word' id='word_1_177' title='bbox 1056 2817 1251 2880; x_wconf 90' lang='lat' dir='ltr'>somniorum</span> <span class='ocrx_word' id='word_1_178' title='bbox 1273 2818 1406 2881; x_wconf 87' lang='lat' dir='ltr'>veritate</span> <span class='ocrx_word' id='word_1_179' title='bbox 1434 2821 1601 2883; x_wconf 77' lang='lat' dir='ltr'>sententia.</span> <span class='ocrx_word' id='word_1_180' title='bbox 1636 2823 1742 2903; x_wconf 81' lang='lat' dir='ltr'>Atque</span> 
     </span>
     <span class='ocr_line' id='line_1_18' title="bbox 411 2909 1744 2995; baseline -0.001 -19"><span class='ocrx_word' id='word_1_181' title='bbox 411 2914 496 2977; x_wconf 90' lang='lat' dir='ltr'>idem</span> <span class='ocrx_word' id='word_1_182' title='bbox 527 2913 622 2976; x_wconf 90' lang='lat' dir='ltr'>etiam</span> <span class='ocrx_word' id='word_1_183' title='bbox 644 2921 718 2976; x_wconf 82' lang='lat' dir='ltr'>vota</span> <span class='ocrx_word' id='word_1_184' title='bbox 739 2910 858 2993; x_wconf 83' lang='lat' dir='ltr'>suscipi</span> <span class='ocrx_word' id='word_1_185' title='bbox 880 2909 986 2973; x_wconf 91' lang='lat' dir='ltr'>dicitis</span> <span class='ocrx_word' id='word_1_186' title='bbox 1008 2918 1167 2991; x_wconf 85' lang='lat' dir='ltr'>oportere.</span> <span class='ocrx_word' id='word_1_187' title='bbox 1203 2912 1324 2994; x_wconf 88' lang='lat' dir='ltr'>Nempe</span> <span class='ocrx_word' id='word_1_188' title='bbox 1345 2911 1463 2995; x_wconf 88' lang='lat' dir='ltr'>singuli</span> <span class='ocrx_word' id='word_1_189' title='bbox 1486 2921 1624 2989; x_wconf 77' lang='lat' dir='ltr'>vorent3</span> <span class='ocrx_word' id='word_1_190' title='bbox 1653 2914 1744 2977; x_wconf 92' lang='lat' dir='ltr'>audit</span> 
     </span>
     <span class='ocr_line' id='line_1_19' title="bbox 411 3002 1743 3094; baseline -0.002 -22"><span class='ocrx_word' id='word_1_191' title='bbox 411 3010 509 3094; x_wconf 91' lang='lat' dir='ltr'>igitur</span> <span class='ocrx_word' id='word_1_192' title='bbox 537 3027 627 3072; x_wconf 88' lang='lat' dir='ltr'>mens</span> <span class='ocrx_word' id='word_1_193' title='bbox 655 3005 762 3068; x_wconf 83' lang='lat' dir='ltr'>divina</span> <span class='ocrx_word' id='word_1_194' title='bbox 791 3005 884 3067; x_wconf 88' lang='lat' dir='ltr'>etiam</span> <span class='ocrx_word' id='word_1_195' title='bbox 914 3002 954 3065; x_wconf 94' lang='lat' dir='ltr'>de</span> <span class='ocrx_word' id='word_1_196' title='bbox 983 3003 1128 3086; x_wconf 88' lang='lat' dir='ltr'>siugulis.</span> <span class='ocrx_word' id='word_1_197' title='bbox 1167 3004 1287 3067; x_wconf 89' lang='lat' dir='ltr'>Videtis</span> <span class='ocrx_word' id='word_1_198' title='bbox 1310 3024 1386 3087; x_wconf 88' lang='lat' dir='ltr'>ergo</span> <span class='ocrx_word' id='word_1_199' title='bbox 1408 3026 1473 3068; x_wconf 93' lang='lat' dir='ltr'>non</span> <span class='ocrx_word' id='word_1_200' title='bbox 1495 3025 1565 3072; x_wconf 80' lang='lat' dir='ltr'>esse</span> <span class='ocrx_word' id='word_1_201' title='bbox 1587 3026 1657 3070; x_wconf 86' lang='lat' dir='ltr'>eam</span> <span class='ocrx_word' id='word_1_202' title='bbox 1679 3016 1743 3070; x_wconf 91' lang='lat' dir='ltr'>tam</span> 
     </span>
     <span class='ocr_line' id='line_1_20' title="bbox 412 3095 1744 3185; baseline -0.002 -19"><span class='ocrx_word' id='word_1_203' title='bbox 412 3110 595 3185; x_wconf 85' lang='lat' dir='ltr'>occupatam</span> <span class='ocrx_word' id='word_1_204' title='bbox 610 3119 706 3184; x_wconf 89' lang='lat' dir='ltr'>quam</span> <span class='ocrx_word' id='word_1_205' title='bbox 720 3098 891 3181; x_wconf 88' lang='lat' dir='ltr'>putabatis.</span> <span class='ocrx_word' id='word_1_206' title='bbox 912 3098 974 3160; x_wconf 77' lang='lat' dir='ltr'>Fac</span> <span class='ocrx_word' id='word_1_207' title='bbox 989 3117 1060 3160; x_wconf 87' lang='lat' dir='ltr'>esse</span> <span class='ocrx_word' id='word_1_208' title='bbox 1075 3095 1260 3173; x_wconf 87' lang='lat' dir='ltr'>distentam,</span> <span class='ocrx_word' id='word_1_209' title='bbox 1281 3100 1403 3162; x_wconf 88' lang='lat' dir='ltr'>caelum</span> <span class='ocrx_word' id='word_1_210' title='bbox 1417 3108 1605 3173; x_wconf 84' lang='lat' dir='ltr'>versantem,</span> <span class='ocrx_word' id='word_1_211' title='bbox 1627 3108 1744 3165; x_wconf 83' lang='lat' dir='ltr'>terram</span> 
     </span>
     <span class='ocr_line' id='line_1_21' title="bbox 413 3191 1782 3275; baseline -0.002 -15"><span class='ocrx_word' id='word_1_212' title='bbox 413 3204 570 3268; x_wconf 88' lang='lat' dir='ltr'>tuentem,</span> <span class='ocrx_word' id='word_1_213' title='bbox 591 3195 688 3259; x_wconf 89' lang='lat' dir='ltr'>maria</span> <span class='ocrx_word' id='word_1_214' title='bbox 709 3191 942 3257; x_wconf 86' lang='lat' dir='ltr'>moderantem:</span> <span class='ocrx_word' id='word_1_215' title='bbox 965 3211 1023 3253; x_wconf 89' lang='lat' dir='ltr'>cur</span> <span class='ocrx_word' id='word_1_216' title='bbox 1044 3199 1108 3254; x_wconf 91' lang='lat' dir='ltr'>tam</span> <span class='ocrx_word' id='word_1_217' title='bbox 1130 3191 1248 3255; x_wconf 92' lang='lat' dir='ltr'>multos</span> <span class='ocrx_word' id='word_1_218' title='bbox 1270 3192 1349 3256; x_wconf 86' lang='lat' dir='ltr'>deos</span> <span class='ocrx_word' id='word_1_219' title='bbox 1371 3191 1450 3256; x_wconf 90' lang='lat' dir='ltr'>nihil</span> <span class='ocrx_word' id='word_1_220' title='bbox 1465 3212 1559 3275; x_wconf 88' lang='lat' dir='ltr'>agere</span> <span class='ocrx_word' id='word_1_221' title='bbox 1573 3199 1606 3255; x_wconf 91' lang='lat' dir='ltr'>et</span> <span class='ocrx_word' id='word_1_222' title='bbox 1619 3210 1782 3257; x_wconf 76' lang='lat' dir='ltr'>cessamus</span> 
     </span>
     <span class='ocr_line' id='line_1_22' title="bbox 414 3283 1744 3373; baseline -0.003 -20"><span class='ocrx_word' id='word_1_223' title='bbox 414 3291 554 3373; x_wconf 72' lang='lat' dir='ltr'>patitur?</span> <span class='ocrx_word' id='word_1_224' title='bbox 576 3308 634 3351; x_wconf 91' lang='lat' dir='ltr'>cur</span> <span class='ocrx_word' id='word_1_225' title='bbox 654 3306 719 3351; x_wconf 89' lang='lat' dir='ltr'>non</span> <span class='ocrx_word' id='word_1_226' title='bbox 742 3286 837 3349; x_wconf 84' lang='lat' dir='ltr'>rebus</span> <span class='ocrx_word' id='word_1_227' title='bbox 857 3284 1005 3347; x_wconf 86' lang='lat' dir='ltr'>humanis</span> <span class='ocrx_word' id='word_1_228' title='bbox 1027 3284 1151 3369; x_wconf 84' lang='lat' dir='ltr'>aliquos</span> <span class='ocrx_word' id='word_1_229' title='bbox 1173 3287 1296 3349; x_wconf 89' lang='lat' dir='ltr'>otiosos</span> <span class='ocrx_word' id='word_1_230' title='bbox 1319 3285 1395 3350; x_wconf 90' lang='lat' dir='ltr'>deos</span> <span class='ocrx_word' id='word_1_231' title='bbox 1416 3283 1574 3371; x_wconf 86' lang='lat' dir='ltr'>praeficit,</span> <span class='ocrx_word' id='word_1_232' title='bbox 1596 3287 1652 3370; x_wconf 90' lang='lat' dir='ltr'>qui</span> <span class='ocrx_word' id='word_1_233' title='bbox 1667 3305 1686 3351; x_wconf 83' lang='lat' dir='ltr'>a</span> <span class='ocrx_word' id='word_1_234' title='bbox 1702 3294 1744 3361; x_wconf 90' lang='lat' dir='ltr'>te,</span> 
     </span>
     <span class='ocr_line' id='line_1_23' title="bbox 414 3378 1747 3460; baseline -0.002 -14"><span class='ocrx_word' id='word_1_235' title='bbox 414 3384 529 3457; x_wconf 90' lang='lat' dir='ltr'>Balbe,</span> <span class='ocrx_word' id='word_1_236' title='bbox 544 3379 803 3446; x_wconf 82' lang='lat' dir='ltr'>innumerabiles</span> <span class='ocrx_word' id='word_1_237' title='bbox 826 3378 976 3460; x_wconf 83' lang='lat' dir='ltr'>explicati</span> <span class='ocrx_word' id='word_1_238' title='bbox 999 3380 1094 3441; x_wconf 73' lang='lat' dir='ltr'>sunt?</span> <span class='ocrx_word' id='word_1_239' title='bbox 1130 3378 1216 3444; x_wconf 85' lang='lat' dir='ltr'>llaec</span> <span class='ocrx_word' id='word_1_240' title='bbox 1237 3380 1305 3444; x_wconf 83' lang='lat' dir='ltr'>iere</span> <span class='ocrx_word' id='word_1_241' title='bbox 1327 3380 1432 3444; x_wconf 87' lang='lat' dir='ltr'>dicere</span> <span class='ocrx_word' id='word_1_242' title='bbox 1451 3380 1548 3445; x_wconf 86' lang='lat' dir='ltr'>habui</span> <span class='ocrx_word' id='word_1_243' title='bbox 1571 3380 1611 3446; x_wconf 87' lang='lat' dir='ltr'>de</span> <span class='ocrx_word' id='word_1_244' title='bbox 1633 3389 1747 3445; x_wconf 90' lang='lat' dir='ltr'>natura</span> 
     </span>
     <span class='ocr_line' id='line_1_24' title="bbox 415 3472 1746 3559; baseline 0.001 -20"><span class='ocrx_word' id='word_1_245' title='bbox 415 3476 562 3551; x_wconf 89' lang='lat' dir='ltr'>deorum,</span> <span class='ocrx_word' id='word_1_246' title='bbox 584 3496 648 3539; x_wconf 90' lang='lat' dir='ltr'>non</span> <span class='ocrx_word' id='word_1_247' title='bbox 670 3482 705 3537; x_wconf 91' lang='lat' dir='ltr'>ut</span> <span class='ocrx_word' id='word_1_248' title='bbox 727 3493 795 3536; x_wconf 89' lang='lat' dir='ltr'>eam</span> <span class='ocrx_word' id='word_1_249' title='bbox 818 3472 979 3546; x_wconf 89' lang='lat' dir='ltr'>tollerem,</span> <span class='ocrx_word' id='word_1_250' title='bbox 1002 3474 1059 3535; x_wconf 87' lang='lat' dir='ltr'>sed</span> <span class='ocrx_word' id='word_1_251' title='bbox 1081 3480 1117 3535; x_wconf 91' lang='lat' dir='ltr'>ut</span> <span class='ocrx_word' id='word_1_252' title='bbox 1137 3474 1363 3559; x_wconf 76' lang='lat' dir='ltr'>intellegeretis</span> <span class='ocrx_word' id='word_1_253' title='bbox 1385 3494 1481 3559; x_wconf 92' lang='lat' dir='ltr'>quam</span> <span class='ocrx_word' id='word_1_254' title='bbox 1503 3483 1589 3540; x_wconf 84' lang='lat' dir='ltr'>esset</span> <span class='ocrx_word' id='word_1_255' title='bbox 1610 3477 1746 3541; x_wconf 85' lang='lat' dir='ltr'>obscura</span> 
     </span>
     <span class='ocr_line' id='line_1_25' title="bbox 416 3565 1088 3654; baseline -0.006 -21"><span class='ocrx_word' id='word_1_256' title='bbox 416 3579 449 3633; x_wconf 90' lang='lat' dir='ltr'>et</span> <span class='ocrx_word' id='word_1_257' title='bbox 471 3590 567 3654; x_wconf 92' lang='lat' dir='ltr'>quam</span> <span class='ocrx_word' id='word_1_258' title='bbox 589 3566 730 3632; x_wconf 85' lang='lat' dir='ltr'>difficilis</span> <span class='ocrx_word' id='word_1_259' title='bbox 752 3565 926 3649; x_wconf 87' lang='lat' dir='ltr'>explicatus</span> <span class='ocrx_word' id='word_1_260' title='bbox 949 3567 1088 3630; x_wconf 78' lang='lat' dir='ltr'>liaberet.</span> 
     </span>
    </p>

    <p class='ocr_par' dir='ltr' id='par_1_3' title="bbox 415 3658 1790 4868">
     <span class='ocr_line' id='line_1_26' title="bbox 499 3658 1784 3739; baseline -0.001 -11"><span class='ocrx_word' id='word_1_261' title='bbox 499 3665 566 3728; x_wconf 86' lang='lat' dir='ltr'>XL.</span> <span class='ocrx_word' id='word_1_262' title='bbox 588 3659 640 3725; x_wconf 80' lang='lat' dir='ltr'>ai.</span> <span class='ocrx_word' id='word_1_263' title='bbox 663 3663 756 3739; x_wconf 85' lang='lat' dir='ltr'>Quae</span> <span class='ocrx_word' id='word_1_264' title='bbox 778 3682 849 3725; x_wconf 94' lang='lat' dir='ltr'>cum</span> <span class='ocrx_word' id='word_1_265' title='bbox 865 3661 1015 3735; x_wconf 84' lang='lat' dir='ltr'>dixisset,</span> <span class='ocrx_word' id='word_1_266' title='bbox 1039 3660 1129 3724; x_wconf 85' lang='lat' dir='ltr'>Cotta</span> <span class='ocrx_word' id='word_1_267' title='bbox 1152 3658 1257 3724; x_wconf 90' lang='lat' dir='ltr'>linem.</span> <span class='ocrx_word' id='word_1_268' title='bbox 1280 3661 1420 3725; x_wconf 87' lang='lat' dir='ltr'>Lucilius</span> <span class='ocrx_word' id='word_1_269' title='bbox 1434 3669 1551 3737; x_wconf 88' lang='lat' dir='ltr'>autem,</span> <span class='ocrx_word' id='word_1_270' title='bbox 1572 3660 1784 3728; x_wconf 79' lang='lat' dir='ltr'>Vehemen-ao</span> 
     </span>
     <span class='ocr_line' id='line_1_27' title="bbox 415 3754 1746 3842; baseline -0.002 -20"><span class='ocrx_word' id='word_1_271' title='bbox 415 3759 493 3832; x_wconf 83' lang='lat' dir='ltr'>tius,</span> <span class='ocrx_word' id='word_1_272' title='bbox 522 3758 642 3842; x_wconf 91' lang='lat' dir='ltr'>inquit,</span> <span class='ocrx_word' id='word_1_273' title='bbox 667 3757 774 3830; x_wconf 86' lang='lat' dir='ltr'>Cotta,</span> <span class='ocrx_word' id='word_1_274' title='bbox 802 3763 837 3818; x_wconf 91' lang='lat' dir='ltr'>tu</span> <span class='ocrx_word' id='word_1_275' title='bbox 859 3754 987 3838; x_wconf 90' lang='lat' dir='ltr'>quidem</span> <span class='ocrx_word' id='word_1_276' title='bbox 1009 3755 1152 3818; x_wconf 85' lang='lat' dir='ltr'>invectus</span> <span class='ocrx_word' id='word_1_277' title='bbox 1174 3775 1209 3819; x_wconf 90' lang='lat' dir='ltr'>es</span> <span class='ocrx_word' id='word_1_278' title='bbox 1231 3755 1266 3817; x_wconf 92' lang='lat' dir='ltr'>in</span> <span class='ocrx_word' id='word_1_279' title='bbox 1286 3773 1357 3818; x_wconf 90' lang='lat' dir='ltr'>eam</span> <span class='ocrx_word' id='word_1_280' title='bbox 1379 3755 1559 3820; x_wconf 89' lang='lat' dir='ltr'>Stoicorum</span> <span class='ocrx_word' id='word_1_281' title='bbox 1580 3757 1746 3834; x_wconf 89' lang='lat' dir='ltr'>rationem,</span> 
     </span>
     <span class='ocr_line' id='line_1_28' title="bbox 416 3849 1747 3936; baseline -0.001 -21"><span class='ocrx_word' id='word_1_282' title='bbox 416 3872 500 3936; x_wconf 89' lang='lat' dir='ltr'>quae</span> <span class='ocrx_word' id='word_1_283' title='bbox 523 3852 563 3915; x_wconf 89' lang='lat' dir='ltr'>de</span> <span class='ocrx_word' id='word_1_284' title='bbox 585 3851 784 3934; x_wconf 86' lang='lat' dir='ltr'>providentia</span> <span class='ocrx_word' id='word_1_285' title='bbox 805 3849 938 3911; x_wconf 91' lang='lat' dir='ltr'>deorum</span> <span class='ocrx_word' id='word_1_286' title='bbox 960 3850 1000 3912; x_wconf 91' lang='lat' dir='ltr'>ab</span> <span class='ocrx_word' id='word_1_287' title='bbox 1021 3849 1084 3913; x_wconf 91' lang='lat' dir='ltr'>illis</span> <span class='ocrx_word' id='word_1_288' title='bbox 1103 3850 1309 3913; x_wconf 86' lang='lat' dir='ltr'>sanctissume</span> <span class='ocrx_word' id='word_1_289' title='bbox 1323 3855 1356 3913; x_wconf 89' lang='lat' dir='ltr'>et</span> <span class='ocrx_word' id='word_1_290' title='bbox 1369 3849 1656 3931; x_wconf 82' lang='lat' dir='ltr'>providentiarume</span> <span class='ocrx_word' id='word_1_291' title='bbox 1671 3870 1747 3914; x_wconf 92' lang='lat' dir='ltr'>con·</span> 
     </span>
     <span class='ocr_line' id='line_1_29' title="bbox 417 3942 1748 4029; baseline -0.001 -19"><span class='ocrx_word' id='word_1_292' title='bbox 417 3947 528 4011; x_wconf 87' lang='lat' dir='ltr'>stituta</span> <span class='ocrx_word' id='word_1_293' title='bbox 549 3953 607 4009; x_wconf 86' lang='lat' dir='ltr'>est.</span> <span class='ocrx_word' id='word_1_294' title='bbox 648 3944 709 4007; x_wconf 88' lang='lat' dir='ltr'>Sed</span> <span class='ocrx_word' id='word_1_295' title='bbox 734 3944 885 4028; x_wconf 91' lang='lat' dir='ltr'>quoniam</span> <span class='ocrx_word' id='word_1_296' title='bbox 913 3942 1158 4026; x_wconf 86' lang='lat' dir='ltr'>advesperascit,</span> <span class='ocrx_word' id='word_1_297' title='bbox 1185 3944 1276 4008; x_wconf 85' lang='lat' dir='ltr'>dabis</span> <span class='ocrx_word' id='word_1_298' title='bbox 1303 3944 1397 4008; x_wconf 85' lang='lat' dir='ltr'>uobis</span> <span class='ocrx_word' id='word_1_299' title='bbox 1419 3943 1503 4009; x_wconf 84' lang='lat' dir='ltr'>diem</span> <span class='ocrx_word' id='word_1_300' title='bbox 1524 3944 1681 4029; x_wconf 88' lang='lat' dir='ltr'>aliquem,</span> <span class='ocrx_word' id='word_1_301' title='bbox 1710 3953 1748 4009; x_wconf 89' lang='lat' dir='ltr'>ut</span> 
     </span>
     <span class='ocr_line' id='line_1_30' title="bbox 419 4037 1749 4121; baseline 0 -18"><span class='ocrx_word' id='word_1_302' title='bbox 419 4048 530 4103; x_wconf 91' lang='lat' dir='ltr'>contra</span> <span class='ocrx_word' id='word_1_303' title='bbox 551 4039 611 4102; x_wconf 85' lang='lat' dir='ltr'>ista</span> <span class='ocrx_word' id='word_1_304' title='bbox 633 4039 784 4101; x_wconf 89' lang='lat' dir='ltr'>dicamus.</span> <span class='ocrx_word' id='word_1_305' title='bbox 820 4038 876 4100; x_wconf 87' lang='lat' dir='ltr'>Est</span> <span class='ocrx_word' id='word_1_306' title='bbox 896 4037 981 4100; x_wconf 89' lang='lat' dir='ltr'>euim</span> <span class='ocrx_word' id='word_1_307' title='bbox 1004 4037 1082 4100; x_wconf 86' lang='lat' dir='ltr'>milri</span> <span class='ocrx_word' id='word_1_308' title='bbox 1104 4045 1208 4103; x_wconf 90' lang='lat' dir='ltr'>tecum</span> <span class='ocrx_word' id='word_1_309' title='bbox 1230 4056 1289 4121; x_wconf 94' lang='lat' dir='ltr'>pro</span> <span class='ocrx_word' id='word_1_310' title='bbox 1311 4040 1376 4102; x_wconf 88' lang='lat' dir='ltr'>aris</span> <span class='ocrx_word' id='word_1_311' title='bbox 1398 4047 1431 4102; x_wconf 91' lang='lat' dir='ltr'>et</span> <span class='ocrx_word' id='word_1_312' title='bbox 1451 4038 1531 4104; x_wconf 81' lang='lat' dir='ltr'>focis</span> <span class='ocrx_word' id='word_1_313' title='bbox 1545 4048 1703 4103; x_wconf 86' lang='lat' dir='ltr'>certamen</span> <span class='ocrx_word' id='word_1_314' title='bbox 1717 4046 1749 4103; x_wconf 90' lang='lat' dir='ltr'>et</span> 
     </span>
     <span class='ocr_line' id='line_1_31' title="bbox 418 4130 1787 4218; baseline 0 -22"><span class='ocrx_word' id='word_1_315' title='bbox 418 4153 476 4216; x_wconf 88' lang='lat' dir='ltr'>pro</span> <span class='ocrx_word' id='word_1_316' title='bbox 499 4136 630 4197; x_wconf 91' lang='lat' dir='ltr'>deorum</span> <span class='ocrx_word' id='word_1_317' title='bbox 654 4132 778 4214; x_wconf 90' lang='lat' dir='ltr'>templis</span> <span class='ocrx_word' id='word_1_318' title='bbox 800 4140 897 4213; x_wconf 90' lang='lat' dir='ltr'>atque</span> <span class='ocrx_word' id='word_1_319' title='bbox 919 4130 1060 4193; x_wconf 86' lang='lat' dir='ltr'>delubris</span> <span class='ocrx_word' id='word_1_320' title='bbox 1082 4151 1207 4215; x_wconf 93' lang='lat' dir='ltr'>proque</span> <span class='ocrx_word' id='word_1_321' title='bbox 1230 4131 1318 4194; x_wconf 88' lang='lat' dir='ltr'>urbis</span> <span class='ocrx_word' id='word_1_322' title='bbox 1340 4132 1455 4206; x_wconf 90' lang='lat' dir='ltr'>muris,</span> <span class='ocrx_word' id='word_1_323' title='bbox 1477 4153 1559 4216; x_wconf 89' lang='lat' dir='ltr'>quos</span> <span class='ocrx_word' id='word_1_324' title='bbox 1575 4154 1647 4208; x_wconf 84' lang='lat' dir='ltr'>ros,</span> <span class='ocrx_word' id='word_1_325' title='bbox 1669 4149 1787 4218; x_wconf 86' lang='lat' dir='ltr'>pon-ao</span> 
     </span>
     <span class='ocr_line' id='line_1_32' title="bbox 420 4221 1749 4312; baseline 0.002 -23"><span class='ocrx_word' id='word_1_326' title='bbox 420 4223 535 4299; x_wconf 72' lang='lat' dir='ltr'>tidem,</span> <span class='ocrx_word' id='word_1_327' title='bbox 567 4234 692 4289; x_wconf 89' lang='lat' dir='ltr'>sanctos</span> <span class='ocrx_word' id='word_1_328' title='bbox 726 4245 796 4287; x_wconf 86' lang='lat' dir='ltr'>esse</span> <span class='ocrx_word' id='word_1_329' title='bbox 831 4224 934 4286; x_wconf 88' lang='lat' dir='ltr'>dicitis</span> <span class='ocrx_word' id='word_1_330' title='bbox 964 4221 1210 4310; x_wconf 86' lang='lat' dir='ltr'>diligentiusque</span> <span class='ocrx_word' id='word_1_331' title='bbox 1239 4227 1350 4289; x_wconf 89' lang='lat' dir='ltr'>urbem</span> <span class='ocrx_word' id='word_1_332' title='bbox 1379 4226 1534 4308; x_wconf 86' lang='lat' dir='ltr'>religione</span> <span class='ocrx_word' id='word_1_333' title='bbox 1557 4248 1651 4312; x_wconf 93' lang='lat' dir='ltr'>quam</span> <span class='ocrx_word' id='word_1_334' title='bbox 1673 4229 1749 4312; x_wconf 89' lang='lat' dir='ltr'>ipsis</span> 
     </span>
     <span class='ocr_line' id='line_1_33' title="bbox 420 4317 1750 4403; baseline 0.002 -21"><span class='ocrx_word' id='word_1_335' title='bbox 420 4321 585 4383; x_wconf 90' lang='lat' dir='ltr'>moenibus</span> <span class='ocrx_word' id='word_1_336' title='bbox 608 4320 755 4401; x_wconf 86' lang='lat' dir='ltr'>cingitis:</span> <span class='ocrx_word' id='word_1_337' title='bbox 778 4338 861 4401; x_wconf 85' lang='lat' dir='ltr'>quae</span> <span class='ocrx_word' id='word_1_338' title='bbox 883 4317 987 4379; x_wconf 88' lang='lat' dir='ltr'>deseri</span> <span class='ocrx_word' id='word_1_339' title='bbox 1010 4338 1029 4380; x_wconf 92' lang='lat' dir='ltr'>a</span> <span class='ocrx_word' id='word_1_340' title='bbox 1051 4340 1117 4392; x_wconf 91' lang='lat' dir='ltr'>me,</span> <span class='ocrx_word' id='word_1_341' title='bbox 1140 4320 1215 4382; x_wconf 91' lang='lat' dir='ltr'>dum</span> <span class='ocrx_word' id='word_1_342' title='bbox 1238 4320 1368 4402; x_wconf 89' lang='lat' dir='ltr'>quidem</span> <span class='ocrx_word' id='word_1_343' title='bbox 1384 4322 1503 4402; x_wconf 86' lang='lat' dir='ltr'>spirare</span> <span class='ocrx_word' id='word_1_344' title='bbox 1519 4329 1640 4403; x_wconf 91' lang='lat' dir='ltr'>potero,</span> <span class='ocrx_word' id='word_1_345' title='bbox 1662 4322 1750 4386; x_wconf 78' lang='lat' dir='ltr'>nefas</span> 
     </span>
     <span class='ocr_line' id='line_1_34' title="bbox 418 4409 1751 4495; baseline 0.002 -19"><span class='ocrx_word' id='word_1_346' title='bbox 418 4415 537 4476; x_wconf 89' lang='lat' dir='ltr'>iudico.</span> <span class='ocrx_word' id='word_1_347' title='bbox 581 4409 632 4475; x_wconf 82' lang='lat'>95.</span> <span class='ocrx_word' id='word_1_348' title='bbox 655 4414 734 4475; x_wconf 91' lang='lat' dir='ltr'>Tum</span> <span class='ocrx_word' id='word_1_349' title='bbox 759 4411 870 4474; x_wconf 84' lang='lat' dir='ltr'>Cotta:</span> <span class='ocrx_word' id='word_1_350' title='bbox 897 4412 964 4493; x_wconf 86' lang='lat' dir='ltr'>Ego</span> <span class='ocrx_word' id='word_1_351' title='bbox 988 4431 1063 4473; x_wconf 86' lang='lat' dir='ltr'>vero</span> <span class='ocrx_word' id='word_1_352' title='bbox 1087 4422 1119 4476; x_wconf 91' lang='lat' dir='ltr'>et</span> <span class='ocrx_word' id='word_1_353' title='bbox 1141 4422 1216 4494; x_wconf 95' lang='lat' dir='ltr'>opto</span> <span class='ocrx_word' id='word_1_354' title='bbox 1243 4415 1388 4495; x_wconf 88' lang='lat' dir='ltr'>redargui</span> <span class='ocrx_word' id='word_1_355' title='bbox 1410 4435 1478 4488; x_wconf 89' lang='lat' dir='ltr'>me,</span> <span class='ocrx_word' id='word_1_356' title='bbox 1507 4415 1619 4490; x_wconf 89' lang='lat' dir='ltr'>Balbe,</span> <span class='ocrx_word' id='word_1_357' title='bbox 1648 4425 1680 4479; x_wconf 90' lang='lat' dir='ltr'>et</span> <span class='ocrx_word' id='word_1_358' title='bbox 1702 4437 1751 4491; x_wconf 90' lang='lat' dir='ltr'>ea,</span> 
     </span>
     <span class='ocr_line' id='line_1_35' title="bbox 421 4504 1752 4592; baseline 0.003 -21"><span class='ocrx_word' id='word_1_359' title='bbox 421 4528 504 4592; x_wconf 91' lang='lat' dir='ltr'>quae</span> <span class='ocrx_word' id='word_1_360' title='bbox 532 4507 705 4590; x_wconf 87' lang='lat' dir='ltr'>disputavi,</span> <span class='ocrx_word' id='word_1_361' title='bbox 736 4505 892 4569; x_wconf 89' lang='lat' dir='ltr'>disserere</span> <span class='ocrx_word' id='word_1_362' title='bbox 921 4504 1018 4567; x_wconf 90' lang='lat' dir='ltr'>malui</span> <span class='ocrx_word' id='word_1_363' title='bbox 1049 4525 1144 4585; x_wconf 92' lang='lat' dir='ltr'>quam</span> <span class='ocrx_word' id='word_1_364' title='bbox 1170 4506 1312 4571; x_wconf 93' lang='lat' dir='ltr'>iudicare</span> <span class='ocrx_word' id='word_1_365' title='bbox 1334 4516 1366 4570; x_wconf 90' lang='lat' dir='ltr'>et</span> <span class='ocrx_word' id='word_1_366' title='bbox 1386 4508 1479 4571; x_wconf 78' lang='lat' dir='ltr'>facile</span> <span class='ocrx_word' id='word_1_367' title='bbox 1501 4531 1552 4573; x_wconf 89' lang='lat' dir='ltr'>me</span> <span class='ocrx_word' id='word_1_368' title='bbox 1573 4531 1592 4573; x_wconf 94' lang='lat' dir='ltr'>a</span> <span class='ocrx_word' id='word_1_369' title='bbox 1614 4519 1646 4575; x_wconf 91' lang='lat' dir='ltr'>te</span> <span class='ocrx_word' id='word_1_370' title='bbox 1668 4511 1752 4574; x_wconf 80' lang='lat' dir='ltr'>vinci</span> 
     </span>
     <span class='ocr_line' id='line_1_36' title="bbox 421 4599 1790 4687; baseline 0.001 -23"><span class='ocrx_word' id='word_1_371' title='bbox 421 4622 516 4683; x_wconf 92' lang='lat' dir='ltr'>posse</span> <span class='ocrx_word' id='word_1_372' title='bbox 536 4611 623 4665; x_wconf 89' lang='lat' dir='ltr'>certo</span> <span class='ocrx_word' id='word_1_373' title='bbox 645 4601 722 4662; x_wconf 89' lang='lat' dir='ltr'>scio.</span> <span class='ocrx_word' id='word_1_374' title='bbox 757 4600 898 4683; x_wconf 89' lang='lat' dir='ltr'>Quippe,</span> <span class='ocrx_word' id='word_1_375' title='bbox 931 4599 1037 4682; x_wconf 88' lang='lat' dir='ltr'>inquit</span> <span class='ocrx_word' id='word_1_376' title='bbox 1058 4599 1216 4673; x_wconf 90' lang='lat' dir='ltr'>Velleius,</span> <span class='ocrx_word' id='word_1_377' title='bbox 1245 4601 1300 4684; x_wconf 93' lang='lat' dir='ltr'>qui</span> <span class='ocrx_word' id='word_1_378' title='bbox 1328 4602 1422 4665; x_wconf 90' lang='lat' dir='ltr'>etiam</span> <span class='ocrx_word' id='word_1_379' title='bbox 1444 4605 1568 4667; x_wconf 90' lang='lat' dir='ltr'>somnia</span> <span class='ocrx_word' id='word_1_380' title='bbox 1595 4612 1686 4687; x_wconf 86' lang='lat' dir='ltr'>putet</span> <span class='ocrx_word' id='word_1_381' title='bbox 1711 4605 1790 4667; x_wconf 81' lang='lat' dir='ltr'>adso</span> 
     </span>
     <span class='ocr_line' id='line_1_37' title="bbox 421 4694 1752 4782; baseline 0.003 -24"><span class='ocrx_word' id='word_1_382' title='bbox 421 4717 480 4758; x_wconf 92' lang='lat' dir='ltr'>nos</span> <span class='ocrx_word' id='word_1_383' title='bbox 503 4696 585 4759; x_wconf 90' lang='lat' dir='ltr'>mitti</span> <span class='ocrx_word' id='word_1_384' title='bbox 607 4696 647 4758; x_wconf 92' lang='lat' dir='ltr'>ab</span> <span class='ocrx_word' id='word_1_385' title='bbox 669 4695 759 4768; x_wconf 86' lang='lat' dir='ltr'>love,</span> <span class='ocrx_word' id='word_1_386' title='bbox 783 4715 864 4777; x_wconf 91' lang='lat' dir='ltr'>quae</span> <span class='ocrx_word' id='word_1_387' title='bbox 887 4695 956 4776; x_wconf 90' lang='lat' dir='ltr'>ipsa</span> <span class='ocrx_word' id='word_1_388' title='bbox 978 4701 1083 4754; x_wconf 88' lang='lat' dir='ltr'>tamen</span> <span class='ocrx_word' id='word_1_389' title='bbox 1106 4702 1169 4755; x_wconf 93' lang='lat' dir='ltr'>tam</span> <span class='ocrx_word' id='word_1_390' title='bbox 1191 4694 1277 4758; x_wconf 89' lang='lat' dir='ltr'>levia</span> <span class='ocrx_word' id='word_1_391' title='bbox 1298 4714 1362 4758; x_wconf 93' lang='lat' dir='ltr'>non</span> <span class='ocrx_word' id='word_1_392' title='bbox 1385 4704 1459 4760; x_wconf 91' lang='lat' dir='ltr'>sunt</span> <span class='ocrx_word' id='word_1_393' title='bbox 1480 4718 1576 4782; x_wconf 94' lang='lat' dir='ltr'>quam</span> <span class='ocrx_word' id='word_1_394' title='bbox 1598 4706 1647 4762; x_wconf 87' lang='lat' dir='ltr'>est</span> <span class='ocrx_word' id='word_1_395' title='bbox 1669 4700 1752 4762; x_wconf 88' lang='lat' dir='ltr'>Stoi·</span> 
     </span>
     <span class='ocr_line' id='line_1_38' title="bbox 421 4786 1752 4868; baseline 0.004 -15"><span class='ocrx_word' id='word_1_396' title='bbox 421 4810 530 4854; x_wconf 91' lang='lat' dir='ltr'>corum</span> <span class='ocrx_word' id='word_1_397' title='bbox 554 4790 593 4852; x_wconf 92' lang='lat' dir='ltr'>de</span> <span class='ocrx_word' id='word_1_398' title='bbox 616 4796 728 4852; x_wconf 86' lang='lat' dir='ltr'>natura</span> <span class='ocrx_word' id='word_1_399' title='bbox 750 4788 882 4850; x_wconf 91' lang='lat' dir='ltr'>deorum</span> <span class='ocrx_word' id='word_1_400' title='bbox 904 4786 1015 4849; x_wconf 88' lang='lat' dir='ltr'>oratio.</span> <span class='ocrx_word' id='word_1_401' title='bbox 1049 4786 1135 4849; x_wconf 86' lang='lat' dir='ltr'>Haec</span> <span class='ocrx_word' id='word_1_402' title='bbox 1149 4807 1220 4849; x_wconf 92' lang='lat' dir='ltr'>cum</span> <span class='ocrx_word' id='word_1_403' title='bbox 1235 4798 1343 4852; x_wconf 89' lang='lat' dir='ltr'>essent</span> <span class='ocrx_word' id='word_1_404' title='bbox 1356 4788 1456 4865; x_wconf 90' lang='lat' dir='ltr'>dicta,</span> <span class='ocrx_word' id='word_1_405' title='bbox 1478 4791 1523 4855; x_wconf 90' lang='lat' dir='ltr'>ita</span> <span class='ocrx_word' id='word_1_406' title='bbox 1538 4793 1752 4868; x_wconf 89' lang='lat' dir='ltr'>discessimus,</span> 
     </span>
    </p>
   </div>
   <div class='ocr_carea' id='block_1_3' title="bbox 422 5132 1757 6025">
    <p class='ocr_par' dir='ltr' id='par_1_4' title="bbox 422 5132 1757 6025">
     <span class='ocr_line' id='line_1_39' title="bbox 487 5132 1755 5204; baseline 0.006 -19"><span class='ocrx_word' id='word_1_407' title='bbox 487 5136 512 5187; x_wconf 69' lang='grc' dir='ltr'>Ξ.</span> <span class='ocrx_word' id='word_1_408' title='bbox 530 5134 602 5185; x_wconf 74' lang='lat' dir='ltr'>netto</span> <span class='ocrx_word' id='word_1_409' title='bbox 618 5148 687 5185; x_wconf 88' lang='lat' dir='ltr'>corr.</span> <span class='ocrx_word' id='word_1_410' title='bbox 706 5148 738 5185; x_wconf 86' lang='lat' dir='ltr'>ex</span> <span class='ocrx_word' id='word_1_411' title='bbox 754 5135 808 5184; x_wconf 83' lang='lat' dir='ltr'>otto</span> <span class='ocrx_word' id='word_1_412' title='bbox 824 5132 847 5183; x_wconf 88' lang='lat' dir='ltr'>V</span> <span class='ocrx_word' id='word_1_413' title='bbox 865 5160 892 5204; x_wconf 31' lang='grc'>,-</span> <span class='ocrx_word' id='word_1_414' title='bbox 912 5133 936 5185; x_wconf 83' lang='lat' dir='ltr'>i.</span> <span class='ocrx_word' id='word_1_415' title='bbox 953 5135 998 5198; x_wconf 68' lang='lat' dir='ltr'>pipi</span> <span class='ocrx_word' id='word_1_416' title='bbox 1015 5133 1036 5183; x_wconf 97' lang='lat' dir='ltr'>V</span> <span class='ocrx_word' id='word_1_417' title='bbox 1055 5162 1081 5172; x_wconf 97' lang='lat'>-</span> <span class='ocrx_word' id='word_1_418' title='bbox 1102 5134 1191 5200; x_wconf 78' lang='lat' dir='ltr'>dicitta]</span> <span class='ocrx_word' id='word_1_419' title='bbox 1209 5135 1301 5185; x_wconf 81' lang='lat' dir='ltr'>additis</span> <span class='ocrx_word' id='word_1_420' title='bbox 1317 5136 1336 5186; x_wconf 89' lang='lat' dir='ltr'>B</span> <span class='ocrx_word' id='word_1_421' title='bbox 1350 5162 1377 5172; x_wconf 92' lang='lat'>-</span> <span class='ocrx_word' id='word_1_422' title='bbox 1396 5137 1421 5187; x_wconf 78' lang='grc' dir='ltr'>δ.</span> <span class='ocrx_word' id='word_1_423' title='bbox 1439 5138 1592 5202; x_wconf 70' lang='lat' dir='ltr'>sedittrtcoa</span> <span class='ocrx_word' id='word_1_424' title='bbox 1607 5165 1633 5177; x_wconf 94' lang='lat'>-</span> <span class='ocrx_word' id='word_1_425' title='bbox 1647 5142 1755 5192; x_wconf 81' lang='lat' dir='ltr'>moterlo</span> 
     </span>
     <span class='ocr_line' id='line_1_40' title="bbox 423 5209 1755 5278; baseline 0.005 -17"><span class='ocrx_word' id='word_1_426' title='bbox 423 5209 536 5261; x_wconf 66' lang='grc' dir='ltr'>ΑΕΗ</span> <span class='ocrx_word' id='word_1_427' title='bbox 560 5236 587 5247; x_wconf 91' lang='grc'><strong>-</strong></span> <span class='ocrx_word' id='word_1_428' title='bbox 611 5210 634 5263; x_wconf 87' lang='grc'>8.</span> <span class='ocrx_word' id='word_1_429' title='bbox 654 5212 818 5274; x_wconf 73' lang='lat' dir='ltr'>heroicon.</span> <span class='ocrx_word' id='word_1_430' title='bbox 838 5225 870 5262; x_wconf 85' lang='lat' dir='ltr'>er</span> <span class='ocrx_word' id='word_1_431' title='bbox 887 5212 959 5273; x_wconf 75' lang='lat' dir='ltr'>hoec)</span> <span class='ocrx_word' id='word_1_432' title='bbox 984 5212 1021 5261; x_wconf 89' lang='lat' dir='ltr'>V:</span> <span class='ocrx_word' id='word_1_433' title='bbox 1047 5212 1108 5262; x_wconf 78' lang='lat' dir='ltr'>inec</span> <span class='ocrx_word' id='word_1_434' title='bbox 1129 5211 1238 5263; x_wconf 82' lang='lat' dir='ltr'>ABCE</span> <span class='ocrx_word' id='word_1_435' title='bbox 1257 5235 1285 5246; x_wconf 90' lang='lat'>-</span> <span class='ocrx_word' id='word_1_436' title='bbox 1310 5210 1349 5260; x_wconf 84' lang='grc'>40.</span> <span class='ocrx_word' id='word_1_437' title='bbox 1369 5213 1429 5274; x_wconf 77' lang='lat' dir='ltr'>qaid</span> <span class='ocrx_word' id='word_1_438' title='bbox 1447 5214 1516 5274; x_wconf 80' lang='lat' dir='ltr'>(ante</span> <span class='ocrx_word' id='word_1_439' title='bbox 1528 5217 1615 5278; x_wconf 79' lang='lat' dir='ltr'>possit)</span> <span class='ocrx_word' id='word_1_440' title='bbox 1633 5230 1702 5267; x_wconf 87' lang='lat' dir='ltr'>corr.</span> <span class='ocrx_word' id='word_1_441' title='bbox 1721 5230 1755 5267; x_wconf 85' lang='lat' dir='ltr'>ex</span> 
     </span>
     <span class='ocr_line' id='line_1_41' title="bbox 424 5284 1756 5352; baseline 0.005 -16"><span class='ocrx_word' id='word_1_442' title='bbox 424 5286 490 5349; x_wconf 80' lang='lat' dir='ltr'>qnod</span> <span class='ocrx_word' id='word_1_443' title='bbox 505 5289 526 5336; x_wconf 80' lang='grc' dir='ltr'><strong>Α</strong></span> <span class='ocrx_word' id='word_1_444' title='bbox 541 5314 568 5323; x_wconf 91' lang='grc'>-</span> <span class='ocrx_word' id='word_1_445' title='bbox 587 5285 691 5350; x_wconf 72' lang='lat' dir='ltr'>emteqit</span> <span class='ocrx_word' id='word_1_446' title='bbox 707 5287 727 5336; x_wconf 78' lang='grc' dir='ltr'>Α</span> <span class='ocrx_word' id='word_1_447' title='bbox 743 5313 768 5321; x_wconf 93' lang='grc'>-</span> <span class='ocrx_word' id='word_1_448' title='bbox 789 5289 829 5337; x_wconf 88' lang='grc'>44.</span> <span class='ocrx_word' id='word_1_449' title='bbox 848 5300 893 5336; x_wconf 81' lang='lat' dir='ltr'>nec</span> <span class='ocrx_word' id='word_1_450' title='bbox 908 5288 1024 5337; x_wconf 81' lang='lat' dir='ltr'>ciuitates</span> <span class='ocrx_word' id='word_1_451' title='bbox 1040 5284 1063 5338; x_wconf 80' lang='lat' dir='ltr'>u</span> <span class='ocrx_word' id='word_1_452' title='bbox 1079 5314 1105 5323; x_wconf 96' lang='lat'>-</span> <span class='ocrx_word' id='word_1_453' title='bbox 1124 5287 1164 5336; x_wconf 74' lang='lat' dir='ltr'>ii.</span> <span class='ocrx_word' id='word_1_454' title='bbox 1183 5287 1290 5349; x_wconf 79' lang='lat' dir='ltr'>quidem.</span> <span class='ocrx_word' id='word_1_455' title='bbox 1308 5285 1337 5335; x_wconf 89' lang='lat' dir='ltr'>Si</span> <span class='ocrx_word' id='word_1_456' title='bbox 1352 5299 1402 5335; x_wconf 79' lang='lat' dir='ltr'>aon</span> <span class='ocrx_word' id='word_1_457' title='bbox 1419 5300 1474 5347; x_wconf 87' lang='lat' dir='ltr'>eos,</span> <span class='ocrx_word' id='word_1_458' title='bbox 1492 5292 1646 5340; x_wconf 63' lang='lat' dir='ltr'>sanniones</span> <span class='ocrx_word' id='word_1_459' title='bbox 1657 5291 1756 5352; x_wconf 77' lang='lat' dir='ltr'>quidem</span> 
     </span>
     <span class='ocr_line' id='line_1_42' title="bbox 425 5362 1755 5431; baseline 0.003 -19"><span class='ocrx_word' id='word_1_460' title='bbox 425 5362 578 5424; x_wconf 75' lang='lat' dir='ltr'>Madvigius.</span> <span class='ocrx_word' id='word_1_461' title='bbox 601 5362 853 5426; x_wconf 78' lang='lat' dir='ltr'>«interrogatioiila</span> <span class='ocrx_word' id='word_1_462' title='bbox 871 5377 920 5412; x_wconf 83' lang='lat' dir='ltr'>non</span> <span class='ocrx_word' id='word_1_463' title='bbox 938 5365 999 5412; x_wconf 81' lang='lat' dir='ltr'>eos?</span> <span class='ocrx_word' id='word_1_464' title='bbox 1021 5363 1105 5427; x_wconf 87' lang='lat' dir='ltr'>posita</span> <span class='ocrx_word' id='word_1_465' title='bbox 1124 5364 1175 5412; x_wconf 92' lang='lat' dir='ltr'>iam</span> <span class='ocrx_word' id='word_1_466' title='bbox 1194 5362 1315 5413; x_wconf 87' lang='lat' dir='ltr'>eiusdem</span> <span class='ocrx_word' id='word_1_467' title='bbox 1333 5364 1370 5412; x_wconf 89' lang='lat' dir='ltr'>rei</span> <span class='ocrx_word' id='word_1_468' title='bbox 1389 5365 1527 5426; x_wconf 86' lang='lat' dir='ltr'>negatione</span> <span class='ocrx_word' id='word_1_469' title='bbox 1546 5368 1573 5415; x_wconf 90' lang='lat' dir='ltr'>et</span> <span class='ocrx_word' id='word_1_470' title='bbox 1589 5379 1755 5431; x_wconf 80' lang='lat' dir='ltr'>supervacua</span> 
     </span>
     <span class='ocr_line' id='line_1_43' title="bbox 425 5435 1757 5502; baseline 0.003 -15"><span class='ocrx_word' id='word_1_471' title='bbox 425 5441 467 5487; x_wconf 89' lang='lat' dir='ltr'>est</span> <span class='ocrx_word' id='word_1_472' title='bbox 484 5441 510 5486; x_wconf 89' lang='lat' dir='ltr'>et</span> <span class='ocrx_word' id='word_1_473' title='bbox 528 5450 609 5500; x_wconf 88' lang='lat' dir='ltr'>prave</span> <span class='ocrx_word' id='word_1_474' title='bbox 627 5442 774 5502; x_wconf 85' lang='lat' dir='ltr'>concepta;</span> <span class='ocrx_word' id='word_1_475' title='bbox 794 5436 911 5488; x_wconf 85' lang='lat' dir='ltr'>debebat</span> <span class='ocrx_word' id='word_1_476' title='bbox 929 5449 1006 5488; x_wconf 87' lang='lat' dir='ltr'>esse:</span> <span class='ocrx_word' id='word_1_477' title='bbox 1025 5451 1056 5487; x_wconf 81' lang='lat' dir='ltr'>ee</span> <span class='ocrx_word' id='word_1_478' title='bbox 1072 5451 1116 5487; x_wconf 82' lang='lat' dir='ltr'>eor</span> <span class='ocrx_word' id='word_1_479' title='bbox 1132 5435 1271 5499; x_wconf 72' lang='lat' dir='ltr'>quium?-</span> <span class='ocrx_word' id='word_1_480' title='bbox 1285 5463 1311 5473; x_wconf 97' lang='lat'>-</span> <span class='ocrx_word' id='word_1_481' title='bbox 1332 5442 1356 5488; x_wconf 87' lang='lat' dir='ltr'>et</span> <span class='ocrx_word' id='word_1_482' title='bbox 1371 5442 1446 5489; x_wconf 78' lang='lat' dir='ltr'>seniis</span> <span class='ocrx_word' id='word_1_483' title='bbox 1462 5439 1512 5489; x_wconf 79' lang='lat' dir='ltr'>PV</span> <span class='ocrx_word' id='word_1_484' title='bbox 1526 5466 1551 5475; x_wconf 96' lang='lat'><em>-</em></span> <span class='ocrx_word' id='word_1_485' title='bbox 1567 5441 1607 5492; x_wconf 84' lang='grc'>43.</span> <span class='ocrx_word' id='word_1_486' title='bbox 1619 5446 1757 5491; x_wconf 74' lang='lat' dir='ltr'>contemnet</span> 
     </span>
     <span class='ocr_line' id='line_1_44' title="bbox 425 5511 1756 5577; baseline 0.004 -16"><span class='ocrx_word' id='word_1_487' title='bbox 425 5512 504 5562; x_wconf 72' lang='grc' dir='ltr'>ΑΒΕ</span> <span class='ocrx_word' id='word_1_488' title='bbox 517 5511 548 5569; x_wconf 84' lang='grc' dir='ltr'>Ε,</span> <span class='ocrx_word' id='word_1_489' title='bbox 566 5518 720 5573; x_wconf 77' lang='lat' dir='ltr'>cootenpaet</span> <span class='ocrx_word' id='word_1_490' title='bbox 738 5511 800 5562; x_wconf 83' lang='lat' dir='ltr'>PV:</span> <span class='ocrx_word' id='word_1_491' title='bbox 820 5514 983 5563; x_wconf 81' lang='lat' dir='ltr'>contemnito</span> <span class='ocrx_word' id='word_1_492' title='bbox 999 5540 1025 5549; x_wconf 97' lang='lat'>-</span> <span class='ocrx_word' id='word_1_493' title='bbox 1040 5512 1080 5562; x_wconf 87' lang='lat' dir='ltr'>ll.</span> <span class='ocrx_word' id='word_1_494' title='bbox 1095 5514 1212 5576; x_wconf 77' lang='lat' dir='ltr'>persequi</span> <span class='ocrx_word' id='word_1_495' title='bbox 1224 5512 1268 5575; x_wconf 77' lang='lat' dir='ltr'>qut</span> <span class='ocrx_word' id='word_1_496' title='bbox 1278 5513 1342 5561; x_wconf 77' lang='lat' dir='ltr'>iden</span> <span class='ocrx_word' id='word_1_497' title='bbox 1354 5514 1406 5576; x_wconf 80' lang='lat' dir='ltr'>(qut</span> <span class='ocrx_word' id='word_1_498' title='bbox 1417 5513 1561 5577; x_wconf 88' lang='lat' dir='ltr'>superscr.)</span> <span class='ocrx_word' id='word_1_499' title='bbox 1574 5514 1594 5560; x_wconf 89' lang='lat' dir='ltr'>V</span> <span class='ocrx_word' id='word_1_500' title='bbox 1608 5541 1635 5551; x_wconf 92' lang='lat'>-</span> <span class='ocrx_word' id='word_1_501' title='bbox 1651 5517 1689 5565; x_wconf 82' lang='lat' dir='ltr'>ss.</span> <span class='ocrx_word' id='word_1_502' title='bbox 1704 5518 1756 5566; x_wconf 80' lang='lat' dir='ltr'>dis-</span> 
     </span>
     <span class='ocr_line' id='line_1_45' title="bbox 422 5585 1753 5651; baseline 0.005 -16"><span class='ocrx_word' id='word_1_503' title='bbox 422 5587 518 5649; x_wconf 78' lang='lat' dir='ltr'>pertiri</span> <span class='ocrx_word' id='word_1_504' title='bbox 536 5588 556 5636; x_wconf 93' lang='lat'>0</span> <span class='ocrx_word' id='word_1_505' title='bbox 578 5615 603 5624; x_wconf 94' lang='lat'><em>-</em></span> <span class='ocrx_word' id='word_1_506' title='bbox 627 5588 719 5636; x_wconf 75' lang='lat' dir='ltr'>diuidis</span> <span class='ocrx_word' id='word_1_507' title='bbox 737 5587 756 5648; x_wconf 84' lang='lat' dir='ltr'>(e</span> <span class='ocrx_word' id='word_1_508' title='bbox 768 5585 820 5636; x_wconf 90' lang='lat' dir='ltr'>del.</span> <span class='ocrx_word' id='word_1_509' title='bbox 840 5602 876 5638; x_wconf 91' lang='lat' dir='ltr'>m.</span> <span class='ocrx_word' id='word_1_510' title='bbox 889 5588 955 5649; x_wconf 83' lang='lat' dir='ltr'>sec.)</span> <span class='ocrx_word' id='word_1_511' title='bbox 973 5588 1058 5637; x_wconf 84' lang='lat' dir='ltr'>omnio</span> <span class='ocrx_word' id='word_1_512' title='bbox 1075 5586 1097 5634; x_wconf 91' lang='lat' dir='ltr'>V</span> <span class='ocrx_word' id='word_1_513' title='bbox 1117 5613 1143 5622; x_wconf 96' lang='lat'>-</span> <span class='ocrx_word' id='word_1_514' title='bbox 1169 5587 1208 5637; x_wconf 83' lang='grc'>49,</span> <span class='ocrx_word' id='word_1_515' title='bbox 1228 5593 1377 5651; x_wconf 81' lang='lat' dir='ltr'>occupatam</span> <span class='ocrx_word' id='word_1_516' title='bbox 1393 5601 1462 5638; x_wconf 91' lang='lat' dir='ltr'>corr.</span> <span class='ocrx_word' id='word_1_517' title='bbox 1477 5603 1509 5639; x_wconf 84' lang='lat' dir='ltr'>ex</span> <span class='ocrx_word' id='word_1_518' title='bbox 1522 5589 1680 5651; x_wconf 83' lang='lat' dir='ltr'>occulpotom</span> <span class='ocrx_word' id='word_1_519' title='bbox 1691 5592 1713 5642; x_wconf 93' lang='lat' dir='ltr'>V</span> <span class='ocrx_word' id='word_1_520' title='bbox 1726 5619 1753 5629; x_wconf 95' lang='lat'><em>-</em></span> 
     </span>
     <span class='ocr_line' id='line_1_46' title="bbox 425 5661 1757 5725; baseline 0.007 -15"><span class='ocrx_word' id='word_1_521' title='bbox 425 5661 467 5711; x_wconf 75' lang='lat'>20.</span> <span class='ocrx_word' id='word_1_522' title='bbox 486 5662 522 5709; x_wconf 81' lang='lat' dir='ltr'>ait</span> <span class='ocrx_word' id='word_1_523' title='bbox 538 5663 557 5710; x_wconf 84' lang='lat' dir='ltr'><strong>P</strong></span> <span class='ocrx_word' id='word_1_524' title='bbox 577 5687 603 5696; x_wconf 94' lang='lat'><em>-</em></span> <span class='ocrx_word' id='word_1_525' title='bbox 623 5662 651 5710; x_wconf 78' lang='lat' dir='ltr'>ii</span> <span class='ocrx_word' id='word_1_526' title='bbox 679 5661 801 5723; x_wconf 69' lang='lat' dir='ltr'>praefecit</span> <span class='ocrx_word' id='word_1_527' title='bbox 818 5662 908 5713; x_wconf 78' lang='lat' dir='ltr'>Ev-</span> <span class='ocrx_word' id='word_1_528' title='bbox 927 5663 969 5714; x_wconf 72' lang='lat' dir='ltr'>ii.</span> <span class='ocrx_word' id='word_1_529' title='bbox 988 5677 1037 5711; x_wconf 82' lang='lat' dir='ltr'>eon</span> <span class='ocrx_word' id='word_1_530' title='bbox 1053 5661 1091 5711; x_wconf 79' lang='lat' dir='ltr'>uti</span> <span class='ocrx_word' id='word_1_531' title='bbox 1107 5674 1164 5711; x_wconf 85' lang='lat' dir='ltr'>eom</span> <span class='ocrx_word' id='word_1_532' title='bbox 1180 5662 1200 5711; x_wconf 86' lang='lat' dir='ltr'>u</span> <span class='ocrx_word' id='word_1_533' title='bbox 1216 5689 1241 5696; x_wconf 99' lang='lat'>—</span> <span class='ocrx_word' id='word_1_534' title='bbox 1260 5662 1301 5712; x_wconf 76' lang='lat'>25.</span> <span class='ocrx_word' id='word_1_535' title='bbox 1315 5674 1461 5725; x_wconf 79' lang='lat' dir='ltr'>quoecorr.</span> <span class='ocrx_word' id='word_1_536' title='bbox 1475 5664 1500 5713; x_wconf 91' lang='lat' dir='ltr'>ln</span> <span class='ocrx_word' id='word_1_537' title='bbox 1514 5663 1615 5725; x_wconf 79' lang='lat' dir='ltr'>quemlt</span> <span class='ocrx_word' id='word_1_538' title='bbox 1628 5691 1655 5701; x_wconf 95' lang='lat'><em>-</em></span> <span class='ocrx_word' id='word_1_539' title='bbox 1675 5668 1716 5718; x_wconf 75' lang='lat'>26.</span> <span class='ocrx_word' id='word_1_540' title='bbox 1729 5669 1757 5719; x_wconf 84' lang='lat' dir='ltr'>ie</span> 
     </span>
     <span class='ocr_line' id='line_1_47' title="bbox 426 5736 1757 5806; baseline 0.008 -21"><span class='ocrx_word' id='word_1_541' title='bbox 426 5748 483 5785; x_wconf 85' lang='lat' dir='ltr'>eom</span> <span class='ocrx_word' id='word_1_542' title='bbox 500 5736 567 5785; x_wconf 77' lang='lat' dir='ltr'>Cli:</span> <span class='ocrx_word' id='word_1_543' title='bbox 585 5737 685 5806; x_wconf 71' lang='lat' dir='ltr'>ineram</span> <span class='ocrx_word' id='word_1_544' title='bbox 702 5736 758 5797; x_wconf 87' lang='lat' dir='ltr'>(litt.</span> <span class='ocrx_word' id='word_1_545' title='bbox 771 5750 786 5784; x_wconf 84' lang='lat' dir='ltr'>r</span> <span class='ocrx_word' id='word_1_546' title='bbox 797 5737 936 5801; x_wconf 80' lang='lat' dir='ltr'>expuncta)</span> <span class='ocrx_word' id='word_1_547' title='bbox 954 5738 990 5797; x_wconf 79' lang='grc' dir='ltr'>Α,</span> <span class='ocrx_word' id='word_1_548' title='bbox 1009 5738 1035 5787; x_wconf 81' lang='lat' dir='ltr'>ie</span> <span class='ocrx_word' id='word_1_549' title='bbox 1046 5750 1117 5787; x_wconf 66' lang='lat' dir='ltr'>eom</span> <span class='ocrx_word' id='word_1_550' title='bbox 1135 5738 1213 5787; x_wconf 82' lang='lat' dir='ltr'>BPV</span> <span class='ocrx_word' id='word_1_551' title='bbox 1228 5738 1372 5802; x_wconf 88' lang='lat' dir='ltr'>(superscr.</span> <span class='ocrx_word' id='word_1_552' title='bbox 1392 5738 1466 5787; x_wconf 80' lang='lat' dir='ltr'>istcm</span> <span class='ocrx_word' id='word_1_553' title='bbox 1483 5739 1511 5799; x_wconf 89' lang='lat' dir='ltr'>P,</span> <span class='ocrx_word' id='word_1_554' title='bbox 1530 5750 1598 5789; x_wconf 88' lang='lat' dir='ltr'>corr.</span> <span class='ocrx_word' id='word_1_555' title='bbox 1617 5740 1644 5791; x_wconf 90' lang='lat' dir='ltr'>in</span> <span class='ocrx_word' id='word_1_556' title='bbox 1661 5743 1688 5792; x_wconf 82' lang='lat' dir='ltr'>te</span> <span class='ocrx_word' id='word_1_557' title='bbox 1703 5757 1757 5795; x_wconf 84' lang='lat' dir='ltr'>me-</span> 
     </span>
     <span class='ocr_line' id='line_1_48' title="bbox 427 5810 1757 5881; baseline 0.006 -23"><span class='ocrx_word' id='word_1_558' title='bbox 427 5823 484 5859; x_wconf 86' lang='lat' dir='ltr'>rom</span> <span class='ocrx_word' id='word_1_559' title='bbox 501 5810 530 5871; x_wconf 79' lang='lat' dir='ltr'>Vi</span> <span class='ocrx_word' id='word_1_560' title='bbox 551 5837 577 5846; x_wconf 91' lang='lat'>-</span> <span class='ocrx_word' id='word_1_561' title='bbox 597 5812 638 5861; x_wconf 77' lang='lat' dir='ltr'>si.</span> <span class='ocrx_word' id='word_1_562' title='bbox 656 5812 847 5873; x_wconf 76' lang='lat' dir='ltr'>pnsdentissime</span> <span class='ocrx_word' id='word_1_563' title='bbox 863 5812 912 5862; x_wconf 81' lang='lat' dir='ltr'>BE</span> <span class='ocrx_word' id='word_1_564' title='bbox 929 5840 961 5849; x_wconf 97' lang='lat'>-</span> <span class='ocrx_word' id='word_1_565' title='bbox 977 5813 1018 5863; x_wconf 72' lang='lat'>28.</span> <span class='ocrx_word' id='word_1_566' title='bbox 1037 5813 1102 5862; x_wconf 88' lang='lat' dir='ltr'>diem</span> <span class='ocrx_word' id='word_1_567' title='bbox 1118 5811 1188 5862; x_wconf 81' lang='lat' dir='ltr'>nodis</span> <span class='ocrx_word' id='word_1_568' title='bbox 1204 5812 1224 5862; x_wconf 93' lang='lat'>0</span> <span class='ocrx_word' id='word_1_569' title='bbox 1241 5838 1274 5849; x_wconf 97' lang='lat'>-</span> <span class='ocrx_word' id='word_1_570' title='bbox 1291 5812 1331 5863; x_wconf 78' lang='lat'>29.</span> <span class='ocrx_word' id='word_1_571' title='bbox 1350 5814 1415 5865; x_wconf 81' lang='lat' dir='ltr'>enim</span> <span class='ocrx_word' id='word_1_572' title='bbox 1430 5812 1470 5862; x_wconf 77' lang='lat' dir='ltr'>tic</span> <span class='ocrx_word' id='word_1_573' title='bbox 1486 5818 1566 5863; x_wconf 80' lang='lat' dir='ltr'>tecum</span> <span class='ocrx_word' id='word_1_574' title='bbox 1582 5816 1602 5864; x_wconf 83' lang='grc' dir='ltr'><strong>Ρ</strong></span> <span class='ocrx_word' id='word_1_575' title='bbox 1616 5841 1643 5852; x_wconf 97' lang='grc'><strong>-</strong></span> <span class='ocrx_word' id='word_1_576' title='bbox 1655 5815 1696 5867; x_wconf 82' lang='lat' dir='ltr'>ai.</span> <span class='ocrx_word' id='word_1_577' title='bbox 1710 5831 1757 5881; x_wconf 79' lang='lat' dir='ltr'>que</span> 
     </span>
     <span class='ocr_line' id='line_1_49' title="bbox 428 5884 1755 5947; baseline 0.005 -13"><span class='ocrx_word' id='word_1_578' title='bbox 428 5897 481 5934; x_wconf 90' lang='lat' dir='ltr'>orn.</span> <span class='ocrx_word' id='word_1_579' title='bbox 501 5885 520 5934; x_wconf 85' lang='lat' dir='ltr'><strong>P</strong></span> <span class='ocrx_word' id='word_1_580' title='bbox 538 5909 564 5918; x_wconf 97' lang='lat'><em>-</em></span> <span class='ocrx_word' id='word_1_581' title='bbox 584 5884 624 5934; x_wconf 72' lang='lat'>32.</span> <span class='ocrx_word' id='word_1_582' title='bbox 643 5886 742 5947; x_wconf 60' lang='lat' dir='ltr'>mefitis</span> <span class='ocrx_word' id='word_1_583' title='bbox 758 5898 827 5936; x_wconf 91' lang='lat' dir='ltr'>oorr.</span> <span class='ocrx_word' id='word_1_584' title='bbox 846 5899 879 5936; x_wconf 85' lang='lat' dir='ltr'>ex</span> <span class='ocrx_word' id='word_1_585' title='bbox 895 5887 992 5936; x_wconf 61' lang='lat' dir='ltr'>cientis</span> <span class='ocrx_word' id='word_1_586' title='bbox 1007 5887 1060 5936; x_wconf 74' lang='lat' dir='ltr'>AV</span> <span class='ocrx_word' id='word_1_587' title='bbox 1080 5914 1107 5924; x_wconf 92' lang='lat'><em>-</em></span> <span class='ocrx_word' id='word_1_588' title='bbox 1130 5900 1171 5937; x_wconf 85' lang='lat' dir='ltr'>me</span> <span class='ocrx_word' id='word_1_589' title='bbox 1187 5889 1247 5937; x_wconf 88' lang='lat' dir='ltr'>ante</span> <span class='ocrx_word' id='word_1_590' title='bbox 1264 5884 1380 5939; x_wconf 87' lang='lat' dir='ltr'>litteram</span> <span class='ocrx_word' id='word_1_591' title='bbox 1397 5899 1502 5938; x_wconf 83' lang='lat' dir='ltr'>erasum</span> <span class='ocrx_word' id='word_1_592' title='bbox 1518 5889 1540 5937; x_wconf 78' lang='lat' dir='ltr'>A</span> <span class='ocrx_word' id='word_1_593' title='bbox 1559 5912 1587 5925; x_wconf 89' lang='lat'><em>-</em></span> <span class='ocrx_word' id='word_1_594' title='bbox 1605 5888 1647 5943; x_wconf 75' lang='grc'>36.</span> <span class='ocrx_word' id='word_1_595' title='bbox 1664 5892 1755 5945; x_wconf 80' lang='lat' dir='ltr'>mtttB</span> 
     </span>
     <span class='ocr_line' id='line_1_50' title="bbox 430 5958 1358 6025; baseline 0.005 -16"><span class='ocrx_word' id='word_1_596' title='bbox 430 5958 817 6022; x_wconf 60' lang='lat' dir='ltr'>-adiosemitmiosed</span> <span class='ocrx_word' id='word_1_597' title='bbox 840 5958 1358 6025; x_wconf 71' lang='lat' dir='ltr'>Ci.iti.-iesiocorr.extestv.</span> 
     </span>
    </p>
   </div>
   <div class='ocr_carea' id='block_1_4' title="bbox 0 0 2208 7459">
    <p class='ocr_par' dir='ltr' id='par_1_5' title="bbox 0 0 2208 7459">
     <span class='ocr_line' id='line_1_51' title="bbox 0 0 2208 7459; baseline 0 0"><span class='ocrx_word' id='word_1_598' title='bbox 0 0 2208 7459; x_wconf 95' lang='lat' dir='ltr'> </span> 
     </span>
    </p>
   </div>
  </div>
 </body>
</html>
