4342 7459
439 1250 500 1317 ros
726 1251 781 1317 nn
801 1246 957 1315 smnus
978 1247 1177 1346 nouorum
1198 1248 1249 1310 nr
1270 1243 1471 1311 mnenon

439 1424 494 1507 qui
523 1423 630 1486 omnia
658 1429 758 1505 ponat
786 1421 819 1482 in
848 1420 1022 1502 voluptate,
1056 1425 1088 1482 et
1116 1424 1222 1480 tamen
1252 1435 1317 1480 non
1338 1421 1433 1497 negat
1453 1413 1588 1478 libenter
1608 1430 1760 1495 umquam

439 1536 569 1581 cenasse
597 1516 776 1580 Gallonium
804 1547 846 1561 -
868 1514 1052 1577 mentiretur
1079 1512 1164 1574 enim
1191 1544 1248 1586 -,
1281 1510 1337 1573 sed
1366 1509 1456 1572 bene.
1501 1508 1548 1572 lta
1569 1506 1705 1590 graviter
1728 1512 1762 1570 et

439 1611 762 1693 serere-voluptatem
785 1608 920 1671 secrevit
939 1628 958 1671 a
979 1608 1074 1671 bono.
1107 1608 1156 1669 Ex
1179 1625 1244 1688 quo
1266 1604 1346 1667 illud
1368 1600 1514 1677 efficitur,
1536 1600 1593 1685 qui
1612 1600 1696 1664 bene
1709 1620 1763 1665 ce·

438 1712 531 1780 nent,
553 1705 655 1769 omnis
677 1702 813 1765 libenter
832 1720 962 1775 cenare,
984 1702 1041 1785 qui
1061 1699 1209 1774 libenter,
1231 1718 1297 1762 non
1319 1699 1471 1762 continuo
1492 1697 1585 1761 bene.
1626 1695 1764 1779 Semper

415 1798 567 1861 eLaelius
588 1798 679 1860 bene.
721 1792 772 1858 25.
795 1794 881 1871 Quid
903 1795 1006 1858 benet
1035 1794 1125 1857 hicet
1146 1793 1302 1856 lucilius:

1028 1894 1156 1962 cocto,

523 1985 712 2059 Condito,

438 2079 494 2144 sed
517 2080 594 2144 cedo
617 2084 712 2162 caput
734 2096 850 2142 cenae:

690 2190 870 2237 sermone
891 2170 1012 2244 bono,

400 2268 514 2355 :cquid
536 2288 578 2332 ex
599 2270 659 2332 eoi
1352 2345 1354 2349 μ

1023 2361 1057 2423 si
1078 2358 1236 2442 quaeri',
1260 2356 1446 2420 libenter:

436 2455 583 2520 veniebat
611 2454 695 2518 enim
724 2452 763 2517 ad
795 2476 919 2529 cenam,
952 2462 989 2518 ut
1015 2454 1121 2516 animo
1151 2452 1261 2535 quieto
1292 2450 1420 2513 satiaret
1442 2448 1600 2514 desideria
1621 2458 1765 2516 naturae.

436 2551 531 2612 Recte
559 2568 634 2631 ergo
661 2549 689 2611 is
715 2556 811 2631 negat
831 2568 980 2632 umquam
1002 2546 1083 2608 bene
1106 2564 1235 2609 cenasse
1257 2544 1454 2618 Gallonium,
1487 2553 1572 2607 recte
1600 2545 1764 2621 miserum,

436 2662 506 2705 cum
529 2643 712 2725 praesertim
735 2643 768 2705 in
791 2663 830 2706 eo
850 2662 943 2704 omne
962 2640 1101 2704 studium
1122 2646 1338 2702 consumeret:
1361 2657 1455 2721 quem
1474 2638 1611 2702 libenter
1633 2659 1767 2704 cenasse

401 2751 529 2799 sinemo
553 2743 655 2818 negat.
692 2735 754 2798 Cur
775 2736 873 2818 igitur
893 2756 956 2799 nou
980 2727 1085 2797 benai
1109 2733 1191 2809 Quia
1208 2732 1293 2818 quod
1309 2732 1401 2806 bene,
1422 2731 1455 2794 id
1469 2741 1566 2806 recte,
1588 2730 1765 2814 frugaliter,

436 2829 586 2893 honeste:
615 2828 669 2892 ille
696 2850 789 2912 porro
820 2850 930 2913 prave,
959 2828 1122 2911 nequiter,
1152 2828 1286 2911 turpiter
1308 2825 1456 2902 cenabat:
1484 2846 1547 2890 non
1570 2826 1666 2907 igitur
1686 2827 1766 2890 berse.

436 2925 500 2986 Nec
521 2922 638 3006 lapathi
661 2923 847 2985 suavitatem
870 2923 1047 3006 acipenseri
1068 2920 1192 2985 Galloni
1216 2921 1343 2983 Laelius
1364 2919 1592 3003 anteponebat,
1615 2918 1671 2983 sed
1694 2941 1767 2985 sna-

436 3016 564 3079 ritatem
594 3016 694 3097 ipsam
723 3015 926 3098 neglegebat:
954 3016 1041 3099 quod
1070 3036 1133 3079 non
1160 3014 1290 3088 iaceret,
1318 3015 1345 3077 si
1367 3014 1401 3077 in
1425 3013 1585 3096 voluptate
1607 3033 1766 3079 summum

435 3110 553 3172 bonum
576 3116 719 3190 poneret.

399 3223 428 3268 so
519 3203 575 3266 lll.
598 3204 794 3269 Semovenda
817 3211 865 3267 est
886 3206 982 3287 igitur
1003 3204 1168 3286 voluptas,
1194 3222 1260 3265 non
1282 3202 1386 3265 solnm
1408 3209 1445 3274 ut
1466 3209 1552 3265 recta
1573 3201 1765 3285 sequamini,

436 3296 492 3360 sed
514 3298 608 3360 etiam
630 3305 666 3360 ut
686 3298 773 3382 loqui
797 3299 909 3363 deceat
931 3299 1103 3381 frugaliter.
1148 3293 1200 3359 26.
1222 3298 1431 3360 Possumusne
1454 3315 1529 3378 ergo
1550 3298 1584 3359 in
1600 3296 1664 3359 rita
1679 3315 1766 3359 sum·

436 3412 520 3454 mum
543 3391 661 3454 bonum
685 3391 804 3465 dicere,
832 3413 904 3456 cum
928 3394 960 3455 id
984 3413 1023 3454 ne
1047 3392 1079 3454 in
1103 3411 1180 3454 ceua
1203 3389 1332 3473 quidem
1354 3409 1449 3472 posse
1472 3389 1655 3453 videamur?
1692 3389 1766 3465 Quo

435 3485 530 3548 modo
552 3492 656 3548 autem
679 3485 889 3567 philosophus
913 3486 1078 3570 loquitur?
1108 3485 1199 3547 o'l'ria
1221 3502 1337 3567 genera
1359 3483 1583 3566 cupiditatum:
1605 3484 1767 3548 naturales

437 3586 468 3641 et
492 3580 704 3652 necessariae,
733 3579 892 3641 naturales
920 3587 952 3641 et
983 3599 1046 3642 nou
1069 3579 1280 3652 necessariae,
1309 3598 1369 3640 nee
1390 3576 1550 3640 naturales
1572 3597 1631 3640 nec
1654 3595 1766 3642 neces·

398 3674 567 3737 sisariae.»
602 3672 740 3734 Primum
764 3670 869 3734 divisit
891 3672 1101 3754 ineleganter:
1124 3675 1187 3736 duo
1210 3673 1293 3734 enim
1318 3691 1434 3753 genera
1456 3691 1538 3755 quae
1568 3679 1658 3735 erant
1691 3671 1767 3736 iecit

437 3766 511 3827 tria:
545 3766 607 3827 boc
636 3772 684 3826 est
713 3785 777 3826 non
806 3765 961 3839 dividere,
992 3765 1046 3829 sed
1074 3766 1228 3849 frangere.
1271 3766 1332 3840 Qui
1356 3764 1434 3827 baec
1456 3764 1649 3838 didicerunt,
1683 3785 1766 3849 quae

436 3858 490 3920 ille
513 3858 700 3930 coutemnit,
723 3858 769 3919 sic
791 3858 910 3921 solent:
934 3860 1002 3922 lluo
1017 3880 1132 3942 genera
1148 3860 1375 3943 cupiditatum,
1398 3858 1556 3922 naturales
1579 3865 1612 3921 et
1632 3859 1763 3934 inanes:

437 3950 626 4013 naturalium
649 3952 727 4024 duo,
750 3955 946 4015 necessariae
968 3963 999 4015 et
1021 3974 1085 4016 non
1108 3954 1315 4017 necessariae.
1348 3951 1496 4015 Confecta
1518 3971 1568 4014 res
1592 3960 1694 4026 esset;
1718 3955 1764 4017 vi·

437 4046 553 4107 tiosum
577 4052 625 4106 est
646 4046 730 4107 enim
752 4046 786 4108 in
808 4044 978 4108 dividendo
1001 4057 1120 4130 partem
1142 4048 1174 4110 in
1197 4067 1313 4129 genere
1329 4066 1505 4108 numerare.
1548 4042 1600 4109 27.
1622 4048 1685 4110 Sed
1700 4048 1763 4112 boc

399 4157 513 4207 meane
536 4138 764 4201 concedamus:
787 4141 961 4202 contemnit
981 4142 1064 4205 enim
1081 4140 1258 4204 disserendi
1278 4142 1483 4222 elegantiam:
1505 4140 1635 4204 confuse
1657 4140 1765 4225 loqui·

437 4240 503 4292 tur:
535 4231 692 4313 gerendus
719 4239 767 4294 est
793 4253 877 4306 mos,
905 4235 999 4298 modo
1021 4242 1106 4297 recte
1129 4235 1254 4297 sentiat.
1289 4233 1448 4317 Equidem
1469 4233 1548 4296 illud
1571 4234 1676 4316 ipsum
1700 4255 1765 4298 non

438 4324 570 4387 nimium
603 4325 701 4409 probo
731 4335 763 4388 et
790 4336 910 4390 tantum
939 4328 1057 4410 patior,
1091 4327 1316 4411 pbilosopbum
1351 4327 1440 4410 loqui
1470 4328 1510 4390 de
1539 4318 1766 4411 cupiditatibus

503 4599 642 4661 ⁴.quss
664 4624 687 4635 -
711 4598 865 4660 9444444-
889 4602 1076 4651 occumbit
1097 4627 1122 4636 -
1143 4600 1403 4661 44444449444444
1425 4625 1449 4636 -
1470 4602 1767 4655 4444444444εεί

438 4672 577 4726 444444-
596 4674 809 4724 4,44444444444;
828 4677 930 4725 44444444
947 4677 1001 4725 440
1017 4702 1040 4711 -
1061 4678 1084 4726 5.
1100 4676 1157 4725 dicit
1174 4677 1238 4726 B-
1256 4678 1295 4725 44.
1310 4677 1409 4738 quoeris
1427 4675 1506 4726 codd.
1521 4702 1548 4712 -
1569 4679 1609 4727 44.
1627 4678 1701 4742 enim]
1714 4693 1766 4729 44-

438 4757 486 4800 tem
503 4751 522 4799 Ε
541 4775 568 4785 -
594 4754 622 4797 ut
643 4749 669 4797 44
686 4749 806 4798 animoli
831 4775 857 4784 -
881 4749 920 4797 43,
939 4750 976 4798 bis
993 4756 1111 4811 44944444
1128 4764 1204 4811 qnam
1221 4751 1279 4801 4444
1300 4776 1326 4785 -
1352 4749 1391 4800 44.
1410 4751 1436 4798 44
1452 4764 1480 4800 44
1498 4763 1551 4799 om.
1570 4752 1590 4801 B
1610 4779 1637 4789 -
1654 4754 1765 4804 44444444

439 4839 484 4876 om
512 4825 576 4874 E·
596 4824 635 4873 45.
655 4825 729 4885 good]
748 4822 853 4890 944441
872 4850 899 4859 -
917 4823 1038 4886 [49444444
1053 4822 1084 4874 Α·
1106 4852 1129 4860 -
1150 4827 1189 4875 46.
1205 4840 1285 4889 prove
1301 4825 1480 4888 Wesenberg:
1502 4826 1568 4874 44444
1588 4839 1667 4886 proce
1684 4827 1763 4879 codd.

440 4903 467 4949 et
484 4900 517 4955 0:
542 4897 635 4960 [44444]
650 4899 769 4960 provebi
790 4922 816 4933 -
842 4898 961 4955 essebon
978 4901 1121 4963 corripitur
1138 4900 1203 4949 bene.
1222 4902 1272 4950 lt'ec
1289 4901 1406 4964 iladvig:
1424 4901 1537 4950 cenabat.
1555 4902 1611 4950 Non
1627 4903 1706 4964 494444
1721 4917 1767 4954 nec

440 4973 517 5024 codd.
537 4975 600 5023 etO
623 5000 650 5010 -
675 4974 714 5022 44.
734 4972 821 5035 4494444
842 4976 878 5028 A:
901 4974 1009 5034 inpiati:
1029 4975 1048 5023 B
1073 5001 1100 5010 -
1127 4977 1272 5040 acipensem]
1290 4976 1414 5025 occubans
1433 4988 1474 5046 gre
1490 4977 1555 5032 AC:
1578 4972 1704 5026 444ῡὸ444
1725 4991 1767 5028 444

439 5050 505 5100 B·
525 5049 624 5099 Galloni
639 5049 674 5098 li:
692 5048 793 5110 9444449
811 5048 844 5104 44;
863 5047 1008 5098 GnitoniiO
1030 5076 1057 5086 -
1078 5051 1119 5099 24.
1139 5065 1198 5114 4494
1215 5053 1278 5101 AB:
1303 5053 1417 5115 4944440
1437 5080 1464 5089 -
1487 5052 1528 5101 23.
1546 5051 1657 5113 44944444
1672 5054 1724 5102 trio
1741 5055 1766 5103 bl

442 5151 468 5162 -
491 5124 532 5175 44.
551 5130 574 5174 44
594 5125 748 5173 necessariae
768 5136 829 5172 uos:
855 5128 877 5171 44
898 5125 1051 5173 4444444444
1071 5126 1205 5181 memo:
1230 5131 1252 5175 et
1273 5128 1472 5177 necessariorum
1495 5129 1552 5191 (per
1575 5125 1765 5189 compendium

441 5213 493 5250 non
511 5200 575 5249 setis
592 5202 705 5258 certum)
723 5201 754 5248 A¹
773 5224 799 5233 -
822 5203 911 5246 44444
927 5200 1081 5249 necessarios
1097 5198 1139 5249 A2:
1165 5205 1187 5250 44
1204 5204 1357 5250 4444444444
1374 5201 1416 5259 Α“;
1441 5208 1463 5251 44
1479 5203 1505 5250 44
1522 5203 1675 5251 necessarios
1690 5203 1724 5262 B,
1743 5208 1767 5254 44

440 5289 490 5323 ooo
507 5274 660 5322 4444444444
676 5273 714 5329 bt:
732 5286 782 5321 444
798 5274 952 5322 necessarios
969 5278 1030 5335 (om.
1050 5278 1083 5334 et]
1103 5276 1122 5323 0
1146 5302 1173 5310 -
1196 5290 1240 5325 444
1256 5281 1309 5325 444.
1328 5291 1373 5326 nec
1388 5290 1477 5327 444444.
1497 5290 1550 5327 om.
1568 5278 1588 5327 B
1608 5305 1635 5314 -
1658 5291 1704 5328 444
1719 5292 1767 5329 44-

440 5351 565 5401 cessariae
581 5350 617 5398 A:
636 5362 680 5398 444
696 5349 847 5397 oeconomos
864 5349 917 5397 440
938 5376 960 5385 -
988 5350 1029 5398 45.
1048 5349 1207 5413 4444494444]
1224 5353 1374 5414 4494944444
1391 5353 1426 5407 D:
1451 5351 1498 5402 sed
1517 5351 1549 5401 cl.
1569 5365 1595 5415 p.
1615 5351 1671 5412 4445,
1690 5353 1715 5404 c.
1737 5381 1764 5389 —

441 5430 496 5476 4444
516 5424 547 5474 ΑΙ
567 5450 593 5460 -
615 5423 672 5486 [ecit
693 5436 745 5473 om.
764 5424 783 5472 B
809 5450 835 5460 -
858 5424 899 5473 26.
918 5422 1042 5487 44449444.
1068 5427 1115 5487 Qui
1136 5426 1196 5474 boec
1207 5451 1244 5464 ··
1255 5434 1329 5484 risset,¹
1351 5428 1469 5475 uitiosum
1485 5426 1596 5477 ARCD
1623 5425 1659 5486 [D
1676 5428 1766 5478 tamen

442 5513 497 5549 om.
515 5496 598 5548 verba
615 5499 753 5548 4444444444
763 5523 799 5534 --
810 5498 939 5546 naturales
956 5501 983 5548 et
1000 5513 1047 5563 pro
1064 5505 1124 5549 esset
1141 5501 1222 5551 babet
1238 5507 1294 5562 esti:
1316 5504 1442 5565 44449444.
1464 5502 1511 5564 Qui
1527 5502 1548 5550 si
1564 5502 1667 5563 4444444,
1693 5505 1767 5566 carpi·

442 5576 548 5623 dttotom
564 5586 614 5623 esre
631 5575 680 5622 444
696 5586 801 5636 944444,
824 5573 991 5623 permoleret
1008 5576 1108 5634 triones,⁸
1130 5577 1286 5626 4444444444
1307 5590 1404 5639 quoque
1419 5580 1477 5627 44444
1494 5578 1556 5638 doc,
1575 5579 1728 5629 4444444444
1744 5585 1768 5629 44

442 5664 492 5699 444
508 5650 673 5698 peremerint:
690 5649 801 5708 44444444
816 5661 856 5696 res
872 5653 939 5698 essct.
959 5649 1007 5710 044
1023 5649 1084 5698 boec
1101 5651 1248 5712 didicerunt,
1268 5666 1332 5713 9444
1347 5653 1388 5701 iiie
1404 5653 1545 5713 4444444444,
1563 5652 1598 5701 sic
1613 5653 1699 5703 444444.
1724 5655 1768 5703 Vi-

443 5725 531 5773 tiorom
543 5725 563 5773 0
575 5723 665 5783 (verba
683 5723 725 5785 944
740 5722 801 5772 boec
812 5749 851 5761 ·-
861 5724 896 5771 444
912 5724 988 5772 soen:
1005 5725 1031 5773 in
1049 5724 1137 5775 multis
1149 5726 1228 5776 codd.
1242 5727 1345 5788 desunt)
1360 5755 1386 5764 -
1405 5730 1445 5777 27.
1464 5728 1569 5777 4444444
1585 5754 1612 5764 -
1631 5728 1672 5777 tt.
1691 5734 1769 5779 444444

444 5800 464 5847 B
485 5824 510 5835 -
530 5799 571 5848 49.
588 5800 719 5848 nominare
736 5799 754 5847 B
774 5822 801 5833 ·-
820 5798 869 5846 Sed
886 5799 947 5856 (non
964 5800 993 5859 si)
1012 5802 1091 5850 etiam
1110 5801 1129 5849 E
1149 5827 1176 5837 -
1195 5802 1235 5851 30.
1254 5805 1319 5850 euim
1334 5805 1368 5852 A:
1387 5816 1440 5853 om.
1460 5804 1512 5853 Bbl
1532 5828 1559 5839 ·-
1578 5803 1767 5865 bordarium

445 5874 545 5933 449444)
562 5875 642 5923 etiam
660 5874 693 5932 E:
714 5870 783 5922 male
800 5874 871 5922 enim
889 5874 1074 5935 interpretatus
1093 5878 1133 5924 cst
1151 5877 1337 5939 compendium
1356 5880 1399 5941 qui
1417 5879 1538 5928 codicem
1556 5876 1684 5941 Madvigio
1701 5890 1768 5928 con·

447 5945 513 5997 tulit.
533 5972 560 5982 -
580 5947 620 5998 st.
638 5950 758 6012 Equidem
775 5950 806 6000 B:
826 5955 849 6001 44
865 5950 964 6012 quidem
980 5955 1001 6001 Α
1019 5975 1047 5988 -
1066 5950 1107 6001 32.
1126 5947 1161 6002 toi
1174 5956 1207 6009 A:
1228 5948 1254 6001 tri
1270 5953 1370 6016 4444444)
1388 5952 1406 6001 li
1427 5979 1453 5990 -
1474 5952 1543 6015 44944
1558 5965 1611 6003 om.
1629 5951 1658 6002 B.
