<?xml version="1.0" encoding="UTF-8"?>
<!DOCTYPE html PUBLIC "-//W3C//DTD XHTML 1.0 Transitional//EN"
    "http://www.w3.org/TR/xhtml1/DTD/xhtml1-transitional.dtd">
<html xmlns="http://www.w3.org/1999/xhtml" xml:lang="en" lang="en">
 <head>
  <title>
</title>
<meta http-equiv="Content-Type" content="text/html;charset=utf-8" />
  <meta name='ocr-system' content='tesseract 3.04.00' />
  <meta name='ocr-capabilities' content='ocr_page ocr_carea ocr_par ocr_line ocrx_word'/>
</head>
<body>
  <div class='ocr_page' id='page_1' title='image "./operaquaesupers00halmgoog/operaquaesupers00halmgoog_0704.png"; bbox 0 0 4342 7459; ppageno 0'>
   <div class='ocr_carea' id='block_1_1' title="bbox 438 1219 1222 1286">
    <p class='ocr_par' dir='ltr' id='par_1_1' title="bbox 438 1219 1222 1286">
     <span class='ocr_line' id='line_1_1' title="bbox 438 1219 1222 1286; baseline -0.004 0"><span class='ocrx_word' id='word_1_1' title='bbox 438 1220 501 1286; x_wconf 79' lang='lat'>688</span> <span class='ocrx_word' id='word_1_2' title='bbox 976 1220 1029 1282; x_wconf 84' lang='lat' dir='ltr'>DE</span> <span class='ocrx_word' id='word_1_3' title='bbox 1052 1219 1222 1283; x_wconf 86' lang='lat' dir='ltr'>OFFlClIS</span> 
     </span>
    </p>
   </div>
   <div class='ocr_carea' id='block_1_2' title="bbox 398 1378 1763 4653">
    <p class='ocr_par' dir='ltr' id='par_1_2' title="bbox 398 1378 1763 4653">
     <span class='ocr_line' id='line_1_2' title="bbox 436 1378 1763 1463; baseline -0.002 -17"><span class='ocrx_word' id='word_1_4' title='bbox 436 1381 565 1445; x_wconf 90' lang='lat' dir='ltr'>interitu</span> <span class='ocrx_word' id='word_1_5' title='bbox 593 1379 773 1453; x_wconf 88' lang='lat' dir='ltr'>hominum,</span> <span class='ocrx_word' id='word_1_6' title='bbox 803 1378 1004 1461; x_wconf 77' lang='lat' dir='ltr'>Peripatetici</span> <span class='ocrx_word' id='word_1_7' title='bbox 1034 1383 1138 1463; x_wconf 79' lang='lat' dir='ltr'>magni</span> <span class='ocrx_word' id='word_1_8' title='bbox 1168 1388 1199 1443; x_wconf 92' lang='lat' dir='ltr'>et</span> <span class='ocrx_word' id='word_1_9' title='bbox 1227 1380 1363 1463; x_wconf 84' lang='lat' dir='ltr'>copiosi,</span> <span class='ocrx_word' id='word_1_10' title='bbox 1393 1380 1448 1463; x_wconf 83' lang='lat' dir='ltr'>qui</span> <span class='ocrx_word' id='word_1_11' title='bbox 1478 1379 1621 1445; x_wconf 88' lang='lat' dir='ltr'>collectis</span> <span class='ocrx_word' id='word_1_12' title='bbox 1642 1379 1763 1445; x_wconf 83' lang='lat' dir='ltr'>ceteris</span> 
     </span>
     <span class='ocr_line' id='line_1_3' title="bbox 437 1471 1763 1557; baseline -0.003 -17"><span class='ocrx_word' id='word_1_13' title='bbox 437 1477 541 1540; x_wconf 88' lang='lat' dir='ltr'>causis</span> <span class='ocrx_word' id='word_1_14' title='bbox 562 1473 733 1547; x_wconf 88' lang='lat' dir='ltr'>eluvionis,</span> <span class='ocrx_word' id='word_1_15' title='bbox 755 1473 967 1556; x_wconf 79' lang='lat' dir='ltr'>pestilentiae,</span> <span class='ocrx_word' id='word_1_16' title='bbox 983 1474 1154 1548; x_wconf 85' lang='lat' dir='ltr'>vastitatis,</span> <span class='ocrx_word' id='word_1_17' title='bbox 1169 1472 1333 1538; x_wconf 90' lang='lat' dir='ltr'>beluarum</span> <span class='ocrx_word' id='word_1_18' title='bbox 1356 1474 1449 1538; x_wconf 88' lang='lat' dir='ltr'>etiam</span> <span class='ocrx_word' id='word_1_19' title='bbox 1472 1476 1655 1557; x_wconf 88' lang='lat' dir='ltr'>repentinae</span> <span class='ocrx_word' id='word_1_20' title='bbox 1677 1471 1763 1537; x_wconf 92' lang='lat' dir='ltr'>mul·</span> 
     </span>
     <span class='ocr_line' id='line_1_4' title="bbox 436 1567 1763 1651; baseline -0.003 -17"><span class='ocrx_word' id='word_1_21' title='bbox 436 1570 598 1642; x_wconf 89' lang='lat' dir='ltr'>titudinis,</span> <span class='ocrx_word' id='word_1_22' title='bbox 626 1586 760 1649; x_wconf 91' lang='lat' dir='ltr'>quarum</span> <span class='ocrx_word' id='word_1_23' title='bbox 789 1568 908 1649; x_wconf 92' lang='lat' dir='ltr'>impetu</span> <span class='ocrx_word' id='word_1_24' title='bbox 937 1568 1031 1630; x_wconf 89' lang='lat' dir='ltr'>docet</span> <span class='ocrx_word' id='word_1_25' title='bbox 1059 1567 1214 1650; x_wconf 89' lang='lat' dir='ltr'>quaedam</span> <span class='ocrx_word' id='word_1_26' title='bbox 1244 1568 1411 1631; x_wconf 89' lang='lat' dir='ltr'>hominum</span> <span class='ocrx_word' id='word_1_27' title='bbox 1442 1588 1559 1651; x_wconf 72' lang='lat' dir='ltr'>genera</span> <span class='ocrx_word' id='word_1_28' title='bbox 1585 1587 1656 1632; x_wconf 81' lang='lat' dir='ltr'>esse</span> <span class='ocrx_word' id='word_1_29' title='bbox 1683 1571 1763 1631; x_wconf 80' lang='lat' dir='ltr'>oon·</span> 
     </span>
     <span class='ocr_line' id='line_1_5' title="bbox 437 1659 1759 1747; baseline -0.001 -22"><span class='ocrx_word' id='word_1_30' title='bbox 437 1672 577 1747; x_wconf 89' lang='lat' dir='ltr'>sumpta,</span> <span class='ocrx_word' id='word_1_31' title='bbox 608 1659 724 1732; x_wconf 86' lang='lat' dir='ltr'>deinde</span> <span class='ocrx_word' id='word_1_32' title='bbox 747 1667 924 1742; x_wconf 90' lang='lat' dir='ltr'>comparat,</span> <span class='ocrx_word' id='word_1_33' title='bbox 954 1668 1071 1744; x_wconf 84' lang='lat' dir='ltr'>quanto</span> <span class='ocrx_word' id='word_1_34' title='bbox 1094 1661 1202 1743; x_wconf 91' lang='lat' dir='ltr'>plures</span> <span class='ocrx_word' id='word_1_35' title='bbox 1224 1661 1320 1726; x_wconf 91' lang='lat' dir='ltr'>deleti</span> <span class='ocrx_word' id='word_1_36' title='bbox 1344 1662 1406 1725; x_wconf 89' lang='lat' dir='ltr'>siut</span> <span class='ocrx_word' id='word_1_37' title='bbox 1426 1663 1570 1726; x_wconf 89' lang='lat' dir='ltr'>homines</span> <span class='ocrx_word' id='word_1_38' title='bbox 1591 1662 1759 1726; x_wconf 84' lang='lat' dir='ltr'>homiuum</span> 
     </span>
     <span class='ocr_line' id='line_1_6' title="bbox 412 1752 1760 1840; baseline 0.004 -28"><span class='ocrx_word' id='word_1_39' title='bbox 412 1757 572 1837; x_wconf 84' lang='lat' dir='ltr'>simpetu,</span> <span class='ocrx_word' id='word_1_40' title='bbox 602 1755 634 1818; x_wconf 89' lang='lat' dir='ltr'>id</span> <span class='ocrx_word' id='word_1_41' title='bbox 662 1760 710 1816; x_wconf 90' lang='lat' dir='ltr'>est</span> <span class='ocrx_word' id='word_1_42' title='bbox 734 1752 827 1815; x_wconf 86' lang='lat' dir='ltr'>hellis</span> <span class='ocrx_word' id='word_1_43' title='bbox 856 1762 911 1817; x_wconf 88' lang='lat' dir='ltr'>aut</span> <span class='ocrx_word' id='word_1_44' title='bbox 939 1753 1168 1831; x_wconf 78' lang='lat' dir='ltr'>seditionibus,</span> <span class='ocrx_word' id='word_1_45' title='bbox 1199 1776 1293 1839; x_wconf 86' lang='lat' dir='ltr'>quam</span> <span class='ocrx_word' id='word_1_46' title='bbox 1316 1758 1403 1820; x_wconf 93' lang='lat' dir='ltr'>omni</span> <span class='ocrx_word' id='word_1_47' title='bbox 1424 1757 1548 1840; x_wconf 82' lang='lat' dir='ltr'>reliqua</span> <span class='ocrx_word' id='word_1_48' title='bbox 1569 1755 1760 1820; x_wconf 83' lang='lat' dir='ltr'>calamitate.</span> 
     </span>
     <span class='ocr_line' id='line_1_7' title="bbox 437 1841 1761 1934; baseline 0.001 -22"><span class='ocrx_word' id='word_1_49' title='bbox 437 1846 487 1927; x_wconf 73' lang='lat' dir='ltr'>ll.</span> <span class='ocrx_word' id='word_1_50' title='bbox 511 1849 589 1912; x_wconf 86' lang='lat' dir='ltr'>Cum</span> <span class='ocrx_word' id='word_1_51' title='bbox 610 1846 707 1929; x_wconf 81' lang='lat' dir='ltr'>igitur</span> <span class='ocrx_word' id='word_1_52' title='bbox 727 1845 780 1909; x_wconf 89' lang='lat' dir='ltr'>hic</span> <span class='ocrx_word' id='word_1_53' title='bbox 801 1845 891 1909; x_wconf 89' lang='lat' dir='ltr'>locus</span> <span class='ocrx_word' id='word_1_54' title='bbox 912 1846 992 1909; x_wconf 90' lang='lat' dir='ltr'>nihil</span> <span class='ocrx_word' id='word_1_55' title='bbox 1014 1841 1131 1911; x_wconf 79' lang='lat' dir='ltr'>habeat</span> <span class='ocrx_word' id='word_1_56' title='bbox 1151 1848 1370 1924; x_wconf 86' lang='lat' dir='ltr'>dubitationis,</span> <span class='ocrx_word' id='word_1_57' title='bbox 1392 1851 1472 1934; x_wconf 85' lang='lat' dir='ltr'>quin</span> <span class='ocrx_word' id='word_1_58' title='bbox 1492 1850 1638 1915; x_wconf 81' lang='lat' dir='ltr'>homines</span> <span class='ocrx_word' id='word_1_59' title='bbox 1659 1849 1761 1932; x_wconf 88' lang='lat' dir='ltr'>pluri·</span> 
     </span>
     <span class='ocr_line' id='line_1_8' title="bbox 436 1940 1760 2026; baseline 0.001 -19"><span class='ocrx_word' id='word_1_60' title='bbox 436 1961 521 2007; x_wconf 93' lang='lat' dir='ltr'>mum</span> <span class='ocrx_word' id='word_1_61' title='bbox 544 1940 724 2004; x_wconf 88' lang='lat' dir='ltr'>homiuibus</span> <span class='ocrx_word' id='word_1_62' title='bbox 746 1947 778 2002; x_wconf 88' lang='lat' dir='ltr'>et</span> <span class='ocrx_word' id='word_1_63' title='bbox 798 1941 921 2021; x_wconf 78' lang='lat' dir='ltr'>prosint</span> <span class='ocrx_word' id='word_1_64' title='bbox 942 1948 975 2005; x_wconf 89' lang='lat' dir='ltr'>et</span> <span class='ocrx_word' id='word_1_65' title='bbox 995 1941 1117 2017; x_wconf 88' lang='lat' dir='ltr'>obsint,</span> <span class='ocrx_word' id='word_1_66' title='bbox 1137 1945 1301 2026; x_wconf 89' lang='lat' dir='ltr'>proprium</span> <span class='ocrx_word' id='word_1_67' title='bbox 1322 1943 1384 2006; x_wconf 91' lang='lat' dir='ltr'>hoc</span> <span class='ocrx_word' id='word_1_68' title='bbox 1405 1951 1509 2008; x_wconf 90' lang='lat' dir='ltr'>statuo</span> <span class='ocrx_word' id='word_1_69' title='bbox 1531 1963 1602 2007; x_wconf 90' lang='lat' dir='ltr'>esse</span> <span class='ocrx_word' id='word_1_70' title='bbox 1622 1943 1760 2018; x_wconf 69' lang='lat' dir='ltr'>rimatis,</span> 
     </span>
     <span class='ocr_line' id='line_1_9' title="bbox 436 2033 1760 2121; baseline -0.001 -19"><span class='ocrx_word' id='word_1_71' title='bbox 436 2035 606 2102; x_wconf 87' lang='lat' dir='ltr'>conciliare</span> <span class='ocrx_word' id='word_1_72' title='bbox 619 2060 623 2067; x_wconf 94' lang='lat'><strong>·</strong></span> <span class='ocrx_word' id='word_1_73' title='bbox 636 2034 757 2097; x_wconf 88' lang='lat' dir='ltr'>animos</span> <span class='ocrx_word' id='word_1_74' title='bbox 785 2033 950 2098; x_wconf 88' lang='lat' dir='ltr'>hominum</span> <span class='ocrx_word' id='word_1_75' title='bbox 979 2044 1010 2098; x_wconf 88' lang='lat' dir='ltr'>et</span> <span class='ocrx_word' id='word_1_76' title='bbox 1037 2034 1076 2098; x_wconf 91' lang='lat' dir='ltr'>ad</span> <span class='ocrx_word' id='word_1_77' title='bbox 1106 2056 1183 2101; x_wconf 84' lang='lat' dir='ltr'>usus</span> <span class='ocrx_word' id='word_1_78' title='bbox 1205 2057 1279 2101; x_wconf 89' lang='lat' dir='ltr'>suos</span> <span class='ocrx_word' id='word_1_79' title='bbox 1300 2036 1481 2119; x_wconf 76' lang='lat' dir='ltr'>adiungere.</span> <span class='ocrx_word' id='word_1_80' title='bbox 1525 2038 1654 2121; x_wconf 87' lang='lat' dir='ltr'>ltaque,</span> <span class='ocrx_word' id='word_1_81' title='bbox 1675 2046 1760 2120; x_wconf 78' lang='lat' dir='ltr'>qma</span> 
     </span>
     <span class='ocr_line' id='line_1_10' title="bbox 435 2124 1762 2213; baseline -0.002 -18"><span class='ocrx_word' id='word_1_82' title='bbox 435 2133 468 2195; x_wconf 93' lang='lat' dir='ltr'>in</span> <span class='ocrx_word' id='word_1_83' title='bbox 490 2129 584 2192; x_wconf 89' lang='lat' dir='ltr'>rebus</span> <span class='ocrx_word' id='word_1_84' title='bbox 605 2127 754 2191; x_wconf 85' lang='lat' dir='ltr'>inanimis</span> <span class='ocrx_word' id='word_1_85' title='bbox 776 2146 925 2211; x_wconf 84' lang='lat' dir='ltr'>quaeque</span> <span class='ocrx_word' id='word_1_86' title='bbox 946 2128 980 2191; x_wconf 94' lang='lat' dir='ltr'>in</span> <span class='ocrx_word' id='word_1_87' title='bbox 1003 2125 1076 2213; x_wconf 90' lang='lat' dir='ltr'>[usu</span> <span class='ocrx_word' id='word_1_88' title='bbox 1091 2124 1135 2212; x_wconf 92' lang='lat' dir='ltr'>et]</span> <span class='ocrx_word' id='word_1_89' title='bbox 1158 2130 1344 2193; x_wconf 81' lang='lat' dir='ltr'>tractatione</span> <span class='ocrx_word' id='word_1_90' title='bbox 1365 2129 1530 2194; x_wconf 85' lang='lat' dir='ltr'>beluarum</span> <span class='ocrx_word' id='word_1_91' title='bbox 1543 2130 1623 2194; x_wconf 89' lang='lat' dir='ltr'>fiunt</span> <span class='ocrx_word' id='word_1_92' title='bbox 1637 2130 1762 2195; x_wconf 80' lang='lat' dir='ltr'>utiliter</span> 
     </span>
     <span class='ocr_line' id='line_1_11' title="bbox 398 2221 1760 2307; baseline 0.004 -25"><span class='ocrx_word' id='word_1_93' title='bbox 398 2226 476 2289; x_wconf 82' lang='lat' dir='ltr'>toad</span> <span class='ocrx_word' id='word_1_94' title='bbox 497 2222 661 2288; x_wconf 87' lang='lat' dir='ltr'>hominum</span> <span class='ocrx_word' id='word_1_95' title='bbox 683 2221 786 2295; x_wconf 85' lang='lat' dir='ltr'>vitam,</span> <span class='ocrx_word' id='word_1_96' title='bbox 808 2221 926 2285; x_wconf 87' lang='lat' dir='ltr'>artibus</span> <span class='ocrx_word' id='word_1_97' title='bbox 949 2242 987 2285; x_wconf 88' lang='lat' dir='ltr'>ea</span> <span class='ocrx_word' id='word_1_98' title='bbox 1009 2223 1192 2288; x_wconf 88' lang='lat' dir='ltr'>tribuuntur</span> <span class='ocrx_word' id='word_1_99' title='bbox 1213 2225 1365 2307; x_wconf 89' lang='lat' dir='ltr'>operosis,</span> <span class='ocrx_word' id='word_1_100' title='bbox 1387 2222 1549 2289; x_wconf 85' lang='lat' dir='ltr'>hominum</span> <span class='ocrx_word' id='word_1_101' title='bbox 1571 2233 1675 2290; x_wconf 89' lang='lat' dir='ltr'>autem</span> <span class='ocrx_word' id='word_1_102' title='bbox 1691 2232 1760 2288; x_wconf 87' lang='lat' dir='ltr'>stu·</span> 
     </span>
     <span class='ocr_line' id='line_1_12' title="bbox 435 2311 1760 2403; baseline 0 -21"><span class='ocrx_word' id='word_1_103' title='bbox 435 2319 489 2382; x_wconf 90' lang='lat' dir='ltr'>dia</span> <span class='ocrx_word' id='word_1_104' title='bbox 519 2316 559 2381; x_wconf 91' lang='lat' dir='ltr'>ad</span> <span class='ocrx_word' id='word_1_105' title='bbox 586 2311 862 2399; x_wconf 82' lang='lat' dir='ltr'>amplificationem</span> <span class='ocrx_word' id='word_1_106' title='bbox 893 2324 1070 2382; x_wconf 91' lang='lat' dir='ltr'>nostrarum</span> <span class='ocrx_word' id='word_1_107' title='bbox 1099 2338 1205 2381; x_wconf 91' lang='lat' dir='ltr'>rerum</span> <span class='ocrx_word' id='word_1_108' title='bbox 1234 2326 1379 2402; x_wconf 91' lang='lat' dir='ltr'>prompta</span> <span class='ocrx_word' id='word_1_109' title='bbox 1414 2338 1450 2382; x_wconf 90' lang='lat' dir='ltr'>ao</span> <span class='ocrx_word' id='word_1_110' title='bbox 1481 2326 1590 2403; x_wconf 86' lang='lat' dir='ltr'>parata</span> <span class='ocrx_word' id='word_1_111' title='bbox 1618 2319 1760 2383; x_wconf 80' lang='lat' dir='ltr'>virorum</span> 
     </span>
     <span class='ocr_line' id='line_1_13' title="bbox 437 2408 1760 2497; baseline -0.002 -20"><span class='ocrx_word' id='word_1_112' title='bbox 437 2409 664 2497; x_wconf 88' lang='lat' dir='ltr'>praestantium</span> <span class='ocrx_word' id='word_1_113' title='bbox 694 2409 847 2492; x_wconf 90' lang='lat' dir='ltr'>sapientia</span> <span class='ocrx_word' id='word_1_114' title='bbox 876 2417 907 2473; x_wconf 89' lang='lat' dir='ltr'>et</span> <span class='ocrx_word' id='word_1_115' title='bbox 932 2409 1049 2474; x_wconf 81' lang='lat' dir='ltr'>virtute</span> <span class='ocrx_word' id='word_1_116' title='bbox 1077 2412 1264 2475; x_wconf 87' lang='lat' dir='ltr'>excitantur.</span> <span class='ocrx_word' id='word_1_117' title='bbox 1307 2408 1357 2473; x_wconf 86' lang='lat' dir='ltr'>t8.</span> <span class='ocrx_word' id='word_1_118' title='bbox 1386 2412 1513 2476; x_wconf 82' lang='lat' dir='ltr'>Etenim</span> <span class='ocrx_word' id='word_1_119' title='bbox 1527 2414 1635 2477; x_wconf 75' lang='lat' dir='ltr'>⁸uirtus</span> <span class='ocrx_word' id='word_1_120' title='bbox 1656 2411 1760 2475; x_wconf 87' lang='lat' dir='ltr'>omnis</span> 
     </span>
     <span class='ocr_line' id='line_1_14' title="bbox 436 2503 1760 2590; baseline -0.003 -17"><span class='ocrx_word' id='word_1_121' title='bbox 436 2505 591 2573; x_wconf 82' lang='lat' dir='ltr'>triburin</span> <span class='ocrx_word' id='word_1_122' title='bbox 613 2504 707 2566; x_wconf 89' lang='lat' dir='ltr'>rebus</span> <span class='ocrx_word' id='word_1_123' title='bbox 728 2503 796 2566; x_wconf 81' lang='lat' dir='ltr'>lere</span> <span class='ocrx_word' id='word_1_124' title='bbox 818 2504 966 2579; x_wconf 86' lang='lat' dir='ltr'>vertitur,</span> <span class='ocrx_word' id='word_1_125' title='bbox 995 2523 1127 2587; x_wconf 87' lang='lat' dir='ltr'>quarum</span> <span class='ocrx_word' id='word_1_126' title='bbox 1150 2526 1213 2569; x_wconf 92' lang='lat' dir='ltr'>una</span> <span class='ocrx_word' id='word_1_127' title='bbox 1235 2513 1284 2569; x_wconf 90' lang='lat' dir='ltr'>est</span> <span class='ocrx_word' id='word_1_128' title='bbox 1305 2506 1338 2569; x_wconf 94' lang='lat' dir='ltr'>iu</span> <span class='ocrx_word' id='word_1_129' title='bbox 1361 2505 1598 2590; x_wconf 91' lang='lat' dir='ltr'>perspiciendo,</span> <span class='ocrx_word' id='word_1_130' title='bbox 1626 2506 1704 2590; x_wconf 87' lang='lat' dir='ltr'>quid</span> <span class='ocrx_word' id='word_1_131' title='bbox 1725 2506 1760 2569; x_wconf 91' lang='lat' dir='ltr'>in</span> 
     </span>
     <span class='ocr_line' id='line_1_15' title="bbox 438 2597 1759 2687; baseline -0.003 -22"><span class='ocrx_word' id='word_1_132' title='bbox 438 2621 567 2687; x_wconf 87' lang='lat' dir='ltr'>quaque</span> <span class='ocrx_word' id='word_1_133' title='bbox 597 2618 632 2661; x_wconf 90' lang='lat' dir='ltr'>rc</span> <span class='ocrx_word' id='word_1_134' title='bbox 661 2616 770 2660; x_wconf 84' lang='lat' dir='ltr'>verum</span> <span class='ocrx_word' id='word_1_135' title='bbox 799 2598 1019 2681; x_wconf 87' lang='lat' dir='ltr'>sincerumque</span> <span class='ocrx_word' id='word_1_136' title='bbox 1047 2598 1108 2671; x_wconf 91' lang='lat' dir='ltr'>sit,</span> <span class='ocrx_word' id='word_1_137' title='bbox 1136 2597 1214 2681; x_wconf 85' lang='lat' dir='ltr'>quid</span> <span class='ocrx_word' id='word_1_138' title='bbox 1244 2607 1490 2663; x_wconf 90' lang='lat' dir='ltr'>cousentaneum</span> <span class='ocrx_word' id='word_1_139' title='bbox 1517 2600 1650 2684; x_wconf 89' lang='lat' dir='ltr'>cuique,</span> <span class='ocrx_word' id='word_1_140' title='bbox 1678 2598 1759 2683; x_wconf 83' lang='lat' dir='ltr'>quid</span> 
     </span>
     <span class='ocr_line' id='line_1_16' title="bbox 399 2691 1759 2778; baseline -0.001 -19"><span class='ocrx_word' id='word_1_141' title='bbox 399 2705 653 2776; x_wconf 73' lang='lat' dir='ltr'>ttconsequens,</span> <span class='ocrx_word' id='word_1_142' title='bbox 683 2711 724 2754; x_wconf 87' lang='lat' dir='ltr'>ex</span> <span class='ocrx_word' id='word_1_143' title='bbox 751 2710 815 2774; x_wconf 86' lang='lat' dir='ltr'>quo</span> <span class='ocrx_word' id='word_1_144' title='bbox 844 2710 992 2776; x_wconf 85' lang='lat' dir='ltr'>quaeque</span> <span class='ocrx_word' id='word_1_145' title='bbox 1021 2691 1204 2774; x_wconf 75' lang='lat' dir='ltr'>gignantur,</span> <span class='ocrx_word' id='word_1_146' title='bbox 1234 2712 1318 2776; x_wconf 85' lang='lat' dir='ltr'>quac</span> <span class='ocrx_word' id='word_1_147' title='bbox 1347 2693 1500 2778; x_wconf 85' lang='lat' dir='ltr'>cuiusque</span> <span class='ocrx_word' id='word_1_148' title='bbox 1522 2693 1569 2756; x_wconf 88' lang='lat' dir='ltr'>rei</span> <span class='ocrx_word' id='word_1_149' title='bbox 1591 2712 1687 2757; x_wconf 87' lang='lat' dir='ltr'>causa</span> <span class='ocrx_word' id='word_1_150' title='bbox 1707 2692 1759 2766; x_wconf 87' lang='lat' dir='ltr'>sit,</span> 
     </span>
     <span class='ocr_line' id='line_1_17' title="bbox 436 2785 1759 2870; baseline -0.003 -17"><span class='ocrx_word' id='word_1_151' title='bbox 436 2790 568 2854; x_wconf 89' lang='lat' dir='ltr'>alterum</span> <span class='ocrx_word' id='word_1_152' title='bbox 597 2785 746 2849; x_wconf 84' lang='lat' dir='ltr'>cohibere</span> <span class='ocrx_word' id='word_1_153' title='bbox 774 2791 880 2849; x_wconf 88' lang='lat' dir='ltr'>motus</span> <span class='ocrx_word' id='word_1_154' title='bbox 907 2785 1005 2848; x_wconf 88' lang='lat' dir='ltr'>animi</span> <span class='ocrx_word' id='word_1_155' title='bbox 1034 2787 1192 2861; x_wconf 88' lang='lat' dir='ltr'>turbatos,</span> <span class='ocrx_word' id='word_1_156' title='bbox 1219 2806 1300 2870; x_wconf 87' lang='lat' dir='ltr'>quos</span> <span class='ocrx_word' id='word_1_157' title='bbox 1328 2786 1438 2850; x_wconf 84' lang='lat' dir='ltr'>Graeci</span> <span class='ocrx_word' id='word_1_158' title='bbox 1468 2787 1558 2865; x_wconf 69' lang='grc' dir='ltr'>πάθη</span> <span class='ocrx_word' id='word_1_159' title='bbox 1587 2787 1759 2861; x_wconf 85' lang='lat' dir='ltr'>nominant,</span> 
     </span>
     <span class='ocr_line' id='line_1_18' title="bbox 436 2878 1758 2967; baseline -0.002 -20"><span class='ocrx_word' id='word_1_160' title='bbox 436 2881 730 2967; x_wconf 89' lang='lat' dir='ltr'>appetitionesque,</span> <span class='ocrx_word' id='word_1_161' title='bbox 759 2899 838 2963; x_wconf 89' lang='lat' dir='ltr'>quas</span> <span class='ocrx_word' id='word_1_162' title='bbox 860 2878 908 2942; x_wconf 92' lang='lat' dir='ltr'>illi</span> <span class='ocrx_word' id='word_1_163' title='bbox 930 2880 1051 2964; x_wconf 78' lang='grc' dir='ltr'>ὁρμάς,</span> <span class='ocrx_word' id='word_1_164' title='bbox 1081 2880 1287 2944; x_wconf 86' lang='lat' dir='ltr'>oboedientes</span> <span class='ocrx_word' id='word_1_165' title='bbox 1316 2880 1443 2944; x_wconf 82' lang='lat' dir='ltr'>efficere</span> <span class='ocrx_word' id='word_1_166' title='bbox 1471 2880 1603 2956; x_wconf 89' lang='lat' dir='ltr'>rationi,</span> <span class='ocrx_word' id='word_1_167' title='bbox 1632 2881 1758 2944; x_wconf 84' lang='lat' dir='ltr'>tertium</span> 
     </span>
     <span class='ocr_line' id='line_1_19' title="bbox 436 2974 1759 3059; baseline -0.002 -18"><span class='ocrx_word' id='word_1_168' title='bbox 436 2978 492 3050; x_wconf 89' lang='lat' dir='ltr'>iis,</span> <span class='ocrx_word' id='word_1_169' title='bbox 522 2975 707 3059; x_wconf 88' lang='lat' dir='ltr'>quibuscum</span> <span class='ocrx_word' id='word_1_170' title='bbox 730 2992 972 3056; x_wconf 71' lang='lat' dir='ltr'>congregemur,</span> <span class='ocrx_word' id='word_1_171' title='bbox 1002 2975 1048 3037; x_wconf 92' lang='lat' dir='ltr'>uti</span> <span class='ocrx_word' id='word_1_172' title='bbox 1070 2976 1232 3038; x_wconf 89' lang='lat' dir='ltr'>moderate</span> <span class='ocrx_word' id='word_1_173' title='bbox 1254 2982 1287 3037; x_wconf 88' lang='lat' dir='ltr'>et</span> <span class='ocrx_word' id='word_1_174' title='bbox 1308 2975 1463 3050; x_wconf 90' lang='lat' dir='ltr'>scienter,</span> <span class='ocrx_word' id='word_1_175' title='bbox 1492 2994 1623 3058; x_wconf 84' lang='lat' dir='ltr'>quorum</span> <span class='ocrx_word' id='word_1_176' title='bbox 1645 2974 1759 3039; x_wconf 89' lang='lat' dir='ltr'>studiis</span> 
     </span>
     <span class='ocr_line' id='line_1_20' title="bbox 437 3067 1760 3153; baseline -0.003 -17"><span class='ocrx_word' id='word_1_177' title='bbox 437 3092 491 3144; x_wconf 85' lang='lat' dir='ltr'>ea,</span> <span class='ocrx_word' id='word_1_178' title='bbox 514 3088 596 3153; x_wconf 85' lang='lat' dir='ltr'>quae</span> <span class='ocrx_word' id='word_1_179' title='bbox 617 3074 729 3130; x_wconf 90' lang='lat' dir='ltr'>natura</span> <span class='ocrx_word' id='word_1_180' title='bbox 751 3067 926 3141; x_wconf 88' lang='lat' dir='ltr'>desiderat,</span> <span class='ocrx_word' id='word_1_181' title='bbox 949 3068 1075 3152; x_wconf 88' lang='lat' dir='ltr'>expleta</span> <span class='ocrx_word' id='word_1_182' title='bbox 1098 3068 1321 3152; x_wconf 84' lang='lat' dir='ltr'>cumulataque</span> <span class='ocrx_word' id='word_1_183' title='bbox 1341 3068 1511 3143; x_wconf 87' lang='lat' dir='ltr'>hahemus,</span> <span class='ocrx_word' id='word_1_184' title='bbox 1539 3089 1595 3151; x_wconf 90' lang='lat' dir='ltr'>per</span> <span class='ocrx_word' id='word_1_185' title='bbox 1615 3069 1760 3134; x_wconf 89' lang='lat' dir='ltr'>eosdem·</span> 
     </span>
     <span class='ocr_line' id='line_1_21' title="bbox 399 3160 1758 3249; baseline 0.004 -27"><span class='ocrx_word' id='word_1_186' title='bbox 399 3175 516 3249; x_wconf 81' lang='lat' dir='ltr'>atque,</span> <span class='ocrx_word' id='word_1_187' title='bbox 545 3163 571 3226; x_wconf 91' lang='lat' dir='ltr'>si</span> <span class='ocrx_word' id='word_1_188' title='bbox 600 3160 676 3243; x_wconf 88' lang='lat' dir='ltr'>quid</span> <span class='ocrx_word' id='word_1_189' title='bbox 705 3160 892 3244; x_wconf 89' lang='lat' dir='ltr'>importetur</span> <span class='ocrx_word' id='word_1_190' title='bbox 914 3161 1006 3224; x_wconf 87' lang='lat' dir='ltr'>nobis</span> <span class='ocrx_word' id='word_1_191' title='bbox 1027 3160 1235 3237; x_wconf 86' lang='lat' dir='ltr'>incommodi,</span> <span class='ocrx_word' id='word_1_192' title='bbox 1265 3163 1487 3245; x_wconf 85' lang='lat' dir='ltr'>propulsemus</span> <span class='ocrx_word' id='word_1_193' title='bbox 1508 3161 1758 3247; x_wconf 78' lang='lat' dir='ltr'>ulciscamurque</span> 
     </span>
     <span class='ocr_line' id='line_1_22' title="bbox 437 3253 1758 3341; baseline -0.002 -18"><span class='ocrx_word' id='word_1_194' title='bbox 437 3279 509 3332; x_wconf 86' lang='lat' dir='ltr'>eos,</span> <span class='ocrx_word' id='word_1_195' title='bbox 532 3256 586 3340; x_wconf 84' lang='lat' dir='ltr'>qui</span> <span class='ocrx_word' id='word_1_196' title='bbox 608 3274 724 3318; x_wconf 88' lang='lat' dir='ltr'>nocere</span> <span class='ocrx_word' id='word_1_197' title='bbox 746 3253 838 3317; x_wconf 85' lang='lat' dir='ltr'>nobis</span> <span class='ocrx_word' id='word_1_198' title='bbox 859 3256 964 3318; x_wconf 88' lang='lat' dir='ltr'>eonati</span> <span class='ocrx_word' id='word_1_199' title='bbox 986 3255 1065 3329; x_wconf 90' lang='lat' dir='ltr'>sint,</span> <span class='ocrx_word' id='word_1_200' title='bbox 1088 3262 1239 3339; x_wconf 82' lang='lat' dir='ltr'>tantaque</span> <span class='ocrx_word' id='word_1_201' title='bbox 1260 3275 1363 3341; x_wconf 90' lang='lat' dir='ltr'>poena</span> <span class='ocrx_word' id='word_1_202' title='bbox 1385 3253 1580 3331; x_wconf 80' lang='lat' dir='ltr'>adiiciamus,</span> <span class='ocrx_word' id='word_1_203' title='bbox 1608 3266 1758 3340; x_wconf 81' lang='lat' dir='ltr'>quantam</span> 
     </span>
     <span class='ocr_line' id='line_1_23' title="bbox 437 3345 1759 3435; baseline 0 -20"><span class='ocrx_word' id='word_1_204' title='bbox 437 3351 581 3435; x_wconf 87' lang='lat' dir='ltr'>aequitas</span> <span class='ocrx_word' id='word_1_205' title='bbox 602 3348 847 3431; x_wconf 87' lang='lat' dir='ltr'>humanitasque</span> <span class='ocrx_word' id='word_1_206' title='bbox 869 3350 997 3432; x_wconf 90' lang='lat' dir='ltr'>patitur.</span> <span class='ocrx_word' id='word_1_207' title='bbox 1047 3350 1100 3412; x_wconf 90' lang='lat' dir='ltr'>v1.</span> <span class='ocrx_word' id='word_1_208' title='bbox 1129 3345 1181 3412; x_wconf 86' lang='lat' dir='ltr'>l9.</span> <span class='ocrx_word' id='word_1_209' title='bbox 1211 3348 1460 3425; x_wconf 86' lang='lat' dir='ltr'>Quibus·sutem</span> <span class='ocrx_word' id='word_1_210' title='bbox 1482 3350 1659 3414; x_wconf 86' lang='lat' dir='ltr'>rationibus</span> <span class='ocrx_word' id='word_1_211' title='bbox 1678 3351 1759 3415; x_wconf 82' lang='lat' dir='ltr'>lrano</span> 
     </span>
     <span class='ocr_line' id='line_1_24' title="bbox 437 3442 1759 3530; baseline 0.002 -22"><span class='ocrx_word' id='word_1_212' title='bbox 437 3444 617 3509; x_wconf 75' lang='lat' dir='ltr'>facultatem</span> <span class='ocrx_word' id='word_1_213' title='bbox 645 3442 773 3524; x_wconf 88' lang='lat' dir='ltr'>assequi</span> <span class='ocrx_word' id='word_1_214' title='bbox 798 3444 972 3525; x_wconf 90' lang='lat' dir='ltr'>possimus,</span> <span class='ocrx_word' id='word_1_215' title='bbox 1002 3449 1037 3505; x_wconf 93' lang='lat' dir='ltr'>ut</span> <span class='ocrx_word' id='word_1_216' title='bbox 1061 3443 1224 3507; x_wconf 91' lang='lat' dir='ltr'>hominum</span> <span class='ocrx_word' id='word_1_217' title='bbox 1253 3446 1357 3509; x_wconf 90' lang='lat' dir='ltr'>studia</span> <span class='ocrx_word' id='word_1_218' title='bbox 1384 3445 1631 3528; x_wconf 88' lang='lat' dir='ltr'>complectamur</span> <span class='ocrx_word' id='word_1_219' title='bbox 1657 3465 1759 3530; x_wconf 82' lang='lat' dir='ltr'>eaque</span> 
     </span>
     <span class='ocr_line' id='line_1_25' title="bbox 437 3534 1758 3622; baseline -0.001 -19"><span class='ocrx_word' id='word_1_220' title='bbox 437 3547 611 3609; x_wconf 90' lang='lat' dir='ltr'>teneamus,</span> <span class='ocrx_word' id='word_1_221' title='bbox 632 3535 786 3610; x_wconf 85' lang='lat' dir='ltr'>disemus,</span> <span class='ocrx_word' id='word_1_222' title='bbox 808 3555 911 3617; x_wconf 91' lang='lat' dir='ltr'>neque</span> <span class='ocrx_word' id='word_1_223' title='bbox 933 3537 977 3599; x_wconf 89' lang='lat' dir='ltr'>ita</span> <span class='ocrx_word' id='word_1_224' title='bbox 998 3534 1096 3599; x_wconf 94' lang='lat' dir='ltr'>multo</span> <span class='ocrx_word' id='word_1_225' title='bbox 1119 3545 1200 3620; x_wconf 82' lang='lat' dir='ltr'>post,</span> <span class='ocrx_word' id='word_1_226' title='bbox 1222 3538 1279 3601; x_wconf 88' lang='lat' dir='ltr'>sed</span> <span class='ocrx_word' id='word_1_227' title='bbox 1302 3557 1402 3622; x_wconf 87' lang='lat' dir='ltr'>pauca</span> <span class='ocrx_word' id='word_1_228' title='bbox 1422 3547 1497 3602; x_wconf 90' lang='lat' dir='ltr'>aute</span> <span class='ocrx_word' id='word_1_229' title='bbox 1519 3538 1653 3604; x_wconf 88' lang='lat' dir='ltr'>dicenda</span> <span class='ocrx_word' id='word_1_230' title='bbox 1675 3549 1758 3605; x_wconf 81' lang='lat' dir='ltr'>sunt.</span> 
     </span>
     <span class='ocr_line' id='line_1_26' title="bbox 400 3628 1758 3716; baseline 0.005 -26"><span class='ocrx_word' id='word_1_231' title='bbox 400 3635 581 3716; x_wconf 78' lang='lat' dir='ltr'>aellagnam</span> <span class='ocrx_word' id='word_1_232' title='bbox 604 3629 669 3691; x_wconf 84' lang='lat' dir='ltr'>vim</span> <span class='ocrx_word' id='word_1_233' title='bbox 691 3648 761 3690; x_wconf 88' lang='lat' dir='ltr'>csse</span> <span class='ocrx_word' id='word_1_234' title='bbox 783 3629 815 3691; x_wconf 91' lang='lat' dir='ltr'>iu</span> <span class='ocrx_word' id='word_1_235' title='bbox 837 3628 964 3692; x_wconf 81' lang='lat' dir='ltr'>fortuna</span> <span class='ocrx_word' id='word_1_236' title='bbox 988 3629 1022 3691; x_wconf 94' lang='lat' dir='ltr'>in</span> <span class='ocrx_word' id='word_1_237' title='bbox 1044 3637 1210 3714; x_wconf 88' lang='lat' dir='ltr'>utramque</span> <span class='ocrx_word' id='word_1_238' title='bbox 1232 3640 1368 3715; x_wconf 92' lang='lat' dir='ltr'>partem,</span> <span class='ocrx_word' id='word_1_239' title='bbox 1397 3631 1447 3696; x_wconf 85' lang='lat' dir='ltr'>vel</span> <span class='ocrx_word' id='word_1_240' title='bbox 1470 3633 1624 3698; x_wconf 89' lang='lat' dir='ltr'>secundas</span> <span class='ocrx_word' id='word_1_241' title='bbox 1645 3634 1685 3699; x_wconf 89' lang='lat' dir='ltr'>ad</span> <span class='ocrx_word' id='word_1_242' title='bbox 1707 3653 1758 3697; x_wconf 91' lang='lat' dir='ltr'>res</span> 
     </span>
     <span class='ocr_line' id='line_1_27' title="bbox 438 3722 1757 3809; baseline -0.001 -20"><span class='ocrx_word' id='word_1_243' title='bbox 438 3728 488 3791; x_wconf 82' lang='lat' dir='ltr'>vel</span> <span class='ocrx_word' id='word_1_244' title='bbox 511 3726 668 3796; x_wconf 84' lang='lat' dir='ltr'>adversas,</span> <span class='ocrx_word' id='word_1_245' title='bbox 693 3723 764 3803; x_wconf 88' lang='lat' dir='ltr'>quis</span> <span class='ocrx_word' id='word_1_246' title='bbox 784 3722 930 3804; x_wconf 77' lang='lat' dir='ltr'>ignorati</span> <span class='ocrx_word' id='word_1_247' title='bbox 958 3724 1037 3786; x_wconf 89' lang='lat' dir='ltr'>Nam</span> <span class='ocrx_word' id='word_1_248' title='bbox 1060 3732 1183 3786; x_wconf 88' lang='lat' dir='ltr'>etcum</span> <span class='ocrx_word' id='word_1_249' title='bbox 1206 3746 1358 3809; x_wconf 91' lang='lat' dir='ltr'>prospero</span> <span class='ocrx_word' id='word_1_250' title='bbox 1380 3727 1454 3789; x_wconf 85' lang='lat' dir='ltr'>flatu</span> <span class='ocrx_word' id='word_1_251' title='bbox 1477 3728 1547 3790; x_wconf 90' lang='lat' dir='ltr'>eius</span> <span class='ocrx_word' id='word_1_252' title='bbox 1568 3728 1696 3802; x_wconf 92' lang='lat' dir='ltr'>utimur,</span> <span class='ocrx_word' id='word_1_253' title='bbox 1717 3726 1757 3789; x_wconf 89' lang='lat' dir='ltr'>ad</span> 
     </span>
     <span class='ocr_line' id='line_1_28' title="bbox 438 3812 1760 3905; baseline 0.002 -23"><span class='ocrx_word' id='word_1_254' title='bbox 438 3820 545 3883; x_wconf 90' lang='lat' dir='ltr'>exitus</span> <span class='ocrx_word' id='word_1_255' title='bbox 572 3812 774 3900; x_wconf 86' lang='lat' dir='ltr'>pervehimur</span> <span class='ocrx_word' id='word_1_256' title='bbox 801 3823 927 3899; x_wconf 90' lang='lat' dir='ltr'>optatos</span> <span class='ocrx_word' id='word_1_257' title='bbox 956 3824 1079 3879; x_wconf 91' lang='lat' dir='ltr'>etcum</span> <span class='ocrx_word' id='word_1_258' title='bbox 1101 3818 1223 3881; x_wconf 85' lang='lat' dir='ltr'>reflavit</span> <span class='ocrx_word' id='word_1_259' title='bbox 1244 3818 1423 3902; x_wconf 73' lang='lat' dir='ltr'>affligimur.</span> <span class='ocrx_word' id='word_1_260' title='bbox 1466 3820 1552 3884; x_wconf 85' lang='lat' dir='ltr'>llaec</span> <span class='ocrx_word' id='word_1_261' title='bbox 1573 3822 1670 3903; x_wconf 75' lang='lat' dir='ltr'>igitur</span> <span class='ocrx_word' id='word_1_262' title='bbox 1690 3821 1760 3905; x_wconf 79' lang='lat' dir='ltr'>ipsa</span> 
     </span>
     <span class='ocr_line' id='line_1_29' title="bbox 437 3910 1758 3997; baseline 0.001 -21"><span class='ocrx_word' id='word_1_263' title='bbox 437 3912 564 3976; x_wconf 88' lang='lat' dir='ltr'>lortuna</span> <span class='ocrx_word' id='word_1_264' title='bbox 591 3918 713 3973; x_wconf 90' lang='lat' dir='ltr'>eeteros</span> <span class='ocrx_word' id='word_1_265' title='bbox 743 3928 835 3972; x_wconf 90' lang='lat' dir='ltr'>casus</span> <span class='ocrx_word' id='word_1_266' title='bbox 865 3910 1000 3972; x_wconf 89' lang='lat' dir='ltr'>rariores</span> <span class='ocrx_word' id='word_1_267' title='bbox 1029 3910 1142 3984; x_wconf 88' lang='lat' dir='ltr'>hahet,</span> <span class='ocrx_word' id='word_1_268' title='bbox 1174 3912 1311 3994; x_wconf 89' lang='lat' dir='ltr'>primum</span> <span class='ocrx_word' id='word_1_269' title='bbox 1346 3913 1385 3976; x_wconf 87' lang='lat' dir='ltr'>ab</span> <span class='ocrx_word' id='word_1_270' title='bbox 1414 3914 1562 3978; x_wconf 91' lang='lat' dir='ltr'>inanimis</span> <span class='ocrx_word' id='word_1_271' title='bbox 1593 3913 1758 3997; x_wconf 89' lang='lat' dir='ltr'>procellas,</span> 
     </span>
     <span class='ocr_line' id='line_1_30' title="bbox 438 4002 1759 4087; baseline 0.002 -19"><span class='ocrx_word' id='word_1_272' title='bbox 438 4011 657 4087; x_wconf 85' lang='lat' dir='ltr'>tempestates,</span> <span class='ocrx_word' id='word_1_273' title='bbox 678 4002 857 4085; x_wconf 81' lang='lat' dir='ltr'>naufragia,</span> <span class='ocrx_word' id='word_1_274' title='bbox 880 4004 997 4078; x_wconf 90' lang='lat' dir='ltr'>ruinas,</span> <span class='ocrx_word' id='word_1_275' title='bbox 1019 4003 1176 4080; x_wconf 88' lang='lat' dir='ltr'>incendia,</span> <span class='ocrx_word' id='word_1_276' title='bbox 1198 4006 1315 4070; x_wconf 90' lang='lat' dir='ltr'>deinde</span> <span class='ocrx_word' id='word_1_277' title='bbox 1337 4027 1356 4071; x_wconf 93' lang='lat' dir='ltr'>a</span> <span class='ocrx_word' id='word_1_278' title='bbox 1377 4007 1489 4071; x_wconf 87' lang='lat' dir='ltr'>bestiis</span> <span class='ocrx_word' id='word_1_279' title='bbox 1511 4009 1603 4082; x_wconf 90' lang='lat' dir='ltr'>ictus,</span> <span class='ocrx_word' id='word_1_280' title='bbox 1625 4028 1759 4082; x_wconf 88' lang='lat' dir='ltr'>morsus,</span> 
     </span>
     <span class='ocr_line' id='line_1_31' title="bbox 400 4096 1759 4181; baseline 0.003 -21"><span class='ocrx_word' id='word_1_281' title='bbox 400 4101 585 4181; x_wconf 77' lang='lat' dir='ltr'>toimpetus.</span> <span class='ocrx_word' id='word_1_282' title='bbox 621 4096 707 4159; x_wconf 87' lang='lat' dir='ltr'>Haec</span> <span class='ocrx_word' id='word_1_283' title='bbox 729 4117 819 4179; x_wconf 80' lang='lat' dir='ltr'>ergo,</span> <span class='ocrx_word' id='word_1_284' title='bbox 841 4105 875 4159; x_wconf 93' lang='lat' dir='ltr'>ut</span> <span class='ocrx_word' id='word_1_285' title='bbox 899 4096 979 4171; x_wconf 86' lang='lat' dir='ltr'>dixi,</span> <span class='ocrx_word' id='word_1_286' title='bbox 1003 4100 1132 4161; x_wconf 85' lang='lat' dir='ltr'>rariora.</span> <span class='ocrx_word' id='word_1_287' title='bbox 1174 4097 1225 4161; x_wconf 69' lang='lat'>20.</span> <span class='ocrx_word' id='word_1_288' title='bbox 1249 4104 1287 4163; x_wconf 75' lang='lat' dir='ltr'>At</span> <span class='ocrx_word' id='word_1_289' title='bbox 1303 4122 1378 4165; x_wconf 87' lang='lat' dir='ltr'>vero</span> <span class='ocrx_word' id='word_1_290' title='bbox 1394 4101 1538 4164; x_wconf 89' lang='lat' dir='ltr'>interitus</span> <span class='ocrx_word' id='word_1_291' title='bbox 1554 4101 1759 4174; x_wconf 86' lang='lat' dir='ltr'>exercituum,</span> 
     </span>
     <span class='ocr_line' id='line_1_32' title="bbox 437 4190 1759 4277; baseline -0.001 -20"><span class='ocrx_word' id='word_1_292' title='bbox 437 4203 473 4259; x_wconf 92' lang='lat' dir='ltr'>ut</span> <span class='ocrx_word' id='word_1_293' title='bbox 495 4193 638 4276; x_wconf 87' lang='lat' dir='ltr'>proxime</span> <span class='ocrx_word' id='word_1_294' title='bbox 660 4190 764 4264; x_wconf 93' lang='lat' dir='ltr'>trium,</span> <span class='ocrx_word' id='word_1_295' title='bbox 786 4211 880 4273; x_wconf 88' lang='lat' dir='ltr'>saepe</span> <span class='ocrx_word' id='word_1_296' title='bbox 903 4192 1088 4266; x_wconf 93' lang='lat' dir='ltr'>multorum,</span> <span class='ocrx_word' id='word_1_297' title='bbox 1104 4193 1208 4255; x_wconf 87' lang='lat' dir='ltr'>clades</span> <span class='ocrx_word' id='word_1_298' title='bbox 1225 4194 1463 4276; x_wconf 88' lang='lat' dir='ltr'>imperatorum,</span> <span class='ocrx_word' id='word_1_299' title='bbox 1481 4202 1516 4257; x_wconf 92' lang='lat' dir='ltr'>ut</span> <span class='ocrx_word' id='word_1_300' title='bbox 1529 4215 1631 4277; x_wconf 92' lang='lat' dir='ltr'>nuper</span> <span class='ocrx_word' id='word_1_301' title='bbox 1645 4196 1759 4259; x_wconf 92' lang='lat' dir='ltr'>summi</span> 
     </span>
     <span class='ocr_line' id='line_1_33' title="bbox 438 4285 1760 4371; baseline -0.002 -19"><span class='ocrx_word' id='word_1_302' title='bbox 438 4298 469 4352; x_wconf 91' lang='lat' dir='ltr'>et</span> <span class='ocrx_word' id='word_1_303' title='bbox 498 4286 665 4369; x_wconf 82' lang='lat' dir='ltr'>singularis</span> <span class='ocrx_word' id='word_1_304' title='bbox 696 4286 772 4360; x_wconf 86' lang='lat' dir='ltr'>viri,</span> <span class='ocrx_word' id='word_1_305' title='bbox 801 4285 939 4348; x_wconf 91' lang='lat' dir='ltr'>invidiae</span> <span class='ocrx_word' id='word_1_306' title='bbox 969 4294 1132 4368; x_wconf 88' lang='lat' dir='ltr'>praeterea</span> <span class='ocrx_word' id='word_1_307' title='bbox 1163 4287 1372 4350; x_wconf 89' lang='lat' dir='ltr'>multitudinis</span> <span class='ocrx_word' id='word_1_308' title='bbox 1403 4296 1498 4371; x_wconf 89' lang='lat' dir='ltr'>atque</span> <span class='ocrx_word' id='word_1_309' title='bbox 1528 4287 1568 4351; x_wconf 91' lang='lat' dir='ltr'>ob</span> <span class='ocrx_word' id='word_1_310' title='bbox 1597 4308 1650 4352; x_wconf 87' lang='lat' dir='ltr'>eas</span> <span class='ocrx_word' id='word_1_311' title='bbox 1678 4289 1760 4351; x_wconf 87' lang='lat' dir='ltr'>bene</span> 
     </span>
     <span class='ocr_line' id='line_1_34' title="bbox 437 4379 1761 4464; baseline -0.001 -18"><span class='ocrx_word' id='word_1_312' title='bbox 437 4384 621 4446; x_wconf 91' lang='lat' dir='ltr'>meritorum</span> <span class='ocrx_word' id='word_1_313' title='bbox 649 4400 743 4463; x_wconf 90' lang='lat' dir='ltr'>saepe</span> <span class='ocrx_word' id='word_1_314' title='bbox 771 4379 885 4442; x_wconf 88' lang='lat' dir='ltr'>civium</span> <span class='ocrx_word' id='word_1_315' title='bbox 914 4380 1134 4462; x_wconf 86' lang='lat' dir='ltr'>expulsiones,</span> <span class='ocrx_word' id='word_1_316' title='bbox 1157 4380 1364 4454; x_wconf 87' lang='lat' dir='ltr'>calamitates,</span> <span class='ocrx_word' id='word_1_317' title='bbox 1385 4380 1493 4464; x_wconf 80' lang='lat' dir='ltr'>fugae,</span> <span class='ocrx_word' id='word_1_318' title='bbox 1515 4403 1688 4464; x_wconf 90' lang='lat' dir='ltr'>rursusque</span> <span class='ocrx_word' id='word_1_319' title='bbox 1710 4403 1761 4445; x_wconf 86' lang='lat' dir='ltr'>se·</span> 
     </span>
     <span class='ocr_line' id='line_1_35' title="bbox 438 4474 1759 4557; baseline 0 -17"><span class='ocrx_word' id='word_1_320' title='bbox 438 4477 559 4540; x_wconf 84' lang='lat' dir='ltr'>eundae</span> <span class='ocrx_word' id='word_1_321' title='bbox 582 4495 641 4548; x_wconf 91' lang='lat' dir='ltr'>res,</span> <span class='ocrx_word' id='word_1_322' title='bbox 664 4475 810 4548; x_wconf 90' lang='lat' dir='ltr'>honores,</span> <span class='ocrx_word' id='word_1_323' title='bbox 833 4474 975 4557; x_wconf 89' lang='lat' dir='ltr'>imperia,</span> <span class='ocrx_word' id='word_1_324' title='bbox 998 4474 1158 4547; x_wconf 82' lang='lat' dir='ltr'>victoriae,</span> <span class='ocrx_word' id='word_1_325' title='bbox 1182 4493 1373 4556; x_wconf 92' lang='lat' dir='ltr'>quamquam</span> <span class='ocrx_word' id='word_1_326' title='bbox 1395 4474 1524 4538; x_wconf 80' lang='lat' dir='ltr'>fortuita</span> <span class='ocrx_word' id='word_1_327' title='bbox 1546 4485 1629 4552; x_wconf 84' lang='lat' dir='ltr'>sunt,</span> <span class='ocrx_word' id='word_1_328' title='bbox 1653 4485 1759 4540; x_wconf 90' lang='lat' dir='ltr'>tamen</span> 
     </span>
     <span class='ocr_line' id='line_1_36' title="bbox 400 4565 1761 4653; baseline 0.003 -22"><span class='ocrx_word' id='word_1_329' title='bbox 400 4571 506 4635; x_wconf 73' lang='lat' dir='ltr'>sosine</span> <span class='ocrx_word' id='word_1_330' title='bbox 529 4570 692 4633; x_wconf 92' lang='lat' dir='ltr'>hominum</span> <span class='ocrx_word' id='word_1_331' title='bbox 714 4568 829 4651; x_wconf 89' lang='lat' dir='ltr'>opibus</span> <span class='ocrx_word' id='word_1_332' title='bbox 852 4577 884 4630; x_wconf 90' lang='lat' dir='ltr'>et</span> <span class='ocrx_word' id='word_1_333' title='bbox 905 4568 1019 4631; x_wconf 90' lang='lat' dir='ltr'>studiis</span> <span class='ocrx_word' id='word_1_334' title='bbox 1041 4574 1185 4630; x_wconf 87' lang='lat' dir='ltr'>neutram</span> <span class='ocrx_word' id='word_1_335' title='bbox 1207 4567 1240 4629; x_wconf 94' lang='lat' dir='ltr'>iu</span> <span class='ocrx_word' id='word_1_336' title='bbox 1261 4576 1382 4650; x_wconf 90' lang='lat' dir='ltr'>partem</span> <span class='ocrx_word' id='word_1_337' title='bbox 1405 4565 1485 4632; x_wconf 87' lang='lat' dir='ltr'>effici</span> <span class='ocrx_word' id='word_1_338' title='bbox 1507 4581 1648 4653; x_wconf 88' lang='lat' dir='ltr'>possunt.</span> <span class='ocrx_word' id='word_1_339' title='bbox 1690 4572 1761 4635; x_wconf 83' lang='lat' dir='ltr'>llos</span> 
     </span>
    </p>
   </div>
   <div class='ocr_carea' id='block_1_3' title="bbox 435 4802 1760 5990">
    <p class='ocr_par' dir='ltr' id='par_1_3' title="bbox 435 4802 1760 5990">
     <span class='ocr_line' id='line_1_37' title="bbox 502 4802 1757 4870; baseline 0.001 -16"><span class='ocrx_word' id='word_1_340' title='bbox 502 4807 526 4854; x_wconf 90' lang='lat' dir='ltr'>t.</span> <span class='ocrx_word' id='word_1_341' title='bbox 545 4804 588 4865; x_wconf 75' lang='lat' dir='ltr'>qut</span> <span class='ocrx_word' id='word_1_342' title='bbox 605 4803 757 4852; x_wconf 66' lang='lat' dir='ltr'>collectan</span> <span class='ocrx_word' id='word_1_343' title='bbox 769 4802 895 4851; x_wconf 76' lang='lat' dir='ltr'>uastitatis</span> <span class='ocrx_word' id='word_1_344' title='bbox 911 4803 1010 4851; x_wconf 88' lang='lat' dir='ltr'>Nouius</span> <span class='ocrx_word' id='word_1_345' title='bbox 1028 4815 1053 4865; x_wconf 92' lang='lat' dir='ltr'>p.</span> <span class='ocrx_word' id='word_1_346' title='bbox 1066 4803 1128 4859; x_wconf 81' lang='lat' dir='ltr'>roo;</span> <span class='ocrx_word' id='word_1_347' title='bbox 1153 4802 1195 4864; x_wconf 80' lang='lat' dir='ltr'>qui</span> <span class='ocrx_word' id='word_1_348' title='bbox 1211 4802 1329 4865; x_wconf 62' lang='lat' dir='ltr'>compitis</span> <span class='ocrx_word' id='word_1_349' title='bbox 1340 4829 1376 4839; x_wconf 92' lang='lat'>--</span> <span class='ocrx_word' id='word_1_350' title='bbox 1387 4804 1511 4853; x_wconf 77' lang='lat' dir='ltr'>uastitatis</span> <span class='ocrx_word' id='word_1_351' title='bbox 1527 4804 1598 4854; x_wconf 89' lang='lat' dir='ltr'>idem</span> <span class='ocrx_word' id='word_1_352' title='bbox 1615 4818 1641 4870; x_wconf 94' lang='lat' dir='ltr'>p.</span> <span class='ocrx_word' id='word_1_353' title='bbox 1653 4805 1708 4855; x_wconf 83' lang='lat' dir='ltr'>rsa.</span> <span class='ocrx_word' id='word_1_354' title='bbox 1729 4831 1757 4842; x_wconf 97' lang='lat'><em>-</em></span> 
     </span>
     <span class='ocr_line' id='line_1_38' title="bbox 436 4876 1757 4939; baseline -0.001 -9"><span class='ocrx_word' id='word_1_355' title='bbox 436 4880 533 4931; x_wconf 81' lang='lat' dir='ltr'>collatis</span> <span class='ocrx_word' id='word_1_356' title='bbox 549 4891 564 4929; x_wconf 92' lang='lat' dir='ltr'>o</span> <span class='ocrx_word' id='word_1_357' title='bbox 584 4906 610 4914; x_wconf 95' lang='lat'><em>-</em></span> <span class='ocrx_word' id='word_1_358' title='bbox 630 4878 654 4927; x_wconf 81' lang='grc'>3.</span> <span class='ocrx_word' id='word_1_359' title='bbox 667 4890 760 4939; x_wconf 64' lang='lat' dir='ltr'>pennu</span> <span class='ocrx_word' id='word_1_360' title='bbox 776 4877 903 4926; x_wconf 70' lang='lat' dir='ltr'>domium</span> <span class='ocrx_word' id='word_1_361' title='bbox 920 4876 938 4924; x_wconf 88' lang='lat' dir='ltr'>B</span> <span class='ocrx_word' id='word_1_362' title='bbox 957 4901 984 4910; x_wconf 97' lang='lat'><em>-</em></span> <span class='ocrx_word' id='word_1_363' title='bbox 1003 4881 1133 4925; x_wconf 80' lang='lat' dir='ltr'>consumto</span> <span class='ocrx_word' id='word_1_364' title='bbox 1144 4878 1173 4925; x_wconf 70' lang='grc' dir='ltr'>ΙΙι</span> <span class='ocrx_word' id='word_1_365' title='bbox 1193 4902 1219 4912; x_wconf 93' lang='grc'><strong>-</strong></span> <span class='ocrx_word' id='word_1_366' title='bbox 1239 4876 1262 4928; x_wconf 90' lang='grc' dir='ltr'>Ι.</span> <span class='ocrx_word' id='word_1_367' title='bbox 1276 4878 1325 4925; x_wconf 78' lang='lat' dir='ltr'>airu</span> <span class='ocrx_word' id='word_1_368' title='bbox 1342 4890 1410 4926; x_wconf 88' lang='lat' dir='ltr'>corr.</span> <span class='ocrx_word' id='word_1_369' title='bbox 1425 4876 1483 4926; x_wconf 88' lang='lat' dir='ltr'>ead.</span> <span class='ocrx_word' id='word_1_370' title='bbox 1498 4890 1533 4927; x_wconf 89' lang='lat' dir='ltr'>m.</span> <span class='ocrx_word' id='word_1_371' title='bbox 1548 4891 1580 4927; x_wconf 87' lang='lat' dir='ltr'>er</span> <span class='ocrx_word' id='word_1_372' title='bbox 1596 4883 1653 4927; x_wconf 80' lang='lat' dir='ltr'>aaut</span> <span class='ocrx_word' id='word_1_373' title='bbox 1669 4879 1712 4930; x_wconf 83' lang='lat' dir='ltr'>Ba</span> <span class='ocrx_word' id='word_1_374' title='bbox 1730 4905 1757 4914; x_wconf 95' lang='grc'>-</span> 
     </span>
     <span class='ocr_line' id='line_1_39' title="bbox 437 4951 1756 5018; baseline -0.003 -12"><span class='ocrx_word' id='word_1_375' title='bbox 437 4954 564 5018; x_wconf 62' lang='lat' dir='ltr'>saum</span> <span class='ocrx_word' id='word_1_376' title='bbox 580 4955 648 5002; x_wconf 79' lang='lat'>13¹-</span> <span class='ocrx_word' id='word_1_377' title='bbox 668 4954 692 5002; x_wconf 81' lang='grc' dir='ltr'>Ι.</span> <span class='ocrx_word' id='word_1_378' title='bbox 704 4954 836 5014; x_wconf 80' lang='lat' dir='ltr'>proprium</span> <span class='ocrx_word' id='word_1_379' title='bbox 847 4953 1008 5003; x_wconf 76' lang='lat' dir='ltr'>loclillab:</span> <span class='ocrx_word' id='word_1_380' title='bbox 1025 4953 1232 5015; x_wconf 77' lang='lat' dir='ltr'>primumdocp3</span> <span class='ocrx_word' id='word_1_381' title='bbox 1250 4951 1756 5014; x_wconf 63' lang='lat' dir='ltr'>nemausinos-etruriam-</span> 
     </span>
     <span class='ocr_line' id='line_1_40' title="bbox 437 5027 1760 5090; baseline -0.004 -9"><span class='ocrx_word' id='word_1_382' title='bbox 437 5031 461 5081; x_wconf 83' lang='grc'>9.</span> <span class='ocrx_word' id='word_1_383' title='bbox 479 5043 527 5079; x_wconf 79' lang='lat' dir='ltr'>usu</span> <span class='ocrx_word' id='word_1_384' title='bbox 543 5035 566 5078; x_wconf 86' lang='lat' dir='ltr'>rt</span> <span class='ocrx_word' id='word_1_385' title='bbox 583 5041 635 5089; x_wconf 92' lang='lat' dir='ltr'>op:</span> <span class='ocrx_word' id='word_1_386' title='bbox 654 5040 707 5076; x_wconf 92' lang='lat' dir='ltr'>orn.</span> <span class='ocrx_word' id='word_1_387' title='bbox 721 5029 812 5077; x_wconf 80' lang='lat' dir='ltr'>Bllalr</span> <span class='ocrx_word' id='word_1_388' title='bbox 833 5055 859 5065; x_wconf 93' lang='lat'><em>-</em></span> <span class='ocrx_word' id='word_1_389' title='bbox 884 5028 1005 5076; x_wconf 79' lang='lat' dir='ltr'>tructione</span> <span class='ocrx_word' id='word_1_390' title='bbox 1022 5028 1040 5077; x_wconf 85' lang='grc' dir='ltr'><strong>Β</strong></span> <span class='ocrx_word' id='word_1_391' title='bbox 1060 5053 1088 5064; x_wconf 90' lang='grc'>-</span> <span class='ocrx_word' id='word_1_392' title='bbox 1114 5029 1153 5078; x_wconf 90' lang='lat' dir='ltr'>t0.</span> <span class='ocrx_word' id='word_1_393' title='bbox 1172 5027 1348 5077; x_wconf 77' lang='lat' dir='ltr'>tribuenturo</span> <span class='ocrx_word' id='word_1_394' title='bbox 1368 5052 1395 5061; x_wconf 91' lang='lat'>-</span> <span class='ocrx_word' id='word_1_395' title='bbox 1415 5028 1454 5075; x_wconf 89' lang='lat' dir='ltr'>tt.</span> <span class='ocrx_word' id='word_1_396' title='bbox 1472 5027 1589 5076; x_wconf 80' lang='lat' dir='ltr'>utrorum</span> <span class='ocrx_word' id='word_1_397' title='bbox 1600 5028 1760 5090; x_wconf 75' lang='lat' dir='ltr'>praestantia</span> 
     </span>
     <span class='ocr_line' id='line_1_41' title="bbox 435 5100 1760 5168; baseline -0.002 -15"><span class='ocrx_word' id='word_1_398' title='bbox 435 5106 558 5168; x_wconf 78' lang='lat' dir='ltr'>snpientia</span> <span class='ocrx_word' id='word_1_399' title='bbox 574 5104 627 5159; x_wconf 83' lang='lat' dir='ltr'>ab;</span> <span class='ocrx_word' id='word_1_400' title='bbox 645 5115 744 5151; x_wconf 82' lang='lat' dir='ltr'>morum</span> <span class='ocrx_word' id='word_1_401' title='bbox 751 5103 910 5166; x_wconf 79' lang='lat' dir='ltr'>praestantia</span> <span class='ocrx_word' id='word_1_402' title='bbox 922 5100 1061 5165; x_wconf 73' lang='lat' dir='ltr'>[rapterius]</span> <span class='ocrx_word' id='word_1_403' title='bbox 1074 5101 1187 5165; x_wconf 76' lang='lat' dir='ltr'>Madvig.</span> <span class='ocrx_word' id='word_1_404' title='bbox 1201 5103 1323 5161; x_wconf 78' lang='lat' dir='ltr'>(uirorum</span> <span class='ocrx_word' id='word_1_405' title='bbox 1334 5100 1482 5162; x_wconf 56' lang='lat' dir='ltr'>sepontium</span> <span class='ocrx_word' id='word_1_406' title='bbox 1492 5106 1516 5150; x_wconf 84' lang='lat' dir='ltr'>et</span> <span class='ocrx_word' id='word_1_407' title='bbox 1525 5101 1619 5151; x_wconf 75' lang='lat' dir='ltr'>uirtute</span> <span class='ocrx_word' id='word_1_408' title='bbox 1627 5107 1760 5164; x_wconf 70' lang='lat' dir='ltr'>praesun-</span> 
     </span>
     <span class='ocr_line' id='line_1_42' title="bbox 436 5174 1759 5239; baseline -0.005 -9"><span class='ocrx_word' id='word_1_409' title='bbox 436 5182 499 5231; x_wconf 80' lang='lat' dir='ltr'>ttum</span> <span class='ocrx_word' id='word_1_410' title='bbox 510 5181 654 5229; x_wconf 64' lang='lat' dir='ltr'>muster</span> <span class='ocrx_word' id='word_1_411' title='bbox 664 5176 688 5237; x_wconf 87' lang='lat' dir='ltr'>p)</span> <span class='ocrx_word' id='word_1_412' title='bbox 702 5202 729 5211; x_wconf 95' lang='lat'>-</span> <span class='ocrx_word' id='word_1_413' title='bbox 748 5178 788 5227; x_wconf 66' lang='grc' dir='ltr'>ΙΙ.</span> <span class='ocrx_word' id='word_1_414' title='bbox 801 5177 898 5226; x_wconf 70' lang='lat' dir='ltr'>Euctus</span> <span class='ocrx_word' id='word_1_415' title='bbox 908 5178 988 5226; x_wconf 80' lang='lat' dir='ltr'>virtus</span> <span class='ocrx_word' id='word_1_416' title='bbox 999 5203 1035 5213; x_wconf 95' lang='lat'>--</span> <span class='ocrx_word' id='word_1_417' title='bbox 1045 5178 1236 5239; x_wconf 69' lang='lat' dir='ltr'>impunitosque</span> <span class='ocrx_word' id='word_1_418' title='bbox 1243 5176 1342 5238; x_wconf 78' lang='lat' dir='ltr'>patitur</span> <span class='ocrx_word' id='word_1_419' title='bbox 1359 5174 1505 5225; x_wconf 87' lang='lat' dir='ltr'>Facciolato</span> <span class='ocrx_word' id='word_1_420' title='bbox 1521 5175 1631 5238; x_wconf 89' lang='lat' dir='ltr'>aliisque</span> <span class='ocrx_word' id='word_1_421' title='bbox 1650 5176 1759 5225; x_wconf 86' lang='lat' dir='ltr'>insiticia</span> 
     </span>
     <span class='ocr_line' id='line_1_43' title="bbox 436 5250 1760 5315; baseline -0.004 -10"><span class='ocrx_word' id='word_1_422' title='bbox 436 5254 568 5304; x_wconf 89' lang='lat' dir='ltr'>videntur.</span> <span class='ocrx_word' id='word_1_423' title='bbox 589 5278 615 5287; x_wconf 97' lang='lat'>-</span> <span class='ocrx_word' id='word_1_424' title='bbox 644 5253 683 5301; x_wconf 77' lang='lat' dir='ltr'>to.</span> <span class='ocrx_word' id='word_1_425' title='bbox 702 5252 810 5314; x_wconf 79' lang='lat' dir='ltr'>quidque</span> <span class='ocrx_word' id='word_1_426' title='bbox 825 5253 946 5315; x_wconf 71' lang='lat' dir='ltr'>pipnatur</span> <span class='ocrx_word' id='word_1_427' title='bbox 963 5263 1000 5314; x_wconf 91' lang='lat' dir='ltr'>op</span> <span class='ocrx_word' id='word_1_428' title='bbox 1026 5280 1058 5291; x_wconf 98' lang='lat'>-</span> <span class='ocrx_word' id='word_1_429' title='bbox 1084 5254 1124 5303; x_wconf 88' lang='grc' dir='ltr'>Ι6.</span> <span class='ocrx_word' id='word_1_430' title='bbox 1143 5252 1250 5301; x_wconf 76' lang='lat' dir='ltr'>uttemm</span> <span class='ocrx_word' id='word_1_431' title='bbox 1266 5257 1300 5301; x_wconf 82' lang='lat' dir='ltr'>eat</span> <span class='ocrx_word' id='word_1_432' title='bbox 1317 5250 1459 5313; x_wconf 79' lang='lat' dir='ltr'>cottosrep</span> <span class='ocrx_word' id='word_1_433' title='bbox 1478 5276 1506 5289; x_wconf 94' lang='lat'><em>-</em></span> <span class='ocrx_word' id='word_1_434' title='bbox 1533 5252 1607 5314; x_wconf 75' lang='lat' dir='ltr'>pulte</span> <span class='ocrx_word' id='word_1_435' title='bbox 1624 5263 1653 5309; x_wconf 71' lang='lat' dir='ltr'>o,</span> <span class='ocrx_word' id='word_1_436' title='bbox 1671 5252 1760 5313; x_wconf 75' lang='lat' dir='ltr'>partes</span> 
     </span>
     <span class='ocr_line' id='line_1_44' title="bbox 437 5326 1760 5397; baseline -0.003 -17"><span class='ocrx_word' id='word_1_437' title='bbox 437 5331 497 5388; x_wconf 83' lang='grc' dir='ltr'>ΒΙΙ,</span> <span class='ocrx_word' id='word_1_438' title='bbox 514 5329 602 5390; x_wconf 78' lang='lat' dir='ltr'>platos</span> <span class='ocrx_word' id='word_1_439' title='bbox 618 5328 660 5377; x_wconf 83' lang='lat' dir='ltr'>ab</span> <span class='ocrx_word' id='word_1_440' title='bbox 684 5351 711 5362; x_wconf 94' lang='lat'>—</span> <span class='ocrx_word' id='word_1_441' title='bbox 737 5327 776 5375; x_wconf 74' lang='grc' dir='ltr'>ΙΙ.</span> <span class='ocrx_word' id='word_1_442' title='bbox 795 5326 896 5376; x_wconf 76' lang='lat' dir='ltr'>hermas</span> <span class='ocrx_word' id='word_1_443' title='bbox 912 5340 935 5386; x_wconf 90' lang='lat' dir='ltr'>o,</span> <span class='ocrx_word' id='word_1_444' title='bbox 954 5341 1038 5377; x_wconf 78' lang='lat' dir='ltr'>omos</span> <span class='ocrx_word' id='word_1_445' title='bbox 1055 5328 1155 5378; x_wconf 84' lang='lat' dir='ltr'>Bllab</span> <span class='ocrx_word' id='word_1_446' title='bbox 1175 5353 1201 5363; x_wconf 94' lang='lat'>-</span> <span class='ocrx_word' id='word_1_447' title='bbox 1222 5327 1372 5377; x_wconf 80' lang='lat' dir='ltr'>oboedientes</span> <span class='ocrx_word' id='word_1_448' title='bbox 1389 5327 1476 5377; x_wconf 78' lang='lat' dir='ltr'>suu:</span> <span class='ocrx_word' id='word_1_449' title='bbox 1497 5326 1632 5397; x_wconf 62' lang='lat' dir='ltr'>obedientes</span> <span class='ocrx_word' id='word_1_450' title='bbox 1648 5338 1679 5386; x_wconf 80' lang='grc' dir='ltr'>ι,</span> <span class='ocrx_word' id='word_1_451' title='bbox 1702 5326 1760 5376; x_wconf 79' lang='lat' dir='ltr'>ode-</span> 
     </span>
     <span class='ocr_line' id='line_1_45' title="bbox 436 5401 1757 5466; baseline -0.002 -12"><span class='ocrx_word' id='word_1_452' title='bbox 436 5406 527 5454; x_wconf 81' lang='lat' dir='ltr'>dteutes</span> <span class='ocrx_word' id='word_1_453' title='bbox 544 5414 580 5453; x_wconf 91' lang='lat' dir='ltr'>oo</span> <span class='ocrx_word' id='word_1_454' title='bbox 601 5429 626 5440; x_wconf 94' lang='lat'><em>-</em></span> <span class='ocrx_word' id='word_1_455' title='bbox 654 5401 693 5450; x_wconf 89' lang='lat' dir='ltr'>t8.</span> <span class='ocrx_word' id='word_1_456' title='bbox 713 5401 750 5449; x_wconf 80' lang='lat' dir='ltr'>lis</span> <span class='ocrx_word' id='word_1_457' title='bbox 767 5413 792 5463; x_wconf 88' lang='lat' dir='ltr'>a,</span> <span class='ocrx_word' id='word_1_458' title='bbox 811 5403 845 5452; x_wconf 81' lang='lat' dir='ltr'>ets</span> <span class='ocrx_word' id='word_1_459' title='bbox 862 5413 876 5452; x_wconf 90' lang='lat' dir='ltr'>o</span> <span class='ocrx_word' id='word_1_460' title='bbox 895 5428 921 5437; x_wconf 97' lang='lat'>-</span> <span class='ocrx_word' id='word_1_461' title='bbox 943 5403 1096 5466; x_wconf 58' lang='lat' dir='ltr'>cumeum]</span> <span class='ocrx_word' id='word_1_462' title='bbox 1109 5403 1198 5464; x_wconf 68' lang='lat' dir='ltr'>quous</span> <span class='ocrx_word' id='word_1_463' title='bbox 1214 5404 1244 5452; x_wconf 80' lang='grc' dir='ltr'>Βι</span> <span class='ocrx_word' id='word_1_464' title='bbox 1260 5402 1296 5464; x_wconf 88' lang='lat' dir='ltr'>(in</span> <span class='ocrx_word' id='word_1_465' title='bbox 1313 5414 1331 5451; x_wconf 84' lang='lat' dir='ltr'>a</span> <span class='ocrx_word' id='word_1_466' title='bbox 1347 5414 1404 5450; x_wconf 82' lang='lat' dir='ltr'>cum</span> <span class='ocrx_word' id='word_1_467' title='bbox 1421 5401 1480 5450; x_wconf 89' lang='lat' dir='ltr'>ead.</span> <span class='ocrx_word' id='word_1_468' title='bbox 1500 5413 1536 5451; x_wconf 89' lang='lat' dir='ltr'>m.</span> <span class='ocrx_word' id='word_1_469' title='bbox 1555 5413 1689 5464; x_wconf 88' lang='lat' dir='ltr'>supersor.</span> <span class='ocrx_word' id='word_1_470' title='bbox 1708 5401 1757 5463; x_wconf 76' lang='lat' dir='ltr'>estl</span> 
     </span>
     <span class='ocr_line' id='line_1_46' title="bbox 438 5476 1759 5543; baseline -0.004 -14"><span class='ocrx_word' id='word_1_471' title='bbox 438 5503 466 5516; x_wconf 94' lang='lat'>-</span> <span class='ocrx_word' id='word_1_472' title='bbox 485 5490 664 5543; x_wconf 73' lang='lat' dir='ltr'>couprcpemar</span> <span class='ocrx_word' id='word_1_473' title='bbox 681 5477 713 5526; x_wconf 85' lang='lat' dir='ltr'>C:</span> <span class='ocrx_word' id='word_1_474' title='bbox 733 5490 915 5539; x_wconf 76' lang='lat' dir='ltr'>coupreyomur</span> <span class='ocrx_word' id='word_1_475' title='bbox 931 5490 947 5527; x_wconf 90' lang='lat' dir='ltr'>o</span> <span class='ocrx_word' id='word_1_476' title='bbox 966 5504 992 5514; x_wconf 93' lang='lat'>—</span> <span class='ocrx_word' id='word_1_477' title='bbox 1016 5476 1047 5540; x_wconf 85' lang='lat' dir='ltr'>et]</span> <span class='ocrx_word' id='word_1_478' title='bbox 1065 5490 1129 5527; x_wconf 85' lang='lat' dir='ltr'>nco</span> <span class='ocrx_word' id='word_1_479' title='bbox 1149 5503 1175 5513; x_wconf 92' lang='lat'>-</span> <span class='ocrx_word' id='word_1_480' title='bbox 1199 5477 1239 5525; x_wconf 67' lang='lat' dir='ltr'>it.</span> <span class='ocrx_word' id='word_1_481' title='bbox 1257 5477 1306 5525; x_wconf 81' lang='lat' dir='ltr'>siut</span> <span class='ocrx_word' id='word_1_482' title='bbox 1324 5476 1410 5525; x_wconf 83' lang='lat' dir='ltr'>Blla:</span> <span class='ocrx_word' id='word_1_483' title='bbox 1429 5480 1485 5524; x_wconf 82' lang='lat' dir='ltr'>suut</span> <span class='ocrx_word' id='word_1_484' title='bbox 1501 5477 1561 5526; x_wconf 83' lang='lat' dir='ltr'>boo</span> <span class='ocrx_word' id='word_1_485' title='bbox 1587 5502 1614 5513; x_wconf 92' lang='lat'><em>-</em></span> <span class='ocrx_word' id='word_1_486' title='bbox 1637 5481 1759 5538; x_wconf 71' lang='lat' dir='ltr'>umatum</span> 
     </span>
     <span class='ocr_line' id='line_1_47' title="bbox 437 5547 1756 5617; baseline -0.005 -12"><span class='ocrx_word' id='word_1_487' title='bbox 437 5555 471 5606; x_wconf 92' lang='lat' dir='ltr'>C:</span> <span class='ocrx_word' id='word_1_488' title='bbox 491 5560 586 5617; x_wconf 75' lang='lat' dir='ltr'>occulo</span> <span class='ocrx_word' id='word_1_489' title='bbox 602 5551 654 5601; x_wconf 85' lang='lat' dir='ltr'>alti.</span> <span class='ocrx_word' id='word_1_490' title='bbox 676 5576 702 5587; x_wconf 90' lang='lat'>-</span> <span class='ocrx_word' id='word_1_491' title='bbox 727 5550 767 5598; x_wconf 66' lang='grc' dir='ltr'>ἥ.</span> <span class='ocrx_word' id='word_1_492' title='bbox 783 5552 899 5612; x_wconf 82' lang='lat' dir='ltr'>potietur</span> <span class='ocrx_word' id='word_1_493' title='bbox 916 5564 931 5600; x_wconf 92' lang='lat' dir='ltr'>c</span> <span class='ocrx_word' id='word_1_494' title='bbox 954 5577 980 5587; x_wconf 88' lang='lat'>-</span> <span class='ocrx_word' id='word_1_495' title='bbox 1005 5551 1046 5601; x_wconf 73' lang='lat'>23.</span> <span class='ocrx_word' id='word_1_496' title='bbox 1064 5547 1142 5613; x_wconf 69' lang='lat' dir='ltr'>caeos</span> <span class='ocrx_word' id='word_1_497' title='bbox 1159 5563 1185 5610; x_wconf 78' lang='lat' dir='ltr'>a,</span> <span class='ocrx_word' id='word_1_498' title='bbox 1203 5563 1298 5612; x_wconf 80' lang='lat' dir='ltr'>ecquos</span> <span class='ocrx_word' id='word_1_499' title='bbox 1315 5551 1331 5599; x_wconf 89' lang='lat' dir='ltr'>b</span> <span class='ocrx_word' id='word_1_500' title='bbox 1356 5573 1382 5585; x_wconf 90' lang='lat'>··</span> <span class='ocrx_word' id='word_1_501' title='bbox 1406 5549 1447 5601; x_wconf 73' lang='lat' dir='ltr'>il.</span> <span class='ocrx_word' id='word_1_502' title='bbox 1465 5550 1608 5612; x_wconf 69' lang='lat' dir='ltr'>sequemet</span> <span class='ocrx_word' id='word_1_503' title='bbox 1624 5550 1641 5599; x_wconf 77' lang='lat' dir='ltr'>la</span> <span class='ocrx_word' id='word_1_504' title='bbox 1665 5576 1692 5585; x_wconf 95' lang='lat'>-</span> <span class='ocrx_word' id='word_1_505' title='bbox 1715 5551 1756 5599; x_wconf 79' lang='lat' dir='ltr'>as.</span> 
     </span>
     <span class='ocr_line' id='line_1_48' title="bbox 435 5622 1759 5693; baseline -0.004 -15"><span class='ocrx_word' id='word_1_506' title='bbox 435 5643 557 5693; x_wconf 71' lang='lat' dir='ltr'>monitam</span> <span class='ocrx_word' id='word_1_507' title='bbox 574 5641 623 5678; x_wconf 80' lang='lat' dir='ltr'>erse</span> <span class='ocrx_word' id='word_1_508' title='bbox 638 5627 754 5688; x_wconf 67' lang='lat' dir='ltr'>tutunus</span> <span class='ocrx_word' id='word_1_509' title='bbox 770 5626 821 5675; x_wconf 83' lang='lat' dir='ltr'>cim</span> <span class='ocrx_word' id='word_1_510' title='bbox 837 5627 864 5676; x_wconf 80' lang='lat' dir='ltr'>tu</span> <span class='ocrx_word' id='word_1_511' title='bbox 880 5633 1013 5687; x_wconf 70' lang='lat' dir='ltr'>suamque</span> <span class='ocrx_word' id='word_1_512' title='bbox 1027 5632 1126 5688; x_wconf 86' lang='lat' dir='ltr'>purtem</span> <span class='ocrx_word' id='word_1_513' title='bbox 1143 5627 1198 5686; x_wconf 75' lang='lat' dir='ltr'>quir</span> <span class='ocrx_word' id='word_1_514' title='bbox 1214 5622 1325 5673; x_wconf 67' lang='lat' dir='ltr'>uerum?</span> <span class='ocrx_word' id='word_1_515' title='bbox 1352 5624 1418 5673; x_wconf 85' lang='lat' dir='ltr'>Nom</span> <span class='ocrx_word' id='word_1_516' title='bbox 1434 5630 1457 5674; x_wconf 85' lang='lat' dir='ltr'>et</span> <span class='ocrx_word' id='word_1_517' title='bbox 1473 5650 1487 5661; x_wconf 93' lang='lat'><em>·</em></span> <span class='ocrx_word' id='word_1_518' title='bbox 1497 5650 1508 5661; x_wconf 92' lang='lat'><em>·</em></span> <span class='ocrx_word' id='word_1_519' title='bbox 1524 5625 1557 5673; x_wconf 86' lang='lat' dir='ltr'>od</span> <span class='ocrx_word' id='word_1_520' title='bbox 1573 5625 1655 5674; x_wconf 67' lang='lat' dir='ltr'>emitur</span> <span class='ocrx_word' id='word_1_521' title='bbox 1669 5636 1759 5686; x_wconf 72' lang='lat' dir='ltr'>poue-</span> 
     </span>
     <span class='ocr_line' id='line_1_49' title="bbox 436 5699 1758 5766; baseline -0.002 -13"><span class='ocrx_word' id='word_1_522' title='bbox 436 5705 519 5753; x_wconf 81' lang='lat' dir='ltr'>ntmus</span> <span class='ocrx_word' id='word_1_523' title='bbox 534 5708 632 5766; x_wconf 79' lang='lat' dir='ltr'>optatos</span> <span class='ocrx_word' id='word_1_524' title='bbox 646 5707 669 5750; x_wconf 83' lang='lat' dir='ltr'>et</span> <span class='ocrx_word' id='word_1_525' title='bbox 685 5713 742 5749; x_wconf 82' lang='lat' dir='ltr'>cum</span> <span class='ocrx_word' id='word_1_526' title='bbox 758 5702 898 5764; x_wconf 74' lang='lat' dir='ltr'>reflaverit,</span> <span class='ocrx_word' id='word_1_527' title='bbox 917 5703 1056 5765; x_wconf 61' lang='lat' dir='ltr'>affligimur</span> <span class='ocrx_word' id='word_1_528' title='bbox 1079 5700 1227 5750; x_wconf 87' lang='lat' dir='ltr'>Lactantius</span> <span class='ocrx_word' id='word_1_529' title='bbox 1245 5701 1327 5750; x_wconf 91' lang='lat' dir='ltr'>lustit.</span> <span class='ocrx_word' id='word_1_530' title='bbox 1346 5699 1425 5749; x_wconf 81' lang='lat' dir='ltr'>divin.</span> <span class='ocrx_word' id='word_1_531' title='bbox 1445 5700 1490 5759; x_wconf 91' lang='grc' dir='ltr'>ΙΙΙ,</span> <span class='ocrx_word' id='word_1_532' title='bbox 1509 5699 1549 5749; x_wconf 74' lang='lat'>29.</span> <span class='ocrx_word' id='word_1_533' title='bbox 1581 5726 1609 5736; x_wconf 95' lang='lat'>-</span> <span class='ocrx_word' id='word_1_534' title='bbox 1638 5701 1679 5750; x_wconf 76' lang='lat' dir='ltr'>at.</span> <span class='ocrx_word' id='word_1_535' title='bbox 1694 5712 1758 5761; x_wconf 75' lang='lat' dir='ltr'>per-</span> 
     </span>
     <span class='ocr_line' id='line_1_50' title="bbox 436 5774 1754 5842; baseline -0.005 -14"><span class='ocrx_word' id='word_1_536' title='bbox 436 5779 547 5828; x_wconf 72' lang='lat' dir='ltr'>colimus</span> <span class='ocrx_word' id='word_1_537' title='bbox 563 5779 599 5835; x_wconf 89' lang='grc' dir='ltr'>ΙΙ;</span> <span class='ocrx_word' id='word_1_538' title='bbox 621 5776 814 5839; x_wconf 79' lang='lat' dir='ltr'>prouedtmurp</span> <span class='ocrx_word' id='word_1_539' title='bbox 837 5802 864 5813; x_wconf 95' lang='lat'>-</span> <span class='ocrx_word' id='word_1_540' title='bbox 887 5789 944 5825; x_wconf 82' lang='lat' dir='ltr'>cum</span> <span class='ocrx_word' id='word_1_541' title='bbox 959 5790 1000 5827; x_wconf 81' lang='lat' dir='ltr'>rea</span> <span class='ocrx_word' id='word_1_542' title='bbox 1014 5776 1126 5842; x_wconf 64' lang='lat' dir='ltr'>flomtll</span> <span class='ocrx_word' id='word_1_543' title='bbox 1150 5800 1176 5811; x_wconf 89' lang='lat'><em>-</em></span> <span class='ocrx_word' id='word_1_544' title='bbox 1204 5775 1245 5826; x_wconf 74' lang='lat'>28.</span> <span class='ocrx_word' id='word_1_545' title='bbox 1264 5776 1382 5825; x_wconf 80' lang='lat' dir='ltr'>inanimis</span> <span class='ocrx_word' id='word_1_546' title='bbox 1400 5788 1469 5826; x_wconf 87' lang='lat' dir='ltr'>corr.</span> <span class='ocrx_word' id='word_1_547' title='bbox 1488 5776 1514 5826; x_wconf 91' lang='lat' dir='ltr'>iu</span> <span class='ocrx_word' id='word_1_548' title='bbox 1530 5774 1677 5825; x_wconf 77' lang='lat' dir='ltr'>iuoutmotir</span> <span class='ocrx_word' id='word_1_549' title='bbox 1693 5784 1708 5821; x_wconf 89' lang='lat' dir='ltr'>o</span> <span class='ocrx_word' id='word_1_550' title='bbox 1726 5797 1754 5808; x_wconf 97' lang='lat'><em>-</em></span> 
     </span>
     <span class='ocr_line' id='line_1_51' title="bbox 437 5849 1758 5910; baseline -0.002 -9"><span class='ocrx_word' id='word_1_551' title='bbox 437 5851 706 5901; x_wconf 55' lang='lat' dir='ltr'>senmourmae</span> <span class='ocrx_word' id='word_1_552' title='bbox 725 5850 759 5910; x_wconf 87' lang='lat' dir='ltr'>B,</span> <span class='ocrx_word' id='word_1_553' title='bbox 781 5851 864 5901; x_wconf 80' lang='lat' dir='ltr'>nutll</span> <span class='ocrx_word' id='word_1_554' title='bbox 892 5876 918 5886; x_wconf 88' lang='lat'><em>-</em></span> <span class='ocrx_word' id='word_1_555' title='bbox 946 5852 1519 5903; x_wconf 71' lang='lat' dir='ltr'>wotmrouaeaeerutuumtcteruurutc</span> <span class='ocrx_word' id='word_1_556' title='bbox 1545 5875 1572 5887; x_wconf 96' lang='lat'><em>-</em></span> <span class='ocrx_word' id='word_1_557' title='bbox 1600 5849 1640 5901; x_wconf 79' lang='lat'>³2.</span> <span class='ocrx_word' id='word_1_558' title='bbox 1659 5859 1758 5900; x_wconf 80' lang='lat' dir='ltr'>ecam</span> 
     </span>
     <span class='ocr_line' id='line_1_52' title="bbox 437 5923 922 5990; baseline 0.002 -15"><span class='ocrx_word' id='word_1_559' title='bbox 437 5924 495 5977; x_wconf 82' lang='lat' dir='ltr'>deus</span> <span class='ocrx_word' id='word_1_560' title='bbox 512 5938 526 5976; x_wconf 85' lang='lat' dir='ltr'>o</span> <span class='ocrx_word' id='word_1_561' title='bbox 546 5952 573 5963; x_wconf 94' lang='lat'><em>-</em></span> <span class='ocrx_word' id='word_1_562' title='bbox 597 5925 637 5978; x_wconf 71' lang='lat' dir='ltr'>sl.</span> <span class='ocrx_word' id='word_1_563' title='bbox 653 5923 767 5990; x_wconf 64' lang='lat' dir='ltr'>tom]</span> <span class='ocrx_word' id='word_1_564' title='bbox 782 5925 883 5989; x_wconf 67' lang='lat' dir='ltr'>{utone</span> <span class='ocrx_word' id='word_1_565' title='bbox 898 5937 922 5976; x_wconf 88' lang='lat' dir='ltr'>o.</span> 
     </span>
    </p>
   </div>
   <div class='ocr_carea' id='block_1_4' title="bbox 0 0 2176 7459">
    <p class='ocr_par' dir='ltr' id='par_1_4' title="bbox 0 0 2176 7459">
     <span class='ocr_line' id='line_1_53' title="bbox 0 0 2176 7459; baseline 0 0"><span class='ocrx_word' id='word_1_566' title='bbox 0 0 2176 7459; x_wconf 95' lang='lat' dir='ltr'> </span> 
     </span>
    </p>
   </div>
  </div>
 </body>
</html>
