4342 7459
446 1240 511 1309 978
1002 1243 1216 1310 CICERONIS

525 1398 571 1462 14.
601 1400 699 1476 itaqu
716 1405 747 1460 let
767 1400 946 1461 Oeconomico
964 1402 1161 1476 Xenophontio,
1181 1420 1260 1475 quem
1278 1401 1318 1463 Μ.
1342 1402 1434 1460 Cicero
1452 1401 1554 1461 hoflm
1572 1403 1700 1461 3333333336
1718 1410 1780 1461 tro

448 1497 530 1567 didit,
551 1499 596 1554 oir
615 1501 739 1572 egregiae
758 1499 806 1555 ille
823 1498 1016 1556 Ischomachus
1035 1496 1219 1568 Atheniensis,
1246 1504 1359 1570 rogatos
1378 1515 1396 1555 o
1417 1495 1529 1555 8333313
1547 1499 1590 1573 (3.
1610 1495 1656 1557 12.
1682 1496 1713 1575 5
1731 1494 1784 1572 4.)

448 1596 604 1664 31333333,
624 1590 652 1649 31
672 1606 723 1650 res
742 1588 901 1651 familiaris
920 1587 1150 1666 desiderasset,
1175 1590 1307 1651 mercari
1327 1587 1452 1651 vilicum
1471 1596 1630 1669 tamquam
1649 1589 1784 1651 fabrum

448 1700 519 1745 ana
536 1701 571 1744 se
593 1684 757 1745 instituere
777 1685 987 1761 consueverit,
1006 1684 1071 1763 Ego
1083 1701 1170 1761 vero,
1190 1685 1301 1762 inquit,
1321 1685 1391 1763 ipse
1407 1684 1543 1745 instituo.
1576 1684 1702 1745 Etenim
1723 1685 1785 1763 qni

423 1788 497 1837 rme
516 1776 648 1838 ahsente
667 1779 699 1838 in
718 1796 822 1839 meum
841 1777 944 1839 locum
963 1777 1161 1840 substituitur
1182 1786 1214 1838 et
1231 1778 1366 1839 vicarius
1385 1794 1475 1839 meae
1496 1775 1680 1857 diligentiae
1700 1795 1783 1840 sno·

447 1868 540 1948 cedit,
560 1871 588 1932 is
605 1889 653 1948 en,
675 1889 757 1951 qnae
780 1890 848 1951 ego,
869 1872 950 1933 scire
970 1870 1075 1933 dehet.
1117 1869 1354 1947 (Columella
1374 1870 1394 1931 l.
1410 1872 1461 1933 x1.
1484 1889 1511 1932 o.
1529 1874 1554 1933 1.
1576 1870 1605 1950 5.
1620 1871 1664 1947 5.)

523 1976 567 2036 15.
601 1975 828 2055 (Xenophon
848 1976 964 2043 Oecon.
986 1992 1013 2035 c.
1031 1975 1076 2036 12.
1100 1975 1127 2053 5.
1145 1973 1282 2052 10-14.)
1333 1974 1438 2035 Somni
1465 1974 1577 2035 etvini
1601 1974 1643 2035 sit
1671 1973 1782 2036 absti-

446 2068 660 2145 nentissinaus,
682 2084 763 2147 quae
783 2075 916 2147 utraque
941 2076 1015 2130 sunt
1036 2068 1250 2130 inimicissima
1278 2066 1471 2149 diligentiae:
1501 2085 1574 2130 nam
1594 2076 1626 2128 et
1645 2066 1781 2130 ebriosa

445 2178 520 2223 cura
533 2162 624 2222 olfioii
637 2163 756 2242 pariter
771 2180 842 2223 oum
861 2162 1009 2223 memoria
1030 2162 1223 2224 subtrahitur
1237 2170 1269 2223 et
1282 2161 1524 2223 somniculosum
1542 2160 1680 2241 plurima
1694 2161 1781 2222 elin-

407 2256 547 2333 l⁰giuntz
576 2255 652 2335 quid
673 2257 754 2316 enim
775 2257 877 2337 possit
895 2264 949 2317 aut
966 2261 1036 2336 ipse
1055 2275 1149 2336 agere
1169 2263 1222 2319 aut
1240 2258 1385 2335 cuiqnam
1413 2253 1569 2317 dormiens
1592 2254 1782 2334 imperare?

445 2351 522 2410 Tum
542 2350 636 2411 etiam
655 2351 696 2411 sit
715 2368 732 2411 a
753 2349 896 2410 venereis
922 2349 1081 2411 amoribus
1106 2369 1252 2413 aversus:
1281 2349 1396 2429 quihus
1416 2350 1442 2411 si
1463 2367 1498 2410 se
1518 2347 1688 2425 dediderit,
1711 2366 1779 2409 non

444 2441 529 2504 aliud
548 2442 722 2523 quidquam
740 2445 842 2523 possit
861 2445 997 2523 cogitare
1017 2461 1111 2523 quam
1131 2441 1219 2518 illud,
1241 2440 1326 2523 quod
1349 2441 1457 2522 diligit.
1496 2444 1575 2505 Nam
1594 2443 1681 2503 vitiis
1703 2443 1780 2502 eins

443 2536 526 2598 modi
549 2536 704 2617 pellectus
728 2538 850 2599 animus
878 2555 937 2598 nec
963 2538 1136 2616 praemium
1162 2535 1328 2599 iucundius
1355 2555 1449 2617 quam
1475 2537 1607 2598 fmctum
1627 2534 1777 2597 lihidinis

443 2648 502 2692 nec
522 2630 709 2712 supplicium
728 2633 853 2712 gravius
873 2647 968 2710 quam
987 2631 1217 2694 frustrationem
1237 2630 1414 2713 cupiditatis
1434 2631 1599 2693 existimat.
1634 2627 1777 2707 (Colu-

405 2723 552 2787 lfmella
571 2724 591 2785 l.
607 2726 659 2787 Xl.
680 2744 708 2787 c.
723 2724 750 2786 1.
773 2726 801 2804 5.
819 2725 939 2800 1314.)

518 2829 563 2892 16.
595 2827 829 2909 (Xenophon
850 2829 967 2890 Oecon.
991 2847 1016 2889 c.
1041 2830 1085 2892 16.
1109 2830 1136 2909 5.
1153 2828 1216 2903 14.)
1259 2826 1348 2889 Nullo
1372 2824 1464 2888 modo
1485 2824 1605 2889 facilius
1634 2826 1777 2890 arbitror

441 2940 536 3004 posse
556 2940 659 3002 neque
688 2922 803 2985 herhas
827 2940 971 2984 arescere
990 2931 1022 2984 et
1040 2922 1172 2984 interfici
1200 2940 1304 3004 neque
1324 2930 1438 2983 terram
1458 2918 1498 2982 ab
1518 2918 1585 2983 sole
1605 2924 1774 3002 percoqui.

442 3017 602 3093 (Nonius
622 3035 652 3078 v.
667 3016 800 3078 interfici
818 3034 851 3097 p.
867 3017 951 3094 449.)

518 3121 563 3183 17.
595 3122 815 3201 (Xenophon
834 3119 951 3182 Oecon.
974 3122 1063 3181 317.
1087 3119 1175 3197 52.)
1216 3119 1383 3179 &remittor
1402 3129 1524 3194 temporo
1543 3122 1670 3193 31331333
1688 3139 1777 3194 pree

402 3216 550 3274 ”meunt
569 3225 594 3274 et
613 3218 648 3274 oh
667 3219 809 3274 undecimo
828 3220 873 3274 dfe
892 3218 1060 3274 autumnalia
1079 3219 1246 3288 mqofoocfii
1268 3218 1360 3289 [rogeo
1379 3223 1471 3273 renent
1495 3216 1655 3273 3133313313
1682 3216 1775 3302 Coro-

439 3330 493 3369 noe
512 3319 619 3380 coorto,
640 3314 776 3369 continuio
795 3313 889 3369 dicive
907 3320 979 3370 certo
997 3328 1083 3384 prope
1102 3311 1233 3367 imhriom
1255 3313 1402 3387 promisco,
1422 3310 1582 3387 Xenophon,
1607 3327 1666 3367 aon
1687 3320 1775 3370 cate-

440 3424 524 3480 qoom
543 3410 607 3464 dece
626 3410 735 3479 3133333
754 3409 868 3464 dederit.
908 3406 970 3463 Hoc
990 3404 1081 3464 cicero
1100 3401 1284 3464 Novembris
1303 3402 1404 3463 imbre
1422 3408 1484 3477 fieri
1501 3407 1702 3477 interpretetur
1722 3415 1773 3473 eet,

440 3519 502 3559 cum
520 3505 556 3559 eit
574 3520 640 3560 oceo
658 3505 733 3559 rofio
757 3518 813 3558 oon
830 3503 910 3575 prior
934 3502 1042 3559 ruendi
1060 3500 1234 3573 3333331313
1257 3500 1393 3572 coeperint
1416 3501 1547 3558 decidere.
1589 3494 1775 3573 (Plinius

402 3694 431 3741 ¹⁵
517 3690 563 3751 18.
594 3687 827 3767 (Xenophon
848 3686 965 3748 Oecon.
987 3704 1014 3747 c.
1038 3687 1083 3748 17.
1106 3683 1202 3765 514.
1249 3685 1334 3764 Apes
1352 3684 1384 3745 in
1403 3682 1571 3747 alvearium
1593 3702 1774 3765 congesse-

439 3790 518 3844 rant.
554 3781 777 3858 (Charisius
795 3778 816 3841 l.
831 3780 853 3842 l.
873 3798 905 3861 p.
921 3780 986 3855 82.)

515 3888 562 3949 19.
593 3884 826 3965 (Xenophon
846 3882 963 3945 Oecon.
985 3901 1012 3944 c.
1030 3883 1074 3945 19.
1098 3882 1126 3962 5.
1142 3883 1187 3959 9.)
1226 3881 1371 3944 Scrobes.
1407 3882 1583 3960 (Servius
1603 3879 1646 3944 ad
1659 3881 1772 3964 virgil.

440 3980 551 4059 Georg.
565 3977 585 4040 l.
599 3980 638 4040 11.
652 3999 683 4042 v.
697 3978 781 4056 288.)

514 4076 560 4135 20.
593 4072 823 4151 (Xenophon
844 4072 959 4133 Oecon.
982 4090 1008 4132 c.
1032 4073 1076 4133 19.
1100 4070 1128 4150 5.
1152 4074 1186 4133 12
1205 4072 1270 4149 sq.)
1319 4072 1427 4149 Neque
1449 4070 1525 4130 serit
1545 4070 1641 4130 vitem
1664 4088 1774 4151 neque

402 4183 430 4231 33
441 4187 521 4248 quae
535 4175 603 4230 3313
617 4176 666 4228 331
682 4166 848 4247 diligenter
862 4164 947 4227 colit:
970 4165 1084 4243 oleum,
1106 4165 1194 4243 11333,
1212 4183 1304 4244 poma
1319 4163 1497 4226 nonhabet.
1532 4164 1721 4241 (hieorohi
1733 4185 1776 4227 us

440 4262 594 4324 Saturnal.
616 4261 635 4321 l.
651 4262 685 4322 ll.
707 4280 734 4321 3.
752 4263 796 4321 16.
818 4259 838 4320 l.
854 4262 907 4319 111.
922 4278 949 4319 c.
964 4261 1029 4335 29.)

514 4368 560 4427 21.
593 4365 810 4444 Xenophon
832 4365 947 4424 Oecon.
971 4383 997 4423 c.
1019 4366 1063 4425 19.
1087 4364 1196 4441 519.)
1247 4363 1324 4424 Cum
1344 4380 1418 4422 vero
1449 4360 1558 4423 3113313
1586 4362 1649 4422 iam
1671 4382 1775 4443 prope

440 4468 557 4521 aestate
577 4477 655 4521 uvas
676 4478 693 4520 3
715 4458 779 4519 3313
800 4458 963 4518 mitescere
984 4465 1108 4536 tempus
1129 4464 1177 4517 est
1198 4491 1244 4517 —.
1284 4455 1455 4533 (Gellius
1473 4454 1493 4515 l.
1509 4455 1574 4515 XV.
1599 4474 1625 4515 c.
1639 4456 1671 4519 5.
1700 4459 1775 4519 No·

439 4557 527 4615 nius
546 4573 575 4613 v.
591 4553 756 4633 Profligare
775 4572 807 4632 p.
825 4554 905 4628 161.)

404 4667 430 4714 oo
515 4658 562 4718 22.
594 4654 818 4736 (Xenophon
838 4655 955 4715 Oecon.
978 4654 1066 4715 320.
1089 4655 1117 4733 5.
1134 4655 1271 4731 16-19.)
1303 4652 1472 4714 Plurimum
1492 4654 1575 4712 euim
1596 4654 1696 4715 refert
1716 4674 1775 4716 co·

439 4750 527 4811 lonos
547 4770 564 4812 a
586 4751 685 4829 primo
708 4768 798 4811 mane
823 4766 902 4828 opus
922 4746 1049 4827 aggredi
1070 4766 1129 4809 nec
1148 4748 1249 4809 lentos
1269 4765 1327 4826 per
1348 4749 1443 4808 otium
1469 4747 1556 4825 pigre
1580 4748 1774 4827 procedere,

439 4846 465 4905 si
486 4843 612 4924 quidem
638 4843 855 4906 Ischomachus
875 4841 957 4902 idem
977 4840 1043 4918 ille,
1066 4841 1160 4917 Malo,
1182 4841 1297 4920 inquit,
1328 4841 1419 4901 unius
1440 4839 1551 4918 agilem
1580 4841 1775 4904 industriam

439 4956 532 5017 quam
552 4936 662 4998 decem
682 4937 839 4999 hominum
860 4935 1067 5015 negligentem
1091 4944 1122 4995 et
1141 4934 1262 4996 tardam
1276 4953 1413 5013 operam.
1455 4935 1578 5013 Quippe
1600 4934 1773 5014 plurimum

439 5032 526 5093 aflcrt
539 5030 622 5108 mali,
645 5032 670 5092 si
686 5031 828 5109 operario
848 5028 979 5092 tricandi
999 5037 1139 5108 potestas
1159 5028 1220 5089 fiat.
1254 5030 1330 5089 Nam
1347 5029 1428 5088 utin
1445 5028 1556 5088 itinere
1572 5029 1774 5091 conficiendo

399 5135 429 5182 to
439 5144 534 5205 saepe
557 5124 684 5186 dimidio
705 5126 856 5185 maturius
875 5124 1017 5203 pervenit
1036 5124 1080 5200 is,
1103 5124 1155 5201 qui
1174 5124 1295 5183 naviter
1315 5132 1346 5182 31
1365 5122 1432 5182 3133
1454 5119 1524 5181 ullis
1552 5126 1774 5186 concessatio·

317 5273 320 5280 .
439 5220 530 5280 nibus
551 5218 740 5299 permeahit,
763 5236 855 5296 quam
877 5219 918 5292 is,
939 5218 1007 5295 qui,
1033 5236 1103 5277 cum
1126 5218 1164 5275 sit
1185 5234 1245 5275 une
1269 5216 1442 5294 profectus,
1464 5214 1594 5276 umbras
1620 5217 1773 5281 arborum

438 5314 717 5392 fonticulorumque
745 5313 964 5373 amoenitatem
990 5309 1040 5370 vel
1067 5328 1162 5371 33333
1193 5309 1457 5387 refrigerationem
1488 5311 1640 5387 captavit,
1674 5314 1772 5373 sicin

438 5410 552 5485 agresti
574 5408 696 5486 negotio
717 5403 777 5465 dici
800 5407 851 5466 vix
869 5411 973 5485 potest
998 5402 1074 5483 quid
1101 5421 1199 5465 navus
1229 5404 1390 5482 operarius
1418 5404 1528 5481 ignavo
1554 5412 1587 5464 et
1607 5415 1773 5468 cessatore

437 5510 586 5582 praestet.
626 5498 870 5578 (Columella
890 5498 909 5558 l.
926 5500 978 5558 Xl.
1002 5501 1072 5560 3.1.
1096 5498 1184 5576 515.
1202 5499 1263 5567 16.)

502 5710 527 5761 i.
554 5711 656 5772 ooipse
672 5710 800 5759 imtituere
816 5710 835 5758 1.
856 5708 881 5757 F.
900 5707 1024 5757 Gronovii
1045 5720 1119 5770 susp.
1138 5705 1183 5768 (cf.
1202 5706 1277 5756 Hand
1295 5707 1447 5770 Turs.l.p.
1460 5704 1544 5767 11)-
1558 5707 1603 5758 ’16.
1640 5721 1774 5775 33333333-

434 5785 503 5848 root]
527 5786 666 5836 Victorius.
692 5789 862 5836 concesserunt
888 5783 990 5834 Charis.
1017 5786 1188 5832 concesserunt
1213 5782 1343 5844 Fregmm.
1371 5781 1432 5831 Ern.
1462 5807 1486 5816 -
1519 5778 1561 5830 to.
1591 5784 1774 5835 emtoribus

436 5861 530 5909 Nonae.
