4342 7459
447 1240 508 1309 titi
739 1252 793 1315 ΒΕ
813 1251 970 1315 FlNIBUS
991 1250 1191 1315 BONORUM
1211 1252 1264 1313 ET
1286 1249 1486 1315 MALORUM

446 1429 630 1505 tantamque
659 1421 780 1495 dicere,
809 1442 934 1485 omnem
964 1429 1106 1484 naturam
1136 1440 1206 1483 esse
1236 1420 1438 1483 servatricem
1461 1421 1509 1484 sni
1536 1420 1635 1503 idque
1657 1420 1775 1487 babere

445 1515 643 1600 propositum
672 1516 762 1599 qnasi
794 1512 888 1577 linem
916 1524 947 1578 et
969 1524 1160 1588 extremum,
1188 1535 1222 1577 se
1245 1521 1279 1577 ut
1302 1513 1460 1578 custodiat
1483 1534 1578 1598 quam
1600 1516 1633 1577 in
1655 1517 1775 1598 optimo

446 1609 496 1672 sni
524 1611 650 1691 generis
676 1617 775 1684 statu,
805 1616 840 1685 ut
867 1628 997 1673 necesse
1027 1609 1068 1671 sit
1090 1608 1229 1672 omnium
1251 1628 1370 1681 rerum,
1399 1628 1481 1690 quae
1502 1614 1615 1671 natura
1635 1607 1774 1691 rigeant,

446 1703 581 1767 similem
611 1723 681 1766 esse
706 1703 819 1777 finem,
849 1722 913 1765 non
942 1702 1090 1765 eandem.
1131 1703 1181 1764 Ex
1211 1722 1275 1784 qno
1305 1700 1446 1783 intellegi
1476 1702 1571 1764 debet
1596 1699 1719 1764 bomini
1740 1703 1774 1765 id

421 1816 516 1861 essse
538 1798 571 1861 in
592 1798 685 1860 bonis
706 1797 870 1871 ultimum,
895 1797 1070 1860 secundnm
1093 1803 1237 1858 naturam
1259 1796 1381 1867 vivere,
1411 1796 1496 1877 quod
1521 1796 1565 1857 ita
1586 1793 1774 1877 interprete-

445 1910 531 1963 mur,
560 1890 666 1953 vivere
697 1910 738 1953 ex
766 1889 903 1954 bominis
933 1899 1046 1953 natura
1074 1888 1217 1972 undique
1244 1888 1383 1972 perlecta
1412 1896 1444 1950 et
1472 1888 1551 1951 nibil
1578 1888 1773 1971 requirente.

444 1981 496 2047 27.
517 1985 604 2046 Haec
624 1984 720 2067 igitur
741 1985 833 2047 nobis
854 1983 1043 2067 explicanda
1065 1991 1153 2056 sunt,
1180 1982 1236 2046 sed
1259 1984 1285 2045 si
1306 1982 1483 2057 enodatius,
1506 2002 1562 2045 vos
1583 1982 1771 2064 ignoscetis3

445 2077 536 2141 buius
564 2077 649 2140 enim
674 2078 769 2142 aetati
791 2086 824 2141 et
850 2077 925 2140 buia
946 2096 1031 2139 nunc
1050 2075 1131 2139 baec
1157 2077 1293 2159 primurn
1321 2075 1456 2138 fortasse
1485 2076 1627 2140 audienti
1655 2078 1773 2140 servire

445 2173 606 2238 debemus.
649 2171 698 2235 lta
725 2192 871 2256 prorsus,
898 2172 1048 2253 inquamt
1076 2170 1135 2232 etsi
1165 2190 1202 2232 ea
1232 2170 1376 2252 quidem,
1407 2189 1490 2252 quae
1519 2168 1622 2233 adbuc
1650 2169 1773 2245 dixisti,

408 2266 588 2352 requamris
609 2264 650 2329 ad
671 2273 805 2330 aetatem
827 2272 912 2329 recte
932 2267 994 2328 isto
1016 2263 1111 2326 modo
1133 2264 1323 2327 dicerentur.

529 2360 570 2421 X.
592 2360 747 2443 Exposita
767 2360 875 2442 igitur,
904 2360 1022 2442 inquit,
1052 2358 1274 2420 terminatione
1299 2377 1403 2420 rerum
1426 2357 1688 2441 expetendarum,
1717 2377 1774 2421 cur

445 2455 507 2517 ista
528 2472 562 2517 se
583 2473 634 2516 res
656 2454 699 2516 ita
720 2453 852 2527 babeat,
874 2461 910 2516 ut
931 2452 1013 2526 dixi,
1036 2451 1185 2534 deinceps
1208 2449 1488 2514 demonstrandum
1511 2458 1569 2514 est.
1606 2451 1709 2526 Quam
1731 2452 1773 2513 ob

445 2567 511 2611 rem
541 2547 700 2611 ordiamur
728 2547 768 2609 ab
797 2567 851 2621 eo,
880 2545 968 2631 quod
989 2547 1125 2630 primum
1147 2546 1257 2628 posui,
1286 2546 1371 2629 qnod
1395 2545 1479 2609 idem
1501 2564 1614 2629 reapse
1634 2546 1772 2628 primum

446 2650 510 2715 eet,
539 2647 575 2702 ut
595 2640 816 2723 intellegamus
840 2661 935 2704 omne
957 2640 1072 2704 animai
1094 2660 1129 2702 se
1152 2641 1255 2721 ipsum
1278 2638 1418 2721 diligere.
1462 2640 1556 2716 Quod
1578 2658 1771 2723 quamquam

408 2754 436 2799 44
446 2735 675 2799 dubitationem
697 2754 762 2798 non
783 2736 879 2800 babet
900 2770 938 2781 -
963 2742 1012 2797 est
1033 2734 1118 2796 enim
1140 2729 1272 2796 infixum
1294 2734 1326 2795 in
1350 2733 1418 2816 ipsa
1437 2743 1551 2796 natura
1564 2731 1772 2816 comproben-

446 2829 594 2911 diturque
615 2829 682 2893 suis
704 2830 858 2913 cuiusque
874 2829 1035 2901 sensibus,
1058 2828 1121 2900 sic,
1143 2835 1194 2900 ut,
1217 2834 1323 2889 contra
1340 2827 1366 2890 si
1383 2828 1455 2911 quis
1470 2827 1578 2891 dicere
1591 2826 1683 2899 velit,
1705 2846 1771 2889 non

445 2922 591 2986 audiatur
611 2956 669 2996 —,
692 2932 812 2997 tamen,
835 2923 967 3008 nequid
988 2920 1292 3004 praetermittamus,
1313 2920 1454 2983 rationes
1467 2940 1617 3005 qnoque,
1640 2939 1697 2983 cur
1710 2920 1772 2982 boc

444 3016 489 3078 ita
517 3015 574 3090 sit,
603 3016 780 3080 afferendas
808 3026 895 3101 puto.
939 3014 989 3079 28.
1011 3016 1080 3078 Etsi
1102 3014 1157 3098 qui
1183 3020 1288 3097 potest
1309 3013 1449 3097 intellegi
1472 3023 1528 3077 ant
1548 3014 1680 3097 cogitari
1701 3033 1772 3078 esse

445 3107 573 3192 aliquod
595 3110 728 3185 animal,
758 3112 843 3195 quod
866 3132 901 3175 se
923 3111 1053 3175 oderit?
1085 3130 1136 3172 res
1158 3110 1240 3171 enim
1261 3116 1450 3171 concurrent
1471 3108 1657 3172 contrariae.
1692 3109 1771 3171 Nam

406 3221 516 3267 wenna
537 3205 699 3285 appetitus
728 3205 781 3268 ille
803 3207 899 3270 animi
921 3205 1043 3289 aliquid
1066 3203 1106 3267 ad
1128 3223 1162 3266 se
1184 3202 1309 3265 trahere
1331 3205 1471 3285 coeperit
1493 3200 1655 3275 consulto,
1685 3202 1770 3284 qnod

444 3296 504 3359 sibi
526 3298 625 3372 obsit,
648 3298 723 3380 quia
746 3302 785 3363 sit
806 3301 864 3363 sibi
887 3301 1048 3372 inimicus,
1078 3318 1150 3360 cum
1173 3295 1205 3358 id
1228 3316 1284 3358 sua
1306 3316 1401 3360 cansa
1422 3296 1533 3370 saciet,
1560 3304 1592 3360 et
1613 3296 1716 3359 oderit
1737 3316 1771 3358 se

445 3398 476 3452 et
496 3388 591 3452 simul
614 3390 739 3473 diliget,
763 3393 847 3476 quod
868 3393 938 3456 fieri
960 3412 1025 3453 non
1047 3397 1161 3473 potest.
1194 3390 1395 3473 Necesseque
1411 3400 1476 3464 est,
1498 3392 1525 3455 si
1540 3392 1611 3473 quis
1625 3391 1695 3474 ipse
1711 3390 1771 3453 sibi

443 3482 591 3547 inimicus
614 3491 679 3557 est,
702 3506 775 3548 enm
797 3505 880 3569 quae
901 3487 985 3549 bona
1009 3492 1082 3547 sunt
1104 3483 1185 3546 mala
1207 3491 1336 3566 putare,
1358 3484 1443 3546 bona
1457 3493 1567 3548 contra
1582 3503 1665 3568 quae
1678 3483 1771 3557 mala,

444 3583 476 3638 et
503 3595 586 3658 quae
614 3578 792 3661 appetenda
819 3578 929 3661 lugere
952 3586 984 3641 et
1006 3597 1088 3661 quae
1109 3576 1260 3659 fugienda
1281 3586 1448 3660 appetere,
1478 3598 1560 3661 qnae
1581 3579 1651 3641 sine
1673 3577 1770 3640 dubio

404 3669 525 3736 eatae
556 3678 605 3733 est
633 3673 764 3735 eversio.
808 3675 919 3756 Neque
948 3672 1047 3745 enim,
1078 3671 1104 3733 si
1135 3690 1200 3733 non
1221 3670 1301 3734 nulli
1323 3673 1541 3756 reperiuntur,
1571 3672 1627 3754 qui
1648 3678 1704 3733 aut
1724 3670 1770 3733 la-

442 3781 542 3846 queos
564 3771 620 3826 ant
641 3764 702 3828 alia
724 3766 821 3829 exitia
842 3774 1011 3850 quaerant,
1042 3773 1110 3839 aut,
1139 3771 1175 3827 ut
1196 3763 1251 3827 ille
1273 3766 1357 3847 apud
1383 3767 1583 3839 Terentium,
1614 3765 1669 3848 qui
1694 3764 1769 3827 nde·

441 3856 542 3919 crevit
562 3858 716 3942 tantisper
737 3881 772 3923 se
794 3861 898 3924 minus
920 3861 1055 3924 iniuriae
1078 3880 1137 3923 suo
1159 3867 1234 3923 nato
1254 3858 1396 3935 iaceres,
1427 3870 1463 3923 ut
1483 3861 1529 3923 ait
1549 3862 1635 3943 ipse,
1666 3858 1767 3923 edum

319 3984 323 3990 -
439 3949 496 4013 fiet
527 3952 665 4028 misere,
694 3954 841 4018 inimicus
870 3956 937 4039 ipse
967 3956 1028 4018 sibi
1049 3953 1209 4038 putandus
1231 3962 1288 4016 est.
1333 3951 1383 4016 29.
1408 3948 1547 4017 Sedalii
1568 3952 1678 4016 dolore
1701 3973 1768 4016 mo·

439 4052 569 4120 ventur,
591 4046 646 4110 alii
669 4048 855 4131 cupiditate,
876 4049 1037 4114 iracundie
1060 4049 1154 4111 etiam
1177 4047 1267 4110 multi
1290 4049 1477 4122 efferuntur,
1500 4056 1533 4111 et
1551 4069 1623 4111 carn
1638 4048 1671 4111 in
1687 4047 1769 4110 mela

401 4138 576 4206 soscientes
597 4141 740 4216 innunt,
763 4150 828 4205 tum
851 4163 886 4205 se
908 4144 1022 4227 optime
1039 4143 1100 4206 sibi
1116 4142 1281 4205 consulere
1297 4143 1498 4206 arbitrantur.
1531 4144 1643 4225 ltaque
1658 4142 1768 4205 dicunt

440 4251 497 4294 nec
519 4232 678 4297 dubitant:

578 4327 675 4392 Mihi
698 4332 756 4394 sic
778 4340 840 4394 est
861 4352 973 4405 usus,
996 4332 1069 4395 tibi
1092 4339 1134 4393 ut
1156 4351 1258 4412 opus
1281 4337 1344 4392 est
1364 4330 1493 4405 lacto,
1515 4330 1617 4395 iace.

438 4421 501 4496 Qui
527 4422 589 4505 ipsi
618 4422 678 4487 sibi
700 4425 817 4487 bellurn
839 4425 1045 4498 indixissent,
1075 4426 1208 4488 cruciari
1231 4426 1315 4498 dies,
1346 4432 1455 4488 noctes
1477 4427 1617 4509 torqueri
1639 4425 1766 4501 vellent,

437 4534 496 4578 neo
519 4536 595 4579 rero
618 4536 688 4580 sese
711 4518 773 4602 ipsi
796 4527 981 4582 accusarent
1003 4521 1043 4582 ob
1067 4539 1136 4582 earn
1160 4539 1303 4592 cansam,
1327 4520 1413 4602 quod
1437 4540 1471 4583 se
1493 4519 1574 4582 male
1589 4520 1657 4583 suis
1671 4519 1765 4584 rebus

501 4817 525 4864 4.
543 4816 705 4865 matrerm
721 4817 754 4865 B:
772 4818 977 4867 amatricem
994 4818 1054 4867 0-
1073 4819 1098 4869 2.
1117 4820 1149 4881 44]
1165 4823 1193 4868 at
1211 4821 1228 4869 Β
1242 4820 1304 4881 (non
1318 4818 1346 4880 Ε)
1362 4846 1388 4855 -
1409 4832 1485 4881 qaam
1499 4819 1525 4867 ia
1538 4817 1631 4868 codd:
1651 4818 1765 4879 inqaem

434 4903 496 4940 cnm
514 4890 660 4942 Cratandro
677 4891 698 4940 Ο
717 4918 744 4927 -
768 4892 791 4941 3.
810 4897 905 4941 nemra
926 4894 960 4941 ai·
980 4895 1040 4955 (non
1058 4892 1108 4950 nel)
1124 4893 1223 4956 inperat
1247 4895 1348 4956 nigrant
1365 4893 1401 4951 E;
1424 4898 1519 4942 natare
1536 4892 1568 4941 ai
1584 4893 1684 4956 ingerat
1700 4894 1762 4954 (om.

432 4964 542 5026 vigeant)
559 4964 578 5013 Β
599 4992 625 5001 -
644 4963 669 5014 l.
687 4967 744 5025 non)
762 4972 785 5015 44
801 4968 820 5015 Β
840 4992 866 5002 -
886 4968 910 5015 i.
929 4967 996 5016 llaec
1013 4968 1091 5030 ipitar
1103 4994 1141 5005 --
1153 4969 1231 5017 aetati
1248 4970 1347 5018 Nonius
1359 4968 1497 5019 Marcellus
1515 4982 1541 5033 p.
1555 4970 1595 5017 45.
1610 4995 1637 5004 -
1657 4969 1681 5018 8.
1694 4970 1764 5017 caiae

433 5040 510 5088 aetati
528 5041 589 5101 (om.
608 5041 680 5100 enim)
704 5042 810 5091 Nonius.
833 5069 859 5077 —
883 5043 962 5091 ilarius
982 5042 1048 5091 caim
1070 5043 1161 5103 aetati,
1184 5044 1444 5102 nanc--aadientis,
1467 5042 1560 5092 seruire
1577 5043 1721 5106 Madvigius
1737 5046 1763 5093 ln

433 5115 635 5164 commentario.
656 5141 681 5150 -
702 5116 763 5165 baec
779 5115 861 5167 Aldus
878 5130 975 5180 nepos:
993 5117 1032 5165 bie
1049 5118 1080 5172 Βς
1103 5118 1224 5168 4440-
1244 5119 1362 5169 44444444
1378 5119 1468 5168 ΒΕ-
1489 5120 1529 5167 44.
1547 5119 1629 5183 inquit
1645 5131 1699 5168 om.
1713 5119 1762 5169 BE

435 5215 460 5225 -
482 5188 522 5238 42.
541 5187 574 5252 44]
591 5190 613 5237 ei
630 5190 649 5239 Β
668 5192 728 5252 (non
744 5191 773 5248 Ε)
788 5216 814 5227 -
835 5191 875 5240 43.
894 5205 922 5241 re
938 5191 970 5240 ab
987 5205 1012 5241 44
1028 5192 1076 5241 ΒΕ
1090 5218 1117 5228 -
1138 5191 1178 5242 ii.
1198 5194 1268 5257 diligi
1285 5195 1345 5243 Β-
1366 5194 1405 5241 lb.
1424 5198 1519 5241 natura
1535 5195 1763 5257 comprenditur-

431 5275 479 5325 qrte
495 5263 654 5313 Cratander:
673 5270 768 5314 natum
783 5266 999 5327 comprehenditur
1010 5266 1088 5316 codd.
1108 5268 1176 5316 l‘ort.
1189 5273 1284 5317 nataaa
1299 5282 1331 5316 ac
1343 5268 1571 5329 comprehenderam
1590 5268 1623 5318 ci.
1637 5269 1679 5328 lV,
1693 5268 1708 5331 g
1722 5270 1762 5318 47.

432 5362 460 5374 -
480 5338 520 5387 48.
539 5339 590 5402 qai]
608 5339 703 5402 qaidB
723 5366 750 5377 -
775 5341 815 5390 49.
834 5345 964 5390 4444444444
981 5342 1002 5390 Β
1023 5368 1049 5376 —
1072 5342 1113 5391 20.
1132 5343 1197 5406 anm]
1221 5356 1267 5392 car
1284 5343 1303 5392 Β
1324 5369 1350 5380 ·-
1373 5343 1414 5392 22.
1434 5343 1514 5405 diligit
1531 5344 1550 5392 Β
1570 5370 1597 5380 -
1621 5357 1764 5407 axeneone

428 5418 465 5464 444
481 5412 529 5463 ΒΕ
547 5414 591 5474 (444
606 5426 660 5465 non
678 5428 731 5465 om.
751 5417 793 5475 El:
812 5429 906 5466 44444444
922 5418 1071 5478 estquidam
1089 5418 1108 5467 0
1128 5444 1154 5454 -
1174 5418 1225 5479 ipse
1242 5418 1390 5467 Ernestius:
1412 5418 1459 5479 ipsi
1476 5417 1554 5468 codd.
1574 5418 1760 5470 (1442333.

428 5501 455 5552 p.
474 5488 531 5545 4445,
549 5490 574 5538 a.
596 5515 622 5526 -
645 5489 687 5539 23.
705 5496 740 5539 est
756 5504 809 5542 om.
829 5492 894 5541 Ε-
919 5497 1056 5554 contraque
1076 5495 1146 5543 mala
1170 5494 1218 5543 ΒΕ
1239 5519 1262 5529 -
1288 5492 1328 5542 24.
1346 5493 1466 5556 {apiendo
1480 5494 1597 5553 petereB
1616 5518 1644 5530 -
1668 5494 1708 5543 25.
1728 5501 1763 5545 eet

427 5562 587 5626 Madvigius:
605 5571 662 5615 nent
679 5566 758 5616 codd.
772 5567 830 5616 eto
845 5594 872 5604 -
891 5568 931 5616 26.
946 5566 1054 5617 cueleio
1071 5574 1099 5617 at
1115 5570 1204 5619 omnia
1218 5570 1291 5617 recta
1303 5570 1395 5618 erunt:
1414 5568 1498 5629 Neque
1509 5569 1583 5631 enirn,
1601 5570 1670 5618 aiu
1682 5584 1761 5632 qaae-

427 5644 500 5696 rant,
519 5646 564 5689 aat
580 5641 621 5691 4444
637 5643 707 5704 apud
719 5642 856 5692 Terentiam
868 5644 937 5692 cet·
955 5643 1065 5692 Manvre.
1082 5671 1109 5681 -
1129 5645 1170 5694 27.
1189 5644 1312 5705 tantisper
1327 5643 1362 5707 44]
1380 5648 1478 5692 tantam
1491 5657 1538 5705 per
1548 5657 1574 5693 44
1590 5645 1639 5695 ΒΕ
1655 5671 1682 5681 -
1700 5650 1761 5695 nato

427 5714 506 5765 codd.
524 5714 658 5781 plerique:
679 5723 738 5767 noto
756 5719 817 5779 (non
834 5718 906 5779 nodo)
929 5717 991 5774 ΒΕς
1013 5723 1091 5780 paeto
1114 5720 1134 5768 0
1159 5745 1183 5755 -
1208 5724 1236 5767 at
1258 5719 1307 5778 ait,
1331 5719 1464 5779 iperium
1487 5731 1549 5768 cum
1566 5720 1709 5770 BremioO
1732 5748 1758 5756 --

426 5789 467 5840 28.
485 5791 533 5852 ipsi
548 5790 595 5840 eibi
612 5794 631 5843 E
651 5817 678 5829 -
696 5797 732 5842 444
748 5805 802 5842 orn.
822 5793 841 5843 Ε
860 5820 887 5829 -
906 5793 947 5842 32.
966 5798 1001 5841 444
1018 5807 1077 5843 aene
1094 5794 1113 5843 Β
1132 5797 1159 5844 et
1175 5795 1313 5845 Terentius
1332 5794 1481 5855 (lleautont.
1494 5796 1518 5855 4,
1539 5797 1563 5853 t,
1576 5795 1632 5858 aei:
1649 5808 1709 5844 44444
1725 5800 1760 5845 444

426 5863 481 5913 blO
500 5890 527 5900 -
545 5866 609 5927 sace.
629 5869 677 5930 044
693 5868 852 5932 Madvigius:
870 5870 913 5933 (ec
928 5869 993 5932 lipsi
1011 5870 1043 5927 B;
1060 5870 1131 5933 sace:
1148 5870 1217 5919 44444
1234 5871 1276 5931 qni
1293 5870 1314 5919 0
1333 5892 1360 5906 -
1380 5869 1420 5920 33.
1439 5868 1567 5932 4444144Β
1587 5896 1615 5907 -
1634 5870 1675 5923 ai.
1694 5871 1761 5933 qnod

425 5950 452 5989 44
468 5938 562 5991 codd:
581 5943 646 6005 qaod
663 5956 713 5993 4444
729 5943 759 5993 0.
