4342 7459
720 1294 788 1357 Lm.
810 1293 850 1356 11.
876 1292 950 1357 Car.
971 1294 1187 1358 xlx—xxa
1213 1289 1260 1376 §S
1282 1290 1426 1358 66-67.
1671 1288 1734 1356 446

409 1460 571 1535 maximis,
601 1469 667 1526 toto
694 1482 841 1545 corpore,
870 1463 958 1526 nulla
986 1483 1045 1527 neo
1078 1465 1227 1528 adiuncta
1262 1483 1321 1527 nec
1346 1470 1471 1545 sperata
1496 1461 1673 1545 voluptate,
1703 1470 1736 1525 et

409 1556 602 1640 quaerebas:
624 1556 697 1639 quis
717 1565 771 1620 aut
790 1556 851 1620 boc
865 1557 1012 1620 miserior
1035 1566 1091 1621 aut
1104 1559 1268 1641 superiore
1282 1560 1338 1623 illo
1355 1559 1499 1623 beatiort
1522 1558 1637 1623 deinde
1659 1578 1734 1621 con·

408 1649 575 1724 cludebas,
597 1669 754 1714 summum
775 1652 891 1714 malurn
913 1671 983 1714 esse
1003 1651 1156 1727 dolorem,
1178 1673 1335 1717 summum
1348 1653 1466 1716 bonum
1481 1653 1690 1736 voluptateml

494 1744 566 1805 xx.
588 1744 704 1807 Lucius
734 1744 869 1809 Thorius
898 1745 1014 1808 Balbus
1042 1744 1118 1820 fuit,
1149 1748 1345 1823 Lanuvinus,
1375 1768 1470 1830 quem
1491 1748 1672 1810 meminisse
1697 1755 1734 1812 tu

408 1858 475 1901 non
496 1844 598 1919 potes.
640 1839 670 1901 ls
692 1840 736 1902 ita
758 1839 900 1914 vivebat,
928 1838 1071 1903 utnulla
1094 1849 1156 1902 tam
1178 1841 1338 1925 exquisita
1363 1848 1470 1924 posset
1489 1842 1623 1905 inveniri
1646 1843 1757 1905 volu-⁵

408 1939 497 2015 ptas,
527 1951 591 2014 qua
620 1952 685 1995 non
714 1932 899 1996 abundaret.
941 1935 1017 1996 Erat
1038 1941 1070 1997 st
1092 1933 1225 2015 cupidus
1246 1933 1444 2017 voluptatum
1466 1941 1499 1998 et
1520 1936 1587 1999 sius
1609 1938 1735 2018 generis

407 2025 596 2108 intellegens
626 2035 658 2089 et
686 2027 851 2110 copiosus,
879 2028 924 2090 ita
951 2048 1015 2090 non
1043 2028 1300 2110 superstitiosus,
1328 2036 1364 2091 ut
1390 2028 1445 2091 illa
1466 2028 1601 2113 plurima
1621 2031 1655 2093 in
1678 2049 1735 2092 sua

408 2119 511 2203 patria
532 2116 684 2185 sacrificia
705 2128 738 2183 et
758 2119 840 2183 lana·
852 2126 1082 2195 contemneret,
1105 2122 1148 2184 ita
1171 2141 1235 2184 uon
1258 2121 1386 2185 timidus
1411 2123 1451 2185 ad
1474 2131 1624 2199 mortem,
1646 2131 1681 2187 ut
1701 2124 1735 2186 in

408 2213 478 2277 acie
500 2215 542 2277 sit
562 2213 604 2276 ob
626 2214 872 2296 rempublicam
894 2214 1088 2277 interiectus.
1130 2210 1182 2276 64.
1201 2215 1397 2298 Cupiditates
1419 2236 1486 2279 non
1506 2217 1636 2299 Epicuri
1657 2216 1737 2280 diri·

409 2308 501 2372 sione
531 2303 676 2382 liniebat,
705 2308 761 2371 sed
786 2327 844 2371 sua
865 2308 1019 2371 satietate.
1062 2308 1204 2371 Habebat
1224 2317 1329 2372 tamen
1351 2309 1505 2372 rationem
1526 2309 1773 2373 valetudinisrto

409 2402 559 2466 utebatur
579 2401 620 2465 iis
642 2402 935 2476 exercitationibus,
959 2411 993 2464 ut
1014 2402 1053 2465 ad
1076 2422 1186 2465 cenam
1209 2409 1241 2464 et
1262 2403 1373 2466 sitiens
1394 2411 1426 2466 ot
1444 2404 1588 2467 cennens
1602 2405 1735 2478 veniret,

409 2514 449 2558 eo
471 2495 559 2569 cibo,
586 2496 643 2578 qui
665 2503 696 2559 et
717 2496 924 2558 suavissimus
946 2503 1032 2558 esset
1052 2503 1084 2558 et
1104 2496 1189 2558 idem
1208 2494 1378 2560 facillimus
1399 2498 1440 2560 ad
1461 2496 1736 2581 concoquendum,

408 2590 483 2652 rino
517 2596 550 2652 et
580 2588 621 2651 ad
652 2589 846 2671 voluptatem
878 2597 909 2651 et
941 2609 982 2652 ne
1011 2596 1148 2652 noceret
1194 2587 1305 2652 Cetera
1327 2589 1382 2653 illa
1403 2591 1588 2665 adhibebat,
1619 2590 1735 2675 quibus

408 2681 547 2766 demptis
569 2690 664 2765 negat
685 2704 719 2746 se
741 2683 896 2765 Epicurus
917 2682 1102 2765 intellegere
1124 2683 1201 2766 quid
1218 2683 1259 2746 sit
1272 2684 1400 2750 bonum.
1432 2685 1548 2749 Aberat
1562 2686 1665 2748 omnis
1680 2684 1736 2747 do·

407 2775 471 2850 lor,
506 2775 561 2859 qui
595 2777 622 2838 si
653 2776 797 2851 adesset,
830 2796 889 2839 nec
919 2776 1057 2839 molliter
1083 2775 1181 2839 terret
1209 2782 1242 2839 et
1262 2784 1369 2840 tamen
1389 2778 1521 2844 modicis
1545 2779 1618 2864 plus
1640 2791 1773 2863 quamro

407 2867 611 2952 pbilosophis
640 2877 800 2933 uteretur:
830 2868 916 2933 color
943 2869 1108 2952 egregius,
1135 2869 1257 2951 integra
1285 2870 1449 2947 valetudo,
1479 2894 1601 2937 summa
1626 2875 1736 2958 gratia,

408 2964 472 3026 rita
495 2961 635 3045 donique
657 2964 799 3029 conferta
820 2963 1017 3046 voluptatum
1039 2962 1181 3026 omnium
1202 2964 1363 3028 varietate.
1406 2963 1457 3028 65.
1479 2968 1572 3031 Hune
1585 2986 1643 3032 vos
1662 2967 1737 3031 bea·

408 3064 494 3119 tarn:
522 3056 604 3121 ratio
632 3057 763 3141 quidem
785 3065 888 3120 vestra
917 3057 964 3120 sic
985 3058 1084 3139 cogit:
1112 3064 1145 3119 at
1165 3076 1224 3139 ogo
1243 3063 1343 3140 ‘quem
1364 3057 1440 3122 buis
1460 3070 1650 3145 anteponam
1670 3081 1736 3124 non

407 3150 512 3213 audeo
542 3149 668 3214 dicere:
697 3150 781 3214 dicet
808 3171 866 3233 pro
896 3169 945 3211 me
973 3150 1042 3234 ipsa
1063 3149 1164 3213 virtus
1186 3170 1245 3213 nee
1266 3150 1421 3215 dubitabit
1441 3154 1494 3217 isti
1514 3159 1621 3217 restro
1641 3153 1736 3216 beato

407 3244 450 3306 ll.
477 3243 636 3326 Regulum
661 3251 873 3327 anteponere,
902 3264 997 3327 quem
1030 3244 1175 3327 quidem,
1203 3265 1275 3308 eum
1301 3264 1358 3308 sna
1387 3245 1569 3321 voluntate,
1596 3246 1684 3309 nulla
1704 3246 1774 3309 vin

408 3344 537 3402 mactus
564 3343 691 3420 praeter
718 3335 827 3412 tidem,
857 3357 952 3421 quam
974 3338 1105 3402 dederat
1129 3338 1228 3412 hosti,
1258 3357 1298 3401 ex
1319 3339 1420 3421 patria
1441 3330 1666 3422 Karthaginem
1687 3362 1737 3403 re·

408 3430 571 3506 44464444,
602 3439 668 3495 tum
695 3432 816 3515 ipsum,
845 3452 916 3495 cum
943 3432 1061 3514 vigiliis
1090 3431 1231 3495 etfama
1259 3434 1469 3508 cruciaretur,
1502 3434 1617 3498 clamat
1636 3434 1737 3498 virtus

408 3524 583 3588 beatiorem
604 3524 703 3590 inisse
725 3547 821 3610 quam
843 3534 1004 3609 potantem
1026 3528 1059 3588 in
1074 3546 1148 3589 rosa
1162 3526 1323 3590 Thorium.
1355 3527 1444 3590 Bella
1459 3546 1574 3611 magna
1586 3537 1738 3610 gesserat,

408 3618 459 3684 bis
480 3620 595 3685 consul
615 3618 734 3695 luerat,
756 3619 976 3704 triumpharat,
998 3640 1056 3683 nec
1078 3628 1183 3684 tamen
1206 3641 1265 3684 sua
1285 3621 1341 3684 illa
1362 3621 1526 3703 superiora
1546 3631 1610 3686 tarn
1624 3643 1738 3707 magna

409 3732 515 3797 aeque
536 3722 601 3780 tam
624 3714 785 3798 praeclara
806 3713 942 3776 ducebat
963 3734 1058 3797 quam
1080 3714 1170 3777 illum
1189 3713 1336 3777 ultimum
1350 3733 1474 3789 omum,
1492 3735 1587 3797 quem
1609 3723 1774 3798 propterea

408 3802 504 3872 iidem
526 3809 801 3891 constantiamque
824 3814 1020 3889 susceperat,
1050 3809 1107 3892 qui
1134 3808 1228 3871 nobis
1249 3808 1438 3872 miserabilis
1460 3807 1587 3871 ridetur
1607 3808 1739 3872 audien·

409 3900 512 3976 libus,
534 3901 584 3966 illi
606 3900 796 3985 perpetienti
819 3907 886 3963 erat
906 3900 1115 3983 voluptarius.
1148 3902 1220 3965 Non
1241 3900 1325 3965 enirn
1347 3900 1506 3966 hilaritate
1527 3922 1588 3966 neo
1608 3903 1738 3968 lascivia

410 4014 470 4060 wc
489 3995 559 4061 risu
580 4003 635 4060 aut
656 3996 741 4069 ioco,
764 3995 879 4057 comite
900 3993 1054 4069 levitatis,
1081 4015 1178 4077 saepe
1199 3996 1294 4060 etiam
1317 3995 1422 4060 tristes
1443 3990 1589 4064 firmitate
1610 4004 1644 4060 et
1663 4016 1739 4060 oon·

410 4089 527 4154 euntia
548 4098 624 4154 sunt
645 4090 740 4152 beati.
783 4086 834 4151 66.
858 4089 1007 4171 Stuprata
1036 4089 1178 4172 pervim
1200 4089 1345 4152 Lucretia
1367 4108 1385 4152 a
1407 4088 1491 4171 regis
1511 4089 1595 4164 filio,
1624 4096 1738 4153 testata

410 4184 503 4259 ciris,
526 4202 561 4247 se
583 4185 652 4267 ipsa
673 4184 839 4247 interemit.
873 4184 934 4245 Hic
955 4182 1048 4246 dolor
1068 4183 1179 4267 populi
1201 4182 1333 4246 llornani
1355 4182 1435 4245 duce
1449 4190 1624 4246 etauctore
1638 4185 1775 4245 Bmtoao

411 4298 506 4342 causa
528 4280 648 4344 civitati
670 4278 821 4341 libertatis
842 4277 917 4351 tuit,
947 4277 987 4339 ob
1010 4277 1143 4360 eiusque
1165 4276 1304 4338 mulieris
1327 4275 1510 4339 memoriam
1532 4277 1632 4361 primo
1653 4296 1737 4340 anno

410 4382 440 4436 et
461 4374 510 4438 rir
531 4380 564 4438 et
585 4380 676 4456 pater
697 4372 765 4434 eius
788 4371 899 4434 consul
922 4379 971 4434 est
992 4370 1102 4433 tactus.
1135 4372 1252 4433 Tenuis
1274 4371 1391 4433 Lucius
1406 4370 1575 4453 Verginius
1590 4392 1737 4455 unusque

411 4466 450 4531 de
470 4468 580 4531 multis
602 4467 802 4549 sexagesimo
824 4484 908 4527 anno
930 4472 1004 4547 post
1025 4465 1201 4527 libertatern
1224 4472 1383 4546 receptam
1398 4464 1551 4544 virginem
1567 4464 1665 4528 filiam
1680 4484 1738 4529 sua

411 4579 505 4624 manu
527 4560 646 4624 occidit
667 4561 790 4644 potius,
814 4579 908 4644 quam
932 4578 969 4621 ea
990 4559 1050 4640 Ap.
1068 4557 1191 4620 Claudii
1215 4556 1356 4632 libidini,
1378 4557 1435 4640 qui
1451 4565 1518 4620 tum
1534 4565 1601 4621 erat
1614 4577 1738 4622 summo

410 4654 558 4737 imperio,
580 4653 758 4718 dederetur.
1305 4720 1307 4725 ,
1746 4666 1775 4712 aa

493 4748 582 4816 xxl.
595 4745 647 4811 67.
668 4748 733 4812 hut
753 4747 833 4811 baec
855 4747 928 4821 tibi,
951 4749 1126 4831 Torquate,
1149 4753 1222 4809 sunt
1235 4743 1444 4828 vituperanda
1458 4753 1513 4808 aut
1526 4745 1736 4828 patrocinium

474 5022 498 5070 4.
517 5019 636 5068 munero
648 5021 678 5068 h¹
691 5043 717 5053 -
734 5019 930 5082 amberlacum
941 5045 978 5056 --
990 5017 1158 5067 bemtommB
1174 5043 1200 5052 -
1219 5015 1315 5066 beatior
1326 5016 1385 5065 AB:
1405 5015 1573 5079 beatiorsorot
1584 5018 1643 5066 blo.
1663 5017 1701 5067 Cl.
1715 5020 1735 5076 l,

411 5093 517 5157 stt-
532 5092 557 5145 l.
570 5093 831 5142 lucith:l..blO
845 5121 871 5129 -
885 5095 909 5144 a.
922 5090 1213 5154 coopmannehaven
1228 5118 1254 5127 -
1268 5092 1292 5139 6.
1305 5091 1497 5154 strumum:
1517 5091 1625 5140 4444444444
1640 5093 1737 5156 pmcne
1811 5116 1813 5122 ·

410 5171 504 5227 44444ος
522 5169 634 5219 muts
649 5169 747 5231 generis
764 5166 832 5231 [44444]
846 5169 869 5216 bl
884 5194 910 5204 -
929 5169 953 5217 8.
966 5168 1093 5229 rmrtfieta
1104 5166 1193 5215 codd:
1211 5170 1234 5213 44
1250 5166 1377 5228 completo
1389 5166 1408 5213 0
1421 5191 1448 5200 -
1469 5166 1509 5216 40.
1525 5165 1638 5216 hobobct.
1654 5172 1735 5215 tameo

410 5241 663 5295 444444444444444444444
676 5242 754 5291 codd.
769 5267 796 5277 -
812 5242 1027 5306 44.4’4’4]444440;
1045 5241 1120 5302 bpsB
1135 5242 1308 5310 -cenomru
1327 5241 1471 5299 4444444Βς
1490 5241 1736 5291 concambio-et

410 5319 524 5369 4444444444
540 5318 720 5368 ambli:
739 5322 762 5367 44
777 5318 886 5366 cerateas
903 5322 926 5365 et
940 5317 1087 5366 4444444440
1101 5341 1127 5351 -
1142 5315 1423 5376 tnaccoqoenaumn
1438 5341 1465 5351 -
1485 5316 1733 5377 t7.otto]uunlt—

409 5395 564 5457 caeptam
579 5394 692 5456 conserto
708 5393 769 5441 Β-
788 5393 856 5441 444444
872 5393 962 5441 ΒΕ-
982 5392 1022 5440 48.
1039 5392 1120 5454 cogit:
1139 5396 1165 5439 ot
1182 5404 1226 5454 ego
1242 5391 1289 5440 Tb.
1308 5388 1455 5439 Bentleius:
1478 5393 1571 5454 cogitat
1587 5405 1632 5455 ago
1644 5390 1734 5448 codd.;

409 5471 486 5534 cogit:
503 5468 623 5534 4φο-
641 5481 715 5529 guem
731 5468 863 5517 baean:
882 5467 1093 5527 4444444440-
1113 5466 1617 5529 ao.ootaprareBE-tt.1tartca.ss,
1635 5472 1734 5530 cartag.

411 5548 470 5595 4-
488 5547 531 5597 ἥ.
547 5545 609 5606 tam]
627 5556 684 5593 444444
699 5543 774 5592 ΑΒΒ
789 5568 815 5576 -
834 5541 876 5591 23.
894 5540 977 5605 4444444]
994 5554 1044 5589 aare
1061 5541 1079 5588 Β
1095 5566 1120 5574 -
1140 5554 1208 5590 roso.
1227 5541 1322 5590 thoricos
1337 5540 1461 5593 b.sn-
1480 5540 1521 5591 il.
1539 5555 1586 5591 4444
1602 5541 1647 5590 4444
1662 5554 1735 5603 ropa-

410 5622 479 5670 rr'oro
494 5622 530 5672 A:
554 5621 600 5670 illo
621 5632 669 5668 44444
684 5618 817 5681 amariora
835 5617 901 5671 nnn
923 5630 970 5665 suo
986 5617 1119 5678 asperiora
1135 5616 1181 5664 illo
1197 5617 1217 5665 0
1234 5644 1267 5653 -
1288 5618 1330 5666 25.
1346 5621 1450 5679 propter
1467 5617 1501 5665 B:
1517 5621 1619 5678 practer
1635 5616 1685 5665 AC
1706 5642 1733 5650 -

410 5694 448 5744 n.
464 5695 625 5758 adreptum
644 5697 672 5744 P.
694 5693 811 5744 Marsus:
836 5692 996 5741 uoluntarius
1015 5690 1093 5740 codd.
1115 5715 1143 5727 -
1167 5690 1303 5754 4444444444]
1321 5692 1348 5740 tn
1365 5691 1483 5754 largitata
1499 5694 1529 5740 A*
1550 5718 1577 5727 -
1597 5702 1643 5738 444
1659 5690 1693 5739 A:
1713 5697 1735 5739 et

411 5769 483 5822 ΒΙΟ
502 5795 531 5807 -
549 5771 591 5822 28.
609 5769 762 5832 raepshB:
781 5768 942 5829 ottarpah,
960 5768 1091 5828 sedsaepe
1108 5766 1157 5816 ΜΟ
1171 5792 1198 5802 -
1216 5766 1257 5816 30.
1275 5767 1331 5827 ipso
1347 5768 1380 5815 A:
1399 5768 1481 5829 ipsam
1498 5765 1557 5814 B—
1577 5763 1698 5825 interfecit
1715 5764 1734 5813 B

414 5869 436 5881 ·
454 5845 495 5896 ³2.
512 5847 597 5910 [4444444
612 5845 725 5896 44414-
744 5844 903 5892 4444444444Βε
923 5842 1013 5891 l..bl0
1032 5867 1059 5875 -
1077 5842 1276 5903 menturae:
1299 5842 1454 5904 VtrglaiusO
1469 5867 1496 5877 -
1515 5840 1555 5890 33.
1569 5852 1641 5889 4444444
1657 5853 1735 5888 mona

412 5920 457 5971 aa
476 5946 504 5961 -
523 5920 565 5972 44.
582 5920 744 5985 potiatlpost
761 5915 792 5968 Α*
812 5944 839 5954 -
857 5916 914 5980 ln]
931 5918 958 5967 P.
977 5917 1040 5975 AB,
1058 5915 1121 5978 App.
1141 5917 1160 5965 0
1179 5944 1205 5953 -
1225 5918 1285 5981 44444]
1303 5922 1386 5967 tomen
1403 5917 1423 5966 Β
1442 5941 1469 5950 -
1488 5913 1530 5965 35.
1547 5914 1652 5976 imperto
1668 5915 1732 5964 AB:

412 5993 600 6060 aegaeo.
