4342 7459
699 1226 769 1290 Lm.
790 1226 829 1289 V.
855 1223 930 1288 Gar.
952 1222 1197 1314 xvl-xvua
1222 1218 1270 1303 §ss
1291 1217 1437 1284 44-49.
1675 1208 1731 1274 tet

409 1397 577 1460 imminuta
599 1397 679 1469 siut,
700 1394 860 1457 occultent
879 1392 1048 1457 homiues?
1071 1400 1106 1455 ut
1127 1391 1222 1454 etiam
1244 1389 1439 1454 contendant
1460 1397 1492 1454 et
1510 1389 1688 1465 elaborent,
1710 1393 1738 1454 si

409 1491 535 1554 efficere
559 1490 696 1572 possint,
717 1496 754 1550 ut
774 1495 827 1550 aut
850 1508 913 1549 non
936 1493 1087 1569 appareat
1108 1486 1248 1568 corporis
1264 1485 1373 1548 vitium
1396 1492 1452 1547 aut
1465 1505 1559 1566 quam
1574 1486 1737 1550 minimum

408 1585 580 1667 appareat?
603 1583 782 1664 multosque
806 1582 900 1642 etiam
917 1579 1044 1642 dolores
1059 1580 1232 1642 curationis
1247 1598 1342 1642 causa
1357 1578 1532 1662 perferant,
1555 1588 1606 1654 ut,
1628 1582 1654 1644 si
1670 1582 1738 1664 ipse

408 1699 483 1740 usus
507 1677 718 1739 membrorum
741 1696 805 1737 nou
830 1675 924 1736 modo
947 1694 1010 1736 non
1034 1673 1144 1745 maior,
1167 1693 1277 1735 verum
1300 1674 1395 1735 etiarn
1419 1673 1521 1737 minor
1541 1673 1665 1738 futurus
1687 1675 1738 1747 sit,

407 1791 517 1834 eorum
540 1779 645 1834 tamen
668 1770 792 1851 species
814 1769 854 1831 ad
874 1774 1016 1830 naturam
1032 1770 1229 1829 revertatur‘t
1250 1768 1390 1840 Etenim,
1412 1787 1485 1828 cum
1500 1787 1611 1830 omnes
1627 1775 1763 1830 naturas

407 1872 492 1927 totos
521 1885 556 1927 se
583 1864 782 1947 expetendos
809 1870 938 1946 putent,
965 1881 1024 1923 uec
1054 1861 1087 1921 id
1115 1860 1156 1922 oh
1184 1858 1277 1922 aliam
1301 1881 1382 1933 rem,
1413 1859 1468 1922 sed
1491 1868 1620 1943 propter
1641 1862 1738 1943 ipsos,

408 1979 538 2021 necesse
562 1965 610 2019 est
631 1959 699 2021 eius
722 1957 818 2020 ctiam
840 1956 939 2039 partis
961 1961 1093 2037 propter
1113 1975 1148 2015 se
1164 1953 1285 2037 expeti,
1308 1954 1394 2035 quod
1413 1953 1594 2017 universum
1610 1964 1740 2038 propter

407 2074 441 2114 sc
464 2059 638 2135 expetatur.
682 2047 733 2113 47.
757 2049 866 2128 Quid?
888 2051 919 2111 in
943 2055 1029 2110 motu
1054 2056 1087 2110 et
1106 2049 1140 2110 iu
1162 2054 1243 2109 statu
1262 2047 1406 2130 corporis
1428 2047 1508 2110 nihil
1531 2050 1629 2123 inest,
1652 2051 1739 2132 quod

407 2144 723 2209 animadvertendum
749 2165 820 2207 esse
850 2144 919 2226 ipsa
941 2150 1053 2204 natura
1076 2139 1218 2203 iudicati
1248 2161 1343 2224 quem
1366 2139 1406 2203 ad
1429 2141 1556 2204 modum
1580 2143 1657 2225 quis
1674 2163 1739 2205 am·

406 2240 508 2313 hulst,
531 2238 656 2313 sedeat,
679 2239 734 2321 qui
757 2238 867 2302 ductus
889 2236 970 2309 oris,
992 2236 1047 2317 qui
1071 2235 1177 2297 vultus
1200 2234 1234 2295 in
1255 2254 1383 2317 quoque
1405 2235 1468 2297 siti
1493 2234 1615 2298 nihilne
1637 2244 1685 2298 est
1706 2236 1738 2298 in
1751 2247 1778 2291 ⁴⁰

408 2333 458 2396 his
479 2333 590 2405 rebus,
613 2333 699 2416 quod
722 2332 852 2414 dignum
874 2330 976 2392 libero
998 2336 1053 2391 aut
1074 2327 1239 2409 indiguum
1256 2347 1327 2392 esso
1341 2328 1516 2391 ducamus?
1538 2331 1651 2393 Nonne
1666 2329 1739 2394 odio

408 2428 525 2490 multos
553 2426 667 2508 dignos
697 2434 859 2508 putamus,
889 2423 944 2506 qui
977 2421 1115 2504 quodam
1143 2428 1232 2485 motu
1260 2431 1316 2485 aut
1336 2430 1420 2485 statu
1442 2423 1589 2487 videntur
1609 2432 1740 2489 naturae

409 2520 512 2602 legem
543 2529 576 2582 et
604 2520 733 2581 modum
762 2517 1010 2599 contempsisset
1038 2518 1078 2578 Et
1104 2516 1253 2598 quoniam
1282 2516 1361 2579 haec
1386 2516 1588 2580 deducuntur
1609 2517 1649 2580 de
1670 2539 1740 2581 cor·

409 2633 499 2696 pore,
528 2613 603 2695 quid
637 2620 686 2675 est
715 2633 771 2674 cur
800 2632 864 2673 uon
895 2619 979 2673 recte
1002 2609 1204 2691 pulchritudo
1228 2609 1323 2672 ctiam
1345 2609 1416 2692 ipsa
1436 2620 1566 2694 propter
1587 2632 1621 2675 se
1644 2632 1741 2695 expe·

410 2706 505 2769 tenda
525 2707 679 2770 ducatur?
702 2708 779 2768 Nam
803 2705 830 2767 si
854 2705 1038 2786 pravitatem
1061 2701 1382 2785 imminutionemque
1401 2706 1542 2786 corporis
1564 2715 1692 2790 propter
1706 2716 1779 2770 se⁴⁵

407 2799 589 2883 fugiendam
619 2806 783 2882 putamus,
805 2819 869 2875 ‚cur
890 2817 955 2860 non
978 2796 1089 2870 etiam,
1120 2816 1156 2858 ao
1179 2795 1310 2859 tortasse
1332 2797 1450 2879 magis,
1470 2806 1600 2882 propter
1622 2821 1656 2863 se
1677 2799 1742 2863 l'or-

409 2912 477 2957 mae
498 2893 684 2975 dignitatem
707 2893 902 2975 sequamur?
924 2892 964 2952 Et
986 2890 1012 2952 si
1035 2889 1267 2970 turpitudinem
1288 2889 1427 2972 fugimus
1449 2892 1481 2953 in
1505 2898 1586 2955 statu
1610 2900 1643 2955 et
1656 2903 1740 2957 motu

408 2987 564 3070 corporis,
595 2986 673 3068 quid
696 2995 745 3048 est
766 3006 824 3047 cur
844 2983 1115 3068 pulchritudinem
1138 3002 1203 3044 non
1225 2987 1416 3063 sequamur?
1446 2987 1550 3067 Atque
1572 2986 1665 3049 etiam
1689 3008 1742 3050 va-

408 3078 603 3154 letudinem,
631 3079 733 3154 vires,
764 3078 951 3142 vacuitatem
976 3075 1097 3139 doloris
1120 3095 1183 3138 non
1205 3084 1334 3159 propter
1354 3076 1523 3141 utilitatem
1545 3078 1662 3154 solum,
1684 3081 1741 3143 sed

410 3174 505 3235 etiam
528 3173 614 3256 ipsas
637 3181 768 3255 propter
790 3192 825 3234 se
848 3177 1042 3254 expetamus.
1085 3168 1245 3243 Quoniam
1267 3168 1350 3231 enim
1373 3178 1484 3234 natura
1506 3172 1573 3235 suis
1595 3173 1779 3237 omnibusne

411 3265 533 3348 expleri
562 3266 705 3349 partibus
727 3265 810 3339 vult,
842 3265 927 3326 huuc
949 3270 1063 3326 statum
1085 3262 1229 3344 corporis
1258 3281 1316 3344 per
1337 3283 1370 3325 se
1392 3263 1496 3347 ipsum
1518 3266 1655 3348 expetit,
1687 3268 1742 3350 qui

412 3367 458 3422 est
482 3359 618 3422 maxime
641 3366 808 3433 enatura,
839 3378 922 3441 quae
944 3364 1011 3419 tota
1040 3355 1254 3438 perturbatur,
1281 3356 1307 3418 si
1330 3364 1386 3420 aut
1405 3376 1534 3439 aegrum
1556 3378 1672 3442 corpus
1694 3368 1743 3423 cst

411 3461 465 3515 aut
487 3452 575 3515 dolet
596 3460 651 3515 aut
673 3459 758 3515 caret
780 3451 910 3514 viribus.

493 3546 607 3608 xvln.
630 3541 681 3607 48.
705 3545 876 3609 Videamus
897 3544 995 3607 animi
1010 3550 1134 3626 partes,
1157 3562 1290 3625 quarum
1306 3550 1355 3606 est
1369 3551 1557 3626 conspectus
1571 3545 1741 3611 illustrior:

410 3659 490 3721 quae
514 3659 579 3721 quo
601 3646 676 3702 suut
697 3640 903 3713 excelsiores,
926 3658 964 3699 eo
990 3636 1066 3698 dant
1087 3635 1218 3700 clariora
1239 3635 1360 3699 indicia
1380 3643 1521 3701 naturae.
1558 3640 1677 3704 Tantus
1694 3653 1785 3705 estes,

412 3733 507 3815 igitur
527 3733 654 3795 innatus
677 3732 710 3795 in
734 3732 825 3808 nqbis
847 3732 1040 3813 cognitionis
1061 3749 1152 3793 amor
1173 3738 1206 3792 et
1228 3731 1396 3804 scientiae,
1425 3739 1460 3794 ut
1481 3751 1575 3796 nemo
1597 3733 1743 3799 dubitare

411 3828 512 3909 possit
542 3826 621 3909 quin
650 3824 689 3887 ad
724 3845 777 3888 eas
799 3846 849 3889 res
871 3824 1035 3888 hominurn
1058 3831 1170 3886 natura
1193 3823 1281 3885 nullo
1304 3823 1518 3888 emolumento
1541 3826 1673 3891 invitata
1695 3849 1743 3892 ra·

412 3921 527 4003 piatur.
564 3918 760 3983 videmusne
783 3929 818 3981 ut
839 3919 930 4001 pueri
946 3938 986 3981 ne
1002 3917 1187 3981 verberibus
1203 3917 1330 3999 quidem
1345 3937 1364 3979 a
1379 3918 1633 4002 contemplandis
1648 3922 1743 3986 rebus

410 4011 700 4096 perquirendisque
727 4012 968 4075 deterreantur?
998 4020 1032 4074 ut
1059 4010 1144 4094 pulsi
1170 4013 1357 4073 recurrant?
1387 4017 1422 4072 ut
1449 4011 1572 4095 aliquid
1600 4015 1679 4079 scire
1708 4037 1743 4079 sa

410 4107 589 4188 gaudeant?
612 4114 647 4168 ut
669 4107 700 4168 id
724 4107 795 4169 aliis
817 4125 945 4169 narrare
969 4104 1125 4188 gestiant?
1147 4110 1182 4165 ut
1204 4122 1336 4186 pompa,
1358 4103 1442 4167 ludis
1460 4113 1557 4188 atque
1572 4108 1642 4170 eius
1658 4110 1781 4171 modiso

412 4199 601 4282 spectaculis
631 4207 816 4274 teneantur,
848 4200 888 4261 ob
919 4219 1053 4281 eamque
1084 4218 1150 4259 rem
1185 4197 1234 4258 vel
1263 4195 1379 4260 famem
1403 4206 1435 4261 et
1456 4198 1539 4261 sitim
1561 4200 1744 4283 perferant?

411 4294 495 4369 Quid
520 4296 618 4356 vorot
641 4295 695 4376 qui
719 4294 865 4375 ingenuis
888 4291 1000 4355 studiis
1023 4301 1118 4374 atque
1141 4291 1262 4353 artibus
1285 4290 1499 4367 delectantur,
1530 4313 1635 4357 nonne
1656 4295 1745 4358 vide-

412 4409 480 4450 mus
511 4406 566 4449 eos
597 4407 654 4449 uec
683 4386 876 4450 valetudinis
906 4406 964 4448 nec
992 4385 1037 4448 rei
1065 4384 1229 4447 familiaris
1258 4384 1374 4447 hahere
1397 4386 1551 4449 rationem
1574 4390 1744 4473 omniaque

412 4481 536 4564 perpeti
560 4480 627 4563 ipsa
651 4482 831 4563 cognitione
854 4489 886 4542 et
907 4480 1041 4542 scientia
1063 4487 1172 4562 captos
1195 4485 1226 4541 et
1248 4499 1318 4541 cum
1341 4480 1487 4542 maximis
1505 4482 1589 4545 curis
1605 4492 1636 4545 et
1657 4483 1745 4547 laho-

412 4575 498 4636 ribus
522 4593 728 4656 compensare
751 4594 837 4647 eam,
861 4593 955 4656 quam
973 4592 1013 4634 ex
1028 4571 1179 4635 discendo
1195 4572 1337 4654 capiant,
1361 4572 1577 4656 voluptatem?
1599 4572 1650 4639 49.
1666 4578 1782 4641 llihiac

410 4667 540 4750 quidem
570 4667 726 4730 Homerus
757 4668 852 4730 huius
883 4667 969 4728 modi
998 4665 1149 4748 quiddam
1172 4665 1287 4728 vidisse
1310 4665 1435 4729 videtur
1456 4667 1490 4729 in
1513 4668 1568 4742 iis,
1599 4671 1744 4752 quaeda

411 4762 556 4823 Sirenum
579 4761 724 4823 cantibus
747 4759 848 4822 linxit.
893 4762 1004 4843 Neque
1027 4760 1112 4821 enim
1134 4778 1245 4821 vocum
1268 4759 1422 4823 suavitate
1445 4759 1593 4824 videntur
1613 4773 1667 4826 aut
1688 4784 1745 4827 no·

411 4856 505 4918 vitate
536 4854 673 4938 quadam
705 4864 737 4917 et
766 4855 917 4917 varietate
946 4851 1093 4916 cantandi
1122 4872 1272 4914 revocare
1295 4872 1350 4915 eos
1373 4853 1501 4929 solitae,
1529 4856 1584 4937 qui
1606 4865 1745 4938 praeter·

413 4950 628 5021 vehebantur,
651 4947 707 5010 sed
731 4948 805 5030 quia
829 4948 926 5010 multa
949 4969 982 5009 se
1006 4947 1085 5009 scire
1101 4944 1349 5028 profitebantur,
1372 4955 1406 5009 ut
1420 4947 1566 5012 homines
1581 4949 1621 5012 ad
1637 4970 1743 5014 earum

420 5154 725 5164 *—

476 5313 500 5362 8.
521 5312 586 5372 Ouid
609 5310 653 5360 ed.
673 5310 772 5359 l'eneta
791 5325 816 5358 a.
836 5310 913 5359 ll80:
938 5311 1003 5372 quod
1026 5310 1105 5360 codd.
1127 5337 1153 5346 -
1179 5314 1202 5358 ct
1219 5308 1253 5373 tn]
1272 5310 1348 5359 ctiam
1364 5310 1391 5359 iu
1408 5310 1426 5359 B
1447 5336 1472 5345 —
1493 5313 1554 5361 nihil
1570 5313 1631 5363 tuost
1649 5316 1743 5366 CDE:

410 5386 485 5434 nictit
501 5385 675 5449 (oraverim)
694 5386 726 5441 ll;
745 5385 807 5433 nihil
824 5399 873 5433 uon
891 5391 925 5434 cst
944 5386 1025 5434 ceteri
1043 5385 1122 5434 codd.
1137 5411 1163 5419 -
1184 5384 1258 5449 qood]
1277 5386 1319 5446 qai
1337 5386 1355 5434 ll
1371 5412 1395 5423 -·
1417 5386 1457 5435 ta.
1470 5387 1561 5437 mattos
1576 5391 1663 5453 dignos
1680 5391 1744 5440 BG:

411 5463 498 5524 dignor
514 5461 605 5509 mattos
622 5462 641 5509 0
658 5486 682 5494 -·
704 5459 743 5509 ll.
762 5465 797 5508 est
814 5472 868 5508 our.
884 5460 901 5508 B
921 5461 982 5520 [non
996 5460 1023 5520 E)
1040 5486 1065 5493 -
1087 5460 1127 5508 ro.
1146 5460 1235 5519 etiarn,
1254 5459 1294 5523 oc]
1311 5460 1364 5508 iam
1380 5465 1403 5509 ct
1418 5459 1483 5510 huuc
1500 5463 1519 5511 B
1534 5491 1559 5498 -
1580 5464 1620 5512 ⁴7.
1637 5465 1748 5526 sopimur

412 5537 557 5586 llanutius:
576 5536 705 5597 sopiamus
722 5534 801 5583 codd.
823 5561 849 5567 -·
870 5534 910 5583 ro.
928 5536 970 5583 sed
986 5547 1039 5583 om.
1060 5535 1076 5583 B
1092 5560 1116 5567 -
1137 5534 1178 5583 22.
1197 5536 1218 5583 si
1235 5540 1318 5584 cutem
1335 5548 1422 5598 egram
1439 5549 1501 5598 opas
1517 5543 1551 5586 est
1568 5538 1586 5586 B
1603 5565 1628 5574 —
1647 5537 1688 5589 al.
1706 5540 1747 5589 Vi-

411 5612 495 5659 demus
513 5613 532 5661 B
552 5637 578 5645 -
599 5616 743 5671 conspectas
759 5610 854 5659 BCll:
879 5610 1044 5670 adspectus-0
1065 5635 1091 5644 -
1115 5609 1156 5657 td.
1175 5610 1269 5658 iudicio
1284 5616 1380 5659 actura
1398 5611 1445 5659 BE
1465 5637 1491 5645 -
1512 5612 1553 5660 26.
1572 5617 1595 5661 et
1610 5625 1682 5661 cono
1698 5615 1748 5662 du-

411 5685 487 5733 bitari
505 5687 524 5735 B
543 5688 603 5746 (non
624 5685 653 5743 E)
672 5709 698 5718 -
719 5685 760 5732 27.
779 5684 933 5733 emolimento
953 5685 1000 5732 ΒΕ
1021 5711 1045 5717 υ
1068 5685 1109 5732 29.
1128 5692 1173 5732 out
1186 5685 1254 5745 pulsi
1271 5685 1290 5734 E
1311 5711 1336 5719 η
1356 5691 1384 5734 ut
1401 5686 1496 5747 aliquid
1513 5687 1547 5734 D:
1567 5685 1664 5746 aliquid
1682 5689 1745 5749 (om.

412 5762 446 5817 ut)
460 5760 522 5813 BE:
542 5766 565 5809 et
583 5760 680 5821 aliquid
698 5761 780 5808 ceteri
798 5758 877 5807 codd.
892 5784 918 5793 —
938 5772 963 5808 sc
979 5760 1042 5807 scire
1060 5760 1110 5807 llG
1131 5784 1155 5792 -
1176 5758 1217 5809 30.
1236 5760 1262 5808 td
1278 5760 1310 5809 B:
1331 5773 1384 5809 om.
1399 5760 1453 5810 uo
1467 5787 1492 5795 -
1513 5766 1559 5808 cat
1573 5773 1667 5822 pompa
1685 5762 1703 5811 E
1717 5790 1744 5799 ·-

412 5834 453 5883 32.
471 5836 532 5896 qaid
550 5836 655 5898 inpectis
673 5835 721 5883 BE
742 5861 767 5869 -
787 5834 827 5883 36.
846 5835 971 5894 quoddam
991 5835 1008 5882 B
1029 5860 1053 5866 —
1075 5834 1190 5882 videatur
1207 5834 1255 5883 BF.
1272 5860 1298 5869 -
1318 5833 1358 5884 37.
1375 5835 1451 5897 flacit
1468 5833 1547 5884 codd.
1566 5833 1678 5897 aliquot:
1695 5840 1747 5901 fln-

409 5910 492 5957 scriat
510 5909 544 5967 B,
563 5910 668 5964 amur
686 5910 750 5958 lto,
