4342 7459
432 1246 495 1314 ΒΞ
881 1253 935 1316 ΒΕ
956 1251 1126 1317 DEORUM
1146 1252 1310 1317 NATURA

436 1413 548 1476 XLlll.
571 1413 674 1496 Atque
696 1413 740 1475 ita
761 1411 920 1475 demetata
942 1413 1031 1496 signa
1052 1428 1140 1488 sunt,
1161 1420 1198 1477 ut
1219 1412 1252 1475 in
1274 1413 1367 1476 tantis
1384 1411 1644 1495 discriptionibus
1659 1412 1772 1478 divina

438 1508 578 1571 sollertia
600 1513 759 1589 appareat.

542 1603 590 1664 Et
610 1609 727 1662 natos
749 1600 933 1664 Geminos
956 1601 1114 1665 invises
1138 1600 1205 1662 sub
1228 1609 1346 1682 caput
1367 1600 1487 1663 Arcti.

543 1693 758 1757 Subiectus
781 1694 932 1756 mediae
955 1702 1015 1758 est
1037 1694 1187 1757 Cancer
1209 1693 1459 1778 pedibusque
1484 1700 1649 1756 tenetur

412 1799 428 1844 s
544 1790 707 1869 Magnus
729 1787 807 1849 beo
830 1788 1034 1851 tremulam
1057 1788 1248 1871 quatiens
1270 1808 1288 1851 o
1312 1806 1482 1870 corporo
1504 1786 1715 1851 flammam.

438 1883 557 1964 Auriga

544 1975 621 2039 Sub
644 1973 759 2037 laeva
781 1974 1029 2039 Geminorum
1052 1974 1252 2039 obductus
1275 1986 1386 2058 parte
1409 1975 1576 2038 leretur.

543 2068 764 2132 Adversum
790 2077 910 2150 caput
930 2068 1021 2131 huic
1043 2068 1207 2132 Helicae
1230 2069 1462 2133 truculenta
1484 2076 1635 2132 tuetur.

543 2166 591 2225 At
614 2162 739 2245 Capra
762 2163 916 2226 laevum
937 2183 1107 2227 umerum
1129 2161 1238 2226 alara
1259 2164 1432 2245 optinet

400 2260 517 2321 ⁴⁰Tum
540 2277 621 2342 quae
644 2265 838 2341 sequuntur:
1354 2319 1359 2327 ,

545 2354 681 2415 Verum
703 2349 801 2413 baec
824 2358 883 2413 est
904 2369 1036 2433 magua
1058 2359 1179 2436 atque
1201 2350 1364 2415 inlustri
1387 2350 1571 2433 praedita
1593 2348 1720 2433 siquo,

544 2446 691 2510 Contra
713 2442 837 2507 Haedi
859 2444 1039 2526 exiguum
1062 2444 1222 2509 iaciunt
1243 2444 1489 2509 mortalibus
1512 2443 1652 2526 iguem.

438 2542 534 2606 Cuius
555 2540 613 2603 sub
635 2536 770 2622 pedibus

545 2633 742 2715 Corniger
764 2638 826 2694 est
847 2630 986 2694 valido
1009 2633 1180 2696 conixus
1206 2653 1374 2715 corpore
1397 2634 1558 2698 Taurus.

401 2726 510 2793 ΜΗ.
532 2731 609 2792 Eius
630 2735 724 2809 caput
745 2724 845 2788 stellis
868 2744 1075 2807 conspersum
1099 2736 1147 2789 est
1168 2726 1399 2809 frequentibus.

543 2824 620 2885 Has
642 2820 784 2883 Graeci
807 2819 952 2882 stellas
975 2820 1134 2904 Hyadas
1157 2821 1337 2884 vocitare
1361 2828 1538 2886 subrunt
1578 2872 1582 2880 .

439 2914 470 3002 [a
492 2916 648 3001 pluendo;
670 2914 736 2978 ὕειν
759 2914 843 2976 enim
864 2923 911 2976 est
926 2910 1066 2998 pluere]:
1090 2916 1189 2978 nostri
1206 2916 1350 2998 imperite
1364 2915 1506 2989 suculas,
1529 2915 1620 3000 quasi
1635 2916 1768 2980 acubus

437 3021 557 3083 essent,
578 3028 643 3073 non
664 3009 704 3071 ab
726 3007 880 3071 imbribus
902 3008 1095 3071 nominatae.
1133 3010 1288 3072 Minorem
1310 3015 1415 3072 autem
1436 3009 1692 3092 Septentrionem
1712 3009 1768 3074 Cs-

438 3106 539 3191 pbeus
562 3104 662 3186 passis
684 3102 795 3186 palmis
817 3121 836 3164 a
859 3110 947 3183 tergo
970 3102 1186 3186 subsequitur.

400 3203 430 3249 ²⁰
543 3200 710 3280 Namque
733 3197 817 3278 ipse
838 3194 883 3258 ad
906 3204 1059 3278 tergum
1083 3195 1318 3279 Cynosurae
1339 3196 1508 3260 vertitur
1529 3198 1650 3261 Arcti.

438 3295 531 3357 Hunc
554 3289 714 3357 antecedit

544 3386 727 3449 Obscura
749 3384 887 3469 specie
909 3382 1122 3447 stellarum
1146 3383 1369 3467 Cassiepia.

542 3481 646 3544 Hauc
668 3486 798 3542 autem
822 3477 989 3541 inlustri
1011 3484 1206 3541 versatur
1228 3499 1402 3563 corpore
1423 3487 1588 3563 propter

545 3573 800 3636 Andromeda
822 3571 1043 3654 aufugiens
1064 3580 1271 3653 aspectum
1294 3581 1443 3637 maesta
1465 3574 1662 3655 parentis.

543 3666 646 3730 Huic
667 3669 800 3750 Equus
822 3666 896 3729 ille
919 3665 1050 3728 iubam
1073 3666 1265 3748 quatiens
1287 3667 1449 3750 fulgore
1471 3667 1640 3731 micanti

545 3762 740 3824 Summum
762 3760 964 3841 contingit
984 3767 1105 3841 caput
1125 3760 1229 3835 alvo,
1252 3762 1454 3844 stellaque
1475 3762 1653 3844 iungens

544 3855 626 3917 Una
649 3861 765 3917 leuet
787 3853 978 3934 duplices
1000 3855 1195 3916 communi
1218 3855 1364 3920 lumine
1386 3855 1548 3930 formas,

543 3951 763 4012 Aeternum
785 3967 831 4010 ex
853 3948 979 4011 astris
1000 3947 1168 4029 cupiens
1189 3957 1407 4014 conectere
1428 3949 1586 4015 nodum.

543 4044 644 4105 Exin
666 4042 868 4105 contortis
891 4042 1000 4106 Aries
1023 4061 1105 4105 cum
1128 4045 1320 4108 cornibus
1341 4045 1499 4120 haeret,

401 4158 534 4224 taquam
557 4146 684 4221 propter

544 4233 697 4304 Pisces,
721 4250 884 4313 quorum
907 4230 1013 4292 alter
1034 4231 1193 4313 paulum
1216 4233 1467 4314 praelabitur
1489 4242 1582 4296 ante

543 4326 589 4387 Et
609 4326 731 4406 magis
753 4323 974 4388 horriferis
996 4326 1209 4408 aquilonis
1233 4328 1424 4408 tangitur
1445 4328 1575 4389 auris.

502 4420 609 4483 XLlV.
634 4414 704 4480 lli.
727 4419 774 4480 Ad
798 4420 895 4500 pedes
917 4419 1136 4482 Andromedae
1159 4422 1291 4483 Perseus
1314 4422 1512 4493 describitur,

544 4514 663 4589 Quem
686 4533 835 4576 summa
858 4532 876 4575 a
898 4513 1066 4594 regione
1088 4514 1301 4597 aquilonis
1324 4515 1492 4578 flamina
1513 4515 1689 4599 pulsent.

504 4761 528 4809 l.
547 4758 666 4807 dissoluta
683 4755 703 4805 0
723 4781 746 4793 -
769 4754 969 4817 discriptionibus
985 4756 1006 4804 A
1016 4756 1035 4803 C
1046 4754 1068 4801 V
1079 4769 1084 4801 ε
1107 4754 1310 4816 descriptionibus
1326 4755 1345 4804 B
1356 4754 1375 4804 E
1385 4754 1412 4804 0.
1434 4754 1500 4804 Vide
1518 4756 1551 4804 ad
1570 4769 1595 4820 p,
1614 4757 1672 4820 303,
1690 4759 1716 4809 b.
1736 4783 1762 4795 -

437 4837 463 4886 Β.
481 4835 582 4885 solertia
598 4832 647 4881 BE
667 4857 695 4870 -
714 4830 738 4879 3.
756 4832 860 4879 inuisses
877 4829 969 4878 ACV¹
988 4856 1015 4865 -
1034 4827 1059 4879 l.
1078 4831 1160 4878 media
1177 4834 1212 4878 est
1229 4828 1250 4880 ii
1271 4856 1298 4865 -
1323 4831 1347 4878 6.
1366 4827 1460 4891 auriqd
1480 4831 1582 4881 subterra
1600 4833 1619 4882 C
1639 4858 1666 4870 -
1686 4834 1710 4884 l.
1727 4833 1765 4896 ir-

436 4916 508 4961 retur
525 4914 672 4971 (superscr.
691 4918 726 4955 m.
746 4918 801 4955 sec.
820 4909 928 4963 testetur)
947 4904 967 4952 V
988 4932 1013 4941 —
1040 4906 1064 4954 8.
1081 4905 1181 4954 Helicae
1199 4908 1319 4955 Grotius:
1341 4907 1415 4955 betica
1433 4906 1498 4958 CV:
1517 4908 1575 4958 elica
1591 4909 1670 4959 ABE
1688 4910 1727 4971 lin
1742 4911 1765 4959 A

438 4995 570 5047 superscr.
584 4982 607 5042 lt)
626 5006 653 5016 -
673 4980 696 5028 9.
710 4983 738 5028 at
749 4993 817 5028 corr.
832 4979 953 5036 exadV3
976 4979 1010 5027 ad
1027 4981 1046 5027 ,t
1064 5004 1097 5013 -
1113 4979 1195 5028 lacum
1212 4995 1281 5030 corr.
1293 4983 1318 5030 in
1336 4981 1434 5029 lacuum
1450 4982 1547 5041 ABV;
1572 4982 1684 5034 laeuiurn
1702 4984 1763 5042 C,-

437 5072 489 5108 um.
502 5055 574 5106 AV¹:
592 5056 660 5111 bum.
673 5056 693 5104 0
707 5082 733 5092 -
748 5057 818 5104 claro
831 5054 878 5105 CV
897 5080 925 5091 -
946 5055 985 5104 to.
999 5059 1100 5115 tumque
1116 5069 1135 5103 s.
1155 5056 1264 5105 ABCV
1278 5081 1303 5090 -
1324 5061 1440 5104 secuntur
1456 5056 1505 5106 BC
1525 5083 1552 5093 -
1572 5059 1612 5108 ib.
1631 5060 1672 5109 cui
1688 5058 1764 5109 subC

394 5147 396 5149 ·
440 5160 467 5171 -
482 5133 521 5184 tl.
534 5134 658 5181 connr'mu
675 5130 833 5180 Lambinus:
852 5143 961 5178 conaus
976 5130 1025 5178 AB
1036 5130 1073 5187 C;
1092 5144 1219 5180 connexas
1231 5132 1249 5180 E
1260 5133 1289 5180 V.
1309 5132 1348 5181 Cl.
1362 5133 1416 5180 Cio.
1429 5134 1500 5181 Arat.
1513 5145 1538 5181 v.
1551 5132 1609 5182 29⁰.
1624 5158 1652 5169 -
1672 5134 1713 5185 t6.
1725 5132 1765 5184 Ad

436 5210 533 5271 buadas
543 5210 569 5257 iu
582 5220 665 5269 marg.
679 5206 699 5254 V
711 5205 798 5268 glossa
810 5205 941 5269 adscripta
955 5208 1012 5255 est:
1031 5205 1127 5265 hyadas
1143 5221 1160 5255 a
1173 5208 1289 5268 pluendo.
1308 5207 1367 5266 buin
1379 5211 1414 5255 est
1426 5208 1520 5268 pluero.
1535 5234 1563 5243 -
1579 5208 1618 5257 tt.
1633 5209 1765 5271 aplustria

437 5285 570 5347 --pturro
586 5284 709 5345 suspectu
727 5283 778 5330 iarn
797 5282 908 5329 Grutero
926 5284 952 5330 et
970 5278 1094 5330 Wallrero
1111 5295 1160 5344 ego
1178 5281 1283 5332 seclusi.
1308 5283 1420 5343 Etymon
1437 5283 1510 5332 vocis
1527 5283 1626 5343 Hyades
1642 5285 1707 5334 setis
1723 5284 1765 5334 iu·

437 5359 534 5410 dicavit
551 5359 644 5407 Cicero
663 5356 751 5406 verbis
768 5356 800 5405 ab
815 5356 935 5405 imbribus
951 5358 1102 5407 nominatae.
1122 5383 1148 5392 -
1168 5358 1227 5418 buin
1243 5360 1263 5406 A
1274 5357 1292 5405 Β
1305 5358 1325 5404 V
1336 5373 1342 5414 ;
1361 5358 1431 5406 tiens
1447 5359 1466 5407 C
1479 5373 1485 5416 ;
1503 5359 1563 5407 blan
1574 5358 1594 5407 Β
1605 5384 1637 5393 -
1655 5364 1690 5409 ast
1700 5360 1765 5409 arins

437 5436 487 5485 EV
502 5462 528 5471 —
546 5434 664 5495 imperita
681 5433 699 5481 Β
719 5457 745 5467 -
764 5432 911 5480 mceulasV
926 5460 951 5468 -
970 5433 1067 5481 susibus
1084 5433 1103 5481 C
1118 5460 1148 5468 -
1166 5432 1205 5482 ts.
1222 5434 1313 5493 palmis
1330 5440 1402 5496 terpa
1418 5432 1440 5483 il
1455 5461 1481 5470 -
1501 5435 1542 5483 ΒΟ.
1560 5436 1611 5495 ipsc
1629 5437 1763 5487 Davisius:

436 5513 517 5573 ipsum
528 5507 550 5560 il
560 5509 589 5559 0.
608 5510 701 5557 Aratus
713 5520 739 5557 v.
753 5508 799 5555 ⁴82
811 5520 817 5554 :
835 5504 859 5555 A
866 5500 881 5556 ri
890 5502 948 5568 τὸς
964 5505 1018 5571 μὲν
1029 5504 1206 5557 κατόπισθεν
1220 5504 1275 5558 ἐών
1286 5503 1624 5578 ΚυνοσουρὶὀοςἎρκτου
1636 5506 1762 5576 Κηφεύς.

439 5609 465 5620 -
478 5585 513 5633 ad
524 5597 593 5633 corr.
604 5596 636 5632 ex
646 5589 673 5632 at
683 5583 712 5641 νς
726 5588 753 5632 at
765 5585 785 5632 A
797 5608 823 5617 -
835 5596 954 5644 cynosura
963 5584 981 5632 Β
991 5598 997 5642 ;
1010 5597 1135 5644 cynosura
1147 5585 1167 5632 A
1177 5583 1196 5632 C
1208 5584 1226 5632 E
1239 5584 1257 5631 V
1271 5609 1297 5618 —
1313 5586 1354 5633 st.
1368 5585 1433 5634 Hinc
1445 5585 1550 5648 (recedit)
1563 5588 1655 5650 incipit
1671 5596 1764 5637 rursus

437 5663 457 5711 P
473 5687 506 5698 -
522 5660 563 5709 22.
582 5659 703 5721 cassiapia
719 5658 842 5708 ABCP:
861 5660 997 5719 cassioepia
1015 5659 1050 5717 V;
1069 5658 1206 5719 cassiopeia
1224 5659 1260 5713 E;
1280 5659 1442 5721 CassiopeaO
1457 5686 1482 5695 -
1502 5660 1542 5709 23.
1561 5662 1626 5711 banc
1643 5674 1711 5711 corr.
1725 5673 1762 5711 m.

437 5748 493 5785 sec.
512 5734 537 5784 in
555 5734 615 5783 baec
631 5733 653 5780 V
673 5760 698 5771 -
718 5733 759 5783 tl.
777 5733 910 5796 aufupiens
925 5734 1005 5782 ABV
1025 5735 1058 5795 lin
1076 5735 1098 5782 A
1114 5738 1176 5783 oute
1193 5747 1210 5781 a
1226 5732 1311 5782 littera
1328 5735 1344 5781 li
1361 5738 1508 5798 expuncta,
1527 5737 1552 5784 iu
1570 5737 1589 5785 B
1607 5737 1705 5786 interu
1718 5735 1767 5797 at!

437 5808 522 5860 littera
539 5822 615 5859 erasa
632 5811 695 5869 esti:
713 5808 782 5857 baud
797 5809 894 5871 sapiens
911 5809 977 5861 CP;
995 5809 1056 5857 baut
1071 5809 1168 5871 [spiens
1185 5808 1222 5867 E;
1247 5808 1294 5857 beu
1309 5809 1407 5872 sapiens
1424 5807 1546 5859 Klotzius.
1569 5838 1595 5847 -
1614 5813 1655 5862 25.
1674 5822 1765 5873 aequor

438 5882 548 5944 (litterae
565 5896 580 5932 o
596 5895 731 5947 superscr.
748 5886 773 5942 o)
792 5884 813 5931 A
839 5910 864 5918 -
890 5882 931 5932 to.
950 5884 1070 5946 eontinptt
1087 5895 1155 5932 corr.
1175 5896 1208 5933 er
1224 5886 1326 5947 conticit
1343 5886 1381 5942 C;
1404 5885 1507 5949 contiqtt
1524 5885 1543 5936 E
1563 5913 1590 5924 -
1609 5887 1651 5938 33.
1669 5887 1765 5937 andru-

437 5958 553 6009 neuun
579 5984 600 5995 -
619 5957 778 6010 dianas:
797 5957 926 6009 abBEO
944 5957 1167 6023 tinBsuperscr.
1187 5959 1251 6023 est);
1269 5971 1323 6010 om.
1341 5959 1460 6012 ACPV.
