4342 7459
790 1228 856 1290 en.
878 1228 932 1291 ιιι.
962 1228 1035 1292 en.
1058 1229 1110 1291 vr.
1139 1225 1185 1310 §p
1209 1223 1243 1289 ιι
1258 1223 1357 1292 -ιι,
1675 1224 1738 1290 ιιι

407 1384 579 1449 stultitiam
601 1386 684 1449 enim
706 1394 897 1449 censuerunt
915 1388 1108 1461 constantia,
1138 1387 1240 1450 idest
1268 1388 1420 1463 sanitate,
1450 1394 1614 1452 vacentem
1643 1349 1736 1472 plisna

406 1488 512 1543 tamen
542 1480 624 1543 tueri
648 1480 895 1542 mediocritatem
919 1480 1094 1544 officiorum
1118 1489 1150 1543 et
1171 1481 1253 1543 vitae
1276 1499 1474 1543 communem
1498 1479 1615 1544 cultum
1638 1490 1735 1563 atque

406 1572 572 1648 usitatum3
604 1572 741 1635 furorem
771 1580 876 1635 autem
907 1593 976 1637 esse
1004 1574 1063 1636 rati
1091 1581 1164 1636 sunt
1192 1575 1306 1636 mentis
1336 1573 1374 1635 ad
1405 1573 1510 1636 omnia
1538 1574 1733 1637 caecitatem.

408 1664 500 1739 Quod
523 1686 594 1728 cum
618 1666 718 1728 maius
740 1685 810 1729 esse
833 1665 979 1729 videatur
1001 1686 1095 1748 quam
1118 1666 1256 1742 insania,
1285 1668 1482 1733 temeneius
1505 1666 1591 1729 modi
1613 1675 1673 1741 est,
1700 1674 1736 1729 ut

406 1757 493 1821 furor
514 1758 547 1819 in
569 1761 743 1842 sapientem
767 1760 880 1823 cadere
903 1761 1017 1843 possit,
1040 1781 1103 1823 non
1120 1761 1219 1843 possit
1233 1760 1367 1824 insania.
1394 1760 1455 1823 Sed
1470 1760 1549 1823 baec
1562 1759 1623 1823 alie
1639 1767 1758 1844 quae-⁶

408 1852 467 1914 stio
490 1860 555 1915 eet:
579 1873 637 1916 nos
659 1854 698 1916 ad
722 1855 919 1935 propositum
942 1863 1146 1918 revertamur.

490 1947 544 2007 Vl.
571 1941 622 2007 lt.
649 1947 782 2019 Cadere,
813 1947 941 2033 opinor,
969 1949 1001 2009 in
1025 1949 1200 2028 sapientem
1224 1946 1456 2029 aegritudinem
1478 1948 1535 2009 tibi
1558 1946 1667 2010 dixisti
1690 1944 1736 2007 vi·

410 2040 485 2102 deri.
522 2041 561 2103 A.
582 2042 623 2102 Et
645 2060 722 2102 vero
745 2042 787 2102 ita
812 2042 971 2103 existimo.
1006 2043 1047 2103 Μ.
1071 2042 1250 2104 Humanum
1274 2041 1305 2105 id
1321 2038 1471 2123 quidem,
1495 2039 1579 2123 quod
1602 2040 1646 2102 ita
1669 2039 1736 2102 exi·

408 2136 525 2198 elimas.
572 2137 642 2198 Non
674 2137 755 2198 enirn
785 2136 871 2197 silice
902 2136 967 2196 nali
991 2156 1116 2207 sumus,
1147 2134 1201 2197 sed
1224 2143 1272 2197 est
1298 2143 1412 2197 natura
1442 2136 1474 2196 in
1504 2134 1619 2198 animis
1648 2143 1736 2196 lene·

412 2250 474 2292 rum
496 2228 649 2312 quiddam
672 2238 766 2309 atquo
790 2228 899 2301 molle,
923 2229 1007 2309 qnod
1031 2228 1229 2311 aegritudine
1251 2228 1340 2312 quasi
1364 2236 1550 2310 tempestate
1565 2228 1735 2312 quatiatur.
1746 2240 1774 2286 to

409 2322 469 2384 Nec
497 2321 633 2384 absurde
665 2322 797 2384 Crantor
825 2321 895 2394 ille,
925 2323 980 2403 qui
1010 2324 1040 2384 in
1072 2331 1178 2384 nostra
1206 2322 1375 2384 Academia
1404 2322 1452 2383 vel
1484 2322 1516 2383 in
1543 2322 1653 2405 primis
1679 2320 1737 2385 tuit

409 2417 540 2490 nobilis,
571 2416 744 2478 «Minime»
777 2416 878 2493 inquil
903 2416 1086 2478 «adsentior
1113 2416 1168 2489 iis,
1199 2416 1255 2498 qui
1284 2418 1375 2478 istam
1398 2418 1505 2479 nescio
1529 2436 1624 2500 quam
1646 2415 1737 2477 indo·

409 2510 533 2573 lentiam
557 2529 671 2590 magno
695 2528 792 2589 opere
814 2507 959 2581 laudant,
983 2528 1064 2591 quae
1088 2530 1145 2571 nec
1167 2517 1272 2592 potest
1294 2509 1359 2571 ulla
1381 2529 1451 2572 esse
1473 2529 1531 2572 nec
1556 2508 1658 2571 debet.
1690 2509 1735 2570 Ne

331 2605 339 2620 “
409 2612 554 2683 aegrotus
571 2602 647 2664 sim:
671 2602 696 2663 si
720 2602 789 2675 sim,
811 2602 867 2683 qui
888 2600 991 2664 luerat
1013 2622 1124 2664 sensus
1139 2602 1232 2675 adsit,
1256 2603 1323 2665 sive
1339 2611 1461 2665 secetur
1476 2603 1553 2685 quid
1570 2602 1636 2665 sive
1651 2599 1736 2663 avel-

409 2694 487 2758 latur
508 2716 526 2759 a
549 2716 690 2777 corpore.
731 2698 809 2757 Nam
839 2696 919 2758 istuc
942 2695 1020 2757 nihil
1043 2695 1151 2758 dolere
1174 2715 1238 2757 non
1260 2696 1329 2758 sine
1352 2714 1476 2778 magna
1490 2694 1635 2758 mercede
1660 2707 1773 2756 con-tt

410 2788 511 2869 lingit,
535 2789 730 2851 inmanitatis
753 2790 784 2851 in
808 2790 924 2863 animo,
947 2792 1087 2872 stuporis
1110 2790 1142 2852 in
1165 2810 1325 2873 corporee
1362 2787 1412 2851 t3.
1438 2789 1500 2853 Sed
1516 2789 1679 2852 videamus
1696 2786 1736 2849 ne

409 2880 483 2944 baec
505 2885 607 2945 oratio
629 2883 672 2944 sit
694 2885 857 2945 hominum
880 2882 1115 2946 adsentantium
1137 2893 1263 2946 nostrae
1290 2884 1489 2947 inbecillitati
1508 2893 1540 2947 et
1568 2882 1736 2965 indulgen·

469 3143 493 3191 t.
513 3143 652 3192 Stultitiam
665 3170 676 3179 ·
685 3169 698 3178 -
711 3144 851 3192 constantia
868 3142 928 3191 cod.
948 3142 1105 3190 Vaticanus:
1126 3140 1238 3189 Stultitia
1249 3168 1262 3177 -
1272 3168 1286 3177 -
1298 3142 1490 3191 inconstantiam
1506 3143 1577 3200 Glt¹;
1598 3142 1737 3191 stultitiam

408 3219 644 3267 ”inconstantiam
661 3216 728 3267 8²13.
748 3217 874 3267 «Additur
893 3218 958 3266 ratio
976 3228 1025 3264 cor
1041 3217 1156 3264 maiores
1174 3215 1199 3263 ln
1212 3210 1354 3264 duodecim
1373 3214 1468 3265 tabulis
1480 3229 1532 3267 oon
1542 3220 1670 3277 mianum,
1687 3216 1736 3267 sed

408 3292 526 3353 Morum
547 3292 685 3344 dominnm
704 3306 763 3344 esse
784 3307 873 3342 rerum
892 3306 1000 3342 suarum
1018 3292 1165 3349 vetuerint,
1190 3304 1271 3353 quern
1290 3290 1377 3341 locum
1396 3294 1422 3341 in
1439 3291 1500 3341 aod.
1520 3293 1646 3343 Vaticano
1664 3294 1736 3341 recte

409 3369 532 3430 scripturn
557 3380 617 3417 esse
640 3370 703 3418 milii
721 3369 833 3419 uidetur.
862 3370 984 3418 Scribere
1004 3370 1097 3417 Cicero
1120 3367 1219 3430 potnit:
1242 3365 1409 3415 Insaniam
1425 3368 1491 3416 enim
1506 3371 1654 3416 censuerunt
1667 3378 1738 3428 posse

409 3445 469 3493 tucri
486 3445 538 3491 cet.
558 3442 663 3491 arnissis
682 3442 771 3492 verbis
788 3446 928 3492 constantia
939 3470 953 3480 ·
964 3447 1133 3498 -ιιιιιιιιις
1159 3439 1250 3489 ιιιιιιι
1267 3441 1392 3489 insaniam
1409 3444 1443 3490 ila
1461 3442 1625 3505 significare,
1644 3445 1673 3490 ut
1690 3453 1738 3489 ea·

410 3516 468 3566 dem
485 3530 567 3580 opera
586 3516 611 3565 id
630 3515 827 3579 adiungeretur,
847 3518 918 3580 quod
938 3531 988 3566 non
1008 3516 1161 3579 impediret,
1183 3528 1236 3576 qno
1254 3516 1341 3564 minus
1359 3516 1467 3565 insanus
1484 3520 1576 3581 posset
1593 3515 1738 3566 mediocri·

410 3592 486 3641 tatem
508 3591 656 3640 ciliciorum
681 3595 761 3641 tueri:
787 3592 967 3641 stultitiam
989 3593 1024 3655 [in
1043 3604 1095 3654 qun
1116 3602 1226 3652 semper
1243 3588 1310 3638 inest
1327 3588 1382 3649 illu,
1402 3603 1482 3652 quem
1500 3603 1549 3641 nos
1567 3590 1680 3640 dicimus
1696 3590 1738 3637 iu-

409 3668 516 3717 rantem:
542 3666 577 3715 cl.
596 3666 667 3730 qnod
689 3680 770 3729 supra
794 3671 851 3716 est:
883 3668 955 3716 Hanc
976 3666 1148 3724 insaniam,
1172 3677 1238 3727 quae
1257 3666 1366 3713 iuncta
1386 3665 1536 3715 stultitia
1558 3670 1627 3727 patet
1651 3665 1735 3714 latiur.

412 3738 471 3801 §lli
494 3753 579 3788 omnes
603 3742 796 3802 insipientes
819 3754 879 3792 esse
902 3756 960 3789 nan
984 3754 1085 3790 sanos,
1117 3739 1180 3789 ibid.
1204 3740 1395 3801 insipientia
1413 3741 1462 3802 <sill
1480 3745 1555 3804 quasi
1577 3740 1740 3790 insanitas

411 3816 544 3877 quedam,
562 3821 678 3874 quaeest
696 3818 721 3873 (i.
739 3830 762 3865 e.
782 3816 886 3877 dicitnr)
905 3815 1043 3879 insania]
1061 3820 1222 3876 censuerunt,
1241 3817 1395 3876 constantia,
1414 3817 1492 3866 idest
1509 3815 1622 3880 [=ergo
1642 3816 1737 3872 etlam,

412 3887 441 3937 cl.
459 3889 545 3939 bladv.
565 3890 598 3938 ad
619 3891 671 3940 ιιι.
691 3892 722 3948 ιι,
741 3893 765 3940 6.
784 3893 812 3940 Τ.
832 3893 862 3940 Ι).
884 3893 924 3947 ιιι,
938 3892 968 3941 it
987 3890 1158 3952 aspritudine,
1179 3890 1204 3938 id
1220 3895 1256 3939 est
1272 3890 1381 3954 muenia]
1401 3894 1556 3951 sanitate,
1574 3891 1740 3939 uocantem

411 3963 448 4027 [ct.
466 3965 481 4026 fi
499 3965 514 4015 9
532 3968 701 4014 sanitatem
723 3968 788 4014 enim
810 3968 954 4015 animorum
971 3967 1113 4027 positam
1134 3966 1160 4012 in
1177 3966 1359 4027 tranquillitate
1375 3966 1487 4025 quadam
1502 3966 1740 4025 constantiaque

410 4041 549 4089 meant:
571 4041 619 4087 nis
642 4039 736 4088 rebus
755 4046 882 4089 mentem
904 4054 1033 4089 traceam
1057 4040 1216 4102 appellarunt
1235 4040 1402 4089 insaniam.
1431 4040 1472 4098 tv,
1491 4039 1523 4090 38
1540 4040 1639 4088 animus
1655 4038 1740 4088 ιοιιιι-

410 4119 518 4163 tatas-—
531 4128 581 4161 non
598 4116 812 4162 constantiam
829 4117 908 4162 sotum
926 4116 1060 4173 amittit,
1079 4127 1166 4162 oerum
1182 4116 1259 4163 eliam
1276 4114 1453 4175 sanitatem]
1470 4132 1501 4155 =
1517 4114 1660 4173 stultitiam,
1678 4109 1740 4161 etri

410 4193 557 4243 ιιιιιαιιιι,
576 4190 602 4237 id
620 4194 654 4236 est
671 4191 794 4248 sanitate,
813 4196 953 4238 uacaret.
983 4190 1125 4250 archetypi
1144 4190 1273 4251 scriptura
1292 4188 1485 4236 inconstantiam
1502 4200 1533 4235 ex
1554 4187 1594 4235 illa
1613 4185 1672 4236 cod.
1688 4186 1740 4233 Va-

412 4263 480 4312 ticani
500 4265 573 4312 nasci
593 4262 666 4312 tacite
687 4267 784 4327 potuit,
803 4268 874 4322 sire,
895 4279 955 4313 curn
976 4268 1035 4327 post
1054 4270 1079 4311 ιιι
1092 4265 1183 4311 titisse
1197 4264 1325 4325 scripturn
1340 4265 1412 4311 esset
1423 4263 1600 4320 inconstantia,
1620 4260 1740 4324 stupidos

412 4338 497 4401 aliquis
516 4339 654 4397 librarius,
679 4341 722 4400 qui
743 4345 850 4401 propter·
868 4341 1034 4388 interiectum
1053 4344 1201 4386 censum-unt
1218 4339 1293 4399 sequi
1314 4337 1497 4399 praecedentis
1514 4338 1644 4384 striltitiam
1661 4348 1740 4398 prae-

412 4413 521 4463 dicatum
547 4416 685 4471 cruciaret,
713 4417 827 4463 correrii
852 4418 1058 4471 inconstantiam,
1086 4417 1155 4469 sire,
1184 4427 1244 4462 cirin
1270 4412 1343 4474 lapsu
1368 4410 1461 4461 calami
1483 4411 1580 4460 lactum
1598 4403 1740 4459 constantini

413 4495 490 4544 esset.
518 4489 632 4537 ιιιιιιιιι
652 4490 685 4538 ιιι
704 4504 811 4538 cansam
831 4493 871 4537 in-
889 4494 1014 4551 corruplo
1033 4488 1162 4536 rotulinlo
1184 4489 1362 4551 praepositum
1382 4491 1432 4536 est.
1459 4487 1573 4537 Vitiosae
1591 4486 1739 4549 scripturae

413 4565 553 4613 (Iratrnder
571 4565 671 4612 niederi
691 4570 800 4613 connlns
820 4570 860 4612 est
878 4566 902 4611 ιιι
920 4571 952 4612 ιιι
971 4569 1030 4612 ante
1050 4564 1242 4611 inconstantiam
1260 4562 1467 4625 transponendo.
1488 4561 1600 4623 Longius
1614 4571 1737 4623 progres-

412 4650 451 4687 sus·
468 4644 508 4687 est
528 4640 672 4694 Victorius,
699 4655 759 4689 (τιιι
786 4643 810 4689 ιι
830 4640 966 4689 ιὶιιιιιιιιι
991 4642 1121 4702 scriptura
1144 4653 1191 4701 pro
1215 4640 1353 4686 Stultitiam
1372 4651 1402 4685 ex
1422 4638 1504 4685 Nonio
1521 4634 1653 4685 scriberet
1670 4634 1742 4682 Insa-

412 4714 480 4763 ιιιιι.
510 4718 565 4764 Non
585 4721 657 4763 recte
677 4717 737 4764 terit
757 4715 919 4776 Trogilorus.
939 4719 982 4776 qui
1002 4716 1070 4763 lianc
1090 4714 1229 4763 lectionem
1247 4715 1356 4775 recepit.
1377 4712 1489 4761 Nonium
1502 4712 1587 4766 enirn,
1608 4709 1651 4771 qui
1665 4708 1741 4757 Cice·

412 4791 476 4838 ronis
493 4792 650 4838 anctoritate
669 4791 765 4838 docere
785 4790 862 4838 vellet
878 4792 990 4851 sororem
1008 4792 1041 4838 ab
1065 4791 1193 4837 insania
1211 4789 1322 4846 distare,
1348 4800 1459 4836 necesse
1478 4787 1524 4836 luit
1545 4798 1592 4849 pro
1610 4784 1742 4833 stultitiam

411 4865 523 4912 scribere
543 4866 669 4913 insaniam
688 4867 726 4925 (en
746 4864 929 4927 superioribus
947 4867 1108 4913 insaniam
1121 4878 1185 4911 --a
1202 4866 1312 4924 surore
1329 4864 1524 4925 distinquimusl:
1544 4860 1615 4925 apud
1633 4861 1741 4909 Cicero-

413 4950 466 4987 nem
491 4943 580 4987 eutem
605 4953 654 4987 nec
673 4953 720 4987 cur
738 4939 859 4988 librarius
877 4944 1018 5001 quisquam
1040 4941 1172 4989 stultitiam
1191 4953 1238 5002 pro
1256 4940 1382 4986 insaniam
1401 4936 1520 4986 consulto
1538 4937 1674 5000 scripserit
1692 4948 1741 4983 nec

412 5013 539 5073 quomodo
562 5016 600 5061 sic
623 5015 705 5061 errori
730 5016 858 5077 potnerit,
884 5014 958 5062 tacite
985 5014 1142 5076 intelligitur.
1172 5014 1299 5061 Insaniam
1323 5014 1344 5063 si
1368 5014 1461 5062 Cicero
1483 5013 1630 5076 posuisset,
1653 5022 1740 5072 neque

413 5093 465 5148 post
481 5091 623 5135 constantia
642 5089 719 5138 laedo
738 5090 894 5152 pleonnsrno
913 5090 1059 5139 addidisset
1076 5092 1102 5139 id
1120 5096 1152 5138 est
1170 5092 1308 5138 sanitate
1325 5091 1461 5152 (insaniam
1479 5090 1550 5138 enim
1569 5089 1676 5138 sanitate
1692 5100 1742 5134 oa—

412 5175 464 5211 rare
486 5178 548 5212 curn
575 5180 622 5226 per
645 5179 674 5215 se
700 5168 784 5228 ipsum
809 5166 977 5214 nranilesturn
1002 5170 1055 5222 est,
1083 5170 1138 5214 turn
1163 5167 1214 5213 inni
1234 5164 1248 5227 g
1266 5165 1281 5213 e
1298 5178 1339 5226 sq.
1359 5165 1459 5213 dictum
1478 5168 1541 5225 erat)
1561 5176 1648 5226 neque
1667 5162 1692 5209 id
1708 5165 1743 5209 est

412 5238 599 5286 inconstantiam
619 5242 727 5289 sanitate
747 5247 890 5290 iterantem:
918 5254 978 5289 nani
1003 5241 1117 5302 primurn
1142 5240 1244 5288 insania
1267 5253 1318 5288 non
1342 5241 1397 5301 ipsa
1421 5241 1589 5289 inconstantia
1612 5241 1667 5293 est,
1694 5234 1742 5286 sed

412 5326 484 5362 mens
501 5316 685 5372 tranquillitate
701 5318 889 5377 constantiaque
906 5330 989 5364 uacua
1003 5316 1024 5376 (ξ
1037 5316 1075 5374 tlt:
1096 5315 1192 5364 deinde
1212 5317 1249 5364 sic
1267 5314 1387 5364 additum
1401 5317 1472 5363 esset
1483 5315 1591 5364 sanitate
1601 5316 1741 5369 vacantem

412 5392 479 5448 quasi
499 5403 550 5437 non
570 5393 649 5437 ιιιιιιι
667 5391 839 5439 inconstantia
859 5391 970 5439 sanitate
990 5393 1098 5439 uacaret
1110 5389 1165 5447 (sed
1179 5390 1212 5438 cl.
1227 5389 1241 5452 5
1257 5391 1285 5439 to
1298 5389 1365 5453 sq.):
1386 5394 1440 5439 lum
1454 5391 1647 5453 oppositionem
1661 5384 1740 5444 illam,

412 5467 514 5526 propter
533 5477 613 5525 quarn
632 5470 713 5512 ιιιιιιι
731 5466 864 5513 adiectum
883 5468 935 5521 est,
955 5465 981 5513 id
998 5469 1033 5512 est
1051 5464 1167 5513 nonnihil
1185 5465 1353 5513 obscurarent
1374 5465 1414 5513 W.
1438 5491 1460 5501 —
1489 5465 1514 5513 id
1531 5463 1572 5526 est]
1591 5465 1655 5512 idem
1673 5462 1692 5509 G
1713 5485 1739 5494 -

413 5535 433 5584 i.
450 5540 531 5585 mains
549 5552 617 5587 corr.
639 5553 669 5585 ιιι
693 5539 774 5599 mapis
793 5541 810 5587 ll
832 5565 855 5574 -
884 5539 1097 5600 spiramentum
1115 5539 1143 5588 G¹
1165 5566 1189 5573 —
1211 5541 1235 5590 9.
1254 5546 1349 5589 natura
1365 5539 1522 5590 Lambinus:
1545 5536 1687 5588 naturabile
1704 5536 1740 5591 Ci

413 5618 501 5662 nutura
517 5614 569 5675 sere
586 5613 705 5675 bentley,
724 5618 743 5660 ι)
760 5643 784 5650 -
809 5616 845 5662 ιθ.
865 5616 969 5678 quidam
988 5614 1015 5662 il*
1031 5641 1056 5649 -
1079 5617 1118 5663 tt.
1138 5617 1181 5673 qui
1198 5621 1284 5664 nostra
1302 5618 1321 5665 t]
1337 5642 1362 5650 -
1384 5615 1530 5664 acbadcmia
1547 5615 1596 5663 Gli
1610 5637 1637 5647 -
1653 5612 1692 5661 li.
1706 5612 1743 5660 bis

414 5688 430 5734 C
449 5713 474 5723 -
496 5689 533 5736 tt.
554 5702 618 5749 quae
635 5690 668 5737 B:
693 5691 735 5749 qui
753 5691 800 5737 th
828 5716 853 5723 -
878 5690 915 5738 Νι
931 5696 1048 5751 aspretis
1064 5690 1126 5741 sim:
1150 5693 1171 5738 si
1195 5692 1255 5750 sim,
1274 5692 1316 5752 qui
1333 5690 1417 5751 tuerat
1436 5687 1564 5737 Halmius:
1588 5699 1632 5735 nec
1650 5698 1741 5750 acpro-

414 5766 495 5809 tassem
514 5772 588 5817 isarni
606 5763 643 5820 G).
667 5765 687 5810 si
706 5765 784 5823 inquit
803 5765 897 5822 linquid
915 5767 952 5821 Gt)
969 5765 1053 5824 suerat
1072 5766 1107 5816 C;
1128 5766 1164 5814 Ne
1181 5771 1298 5827 aeqrotus
1315 5766 1375 5813 sim:
1394 5765 1414 5811 is
1431 5764 1474 5823 qui
1490 5763 1573 5823 fuerat
1590 5761 1623 5817 03
1642 5760 1680 5809 Ne
1697 5774 1741 5809 ae-

413 5842 570 5897 procusum·
588 5841 639 5895 sin,
659 5839 747 5897 inquit,
767 5841 810 5898 qni
826 5841 909 5897 (uerat
927 5834 1076 5888 Tischerus.
1093 5866 1118 5874 —
1140 5842 1180 5890 lb.
1195 5842 1261 5890 istud
1279 5841 1327 5891 ΒΟ
1347 5866 1374 5875 -
1394 5839 1478 5888 datm
1496 5849 1564 5887 corr.
1578 5837 1604 5886 in
1622 5836 1739 5889 aaaron

418 5936 438 5944 —
458 5915 558 5977 cantipit
576 5914 605 5962 G¹
626 5938 652 5948 -
674 5913 712 5962 te.
733 5914 869 5963 inmanitas
885 5927 1018 5978 superscr.
1038 5916 1057 5962 ti
1074 5916 1108 5965 n.
