4342 7459
635 1248 705 1316 nr.
725 1250 765 1315 ιι.
794 1251 869 1317 ιιι».
891 1251 1215 1319 xxxn-xxxm.
1242 1252 1289 1339 ss
1311 1250 1499 1320 ιιι-ιιι.
1689 1249 1730 1318 sa

409 1419 552 1486 colorem
572 1425 627 1487 aut
646 1439 791 1503 saporem
812 1427 868 1485 aut
888 1440 1003 1486 sonum
1023 1421 1146 1487 nullum
1168 1443 1254 1499 esse,
1275 1423 1355 1488 illud
1376 1426 1418 1488 alt
1439 1424 1644 1508 disputatum,
1664 1446 1731 1490 non

409 1516 515 1581 inesse
541 1513 576 1578 in
603 1515 644 1579 iis
668 1513 845 1598 propriam,
872 1535 955 1599 quae
976 1536 1133 1601 nusquam
1153 1517 1230 1582 alibi
1253 1524 1351 1592 esset,
1374 1518 1440 1581 veri
1463 1523 1495 1581 et
1515 1519 1592 1583 certi
1613 1526 1730 1585 notam.

409 1604 482 1673 toi.
505 1608 597 1685 Quae
619 1629 690 1674 cum
711 1609 927 1693 exposuisset,
955 1609 1099 1692 adiungit
1119 1610 1288 1693 dupliciter
1308 1608 1372 1673 dici
1401 1611 1553 1675 adsensus
1574 1614 1731 1677 sustinere

408 1702 605 1789 sapientem:
625 1722 692 1768 uno
712 1702 826 1778 modo,
851 1722 922 1766 cnm
942 1701 1004 1766 boc
1026 1703 1243 1786 intellegatur,
1265 1707 1395 1769 omnino
1417 1724 1489 1769 eum
1510 1706 1556 1770 rei
1577 1705 1656 1770 nulli
1677 1704 1733 1769 ad·

408 1797 541 1861 sentiri:
562 1797 679 1872 altero,
701 1816 773 1859 oum
795 1817 829 1860 se
851 1815 871 1860 a
891 1795 1114 1880 respondendo
1137 1794 1184 1880 [ut
1204 1807 1260 1862 aut
1277 1799 1430 1882 adprobet
1451 1799 1528 1881 qnid
1550 1806 1606 1864 aut
1624 1799 1756 1884 inpio-s

408 1884 479 1973 bet]
515 1892 688 1965 sustineat,
719 1897 756 1954 ut
785 1910 891 1974 neque
923 1896 1019 1973 neget
1045 1889 1168 1974 aliquid
1195 1912 1300 1975 neque
1329 1893 1402 1956 aiat.
1445 1890 1481 1954 Id
1511 1912 1583 1955 oum
1611 1892 1657 1955 ita
1677 1893 1734 1969 sit,

409 1984 545 2049 alterum
566 1984 709 2069 placere,
737 1990 773 2049 ut
801 2004 972 2067 numquam
998 1983 1206 2061 adsentiatur,
1235 1985 1368 2050 alterum
1390 1990 1514 2061 tenere,
1540 1991 1576 2049 ut
1596 2004 1734 2067 sequens

409 2078 682 2162 probabilitatem,
708 2078 900 2162 ubicumque
926 2078 1004 2142 baec
1031 2085 1086 2140 aut
1106 2086 1250 2144 occurrat
1276 2086 1332 2142 aut
1352 2075 1492 2153 deficiat,
1520 2086 1577 2142 aut
1599 2077 1731 2141 «etiamn

409 2181 466 2236 aut
488 2193 592 2236 enon»
615 2170 808 2257 respondere
830 2171 939 2257 possit.
976 2169 1086 2250 'sileo
1107 2178 1142 2235 ut
1163 2172 1316 2260 placeat,¹
1332 2193 1421 2248 eum,
1447 2172 1501 2257 qui
1524 2171 1564 2235 de
1586 2171 1733 2235 omnibus

409 2265 504 2329 rebus
526 2266 743 2331 continuatae
765 2265 804 2328 ab
825 2264 1045 2339 adsentiendo,
1068 2267 1187 2329 moveri
1209 2273 1314 2330 tamen
1336 2274 1369 2329 et
1389 2285 1482 2350 apere
1505 2262 1636 2350 aliquid,
1660 2263 1772 2328 reli-so

410 2359 482 2443 quit
502 2358 573 2422 eius
594 2359 681 2423 modi
702 2360 788 2434 visa,
809 2360 926 2444 quibus
948 2358 987 2422 ad
1009 2358 1168 2422 actionem
1191 2361 1379 2424 excitemur:
1408 2360 1484 2423 item
1506 2379 1559 2436 ea,
1581 2376 1665 2443 quae
1685 2357 1735 2421 in·

410 2452 560 2535 temopati
588 2452 623 2516 in
653 2460 818 2537 utramque
845 2459 966 2536 partem
994 2452 1186 2536 respondere
1215 2454 1391 2535 possimus,
1419 2458 1592 2537 sequentes
1613 2455 1735 2514 tantum

409 2545 523 2621 modo,
544 2546 631 2631 qnod
653 2547 698 2611 ita
718 2547 823 2611 risum
845 2546 903 2621 sit,
925 2544 1000 2608 dnm
1023 2546 1092 2609 sine
1114 2547 1270 2617 adsensu:
1292 2567 1398 2631 neque
1420 2553 1526 2611 tamen
1546 2545 1652 2610 omnia
1666 2544 1735 2607 eius

410 2641 498 2705 modi
526 2641 594 2705 risa
621 2641 823 2725 adprobavit,
851 2640 905 2704 sed
929 2660 984 2716 ea,
1013 2661 1095 2724 quae
1117 2640 1205 2704 nulla
1225 2661 1260 2705 re
1282 2639 1511 2723 inpedirentur.
1554 2635 1627 2702 loa.
1648 2637 1735 2701 Ilaec

409 2737 438 2799 si
458 2733 551 2798 vobis
572 2755 636 2798 non
657 2735 843 2818 probamus,
866 2734 931 2797 sint
950 2733 1032 2798 falsa
1052 2754 1144 2811 sane,
1166 2734 1325 2799 invidiosa
1347 2742 1432 2798 certe
1453 2755 1517 2799 non
1538 2742 1622 2799 sunt
1664 2732 1772 2796 Nonis

409 2828 495 2892 enim
516 2827 621 2891 lucem
644 2829 812 2913 eripimus,
834 2827 890 2892 sed
911 2848 963 2905 ea,
986 2846 1068 2912 quae
1090 2848 1144 2893 vos
1163 2829 1282 2912 percipi
1297 2828 1602 2913 comprehendique,
1624 2825 1736 2909 eadem

408 2942 482 2999 nos,
504 2921 650 2985 simodo
672 2920 849 3005 probabilia
870 2922 950 2997 sint,
971 2920 1073 2985 videri
1096 2921 1240 2987 dicimus.

493 3016 644 3080 XXXIII.
675 3018 728 3081 Sic
755 3015 851 3099 igitur
878 3015 1008 3079 inducto
1039 3023 1072 3079 et
1094 3016 1264 3080 constituto
1290 3018 1463 3099 probabili,
1494 3023 1527 3081 et
1547 3037 1585 3080 eo
1607 3011 1736 3099 quidem

410 3111 578 3196 expedito,
601 3109 721 3185 soluto,
742 3109 859 3186 libero,
881 3109 968 3173 nulla
989 3129 1024 3173 re
1045 3108 1210 3193 inplicata,
1232 3109 1320 3174 vides
1342 3112 1502 3194 proiecto,
1523 3106 1669 3182 Luculle,
1690 3106 1737 3170 ia·

410 3223 482 3269 cere
503 3204 567 3268 iam
588 3202 668 3267 illud
691 3212 781 3267 tuum
801 3203 1036 3287 perspicuitatis
1058 3203 1277 3286 patrocinium.
1309 3206 1414 3269 Isdem
1435 3207 1520 3270 enim
1533 3204 1585 3268 bic
1599 3202 1772 3286 sapiensne

412 3298 452 3361 de
474 3317 540 3382 quo
563 3296 694 3382 loquor,
717 3297 833 3371 oculis,
856 3298 971 3381 quibus
993 3296 1053 3360 iste
1071 3303 1191 3371 vester,
1213 3297 1352 3374 caelum,
1372 3307 1505 3374 terram,
1525 3317 1612 3362 mare
1633 3296 1737 3359 intue-

411 3392 513 3468 bitur3
538 3391 801 3456 isdem·sensibus
816 3391 954 3476 reliqua,
977 3410 1059 3473 quae
1074 3390 1134 3453 sub
1150 3411 1309 3476 quemque
1324 3412 1450 3457 sensum
1465 3390 1591 3467 cadunt,
1612 3390 1736 3454 sentiet.

412 3487 499 3550 Ilare
521 3484 619 3561 illud,
641 3484 727 3570 qnod
748 3506 832 3549 nunc
852 3483 994 3549 Favonio
1017 3493 1166 3549 nascente
1187 3504 1380 3569 purpureum
1395 3485 1535 3561 ridetur,
1557 3483 1642 3548 idem
1661 3480 1736 3548 Iruie

411 3588 521 3643 nostro
541 3578 718 3654 videbitur,
740 3598 800 3643 neo
821 3586 927 3642 tamen
949 3578 1162 3655 adsentietur,
1183 3580 1258 3663 quia
1278 3580 1436 3644 nobismet
1456 3579 1536 3663 ipsis
1557 3576 1652 3642 modo
1666 3594 1737 3640 cae·

408 3673 532 3736 rulcum
562 3673 744 3748 videbatur,
771 3692 862 3735 mane
892 3692 1017 3747 ravum,
1044 3672 1194 3757 qnodque
1222 3694 1322 3748 nunc,
1349 3695 1414 3759 qua
1438 3693 1457 3737 a
1483 3673 1551 3737 sole
1578 3668 1773 3746 conlucetrs

408 3764 544 3830 albescit
565 3773 598 3828 et
619 3766 735 3841 vibrat,
758 3765 976 3850 dissimileque
998 3767 1216 3849 estproximo
1239 3774 1270 3830 et
1291 3766 1486 3831 continenti:
1517 3773 1566 3842 ut,
1592 3764 1686 3830 etiam
1708 3765 1736 3829 si

407 3860 513 3943 possis
543 3859 700 3924 rationem
729 3861 878 3935 reddere,
912 3880 968 3923 cur
994 3860 1028 3923 id
1057 3862 1198 3936 eveniat,
1232 3868 1337 3924 nmen
1358 3880 1424 3923 non
1445 3860 1550 3944 possis
1571 3858 1605 3922 id
1626 3877 1736 3922 verum

408 3973 496 4029 esse,
526 3952 615 4036 quod
637 3953 804 4018 videbatur
826 3954 943 4029 oculis,
974 3954 1155 4018 defendere.
1199 3949 1271 4017 ⁴06.
1294 3954 1383 4019 Unde
1404 3954 1576 4028 memoria,
1605 3953 1633 4016 si
1652 3949 1735 4014 nibil

407 4045 628 4130 percipimus?
656 4047 702 4110 sio
724 4049 809 4111 enim
833 4048 1016 4132 quaerebas.
1055 4048 1160 4124 Quid?
1187 4048 1366 4113 meminisse
1388 4049 1456 4113 visa
1476 4048 1538 4112 nisi
1560 4066 1736 4131 conprensa

409 4160 475 4203 non
504 4144 699 4222 possumus?
739 4141 848 4216 Quint
889 4142 1081 4226 Polyaenus,
1116 4142 1173 4223 qui
1204 4161 1334 4223 magnus
1367 4142 1605 4205 mathematicus
1636 4140 1772 4206 brisseso

410 4231 542 4308 dicitur,
569 4233 596 4296 is
623 4242 734 4316 postea
763 4255 858 4318 quam
886 4237 1023 4318 Epicuro
1051 4236 1233 4299 adsentiens
1267 4243 1364 4298 totam
1393 4234 1595 4318 geometriam
1623 4231 1735 4296 falsam

410 4347 479 4390 esse
501 4326 651 4401 credidit,
674 4349 749 4391 num
772 4329 827 4392 illa
849 4330 957 4402 etiam,
980 4348 1062 4413 quae
1084 4329 1218 4403 sciebat,
1242 4330 1358 4392 oblitus
1381 4332 1454 4392 esti
1486 4327 1597 4411 Atqui,
1619 4325 1735 4389 falsum

411 4420 497 4503 quod
527 4429 591 4496 est,
625 4421 658 4484 id
690 4422 810 4506 percipi
838 4443 901 4486 non
931 4430 1052 4506 potest,
1084 4430 1120 4485 ut
1149 4423 1303 4485 vobismet
1330 4423 1406 4505 ipsis
1428 4422 1540 4506 placet.
1585 4421 1619 4485 Si
1640 4421 1735 4502 igitur

474 4660 499 4712 3.
516 4661 632 4724 monet
649 4662 717 4712 coni.
735 4660 845 4719 Lamb.;
869 4661 902 4713 al.
923 4664 949 4712 in
966 4675 1049 4726 marg.
1068 4662 1160 4713 Lamb.
1179 4662 1298 4712 adiunxit
1315 4687 1342 4696 -
1367 4663 1391 4711 5.
1410 4666 1438 4710 ot
1456 4666 1501 4711 cut
1518 4662 1569 4711 cet.
1588 4659 1676 4711 Verba
1693 4662 1735 4712 in·

410 4733 498 4798 clusa,
516 4749 586 4799 qnae
604 4737 657 4787 iam
674 4738 801 4787 Gruterus
818 4736 949 4800 glossema
967 4750 1027 4788 esse
1045 4736 1184 4797 intellexit,
1204 4751 1236 4787 ex
1252 4735 1445 4787 recentioribus
1462 4737 1628 4787 Hermannus
1645 4749 1672 4801 p.
1686 4736 1734 4787 mo

409 4810 482 4862 solus
498 4810 631 4873 deieudit,
650 4812 699 4863 sed
716 4815 878 4876 argumentis
894 4811 936 4863 ille
954 4825 1018 4863 usus
1030 4827 1098 4877 quae
1111 4827 1206 4864 vereor
1222 4816 1252 4863 ut
1268 4813 1392 4876 cuiquam
1407 4812 1593 4875 persuadeant.
1608 4838 1635 4848 -
1655 4812 1679 4861 6.
1698 4812 1736 4861 cit

409 4887 473 4946 ΑΒ,
491 4885 541 4937 sed
559 4889 601 4937 est
617 4899 676 4936 voc.
695 4888 721 4937 in
738 4890 759 4937 Α
776 4888 802 4937 in
820 4901 872 4938 ras.
892 4914 920 4925 -
939 4888 964 4936 3.
983 4893 1064 4939 unere
1080 4890 1099 4937 Β
1117 4902 1185 4938 corr.
1205 4901 1237 4939 ex
1254 4892 1304 4937 tere
1321 4913 1348 4922 -
1369 4887 1392 4937 9.
1411 4892 1455 4936 cut
1471 4887 1529 4951 nos]
1548 4899 1609 4937 cnm
1625 4886 1668 4936 hic
1685 4886 1736 4937 de·

410 4960 482 5012 liciat
501 4960 562 5012 cod.
580 4962 603 5011 V
620 4975 691 5012 nunc
711 4961 832 5023 mutdus,
857 4964 908 5013 iam
931 4965 1038 5027 saepius
1056 4963 1198 5014 afferemus
1217 4962 1344 5013 lectiones
1361 4962 1459 5012 codicis
1476 4964 1510 5023 G,
1535 4963 1581 5026 qui
1598 4975 1629 5013 er
1646 4962 1669 5011 V
1686 4961 1735 5013 de·

409 5037 524 5102 scriptas
545 5036 666 5097 ridetur,
692 5037 740 5087 sed
766 5038 802 5087 tta
825 5040 854 5088 ut
876 5037 1033 5103 plemmque
1056 5038 1183 5090 lectiones
1206 5037 1339 5091 secundae
1363 5051 1457 5089 manus
1479 5037 1607 5102 repetitae
1623 5038 1685 5088 sint.
1706 5065 1732 5074 -

407 5117 487 5175 postu
503 5113 553 5163 ΑΒ
573 5139 600 5149 -
619 5125 664 5162 nec
678 5118 706 5161 ut
720 5112 819 5174 ptuceut
835 5114 929 5163 ABE:
948 5127 979 5163 ue
994 5120 1022 5163 ut
1036 5117 1072 5177 pt.
1085 5117 1119 5174 (ἃς
1138 5115 1176 5163 bic
1193 5120 1220 5163 ut
1234 5116 1271 5176 pl.
1284 5114 1427 5174 Manutius,
1445 5126 1505 5163 rum
1516 5113 1617 5176 crespi.
1630 5112 1733 5174 bamb„

409 5193 433 5237 et
448 5201 505 5236 ιιιιιι
518 5187 554 5250 pt.
574 5187 685 5248 Davies,
704 5201 752 5237 neu
768 5189 809 5237 cui
823 5189 859 5250 pl.
878 5189 1011 5240 Hermann
1029 5203 1055 5253 p.
1074 5189 1138 5248 43ος
1158 5192 1230 5240 certa
1248 5188 1398 5240 emendatio
1415 5187 1467 5239 loci
1484 5188 1600 5252 corrupti
1616 5186 1736 5238 nondum

410 5263 515 5313 mventa
533 5264 587 5323 eat;
607 5263 663 5327 ipse
680 5264 829 5327 suspicatus
846 5277 921 5314 sum:
940 5266 981 5315 aed
997 5278 1053 5314 caen
1066 5266 1103 5326 pl.
1122 5290 1149 5300 -
1170 5265 1209 5314 ⁴0.
1229 5265 1281 5327 quit
1298 5264 1324 5312 in
1340 5263 1440 5325 reliquit
1456 5265 1477 5314 Α
1495 5264 1521 5313 ιιι
1538 5276 1591 5314 rus.
1609 5261 1692 5313 habet
1705 5290 1733 5299 -

411 5336 451 5387 tl.
469 5337 620 5400 ιιάριοὸιιυίι
640 5340 752 5401 scripsi:
778 5340 915 5402 adprobari
938 5339 1001 5397 θος
1027 5339 1150 5402 adprobat
1172 5339 1301 5389 Manutius
1326 5365 1352 5376 -
1381 5339 1420 5390 48.
1438 5339 1542 5389 inducto
1562 5342 1586 5390 et
1601 5337 1735 5388 comtitutu

407 5412 549 5476 probabilia
565 5418 589 5464 et
603 5415 727 5474 ABEG,
746 5428 814 5479 qnae
832 5414 938 5465 emend.
952 5416 1082 5467 Manutius
1097 5444 1124 5452 -
1142 5417 1183 5465 ΒΞ.
1197 5417 1289 5465 cudunt
1305 5415 1401 5466 ΑΒΒι
1419 5416 1507 5465 codem
1524 5415 1572 5465 iio
1586 5438 1613 5448 -
1632 5412 1735 5462 sentient

412 5482 479 5538 Α“Β1
498 5513 525 5524 -
549 5486 591 5539 at.
609 5488 734 5538 ceruleum
750 5490 771 5539 Α
791 5515 818 5526 -
840 5490 880 5540 25.
899 5503 991 5540 rcuum
1007 5487 1076 5541 A¹B¹
1100 5492 1125 5539 et
1145 5490 1242 5541 NonIus
1267 5489 1320 5553 (qui
1337 5503 1363 5554 p.
1383 5488 1431 5539 idi
1448 5489 1525 5541 affert
1541 5489 1602 5551 quic
1617 5486 1735 5537 cotiones

410 5563 470 5623 a'pait
490 5567 543 5613 aen
563 5563 706 5612 coemeter
728 5570 780 5614 tum
796 5578 889 5613 rouom
905 5565 1019 5627 uidetm,
1041 5567 1155 5627 quodque
1170 5580 1236 5614 nunc
1253 5577 1269 5613 a
1285 5565 1335 5614 sole
1353 5564 1485 5628 cmdueeti:
1508 5567 1606 5629 μιιιιιιιι
1625 5557 1658 5612 A²
1665 5557 1695 5611 B²
1705 5562 1733 5624 E,

411 5643 496 5685 utrius
512 5638 533 5685 G
550 5637 673 5699 (quodque
687 5651 761 5688 mune
776 5651 879 5698 rovum,
897 5651 977 5700 nunc,
996 5653 1047 5701 qun
1063 5641 1113 5689 eote
1129 5641 1197 5690 coni.
1212 5640 1377 5690 Hermannus
1395 5654 1420 5704 p.
1434 5639 1490 5701 tia)
1505 5668 1532 5677 -
1552 5637 1665 5701 quodque
1681 5633 1733 5687 del.

412 5711 514 5774 bamb..
532 5726 633 5775 quoque
648 5726 713 5762 cunc
730 5728 747 5762 a
762 5714 813 5763 acle
830 5715 897 5764 coni.
914 5714 1008 5764 Davies
1025 5715 1135 5776 -quic
1152 5716 1172 5764 G
1189 5716 1215 5763 et
1233 5711 1324 5764 Lamb.
1340 5740 1366 5748 -
1386 5714 1427 5763 26.
1446 5713 1505 5764 iort.
1524 5712 1652 5773 dissimile;
1671 5724 1733 5763 nam

411 5789 524 5849 quodque
539 5800 592 5838 non
609 5785 685 5838 allter
700 5787 840 5840 terendum
852 5788 969 5851 videtur,
988 5789 1037 5838 nisi
1053 5792 1152 5840 statuam
1169 5790 1234 5851 quod
1251 5802 1310 5839 esse
1328 5802 1475 5854 pronomen
1490 5815 1517 5825 -
1535 5794 1559 5839 et
1575 5787 1732 5839 Lambinus:

411 5861 434 5911 et
450 5862 529 5913 ΑΒΟ
548 5888 574 5898 -
593 5862 634 5913 29.
649 5866 805 5927 percepisses
822 5866 881 5913 G-
902 5865 962 5924 quid
979 5862 1049 5913 B'G:
1069 5865 1134 5926 qaod
1151 5861 1221 5925 13²3,
1241 5866 1314 5927 quusi
1330 5867 1350 5916 Α
1368 5863 1417 5915 sed
1435 5864 1500 5914 m.2
1517 5864 1543 5913 in
1560 5875 1614 5913 ras.
1633 5888 1662 5900 -
1681 5876 1734 5917 me·

411 5937 474 5988 aios
489 5938 509 5988 Β
528 5963 555 5974 -
575 5938 615 5989 30.
631 5939 777 6002 potpcemua
791 5938 833 6000 B',
849 5939 970 6001 potientur
985 5934 1073 5991 ΑΒἘ
1093 5965 1119 5975 -
1138 5939 1179 5990 3².
1198 5940 1349 6001 quaerimur
1365 5941 1384 5992 Β
1398 5966 1426 5979 -
1446 5938 1486 5991 33.
1505 5938 1623 5993 acuant
1639 5939 1699 5993 EG.
