<?xml version="1.0" encoding="UTF-8"?>
<!DOCTYPE html PUBLIC "-//W3C//DTD XHTML 1.0 Transitional//EN"
    "http://www.w3.org/TR/xhtml1/DTD/xhtml1-transitional.dtd">
<html xmlns="http://www.w3.org/1999/xhtml" xml:lang="en" lang="en">
 <head>
  <title>
</title>
<meta http-equiv="Content-Type" content="text/html;charset=utf-8" />
  <meta name='ocr-system' content='tesseract 3.04.00' />
  <meta name='ocr-capabilities' content='ocr_page ocr_carea ocr_par ocr_line ocrx_word'/>
</head>
<body>
  <div class='ocr_page' id='page_1' title='image "./operaquaesupers00halmgoog/operaquaesupers00halmgoog_0675.png"; bbox 0 0 4342 7459; ppageno 0'>
   <div class='ocr_carea' id='block_1_1' title="bbox 735 1240 1738 1330">
    <p class='ocr_par' dir='ltr' id='par_1_1' title="bbox 735 1240 1738 1330">
     <span class='ocr_line' id='line_1_1' title="bbox 735 1240 1738 1330; baseline -0.004 -19"><span class='ocrx_word' id='word_1_1' title='bbox 735 1247 804 1312; x_wconf 76' lang='lat' dir='ltr'><strong>nn.</strong></span> <span class='ocrx_word' id='word_1_2' title='bbox 819 1247 845 1311; x_wconf 88' lang='lat'><strong>1.</strong></span> <span class='ocrx_word' id='word_1_3' title='bbox 876 1246 952 1311; x_wconf 65' lang='lat' dir='ltr'><strong>oi.</strong></span> <span class='ocrx_word' id='word_1_4' title='bbox 967 1247 1171 1310; x_wconf 66' lang='grc' dir='ltr'>ιιι-χιι</span> <span class='ocrx_word' id='word_1_5' title='bbox 1200 1244 1246 1330; x_wconf 71' lang='lat' dir='ltr'><strong>§s</strong></span> <span class='ocrx_word' id='word_1_6' title='bbox 1268 1242 1416 1310; x_wconf 70' lang='grc' dir='ltr'><strong>ιιι-το.</strong></span> <span class='ocrx_word' id='word_1_7' title='bbox 1675 1240 1738 1308; x_wconf 83' lang='lat' dir='ltr'><strong>ces</strong></span> 
     </span>
    </p>
   </div>
   <div class='ocr_carea' id='block_1_2' title="bbox 406 1400 1805 4687">
    <p class='ocr_par' dir='ltr' id='par_1_2' title="bbox 406 1400 1805 4687">
     <span class='ocr_line' id='line_1_2' title="bbox 410 1400 1805 1490; baseline -0.001 -20"><span class='ocrx_word' id='word_1_8' title='bbox 410 1406 554 1470; x_wconf 86' lang='lat' dir='ltr'><strong>culorum</strong></span> <span class='ocrx_word' id='word_1_9' title='bbox 583 1427 654 1470; x_wconf 89' lang='lat' dir='ltr'><strong>eum</strong></span> <span class='ocrx_word' id='word_1_10' title='bbox 682 1406 782 1480; x_wconf 80' lang='lat' dir='ltr'><strong>vitae,</strong></span> <span class='ocrx_word' id='word_1_11' title='bbox 817 1415 883 1470; x_wconf 92' lang='lat' dir='ltr'><strong>tum</strong></span> <span class='ocrx_word' id='word_1_12' title='bbox 914 1406 1084 1470; x_wconf 89' lang='lat' dir='ltr'><strong>multarum</strong></span> <span class='ocrx_word' id='word_1_13' title='bbox 1112 1426 1234 1482; x_wconf 88' lang='lat' dir='ltr'><strong>rerum,</strong></span> <span class='ocrx_word' id='word_1_14' title='bbox 1268 1425 1351 1490; x_wconf 86' lang='lat' dir='ltr'><strong>quae</strong></span> <span class='ocrx_word' id='word_1_15' title='bbox 1377 1404 1419 1469; x_wconf 84' lang='lat' dir='ltr'><strong>ad</strong></span> <span class='ocrx_word' id='word_1_16' title='bbox 1446 1407 1542 1470; x_wconf 82' lang='lat' dir='ltr'><strong>vitem</strong></span> <span class='ocrx_word' id='word_1_17' title='bbox 1571 1406 1738 1489; x_wconf 87' lang='lat' dir='ltr'><strong>pertinent</strong></span> <span class='ocrx_word' id='word_1_18' title='bbox 1799 1400 1805 1409; x_wconf 86' lang='lat'>&#39;</span> 
     </span>
     <span class='ocr_line' id='line_1_3' title="bbox 408 1497 1739 1585; baseline 0.002 -24"><span class='ocrx_word' id='word_1_19' title='bbox 408 1497 461 1563; x_wconf 80' lang='lat'><strong>67.</strong></span> <span class='ocrx_word' id='word_1_20' title='bbox 483 1500 604 1563; x_wconf 82' lang='lat' dir='ltr'><strong>Harum</strong></span> <span class='ocrx_word' id='word_1_21' title='bbox 625 1520 732 1563; x_wconf 90' lang='lat' dir='ltr'><strong>rerum</strong></span> <span class='ocrx_word' id='word_1_22' title='bbox 753 1501 886 1563; x_wconf 84' lang='lat' dir='ltr'><strong>duarum</strong></span> <span class='ocrx_word' id='word_1_23' title='bbox 910 1499 1062 1585; x_wconf 80' lang='lat' dir='ltr'><strong>splendor</strong></span> <span class='ocrx_word' id='word_1_24' title='bbox 1082 1502 1195 1573; x_wconf 92' lang='lat' dir='ltr'><strong>omnis,</strong></span> <span class='ocrx_word' id='word_1_25' title='bbox 1218 1499 1405 1583; x_wconf 88' lang='lat' dir='ltr'><strong>amplitudo,</strong></span> <span class='ocrx_word' id='word_1_26' title='bbox 1426 1497 1512 1563; x_wconf 92' lang='lat' dir='ltr'><strong>addo</strong></span> <span class='ocrx_word' id='word_1_27' title='bbox 1533 1501 1628 1563; x_wconf 89' lang='lat' dir='ltr'><strong>etiem</strong></span> <span class='ocrx_word' id='word_1_28' title='bbox 1651 1499 1739 1563; x_wconf 92' lang='lat' dir='ltr'><strong>utili-</strong></span> 
     </span>
     <span class='ocr_line' id='line_1_4' title="bbox 408 1591 1736 1678; baseline -0.001 -21"><span class='ocrx_word' id='word_1_29' title='bbox 408 1601 515 1667; x_wconf 90' lang='lat' dir='ltr'><strong>tatem,</strong></span> <span class='ocrx_word' id='word_1_30' title='bbox 537 1594 571 1656; x_wconf 91' lang='lat' dir='ltr'><strong>in</strong></span> <span class='ocrx_word' id='word_1_31' title='bbox 593 1595 769 1678; x_wconf 89' lang='lat' dir='ltr'><strong>posteriore</strong></span> <span class='ocrx_word' id='word_1_32' title='bbox 792 1603 850 1667; x_wconf 90' lang='lat' dir='ltr'><strong>est,</strong></span> <span class='ocrx_word' id='word_1_33' title='bbox 873 1613 970 1657; x_wconf 84' lang='lat' dir='ltr'><strong>cause</strong></span> <span class='ocrx_word' id='word_1_34' title='bbox 991 1602 1096 1658; x_wconf 91' lang='lat' dir='ltr'><strong>eutem</strong></span> <span class='ocrx_word' id='word_1_35' title='bbox 1120 1602 1152 1660; x_wconf 89' lang='lat' dir='ltr'><strong>et</strong></span> <span class='ocrx_word' id='word_1_36' title='bbox 1173 1595 1255 1658; x_wconf 92' lang='lat' dir='ltr'><strong>ratio</strong></span> <span class='ocrx_word' id='word_1_37' title='bbox 1277 1591 1419 1657; x_wconf 84' lang='lat' dir='ltr'><strong>efficiens</strong></span> <span class='ocrx_word' id='word_1_38' title='bbox 1440 1612 1574 1676; x_wconf 85' lang='lat' dir='ltr'><strong>magnos</strong></span> <span class='ocrx_word' id='word_1_39' title='bbox 1596 1598 1681 1658; x_wconf 83' lang='lat' dir='ltr'><strong>viros</strong></span> <span class='ocrx_word' id='word_1_40' title='bbox 1704 1595 1736 1657; x_wconf 96' lang='lat' dir='ltr'><strong>in</strong></span> 
     </span>
     <span class='ocr_line' id='line_1_5' title="bbox 407 1687 1738 1771; baseline 0 -20"><span class='ocrx_word' id='word_1_41' title='bbox 407 1688 523 1771; x_wconf 90' lang='lat' dir='ltr'><strong>priore.</strong></span> <span class='ocrx_word' id='word_1_42' title='bbox 565 1691 603 1751; x_wconf 94' lang='lat' dir='ltr'><strong>ln</strong></span> <span class='ocrx_word' id='word_1_43' title='bbox 625 1709 665 1752; x_wconf 88' lang='lat' dir='ltr'><strong>co</strong></span> <span class='ocrx_word' id='word_1_44' title='bbox 687 1698 736 1752; x_wconf 87' lang='lat' dir='ltr'><strong>est</strong></span> <span class='ocrx_word' id='word_1_45' title='bbox 757 1690 842 1752; x_wconf 90' lang='lat' dir='ltr'><strong>enim</strong></span> <span class='ocrx_word' id='word_1_46' title='bbox 864 1688 953 1762; x_wconf 91' lang='lat' dir='ltr'><strong>illud,</strong></span> <span class='ocrx_word' id='word_1_47' title='bbox 976 1688 1063 1771; x_wconf 92' lang='lat' dir='ltr'><strong>quod</strong></span> <span class='ocrx_word' id='word_1_48' title='bbox 1086 1688 1281 1752; x_wconf 87' lang='lat' dir='ltr'><strong>excellentes</strong></span> <span class='ocrx_word' id='word_1_49' title='bbox 1303 1689 1428 1751; x_wconf 86' lang='lat' dir='ltr'><strong>animos</strong></span> <span class='ocrx_word' id='word_1_50' title='bbox 1450 1696 1483 1752; x_wconf 92' lang='lat' dir='ltr'><strong>et</strong></span> <span class='ocrx_word' id='word_1_51' title='bbox 1503 1687 1643 1751; x_wconf 86' lang='lat' dir='ltr'><strong>bumana</strong></span> <span class='ocrx_word' id='word_1_52' title='bbox 1661 1708 1738 1751; x_wconf 93' lang='lat' dir='ltr'><strong>con-</strong></span> 
     </span>
     <span class='ocr_line' id='line_1_6' title="bbox 408 1781 1765 1865; baseline -0.004 -20"><span class='ocrx_word' id='word_1_53' title='bbox 408 1790 585 1846; x_wconf 71' lang='lat' dir='ltr'><strong>temnentes</strong></span> <span class='ocrx_word' id='word_1_54' title='bbox 610 1782 696 1847; x_wconf 86' lang='lat' dir='ltr'><strong>l&#39;ecit</strong></span> <span class='ocrx_word' id='word_1_55' title='bbox 740 1783 774 1846; x_wconf 95' lang='lat' dir='ltr'><strong>ld</strong></span> <span class='ocrx_word' id='word_1_56' title='bbox 804 1793 909 1846; x_wconf 90' lang='lat' dir='ltr'><strong>eutem</strong></span> <span class='ocrx_word' id='word_1_57' title='bbox 940 1783 1045 1865; x_wconf 85' lang='lat' dir='ltr'><strong>ipsum</strong></span> <span class='ocrx_word' id='word_1_58' title='bbox 1075 1784 1218 1846; x_wconf 86' lang='lat' dir='ltr'><strong>cernitur</strong></span> <span class='ocrx_word' id='word_1_59' title='bbox 1239 1782 1272 1845; x_wconf 92' lang='lat' dir='ltr'><strong>in</strong></span> <span class='ocrx_word' id='word_1_60' title='bbox 1294 1781 1438 1858; x_wconf 89' lang='lat' dir='ltr'><strong>duobus,</strong></span> <span class='ocrx_word' id='word_1_61' title='bbox 1467 1784 1495 1848; x_wconf 88' lang='lat' dir='ltr'><strong>si</strong></span> <span class='ocrx_word' id='word_1_62' title='bbox 1517 1790 1549 1846; x_wconf 91' lang='lat' dir='ltr'><strong>et</strong></span> <span class='ocrx_word' id='word_1_63' title='bbox 1571 1784 1673 1848; x_wconf 91' lang='lat' dir='ltr'><strong>solum</strong></span> <span class='ocrx_word' id='word_1_64' title='bbox 1694 1784 1765 1857; x_wconf 84' lang='lat' dir='ltr'><strong>id,e</strong></span> 
     </span>
     <span class='ocr_line' id='line_1_7' title="bbox 407 1875 1740 1960; baseline -0.001 -20"><span class='ocrx_word' id='word_1_65' title='bbox 407 1875 493 1960; x_wconf 88' lang='lat' dir='ltr'><strong>quod</strong></span> <span class='ocrx_word' id='word_1_66' title='bbox 516 1877 685 1940; x_wconf 85' lang='lat' dir='ltr'><strong>honestum</strong></span> <span class='ocrx_word' id='word_1_67' title='bbox 708 1878 759 1949; x_wconf 88' lang='lat' dir='ltr'><strong>sit,</strong></span> <span class='ocrx_word' id='word_1_68' title='bbox 781 1877 899 1940; x_wconf 91' lang='lat' dir='ltr'><strong>bonum</strong></span> <span class='ocrx_word' id='word_1_69' title='bbox 923 1876 1044 1939; x_wconf 90' lang='lat' dir='ltr'><strong>iudices</strong></span> <span class='ocrx_word' id='word_1_70' title='bbox 1067 1885 1100 1939; x_wconf 91' lang='lat' dir='ltr'><strong>et</strong></span> <span class='ocrx_word' id='word_1_71' title='bbox 1121 1878 1162 1939; x_wconf 90' lang='lat' dir='ltr'><strong>eb</strong></span> <span class='ocrx_word' id='word_1_72' title='bbox 1183 1877 1270 1940; x_wconf 91' lang='lat' dir='ltr'><strong>omui</strong></span> <span class='ocrx_word' id='word_1_73' title='bbox 1292 1877 1389 1939; x_wconf 86' lang='lat' dir='ltr'><strong>animi</strong></span> <span class='ocrx_word' id='word_1_74' title='bbox 1408 1877 1645 1959; x_wconf 78' lang='lat' dir='ltr'><strong>perturbatione</strong></span> <span class='ocrx_word' id='word_1_75' title='bbox 1660 1876 1740 1939; x_wconf 91' lang='lat' dir='ltr'><strong>liber</strong></span> 
     </span>
     <span class='ocr_line' id='line_1_8' title="bbox 407 1970 1740 2055; baseline 0.001 -22"><span class='ocrx_word' id='word_1_76' title='bbox 407 1970 464 2034; x_wconf 89' lang='lat' dir='ltr'><strong>sis.</strong></span> <span class='ocrx_word' id='word_1_77' title='bbox 509 1971 589 2033; x_wconf 90' lang='lat' dir='ltr'><strong>Nem</strong></span> <span class='ocrx_word' id='word_1_78' title='bbox 611 1979 643 2034; x_wconf 88' lang='lat' dir='ltr'><strong>et</strong></span> <span class='ocrx_word' id='word_1_79' title='bbox 665 1991 721 2046; x_wconf 83' lang='lat' dir='ltr'><strong>ea,</strong></span> <span class='ocrx_word' id='word_1_80' title='bbox 752 1991 835 2055; x_wconf 90' lang='lat' dir='ltr'><strong>quae</strong></span> <span class='ocrx_word' id='word_1_81' title='bbox 864 1972 982 2034; x_wconf 85' lang='lat' dir='ltr'><strong>eximie</strong></span> <span class='ocrx_word' id='word_1_82' title='bbox 1009 1971 1171 2055; x_wconf 89' lang='lat' dir='ltr'><strong>plerisque</strong></span> <span class='ocrx_word' id='word_1_83' title='bbox 1201 1979 1234 2033; x_wconf 90' lang='lat' dir='ltr'><strong>et</strong></span> <span class='ocrx_word' id='word_1_84' title='bbox 1261 1970 1424 2055; x_wconf 81' lang='lat' dir='ltr'><strong>praeclare</strong></span> <span class='ocrx_word' id='word_1_85' title='bbox 1450 1972 1613 2046; x_wconf 82' lang='lat' dir='ltr'><strong>videntur,</strong></span> <span class='ocrx_word' id='word_1_86' title='bbox 1641 1990 1740 2054; x_wconf 77' lang='lat' dir='ltr'><strong>perra</strong></span> 
     </span>
     <span class='ocr_line' id='line_1_9' title="bbox 407 2062 1739 2149; baseline 0.001 -23"><span class='ocrx_word' id='word_1_87' title='bbox 407 2062 523 2128; x_wconf 89' lang='lat' dir='ltr'><strong>ducere</strong></span> <span class='ocrx_word' id='word_1_88' title='bbox 546 2084 648 2148; x_wconf 86' lang='lat' dir='ltr'><strong>eaque</strong></span> <span class='ocrx_word' id='word_1_89' title='bbox 670 2067 792 2129; x_wconf 87' lang='lat' dir='ltr'><strong>ratione</strong></span> <span class='ocrx_word' id='word_1_90' title='bbox 814 2066 918 2129; x_wconf 89' lang='lat' dir='ltr'><strong>stabili</strong></span> <span class='ocrx_word' id='word_1_91' title='bbox 941 2063 1095 2149; x_wconf 85' lang='lat' dir='ltr'><strong>firmeque</strong></span> <span class='ocrx_word' id='word_1_92' title='bbox 1118 2074 1320 2129; x_wconf 84' lang='lat' dir='ltr'><strong>contemnere</strong></span> <span class='ocrx_word' id='word_1_93' title='bbox 1342 2064 1433 2129; x_wconf 84' lang='lat' dir='ltr'><strong>sortis</strong></span> <span class='ocrx_word' id='word_1_94' title='bbox 1455 2065 1552 2129; x_wconf 90' lang='lat' dir='ltr'><strong>animi</strong></span> <span class='ocrx_word' id='word_1_95' title='bbox 1568 2066 1739 2148; x_wconf 70' lang='lat' dir='ltr'><strong>magnique</strong></span> 
     </span>
     <span class='ocr_line' id='line_1_10' title="bbox 407 2158 1739 2243; baseline 0.002 -22"><span class='ocrx_word' id='word_1_96' title='bbox 407 2158 587 2222; x_wconf 86' lang='lat' dir='ltr'><strong>ducendum</strong></span> <span class='ocrx_word' id='word_1_97' title='bbox 615 2167 680 2234; x_wconf 85' lang='lat' dir='ltr'><strong>est,</strong></span> <span class='ocrx_word' id='word_1_98' title='bbox 710 2168 743 2223; x_wconf 90' lang='lat' dir='ltr'><strong>et</strong></span> <span class='ocrx_word' id='word_1_99' title='bbox 772 2181 826 2233; x_wconf 89' lang='lat' dir='ltr'><strong>ee,</strong></span> <span class='ocrx_word' id='word_1_100' title='bbox 857 2180 941 2243; x_wconf 85' lang='lat' dir='ltr'><strong>quae</strong></span> <span class='ocrx_word' id='word_1_101' title='bbox 969 2160 1119 2223; x_wconf 87' lang='lat' dir='ltr'><strong>videntur</strong></span> <span class='ocrx_word' id='word_1_102' title='bbox 1147 2159 1277 2233; x_wconf 82' lang='lat' dir='ltr'><strong>acerba,</strong></span> <span class='ocrx_word' id='word_1_103' title='bbox 1309 2178 1390 2243; x_wconf 90' lang='lat' dir='ltr'><strong>quae</strong></span> <span class='ocrx_word' id='word_1_104' title='bbox 1417 2159 1517 2223; x_wconf 87' lang='lat' dir='ltr'><strong>multe</strong></span> <span class='ocrx_word' id='word_1_105' title='bbox 1545 2168 1577 2222; x_wconf 89' lang='lat' dir='ltr'><strong>st</strong></span> <span class='ocrx_word' id='word_1_106' title='bbox 1598 2160 1685 2224; x_wconf 82' lang='lat' dir='ltr'><strong>varia</strong></span> <span class='ocrx_word' id='word_1_107' title='bbox 1705 2162 1739 2223; x_wconf 93' lang='lat' dir='ltr'><strong>in</strong></span> 
     </span>
     <span class='ocr_line' id='line_1_11' title="bbox 406 2250 1778 2337; baseline 0.003 -22"><span class='ocrx_word' id='word_1_108' title='bbox 406 2250 571 2315; x_wconf 87' lang='lat' dir='ltr'><strong>bominum</strong></span> <span class='ocrx_word' id='word_1_109' title='bbox 594 2253 659 2317; x_wconf 84' lang='lat' dir='ltr'><strong>vita</strong></span> <span class='ocrx_word' id='word_1_110' title='bbox 680 2252 875 2337; x_wconf 79' lang='lat' dir='ltr'><strong>fortunaque</strong></span> <span class='ocrx_word' id='word_1_111' title='bbox 897 2264 1083 2328; x_wconf 83' lang='lat' dir='ltr'><strong>versantur,</strong></span> <span class='ocrx_word' id='word_1_112' title='bbox 1113 2255 1159 2317; x_wconf 86' lang='lat' dir='ltr'><strong>ita</strong></span> <span class='ocrx_word' id='word_1_113' title='bbox 1180 2253 1279 2325; x_wconf 82' lang='lat' dir='ltr'><strong>ferre,</strong></span> <span class='ocrx_word' id='word_1_114' title='bbox 1301 2259 1337 2315; x_wconf 90' lang='lat' dir='ltr'><strong>ut</strong></span> <span class='ocrx_word' id='word_1_115' title='bbox 1358 2252 1439 2316; x_wconf 83' lang='lat' dir='ltr'><strong>nihil</strong></span> <span class='ocrx_word' id='word_1_116' title='bbox 1460 2272 1480 2315; x_wconf 88' lang='lat' dir='ltr'><strong>a</strong></span> <span class='ocrx_word' id='word_1_117' title='bbox 1502 2261 1584 2317; x_wconf 89' lang='lat' dir='ltr'><strong>statu</strong></span> <span class='ocrx_word' id='word_1_118' title='bbox 1607 2263 1778 2318; x_wconf 80' lang='lat' dir='ltr'><strong>netureel⁰</strong></span> 
     </span>
     <span class='ocr_line' id='line_1_12' title="bbox 408 2344 1740 2432; baseline 0.005 -25"><span class='ocrx_word' id='word_1_119' title='bbox 408 2344 573 2419; x_wconf 84' lang='lat' dir='ltr'><strong>discedes,</strong></span> <span class='ocrx_word' id='word_1_120' title='bbox 596 2346 677 2409; x_wconf 91' lang='lat' dir='ltr'><strong>nibil</strong></span> <span class='ocrx_word' id='word_1_121' title='bbox 699 2367 719 2410; x_wconf 89' lang='lat' dir='ltr'><strong>e</strong></span> <span class='ocrx_word' id='word_1_122' title='bbox 739 2348 893 2428; x_wconf 85' lang='lat' dir='ltr'><strong>dignitate</strong></span> <span class='ocrx_word' id='word_1_123' title='bbox 915 2348 1088 2430; x_wconf 90' lang='lat' dir='ltr'><strong>sepientis,</strong></span> <span class='ocrx_word' id='word_1_124' title='bbox 1111 2347 1233 2410; x_wconf 91' lang='lat' dir='ltr'><strong>robusti</strong></span> <span class='ocrx_word' id='word_1_125' title='bbox 1254 2348 1351 2410; x_wconf 87' lang='lat' dir='ltr'><strong>enimi</strong></span> <span class='ocrx_word' id='word_1_126' title='bbox 1373 2355 1422 2410; x_wconf 88' lang='lat' dir='ltr'><strong>est</strong></span> <span class='ocrx_word' id='word_1_127' title='bbox 1443 2366 1642 2432; x_wconf 81' lang='lat' dir='ltr'><strong>magnaeque</strong></span> <span class='ocrx_word' id='word_1_128' title='bbox 1664 2370 1740 2413; x_wconf 91' lang='lat' dir='ltr'><strong>con·</strong></span> 
     </span>
     <span class='ocr_line' id='line_1_13' title="bbox 409 2437 1739 2525; baseline 0.003 -23"><span class='ocrx_word' id='word_1_129' title='bbox 409 2442 553 2504; x_wconf 67' lang='lat' dir='ltr'><strong>suntiee.</strong></span> <span class='ocrx_word' id='word_1_130' title='bbox 604 2437 657 2502; x_wconf 89' lang='grc'><strong>68.</strong></span> <span class='ocrx_word' id='word_1_131' title='bbox 685 2444 755 2504; x_wconf 90' lang='lat' dir='ltr'><strong>Non</strong></span> <span class='ocrx_word' id='word_1_132' title='bbox 778 2451 827 2505; x_wconf 86' lang='lat' dir='ltr'><strong>est</strong></span> <span class='ocrx_word' id='word_1_133' title='bbox 847 2450 953 2505; x_wconf 86' lang='lat' dir='ltr'><strong>eutem</strong></span> <span class='ocrx_word' id='word_1_134' title='bbox 976 2450 1242 2516; x_wconf 86' lang='lat' dir='ltr'><strong>consentaneum,</strong></span> <span class='ocrx_word' id='word_1_135' title='bbox 1271 2442 1327 2525; x_wconf 93' lang='lat' dir='ltr'><strong>qui</strong></span> <span class='ocrx_word' id='word_1_136' title='bbox 1357 2449 1444 2506; x_wconf 91' lang='lat' dir='ltr'><strong>metu</strong></span> <span class='ocrx_word' id='word_1_137' title='bbox 1474 2463 1539 2506; x_wconf 88' lang='lat' dir='ltr'><strong>non</strong></span> <span class='ocrx_word' id='word_1_138' title='bbox 1567 2441 1739 2525; x_wconf 79' lang='lat' dir='ltr'><strong>frangetur,</strong></span> 
     </span>
     <span class='ocr_line' id='line_1_14' title="bbox 408 2532 1739 2619; baseline 0.004 -24"><span class='ocrx_word' id='word_1_139' title='bbox 408 2553 480 2596; x_wconf 89' lang='lat' dir='ltr'><strong>eum</strong></span> <span class='ocrx_word' id='word_1_140' title='bbox 502 2532 606 2615; x_wconf 79' lang='lat' dir='ltr'><strong>frangi</strong></span> <span class='ocrx_word' id='word_1_141' title='bbox 628 2534 819 2617; x_wconf 88' lang='lat' dir='ltr'><strong>cupiditate,</strong></span> <span class='ocrx_word' id='word_1_142' title='bbox 843 2555 920 2609; x_wconf 87' lang='lat' dir='ltr'><strong>nec,</strong></span> <span class='ocrx_word' id='word_1_143' title='bbox 941 2537 997 2618; x_wconf 93' lang='lat' dir='ltr'><strong>qui</strong></span> <span class='ocrx_word' id='word_1_144' title='bbox 1019 2537 1173 2600; x_wconf 86' lang='lat' dir='ltr'><strong>invictum</strong></span> <span class='ocrx_word' id='word_1_145' title='bbox 1195 2555 1230 2598; x_wconf 91' lang='lat' dir='ltr'><strong>se</strong></span> <span class='ocrx_word' id='word_1_146' title='bbox 1252 2554 1272 2597; x_wconf 86' lang='lat' dir='ltr'><strong>a</strong></span> <span class='ocrx_word' id='word_1_147' title='bbox 1294 2534 1403 2599; x_wconf 88' lang='lat' dir='ltr'><strong>labore</strong></span> <span class='ocrx_word' id='word_1_148' title='bbox 1425 2537 1633 2619; x_wconf 83' lang='lat' dir='ltr'><strong>praestiterit,</strong></span> <span class='ocrx_word' id='word_1_149' title='bbox 1655 2538 1739 2601; x_wconf 82' lang='lat' dir='ltr'><strong>vinei</strong></span> 
     </span>
     <span class='ocr_line' id='line_1_15' title="bbox 408 2626 1739 2714; baseline 0.004 -25"><span class='ocrx_word' id='word_1_150' title='bbox 408 2626 622 2708; x_wconf 76' lang='lat' dir='ltr'><strong>avolupute.</strong></span> <span class='ocrx_word' id='word_1_151' title='bbox 667 2629 770 2703; x_wconf 84' lang='lat' dir='ltr'><strong>Quem</strong></span> <span class='ocrx_word' id='word_1_152' title='bbox 792 2628 834 2691; x_wconf 92' lang='lat' dir='ltr'><strong>ob</strong></span> <span class='ocrx_word' id='word_1_153' title='bbox 855 2650 922 2692; x_wconf 90' lang='lat' dir='ltr'><strong>rem</strong></span> <span class='ocrx_word' id='word_1_154' title='bbox 944 2637 977 2692; x_wconf 89' lang='lat' dir='ltr'><strong>et</strong></span> <span class='ocrx_word' id='word_1_155' title='bbox 996 2628 1076 2691; x_wconf 90' lang='lat' dir='ltr'><strong>haec</strong></span> <span class='ocrx_word' id='word_1_156' title='bbox 1099 2628 1227 2693; x_wconf 83' lang='lat' dir='ltr'><strong>vitands</strong></span> <span class='ocrx_word' id='word_1_157' title='bbox 1249 2636 1282 2691; x_wconf 86' lang='lat' dir='ltr'><strong>et</strong></span> <span class='ocrx_word' id='word_1_158' title='bbox 1302 2629 1458 2711; x_wconf 91' lang='lat' dir='ltr'><strong>pecuniae</strong></span> <span class='ocrx_word' id='word_1_159' title='bbox 1479 2628 1630 2712; x_wconf 77' lang='lat' dir='ltr'><strong>fugiende</strong></span> <span class='ocrx_word' id='word_1_160' title='bbox 1651 2632 1739 2714; x_wconf 90' lang='lat' dir='ltr'><strong>cupi·</strong></span> 
     </span>
     <span class='ocr_line' id='line_1_16' title="bbox 407 2720 1777 2807; baseline 0.005 -24"><span class='ocrx_word' id='word_1_161' title='bbox 407 2720 506 2797; x_wconf 86' lang='lat' dir='ltr'><strong>ditas;</strong></span> <span class='ocrx_word' id='word_1_162' title='bbox 536 2721 616 2784; x_wconf 90' lang='lat' dir='ltr'><strong>nibil</strong></span> <span class='ocrx_word' id='word_1_163' title='bbox 638 2723 722 2785; x_wconf 91' lang='lat' dir='ltr'><strong>enim</strong></span> <span class='ocrx_word' id='word_1_164' title='bbox 745 2730 795 2785; x_wconf 91' lang='lat' dir='ltr'><strong>est</strong></span> <span class='ocrx_word' id='word_1_165' title='bbox 816 2731 879 2786; x_wconf 92' lang='lat' dir='ltr'><strong>tem</strong></span> <span class='ocrx_word' id='word_1_166' title='bbox 902 2724 1029 2805; x_wconf 77' lang='lat' dir='ltr'><strong>angusti</strong></span> <span class='ocrx_word' id='word_1_167' title='bbox 1051 2723 1148 2786; x_wconf 91' lang='lat' dir='ltr'><strong>enimi</strong></span> <span class='ocrx_word' id='word_1_168' title='bbox 1178 2730 1306 2807; x_wconf 89' lang='lat' dir='ltr'><strong>temque</strong></span> <span class='ocrx_word' id='word_1_169' title='bbox 1335 2722 1425 2806; x_wconf 81' lang='lat' dir='ltr'><strong>parvi</strong></span> <span class='ocrx_word' id='word_1_170' title='bbox 1446 2744 1541 2806; x_wconf 91' lang='lat' dir='ltr'><strong>quem</strong></span> <span class='ocrx_word' id='word_1_171' title='bbox 1564 2744 1669 2789; x_wconf 81' lang='lat' dir='ltr'><strong>amere</strong></span> <span class='ocrx_word' id='word_1_172' title='bbox 1690 2726 1777 2789; x_wconf 68' lang='lat' dir='ltr'><strong>‹ji-ss</strong></span> 
     </span>
     <span class='ocr_line' id='line_1_17' title="bbox 408 2814 1739 2900; baseline 0.004 -22"><span class='ocrx_word' id='word_1_173' title='bbox 408 2814 516 2889; x_wconf 75' lang='lat' dir='ltr'><strong>vities,</strong></span> <span class='ocrx_word' id='word_1_174' title='bbox 538 2816 618 2880; x_wconf 93' lang='lat' dir='ltr'><strong>nibil</strong></span> <span class='ocrx_word' id='word_1_175' title='bbox 640 2816 807 2880; x_wconf 89' lang='lat' dir='ltr'><strong>bonestius</strong></span> <span class='ocrx_word' id='word_1_176' title='bbox 830 2814 1146 2900; x_wconf 85' lang='lat' dir='ltr'><strong>magnificentiusque</strong></span> <span class='ocrx_word' id='word_1_177' title='bbox 1168 2837 1264 2900; x_wconf 91' lang='lat' dir='ltr'><strong>quem</strong></span> <span class='ocrx_word' id='word_1_178' title='bbox 1286 2818 1455 2899; x_wconf 91' lang='lat' dir='ltr'><strong>pecuniam</strong></span> <span class='ocrx_word' id='word_1_179' title='bbox 1478 2825 1690 2892; x_wconf 84' lang='lat' dir='ltr'><strong>contemnere,</strong></span> <span class='ocrx_word' id='word_1_180' title='bbox 1712 2822 1739 2883; x_wconf 90' lang='lat' dir='ltr'><strong>si</strong></span> 
     </span>
     <span class='ocr_line' id='line_1_18' title="bbox 407 2909 1740 2994; baseline 0.003 -21"><span class='ocrx_word' id='word_1_181' title='bbox 407 2928 472 2973; x_wconf 87' lang='lat' dir='ltr'><strong>uon</strong></span> <span class='ocrx_word' id='word_1_182' title='bbox 493 2909 628 2984; x_wconf 84' lang='lat' dir='ltr'><strong>babeas,</strong></span> <span class='ocrx_word' id='word_1_183' title='bbox 652 2912 679 2973; x_wconf 91' lang='lat' dir='ltr'><strong>si</strong></span> <span class='ocrx_word' id='word_1_184' title='bbox 702 2909 834 2985; x_wconf 89' lang='lat' dir='ltr'><strong>babeas,</strong></span> <span class='ocrx_word' id='word_1_185' title='bbox 855 2913 896 2974; x_wconf 90' lang='lat' dir='ltr'><strong>ad</strong></span> <span class='ocrx_word' id='word_1_186' title='bbox 919 2909 1159 2975; x_wconf 85' lang='lat' dir='ltr'><strong>beneficentiam</strong></span> <span class='ocrx_word' id='word_1_187' title='bbox 1182 2911 1468 2994; x_wconf 81' lang='lat' dir='ltr'><strong>liberalitatemque</strong></span> <span class='ocrx_word' id='word_1_188' title='bbox 1490 2911 1644 2976; x_wconf 79' lang='lat' dir='ltr'><strong>conferre.</strong></span> <span class='ocrx_word' id='word_1_189' title='bbox 1682 2913 1740 2977; x_wconf 85' lang='lat' dir='ltr'><strong>Ca·</strong></span> 
     </span>
     <span class='ocr_line' id='line_1_19' title="bbox 407 3003 1740 3089; baseline 0.002 -21"><span class='ocrx_word' id='word_1_190' title='bbox 407 3004 512 3068; x_wconf 86' lang='lat' dir='ltr'><strong>rende</strong></span> <span class='ocrx_word' id='word_1_191' title='bbox 533 3007 628 3069; x_wconf 84' lang='lat' dir='ltr'><strong>etiem</strong></span> <span class='ocrx_word' id='word_1_192' title='bbox 651 3013 701 3070; x_wconf 88' lang='lat' dir='ltr'><strong>est</strong></span> <span class='ocrx_word' id='word_1_193' title='bbox 721 3007 842 3088; x_wconf 88' lang='lat' dir='ltr'><strong>gloriae</strong></span> <span class='ocrx_word' id='word_1_194' title='bbox 864 3005 1040 3087; x_wconf 88' lang='lat' dir='ltr'><strong>cupiditas,</strong></span> <span class='ocrx_word' id='word_1_195' title='bbox 1071 3013 1107 3068; x_wconf 92' lang='lat' dir='ltr'><strong>ut</strong></span> <span class='ocrx_word' id='word_1_196' title='bbox 1134 3025 1230 3089; x_wconf 86' lang='lat' dir='ltr'><strong>supra</strong></span> <span class='ocrx_word' id='word_1_197' title='bbox 1259 3003 1343 3081; x_wconf 79' lang='lat' dir='ltr'><strong>dixi3</strong></span> <span class='ocrx_word' id='word_1_198' title='bbox 1374 3007 1470 3088; x_wconf 89' lang='lat' dir='ltr'><strong>eripit</strong></span> <span class='ocrx_word' id='word_1_199' title='bbox 1499 3008 1582 3069; x_wconf 91' lang='lat' dir='ltr'><strong>enim</strong></span> <span class='ocrx_word' id='word_1_200' title='bbox 1612 3006 1740 3070; x_wconf 91' lang='lat' dir='ltr'><strong>liberta·</strong></span> 
     </span>
     <span class='ocr_line' id='line_1_20' title="bbox 407 3098 1738 3183; baseline 0.001 -22"><span class='ocrx_word' id='word_1_201' title='bbox 407 3105 490 3173; x_wconf 85' lang='lat' dir='ltr'><strong>tem,</strong></span> <span class='ocrx_word' id='word_1_202' title='bbox 518 3119 667 3183; x_wconf 90' lang='lat' dir='ltr'><strong>proque</strong></span> <span class='ocrx_word' id='word_1_203' title='bbox 690 3101 897 3182; x_wconf 75' lang='lat' dir='ltr'><strong>magnanimis</strong></span> <span class='ocrx_word' id='word_1_204' title='bbox 927 3101 1002 3163; x_wconf 87' lang='lat' dir='ltr'><strong>viris</strong></span> <span class='ocrx_word' id='word_1_205' title='bbox 1023 3101 1129 3163; x_wconf 88' lang='lat' dir='ltr'><strong>omnis</strong></span> <span class='ocrx_word' id='word_1_206' title='bbox 1151 3098 1245 3161; x_wconf 88' lang='lat' dir='ltr'><strong>debet</strong></span> <span class='ocrx_word' id='word_1_207' title='bbox 1267 3118 1338 3162; x_wconf 88' lang='lat' dir='ltr'><strong>esse</strong></span> <span class='ocrx_word' id='word_1_208' title='bbox 1359 3100 1533 3163; x_wconf 87' lang='lat' dir='ltr'><strong>contentio.</strong></span> <span class='ocrx_word' id='word_1_209' title='bbox 1576 3101 1641 3162; x_wconf 89' lang='lat' dir='ltr'><strong>Nec</strong></span> <span class='ocrx_word' id='word_1_210' title='bbox 1663 3119 1738 3162; x_wconf 78' lang='lat' dir='ltr'><strong>vern</strong></span> 
     </span>
     <span class='ocr_line' id='line_1_21' title="bbox 407 3190 1777 3278; baseline -0.002 -24"><span class='ocrx_word' id='word_1_211' title='bbox 407 3191 541 3275; x_wconf 84' lang='lat' dir='ltr'><strong>imperia</strong></span> <span class='ocrx_word' id='word_1_212' title='bbox 563 3194 743 3277; x_wconf 84' lang='lat' dir='ltr'><strong>expetenda</strong></span> <span class='ocrx_word' id='word_1_213' title='bbox 764 3214 801 3258; x_wconf 88' lang='lat' dir='ltr'><strong>ee</strong></span> <span class='ocrx_word' id='word_1_214' title='bbox 822 3196 929 3278; x_wconf 90' lang='lat' dir='ltr'><strong>potius</strong></span> <span class='ocrx_word' id='word_1_215' title='bbox 951 3203 1007 3258; x_wconf 90' lang='lat' dir='ltr'><strong>eut</strong></span> <span class='ocrx_word' id='word_1_216' title='bbox 1021 3215 1085 3258; x_wconf 93' lang='lat' dir='ltr'><strong>non</strong></span> <span class='ocrx_word' id='word_1_217' title='bbox 1101 3190 1286 3275; x_wconf 84' lang='lat' dir='ltr'><strong>accipienda</strong></span> <span class='ocrx_word' id='word_1_218' title='bbox 1301 3192 1461 3256; x_wconf 86' lang='lat' dir='ltr'><strong>interdum</strong></span> <span class='ocrx_word' id='word_1_219' title='bbox 1475 3200 1533 3256; x_wconf 93' lang='lat' dir='ltr'><strong>eut</strong></span> <span class='ocrx_word' id='word_1_220' title='bbox 1548 3191 1738 3276; x_wconf 81' lang='lat' dir='ltr'><strong>deponenda</strong></span> <span class='ocrx_word' id='word_1_221' title='bbox 1748 3204 1777 3251; x_wconf 80' lang='lat' dir='ltr'><strong>ro</strong></span> 
     </span>
     <span class='ocr_line' id='line_1_22' title="bbox 409 3285 1739 3372; baseline 0.002 -23"><span class='ocrx_word' id='word_1_222' title='bbox 409 3306 474 3350; x_wconf 91' lang='lat' dir='ltr'><strong>non</strong></span> <span class='ocrx_word' id='word_1_223' title='bbox 490 3307 675 3372; x_wconf 78' lang='lat' dir='ltr'><strong>numquam.</strong></span> <span class='ocrx_word' id='word_1_224' title='bbox 719 3285 770 3350; x_wconf 83' lang='lat'><strong>69.</strong></span> <span class='ocrx_word' id='word_1_225' title='bbox 793 3289 976 3351; x_wconf 79' lang='lat' dir='ltr'><strong>Verendum</strong></span> <span class='ocrx_word' id='word_1_226' title='bbox 998 3297 1105 3352; x_wconf 88' lang='lat' dir='ltr'><strong>eutem</strong></span> <span class='ocrx_word' id='word_1_227' title='bbox 1126 3286 1213 3350; x_wconf 90' lang='lat' dir='ltr'><strong>omni</strong></span> <span class='ocrx_word' id='word_1_228' title='bbox 1229 3295 1278 3351; x_wconf 90' lang='lat' dir='ltr'><strong>est</strong></span> <span class='ocrx_word' id='word_1_229' title='bbox 1290 3287 1388 3350; x_wconf 83' lang='lat' dir='ltr'><strong>enimi</strong></span> <span class='ocrx_word' id='word_1_230' title='bbox 1402 3288 1650 3370; x_wconf 79' lang='lat' dir='ltr'><strong>perturbatione,</strong></span> <span class='ocrx_word' id='word_1_231' title='bbox 1666 3307 1739 3352; x_wconf 93' lang='lat' dir='ltr'><strong>cum</strong></span> 
     </span>
     <span class='ocr_line' id='line_1_23' title="bbox 408 3378 1739 3463; baseline 0.002 -19"><span class='ocrx_word' id='word_1_232' title='bbox 408 3380 582 3463; x_wconf 82' lang='lat' dir='ltr'><strong>cupiditate</strong></span> <span class='ocrx_word' id='word_1_233' title='bbox 605 3390 638 3444; x_wconf 87' lang='lat' dir='ltr'><strong>et</strong></span> <span class='ocrx_word' id='word_1_234' title='bbox 658 3390 762 3456; x_wconf 90' lang='lat' dir='ltr'><strong>metu,</strong></span> <span class='ocrx_word' id='word_1_235' title='bbox 784 3390 851 3446; x_wconf 92' lang='lat' dir='ltr'><strong>tum</strong></span> <span class='ocrx_word' id='word_1_236' title='bbox 873 3382 967 3444; x_wconf 90' lang='lat' dir='ltr'><strong>etiem</strong></span> <span class='ocrx_word' id='word_1_237' title='bbox 990 3378 1188 3463; x_wconf 77' lang='lat' dir='ltr'><strong>aegritudine</strong></span> <span class='ocrx_word' id='word_1_238' title='bbox 1210 3388 1243 3443; x_wconf 90' lang='lat' dir='ltr'><strong>et</strong></span> <span class='ocrx_word' id='word_1_239' title='bbox 1263 3380 1426 3463; x_wconf 83' lang='lat' dir='ltr'><strong>voluptate</strong></span> <span class='ocrx_word' id='word_1_240' title='bbox 1447 3389 1481 3444; x_wconf 87' lang='lat' dir='ltr'><strong>ct</strong></span> <span class='ocrx_word' id='word_1_241' title='bbox 1501 3380 1680 3456; x_wconf 82' lang='lat' dir='ltr'><strong>iracundia,</strong></span> <span class='ocrx_word' id='word_1_242' title='bbox 1703 3391 1739 3447; x_wconf 90' lang='lat' dir='ltr'><strong>nt</strong></span> 
     </span>
     <span class='ocr_line' id='line_1_24' title="bbox 408 3473 1738 3557; baseline 0.002 -20"><span class='ocrx_word' id='word_1_243' title='bbox 408 3473 624 3557; x_wconf 82' lang='lat' dir='ltr'><strong>tranquillitas</strong></span> <span class='ocrx_word' id='word_1_244' title='bbox 652 3475 749 3539; x_wconf 90' lang='lat' dir='ltr'><strong>enimi</strong></span> <span class='ocrx_word' id='word_1_245' title='bbox 773 3484 805 3539; x_wconf 88' lang='lat' dir='ltr'><strong>et</strong></span> <span class='ocrx_word' id='word_1_246' title='bbox 827 3475 982 3538; x_wconf 86' lang='lat' dir='ltr'><strong>securitas</strong></span> <span class='ocrx_word' id='word_1_247' title='bbox 1003 3475 1100 3547; x_wconf 88' lang='lat' dir='ltr'><strong>adsit,</strong></span> <span class='ocrx_word' id='word_1_248' title='bbox 1130 3493 1212 3557; x_wconf 91' lang='lat' dir='ltr'><strong>quae</strong></span> <span class='ocrx_word' id='word_1_249' title='bbox 1234 3474 1326 3538; x_wconf 76' lang='lat' dir='ltr'><strong>effert</strong></span> <span class='ocrx_word' id='word_1_250' title='bbox 1348 3493 1420 3537; x_wconf 92' lang='lat' dir='ltr'><strong>cum</strong></span> <span class='ocrx_word' id='word_1_251' title='bbox 1441 3477 1649 3539; x_wconf 89' lang='lat' dir='ltr'><strong>constentiam</strong></span> <span class='ocrx_word' id='word_1_252' title='bbox 1671 3485 1738 3540; x_wconf 92' lang='lat' dir='ltr'><strong>tum</strong></span> 
     </span>
     <span class='ocr_line' id='line_1_25' title="bbox 409 3566 1739 3653; baseline 0.002 -22"><span class='ocrx_word' id='word_1_253' title='bbox 409 3568 503 3631; x_wconf 90' lang='lat' dir='ltr'><strong>etiem</strong></span> <span class='ocrx_word' id='word_1_254' title='bbox 525 3569 724 3651; x_wconf 86' lang='lat' dir='ltr'><strong>dignitatem.</strong></span> <span class='ocrx_word' id='word_1_255' title='bbox 767 3570 857 3633; x_wconf 89' lang='lat' dir='ltr'><strong>llulti</strong></span> <span class='ocrx_word' id='word_1_256' title='bbox 880 3576 985 3632; x_wconf 89' lang='lat' dir='ltr'><strong>autem</strong></span> <span class='ocrx_word' id='word_1_257' title='bbox 1008 3575 1041 3632; x_wconf 89' lang='lat' dir='ltr'><strong>et</strong></span> <span class='ocrx_word' id='word_1_258' title='bbox 1061 3575 1136 3630; x_wconf 92' lang='lat' dir='ltr'><strong>sunt</strong></span> <span class='ocrx_word' id='word_1_259' title='bbox 1157 3577 1189 3630; x_wconf 89' lang='lat' dir='ltr'><strong>et</strong></span> <span class='ocrx_word' id='word_1_260' title='bbox 1210 3566 1350 3641; x_wconf 80' lang='lat' dir='ltr'><strong>fuerunt,</strong></span> <span class='ocrx_word' id='word_1_261' title='bbox 1374 3568 1429 3651; x_wconf 93' lang='lat' dir='ltr'><strong>qui</strong></span> <span class='ocrx_word' id='word_1_262' title='bbox 1445 3588 1526 3643; x_wconf 87' lang='lat' dir='ltr'><strong>eam,</strong></span> <span class='ocrx_word' id='word_1_263' title='bbox 1544 3590 1640 3653; x_wconf 89' lang='lat' dir='ltr'><strong>quem</strong></span> <span class='ocrx_word' id='word_1_264' title='bbox 1656 3569 1739 3646; x_wconf 92' lang='lat' dir='ltr'><strong>dico,</strong></span> 
     </span>
     <span class='ocr_line' id='line_1_26' title="bbox 408 3661 1776 3750; baseline 0.002 -23"><span class='ocrx_word' id='word_1_265' title='bbox 408 3662 672 3746; x_wconf 83' lang='lat' dir='ltr'><strong>tranquillitatem</strong></span> <span class='ocrx_word' id='word_1_266' title='bbox 693 3672 878 3748; x_wconf 85' lang='lat' dir='ltr'><strong>expetentes</strong></span> <span class='ocrx_word' id='word_1_267' title='bbox 901 3683 920 3727; x_wconf 91' lang='lat' dir='ltr'><strong>e</strong></span> <span class='ocrx_word' id='word_1_268' title='bbox 942 3662 1078 3745; x_wconf 89' lang='lat' dir='ltr'><strong>negotiis</strong></span> <span class='ocrx_word' id='word_1_269' title='bbox 1101 3661 1238 3743; x_wconf 88' lang='lat' dir='ltr'><strong>publicis</strong></span> <span class='ocrx_word' id='word_1_270' title='bbox 1260 3682 1295 3725; x_wconf 87' lang='lat' dir='ltr'><strong>se</strong></span> <span class='ocrx_word' id='word_1_271' title='bbox 1314 3662 1507 3726; x_wconf 77' lang='lat' dir='ltr'><strong>removerint</strong></span> <span class='ocrx_word' id='word_1_272' title='bbox 1520 3665 1560 3728; x_wconf 91' lang='lat' dir='ltr'><strong>ed</strong></span> <span class='ocrx_word' id='word_1_273' title='bbox 1575 3666 1776 3750; x_wconf 68' lang='lat' dir='ltr'><strong>oounqnes</strong></span> 
     </span>
     <span class='ocr_line' id='line_1_27' title="bbox 407 3755 1740 3843; baseline 0.003 -23"><span class='ocrx_word' id='word_1_274' title='bbox 407 3756 620 3840; x_wconf 80' lang='lat' dir='ltr'><strong>perfugerint:</strong></span> <span class='ocrx_word' id='word_1_275' title='bbox 649 3760 682 3822; x_wconf 92' lang='lat' dir='ltr'><strong>in</strong></span> <span class='ocrx_word' id='word_1_276' title='bbox 704 3759 755 3821; x_wconf 91' lang='lat' dir='ltr'><strong>bis</strong></span> <span class='ocrx_word' id='word_1_277' title='bbox 778 3766 810 3821; x_wconf 91' lang='lat' dir='ltr'><strong>et</strong></span> <span class='ocrx_word' id='word_1_278' title='bbox 832 3757 1020 3821; x_wconf 89' lang='lat' dir='ltr'><strong>nobilissimi</strong></span> <span class='ocrx_word' id='word_1_279' title='bbox 1042 3755 1228 3840; x_wconf 88' lang='lat' dir='ltr'><strong>philosophi</strong></span> <span class='ocrx_word' id='word_1_280' title='bbox 1250 3757 1411 3840; x_wconf 91' lang='lat' dir='ltr'><strong>longeque</strong></span> <span class='ocrx_word' id='word_1_281' title='bbox 1432 3758 1591 3842; x_wconf 89' lang='lat' dir='ltr'><strong>principes</strong></span> <span class='ocrx_word' id='word_1_282' title='bbox 1614 3767 1647 3824; x_wconf 88' lang='lat' dir='ltr'><strong>et</strong></span> <span class='ocrx_word' id='word_1_283' title='bbox 1668 3760 1740 3843; x_wconf 93' lang='lat' dir='ltr'><strong>qui·</strong></span> 
     </span>
     <span class='ocr_line' id='line_1_28' title="bbox 408 3850 1739 3934; baseline 0.002 -19"><span class='ocrx_word' id='word_1_284' title='bbox 408 3850 481 3916; x_wconf 88' lang='lat' dir='ltr'><strong>dem</strong></span> <span class='ocrx_word' id='word_1_285' title='bbox 511 3852 657 3916; x_wconf 86' lang='lat' dir='ltr'><strong>homines</strong></span> <span class='ocrx_word' id='word_1_286' title='bbox 686 3852 789 3916; x_wconf 78' lang='lat' dir='ltr'><strong>severi</strong></span> <span class='ocrx_word' id='word_1_287' title='bbox 823 3859 855 3916; x_wconf 88' lang='lat' dir='ltr'><strong>et</strong></span> <span class='ocrx_word' id='word_1_288' title='bbox 883 3871 995 3934; x_wconf 85' lang='lat' dir='ltr'><strong>graves</strong></span> <span class='ocrx_word' id='word_1_289' title='bbox 1024 3871 1083 3914; x_wconf 90' lang='lat' dir='ltr'><strong>nec</strong></span> <span class='ocrx_word' id='word_1_290' title='bbox 1111 3850 1223 3933; x_wconf 93' lang='lat' dir='ltr'><strong>populi</strong></span> <span class='ocrx_word' id='word_1_291' title='bbox 1251 3870 1310 3914; x_wconf 89' lang='lat' dir='ltr'><strong>nec</strong></span> <span class='ocrx_word' id='word_1_292' title='bbox 1330 3851 1507 3934; x_wconf 89' lang='lat' dir='ltr'><strong>principum</strong></span> <span class='ocrx_word' id='word_1_293' title='bbox 1530 3852 1739 3917; x_wconf 78' lang='lat' dir='ltr'><strong>mores&#39;l&#39;erre</strong></span> 
     </span>
     <span class='ocr_line' id='line_1_29' title="bbox 407 3945 1737 4030; baseline 0.002 -21"><span class='ocrx_word' id='word_1_294' title='bbox 407 3952 581 4028; x_wconf 88' lang='lat' dir='ltr'><strong>potuerunt</strong></span> <span class='ocrx_word' id='word_1_295' title='bbox 613 3948 828 4030; x_wconf 85' lang='lat' dir='ltr'><strong>vixeruntque</strong></span> <span class='ocrx_word' id='word_1_296' title='bbox 862 3966 927 4009; x_wconf 92' lang='lat' dir='ltr'><strong>non</strong></span> <span class='ocrx_word' id='word_1_297' title='bbox 958 3946 1038 4009; x_wconf 92' lang='lat' dir='ltr'><strong>nulli</strong></span> <span class='ocrx_word' id='word_1_298' title='bbox 1071 3945 1106 4007; x_wconf 92' lang='lat' dir='ltr'><strong>in</strong></span> <span class='ocrx_word' id='word_1_299' title='bbox 1139 3946 1222 4027; x_wconf 90' lang='lat' dir='ltr'><strong>egris</strong></span> <span class='ocrx_word' id='word_1_300' title='bbox 1252 3945 1400 4009; x_wconf 73' lang='lat' dir='ltr'><strong>delectati</strong></span> <span class='ocrx_word' id='word_1_301' title='bbox 1429 3964 1464 4009; x_wconf 88' lang='lat' dir='ltr'><strong>re</strong></span> <span class='ocrx_word' id='word_1_302' title='bbox 1493 3965 1549 4010; x_wconf 88' lang='lat' dir='ltr'><strong>sna</strong></span> <span class='ocrx_word' id='word_1_303' title='bbox 1578 3945 1737 4011; x_wconf 80' lang='lat' dir='ltr'><strong>familiari.</strong></span> 
     </span>
     <span class='ocr_line' id='line_1_30' title="bbox 408 4036 1738 4123; baseline 0.005 -23"><span class='ocrx_word' id='word_1_304' title='bbox 408 4036 459 4101; x_wconf 87' lang='lat'><strong>70.</strong></span> <span class='ocrx_word' id='word_1_305' title='bbox 482 4040 540 4105; x_wconf 87' lang='lat' dir='ltr'><strong>llis</strong></span> <span class='ocrx_word' id='word_1_306' title='bbox 562 4039 648 4104; x_wconf 89' lang='lat' dir='ltr'><strong>idem</strong></span> <span class='ocrx_word' id='word_1_307' title='bbox 670 4040 868 4123; x_wconf 91' lang='lat' dir='ltr'><strong>propositum</strong></span> <span class='ocrx_word' id='word_1_308' title='bbox 894 4038 956 4102; x_wconf 85' lang='lat' dir='ltr'><strong>init</strong></span> <span class='ocrx_word' id='word_1_309' title='bbox 976 4038 1063 4123; x_wconf 92' lang='lat' dir='ltr'><strong>quod</strong></span> <span class='ocrx_word' id='word_1_310' title='bbox 1086 4040 1232 4121; x_wconf 88' lang='lat' dir='ltr'><strong>regibus,</strong></span> <span class='ocrx_word' id='word_1_311' title='bbox 1260 4048 1358 4102; x_wconf 91' lang='lat' dir='ltr'><strong>utne</strong></span> <span class='ocrx_word' id='word_1_312' title='bbox 1380 4058 1444 4123; x_wconf 89' lang='lat' dir='ltr'><strong>qua</strong></span> <span class='ocrx_word' id='word_1_313' title='bbox 1465 4058 1500 4102; x_wconf 85' lang='lat' dir='ltr'><strong>rs</strong></span> <span class='ocrx_word' id='word_1_314' title='bbox 1522 4048 1668 4122; x_wconf 88' lang='lat' dir='ltr'><strong>egerent,</strong></span> <span class='ocrx_word' id='word_1_315' title='bbox 1697 4061 1738 4106; x_wconf 87' lang='lat' dir='ltr'><strong>ne</strong></span> 
     </span>
     <span class='ocr_line' id='line_1_31' title="bbox 408 4132 1776 4216; baseline -0.003 -21"><span class='ocrx_word' id='word_1_316' title='bbox 408 4134 459 4196; x_wconf 94' lang='lat' dir='ltr'><strong>cui</strong></span> <span class='ocrx_word' id='word_1_317' title='bbox 481 4142 637 4216; x_wconf 89' lang='lat' dir='ltr'><strong>parerent,</strong></span> <span class='ocrx_word' id='word_1_318' title='bbox 660 4135 807 4198; x_wconf 87' lang='lat' dir='ltr'><strong>libertate</strong></span> <span class='ocrx_word' id='word_1_319' title='bbox 830 4142 1004 4206; x_wconf 88' lang='lat' dir='ltr'><strong>uterentur,</strong></span> <span class='ocrx_word' id='word_1_320' title='bbox 1026 4134 1118 4196; x_wconf 91' lang='lat' dir='ltr'><strong>cuius</strong></span> <span class='ocrx_word' id='word_1_321' title='bbox 1141 4133 1304 4216; x_wconf 86' lang='lat' dir='ltr'><strong>proprium</strong></span> <span class='ocrx_word' id='word_1_322' title='bbox 1327 4132 1442 4195; x_wconf 84' lang='lat' dir='ltr'><strong>ostric</strong></span> <span class='ocrx_word' id='word_1_323' title='bbox 1464 4133 1585 4206; x_wconf 82' lang='lat' dir='ltr'><strong>vivere,</strong></span> <span class='ocrx_word' id='word_1_324' title='bbox 1600 4142 1635 4197; x_wconf 89' lang='lat' dir='ltr'><strong>ut</strong></span> <span class='ocrx_word' id='word_1_325' title='bbox 1649 4134 1776 4197; x_wconf 76' lang='lat' dir='ltr'><strong>relisae</strong></span> 
     </span>
     <span class='ocr_line' id='line_1_32' title="bbox 409 4226 1738 4311; baseline 0.002 -21"><span class='ocrx_word' id='word_1_326' title='bbox 409 4228 496 4291; x_wconf 81' lang='lat' dir='ltr'><strong>XXI.</strong></span> <span class='ocrx_word' id='word_1_327' title='bbox 525 4227 632 4304; x_wconf 86' lang='lat' dir='ltr'><strong>Quare</strong></span> <span class='ocrx_word' id='word_1_328' title='bbox 655 4226 726 4293; x_wconf 88' lang='lat' dir='ltr'><strong>cum</strong></span> <span class='ocrx_word' id='word_1_329' title='bbox 748 4232 808 4291; x_wconf 88' lang='lat' dir='ltr'><strong>bec</strong></span> <span class='ocrx_word' id='word_1_330' title='bbox 831 4247 996 4291; x_wconf 90' lang='lat' dir='ltr'><strong>commune</strong></span> <span class='ocrx_word' id='word_1_331' title='bbox 1019 4229 1061 4290; x_wconf 85' lang='lat' dir='ltr'><strong>sit</strong></span> <span class='ocrx_word' id='word_1_332' title='bbox 1083 4229 1243 4310; x_wconf 86' lang='lat' dir='ltr'><strong>potentiee</strong></span> <span class='ocrx_word' id='word_1_333' title='bbox 1266 4227 1453 4311; x_wconf 90' lang='lat' dir='ltr'><strong>cupidorum</strong></span> <span class='ocrx_word' id='word_1_334' title='bbox 1476 4247 1548 4290; x_wconf 94' lang='lat' dir='ltr'><strong>cum</strong></span> <span class='ocrx_word' id='word_1_335' title='bbox 1571 4228 1627 4304; x_wconf 93' lang='lat' dir='ltr'><strong>iis,</strong></span> <span class='ocrx_word' id='word_1_336' title='bbox 1656 4249 1738 4311; x_wconf 87' lang='lat' dir='ltr'><strong>quos</strong></span> 
     </span>
     <span class='ocr_line' id='line_1_33' title="bbox 409 4320 1739 4407; baseline 0.005 -25"><span class='ocrx_word' id='word_1_337' title='bbox 409 4320 494 4395; x_wconf 85' lang='lat' dir='ltr'><strong>dixi,</strong></span> <span class='ocrx_word' id='word_1_338' title='bbox 523 4323 650 4397; x_wconf 91' lang='lat' dir='ltr'><strong>otiosis,</strong></span> <span class='ocrx_word' id='word_1_339' title='bbox 680 4324 772 4387; x_wconf 88' lang='lat' dir='ltr'><strong>elteri</strong></span> <span class='ocrx_word' id='word_1_340' title='bbox 805 4345 838 4386; x_wconf 89' lang='lat' dir='ltr'><strong>se</strong></span> <span class='ocrx_word' id='word_1_341' title='bbox 868 4322 1002 4404; x_wconf 83' lang='lat' dir='ltr'><strong>adipisci</strong></span> <span class='ocrx_word' id='word_1_342' title='bbox 1033 4320 1062 4385; x_wconf 91' lang='lat' dir='ltr'><strong>id</strong></span> <span class='ocrx_word' id='word_1_343' title='bbox 1095 4341 1189 4405; x_wconf 90' lang='lat' dir='ltr'><strong>posse</strong></span> <span class='ocrx_word' id='word_1_344' title='bbox 1218 4322 1425 4395; x_wconf 87' lang='lat' dir='ltr'><strong>arbitrentur,</strong></span> <span class='ocrx_word' id='word_1_345' title='bbox 1453 4323 1480 4386; x_wconf 91' lang='lat' dir='ltr'><strong>si</strong></span> <span class='ocrx_word' id='word_1_346' title='bbox 1509 4341 1588 4405; x_wconf 87' lang='lat' dir='ltr'><strong>opes</strong></span> <span class='ocrx_word' id='word_1_347' title='bbox 1610 4342 1739 4407; x_wconf 86' lang='lat' dir='ltr'><strong>magnas</strong></span> 
     </span>
     <span class='ocr_line' id='line_1_34' title="bbox 408 4414 1739 4500; baseline 0.001 -21"><span class='ocrx_word' id='word_1_348' title='bbox 408 4414 564 4488; x_wconf 87' lang='lat' dir='ltr'><strong>babeant,</strong></span> <span class='ocrx_word' id='word_1_349' title='bbox 593 4416 703 4489; x_wconf 88' lang='lat' dir='ltr'><strong>alteri,</strong></span> <span class='ocrx_word' id='word_1_350' title='bbox 733 4418 760 4480; x_wconf 90' lang='lat' dir='ltr'><strong>si</strong></span> <span class='ocrx_word' id='word_1_351' title='bbox 790 4416 933 4479; x_wconf 89' lang='lat' dir='ltr'><strong>contenti</strong></span> <span class='ocrx_word' id='word_1_352' title='bbox 963 4416 1028 4478; x_wconf 85' lang='lat' dir='ltr'><strong>sint</strong></span> <span class='ocrx_word' id='word_1_353' title='bbox 1057 4423 1090 4478; x_wconf 88' lang='lat' dir='ltr'><strong>et</strong></span> <span class='ocrx_word' id='word_1_354' title='bbox 1116 4435 1176 4478; x_wconf 94' lang='lat' dir='ltr'><strong>suo</strong></span> <span class='ocrx_word' id='word_1_355' title='bbox 1204 4423 1235 4478; x_wconf 91' lang='lat' dir='ltr'><strong>et</strong></span> <span class='ocrx_word' id='word_1_356' title='bbox 1257 4435 1363 4497; x_wconf 82' lang='lat' dir='ltr'><strong>perro.</strong></span> <span class='ocrx_word' id='word_1_357' title='bbox 1408 4416 1444 4478; x_wconf 90' lang='lat' dir='ltr'><strong>In</strong></span> <span class='ocrx_word' id='word_1_358' title='bbox 1467 4437 1531 4500; x_wconf 91' lang='lat' dir='ltr'><strong>qno</strong></span> <span class='ocrx_word' id='word_1_359' title='bbox 1553 4426 1739 4480; x_wconf 86' lang='lat' dir='ltr'><strong>neutrorum</strong></span> 
     </span>
     <span class='ocr_line' id='line_1_35' title="bbox 410 4508 1739 4584; baseline 0.002 -12"><span class='ocrx_word' id='word_1_360' title='bbox 410 4511 540 4574; x_wconf 91' lang='lat' dir='ltr'><strong>omnino</strong></span> <span class='ocrx_word' id='word_1_361' title='bbox 570 4512 801 4575; x_wconf 87' lang='lat' dir='ltr'><strong>contemnenda</strong></span> <span class='ocrx_word' id='word_1_362' title='bbox 829 4510 985 4575; x_wconf 87' lang='lat' dir='ltr'><strong>sententia</strong></span> <span class='ocrx_word' id='word_1_363' title='bbox 1014 4518 1079 4584; x_wconf 90' lang='lat' dir='ltr'><strong>est,</strong></span> <span class='ocrx_word' id='word_1_364' title='bbox 1112 4510 1166 4571; x_wconf 92' lang='lat' dir='ltr'><strong>sed</strong></span> <span class='ocrx_word' id='word_1_365' title='bbox 1199 4518 1230 4572; x_wconf 90' lang='lat' dir='ltr'><strong>et</strong></span> <span class='ocrx_word' id='word_1_366' title='bbox 1258 4508 1384 4572; x_wconf 78' lang='lat' dir='ltr'><strong>fecilior</strong></span> <span class='ocrx_word' id='word_1_367' title='bbox 1412 4517 1444 4573; x_wconf 89' lang='lat' dir='ltr'><strong>st</strong></span> <span class='ocrx_word' id='word_1_368' title='bbox 1464 4510 1560 4573; x_wconf 86' lang='lat' dir='ltr'><strong>tutior</strong></span> <span class='ocrx_word' id='word_1_369' title='bbox 1582 4519 1613 4575; x_wconf 88' lang='lat' dir='ltr'><strong>et</strong></span> <span class='ocrx_word' id='word_1_370' title='bbox 1635 4512 1739 4575; x_wconf 92' lang='lat' dir='ltr'><strong>minus</strong></span> 
     </span>
     <span class='ocr_line' id='line_1_36' title="bbox 409 4601 1776 4687; baseline 0.002 -20"><span class='ocrx_word' id='word_1_371' title='bbox 409 4604 481 4667; x_wconf 84' lang='lat' dir='ltr'><strong>aliis</strong></span> <span class='ocrx_word' id='word_1_372' title='bbox 503 4605 608 4687; x_wconf 82' lang='lat' dir='ltr'><strong>gravis</strong></span> <span class='ocrx_word' id='word_1_373' title='bbox 630 4614 685 4669; x_wconf 92' lang='lat' dir='ltr'><strong>aut</strong></span> <span class='ocrx_word' id='word_1_374' title='bbox 706 4604 841 4668; x_wconf 84' lang='lat' dir='ltr'><strong>moleste</strong></span> <span class='ocrx_word' id='word_1_375' title='bbox 863 4605 927 4668; x_wconf 84' lang='lat' dir='ltr'><strong>vite</strong></span> <span class='ocrx_word' id='word_1_376' title='bbox 948 4611 997 4668; x_wconf 87' lang='lat' dir='ltr'><strong>est</strong></span> <span class='ocrx_word' id='word_1_377' title='bbox 1018 4604 1214 4679; x_wconf 87' lang='lat' dir='ltr'><strong>otiosorum,</strong></span> <span class='ocrx_word' id='word_1_378' title='bbox 1235 4601 1428 4668; x_wconf 76' lang='lat' dir='ltr'><strong>fructuosior</strong></span> <span class='ocrx_word' id='word_1_379' title='bbox 1448 4612 1553 4669; x_wconf 87' lang='lat' dir='ltr'><strong>eutem</strong></span> <span class='ocrx_word' id='word_1_380' title='bbox 1575 4606 1776 4671; x_wconf 78' lang='lat' dir='ltr'><strong>bominum³l</strong></span> 
     </span>
    </p>
   </div>
   <div class='ocr_carea' id='block_1_3' title="bbox 408 4901 1744 6071">
    <p class='ocr_par' dir='ltr' id='par_1_3' title="bbox 408 4901 1744 6020">
     <span class='ocr_line' id='line_1_37' title="bbox 475 4901 1737 4966; baseline 0.002 -13"><span class='ocrx_word' id='word_1_381' title='bbox 475 4905 499 4954; x_wconf 89' lang='grc' dir='ltr'><strong>Ι.</strong></span> <span class='ocrx_word' id='word_1_382' title='bbox 517 4918 575 4954; x_wconf 86' lang='lat' dir='ltr'><strong>cum</strong></span> <span class='ocrx_word' id='word_1_383' title='bbox 592 4904 726 4955; x_wconf 77' lang='lat' dir='ltr'><strong>Alillsb:</strong></span> <span class='ocrx_word' id='word_1_384' title='bbox 745 4909 798 4953; x_wconf 75' lang='lat' dir='ltr'><strong>tun</strong></span> <span class='ocrx_word' id='word_1_385' title='bbox 815 4914 873 4966; x_wconf 88' lang='lat' dir='ltr'><strong>epo</strong></span> <span class='ocrx_word' id='word_1_386' title='bbox 894 4929 921 4938; x_wconf 87' lang='lat'>-</span> <span class='ocrx_word' id='word_1_387' title='bbox 940 4908 993 4951; x_wconf 79' lang='lat' dir='ltr'><strong>tum</strong></span> <span class='ocrx_word' id='word_1_388' title='bbox 1010 4904 1123 4953; x_wconf 69' lang='lat' dir='ltr'><strong>ollem</strong></span> <span class='ocrx_word' id='word_1_389' title='bbox 1138 4915 1217 4953; x_wconf 83' lang='lat' dir='ltr'><strong>ceusu</strong></span> <span class='ocrx_word' id='word_1_390' title='bbox 1234 4914 1353 4964; x_wconf 76' lang='lat' dir='ltr'><strong>rerump</strong></span> <span class='ocrx_word' id='word_1_391' title='bbox 1373 4927 1400 4937; x_wconf 97' lang='lat'>-</span> <span class='ocrx_word' id='word_1_392' title='bbox 1419 4901 1737 4955; x_wconf 67' lang='lat' dir='ltr'><strong>ecunmmrmene-</strong></span> 
     </span>
     <span class='ocr_line' id='line_1_38' title="bbox 409 4976 1740 5043; baseline 0.001 -15"><span class='ocrx_word' id='word_1_393' title='bbox 409 4979 549 5043; x_wconf 79' lang='lat' dir='ltr'><strong>mnplitudo</strong></span> <span class='ocrx_word' id='word_1_394' title='bbox 571 4981 606 5030; x_wconf 90' lang='lat' dir='ltr'><strong>C:</strong></span> <span class='ocrx_word' id='word_1_395' title='bbox 634 4980 811 5042; x_wconf 79' lang='lat' dir='ltr'><strong>etampiitudo</strong></span> <span class='ocrx_word' id='word_1_396' title='bbox 834 4992 859 5029; x_wconf 90' lang='lat' dir='ltr'><strong>o.</strong></span> <span class='ocrx_word' id='word_1_397' title='bbox 895 4977 933 5029; x_wconf 69' lang='grc' dir='ltr'><strong>(ΣΙ.</strong></span> <span class='ocrx_word' id='word_1_398' title='bbox 953 4978 987 5028; x_wconf 90' lang='lat' dir='ltr'><strong>ed</strong></span> <span class='ocrx_word' id='word_1_399' title='bbox 1005 4977 1095 5029; x_wconf 84' lang='lat' dir='ltr'><strong>Femil.</strong></span> <span class='ocrx_word' id='word_1_400' title='bbox 1114 4979 1161 5037; x_wconf 89' lang='grc' dir='ltr'>ΙΙΙ,</span> <span class='ocrx_word' id='word_1_401' title='bbox 1180 4977 1242 5038; x_wconf 63' lang='lat' dir='ltr'><strong>zo.</strong></span> <span class='ocrx_word' id='word_1_402' title='bbox 1271 5002 1299 5012; x_wconf 91' lang='lat'>-</span> <span class='ocrx_word' id='word_1_403' title='bbox 1332 4976 1357 5026; x_wconf 81' lang='grc'><strong>3.</strong></span> <span class='ocrx_word' id='word_1_404' title='bbox 1375 4981 1411 5026; x_wconf 82' lang='lat' dir='ltr'><strong>est</strong></span> <span class='ocrx_word' id='word_1_405' title='bbox 1431 4976 1620 5028; x_wconf 85' lang='lat' dir='ltr'><strong>inlleresum</strong></span> <span class='ocrx_word' id='word_1_406' title='bbox 1638 4982 1688 5029; x_wconf 86' lang='lat' dir='ltr'><strong>est.</strong></span> <span class='ocrx_word' id='word_1_407' title='bbox 1707 5007 1740 5018; x_wconf 92' lang='lat'>-</span> 
     </span>
     <span class='ocr_line' id='line_1_39' title="bbox 409 5052 1736 5119; baseline 0 -14"><span class='ocrx_word' id='word_1_408' title='bbox 409 5053 600 5105; x_wconf 66' lang='lat' dir='ltr'><strong>lenimento</strong></span> <span class='ocrx_word' id='word_1_409' title='bbox 628 5080 654 5091; x_wconf 92' lang='lat'><em>-</em></span> <span class='ocrx_word' id='word_1_410' title='bbox 685 5054 861 5119; x_wconf 80' lang='lat' dir='ltr'><strong>b.riet]stsi</strong></span> <span class='ocrx_word' id='word_1_411' title='bbox 883 5055 956 5106; x_wconf 77' lang='lat' dir='ltr'><strong>Asb</strong></span> <span class='ocrx_word' id='word_1_412' title='bbox 987 5081 1013 5089; x_wconf 92' lang='lat'>—</span> <span class='ocrx_word' id='word_1_413' title='bbox 1044 5054 1250 5116; x_wconf 62' lang='lat' dir='ltr'><strong>&amp;simpuio</strong></span> <span class='ocrx_word' id='word_1_414' title='bbox 1280 5077 1307 5087; x_wconf 93' lang='lat'><em>-</em></span> <span class='ocrx_word' id='word_1_415' title='bbox 1337 5052 1736 5115; x_wconf 65' lang='lat' dir='ltr'><strong>ltdiscedotsicbiiquec-</strong></span> 
     </span>
     <span class='ocr_line' id='line_1_40' title="bbox 408 5125 1740 5193; baseline 0 -15"><span class='ocrx_word' id='word_1_416' title='bbox 408 5129 512 5191; x_wconf 67' lang='lat' dir='ltr'><strong>roonis]</strong></span> <span class='ocrx_word' id='word_1_417' title='bbox 529 5129 685 5179; x_wconf 83' lang='lat' dir='ltr'><strong>becrobusti</strong></span> <span class='ocrx_word' id='word_1_418' title='bbox 710 5144 728 5180; x_wconf 83' lang='lat' dir='ltr'><strong>s</strong></span> <span class='ocrx_word' id='word_1_419' title='bbox 756 5155 783 5167; x_wconf 90' lang='lat'>-</span> <span class='ocrx_word' id='word_1_420' title='bbox 817 5136 853 5180; x_wconf 81' lang='lat' dir='ltr'><strong>set</strong></span> <span class='ocrx_word' id='word_1_421' title='bbox 876 5130 1089 5193; x_wconf 87' lang='lat' dir='ltr'><strong>superscriptum</strong></span> <span class='ocrx_word' id='word_1_422' title='bbox 1115 5130 1157 5178; x_wconf 89' lang='lat' dir='ltr'><strong>est</strong></span> <span class='ocrx_word' id='word_1_423' title='bbox 1182 5129 1206 5176; x_wconf 88' lang='lat' dir='ltr'><strong>in</strong></span> <span class='ocrx_word' id='word_1_424' title='bbox 1231 5127 1262 5187; x_wconf 88' lang='lat' dir='ltr'><strong>b,</strong></span> <span class='ocrx_word' id='word_1_425' title='bbox 1289 5138 1396 5177; x_wconf 83' lang='lat' dir='ltr'><strong>erasum</strong></span> <span class='ocrx_word' id='word_1_426' title='bbox 1414 5127 1479 5176; x_wconf 81' lang='lat' dir='ltr'><strong>iuA</strong></span> <span class='ocrx_word' id='word_1_427' title='bbox 1507 5151 1535 5163; x_wconf 95' lang='lat'>-</span> <span class='ocrx_word' id='word_1_428' title='bbox 1569 5125 1609 5176; x_wconf 76' lang='lat'><strong>⁴3.</strong></span> <span class='ocrx_word' id='word_1_429' title='bbox 1628 5129 1740 5179; x_wconf 65' lang='lat' dir='ltr'><strong>semet-</strong></span> 
     </span>
     <span class='ocr_line' id='line_1_41' title="bbox 408 5200 1739 5268; baseline 0.002 -15"><span class='ocrx_word' id='word_1_430' title='bbox 408 5208 508 5254; x_wconf 79' lang='lat' dir='ltr'><strong>ctsrno</strong></span> <span class='ocrx_word' id='word_1_431' title='bbox 536 5232 562 5241; x_wconf 95' lang='lat'>-</span> <span class='ocrx_word' id='word_1_432' title='bbox 590 5205 629 5255; x_wconf 87' lang='grc' dir='ltr'><strong>ΙΙ.</strong></span> <span class='ocrx_word' id='word_1_433' title='bbox 646 5207 753 5256; x_wconf 80' lang='lat' dir='ltr'><strong>citando</strong></span> <span class='ocrx_word' id='word_1_434' title='bbox 769 5205 822 5255; x_wconf 92' lang='lat' dir='ltr'><strong>duo</strong></span> <span class='ocrx_word' id='word_1_435' title='bbox 840 5205 920 5256; x_wconf 91' lang='lat' dir='ltr'><strong>codd.</strong></span> <span class='ocrx_word' id='word_1_436' title='bbox 933 5202 1175 5268; x_wconf 79' lang='lat' dir='ltr'><strong>Guelpberbytanl:</strong></span> <span class='ocrx_word' id='word_1_437' title='bbox 1199 5204 1308 5253; x_wconf 75' lang='lat' dir='ltr'><strong>videndo</strong></span> <span class='ocrx_word' id='word_1_438' title='bbox 1325 5203 1398 5264; x_wconf 86' lang='lat' dir='ltr'><strong>Cpo,</strong></span> <span class='ocrx_word' id='word_1_439' title='bbox 1416 5201 1505 5266; x_wconf 77' lang='lat' dir='ltr'><strong>«quod</strong></span> <span class='ocrx_word' id='word_1_440' title='bbox 1523 5200 1601 5266; x_wconf 89' lang='lat' dir='ltr'><strong>plane</strong></span> <span class='ocrx_word' id='word_1_441' title='bbox 1619 5204 1739 5267; x_wconf 86' lang='lat' dir='ltr'><strong>ineptum</strong></span> 
     </span>
     <span class='ocr_line' id='line_1_42' title="bbox 410 5277 1739 5345; baseline 0.001 -15"><span class='ocrx_word' id='word_1_442' title='bbox 410 5284 459 5330; x_wconf 89' lang='lat' dir='ltr'><strong>est.</strong></span> <span class='ocrx_word' id='word_1_443' title='bbox 491 5281 579 5330; x_wconf 83' lang='lat' dir='ltr'><strong>Videre</strong></span> <span class='ocrx_word' id='word_1_444' title='bbox 595 5284 683 5344; x_wconf 85' lang='lat' dir='ltr'><strong>potest</strong></span> <span class='ocrx_word' id='word_1_445' title='bbox 700 5280 762 5332; x_wconf 90' lang='lat' dir='ltr'><strong>illud</strong></span> <span class='ocrx_word' id='word_1_446' title='bbox 780 5281 889 5345; x_wconf 88' lang='lat' dir='ltr'><strong>quidem</strong></span> <span class='ocrx_word' id='word_1_447' title='bbox 908 5279 980 5330; x_wconf 87' lang='lat' dir='ltr'><strong>idem</strong></span> <span class='ocrx_word' id='word_1_448' title='bbox 998 5291 1058 5329; x_wconf 87' lang='lat' dir='ltr'><strong>esse</strong></span> <span class='ocrx_word' id='word_1_449' title='bbox 1075 5280 1156 5341; x_wconf 85' lang='lat' dir='ltr'><strong>etque</strong></span> <span class='ocrx_word' id='word_1_450' title='bbox 1171 5279 1314 5341; x_wconf 76' lang='lat' dir='ltr'><strong>prouidere,</strong></span> <span class='ocrx_word' id='word_1_451' title='bbox 1332 5291 1437 5338; x_wconf 71' lang='lat' dir='ltr'><strong>wore,</strong></span> <span class='ocrx_word' id='word_1_452' title='bbox 1460 5277 1509 5329; x_wconf 90' lang='lat' dir='ltr'><strong>sed</strong></span> <span class='ocrx_word' id='word_1_453' title='bbox 1526 5278 1552 5327; x_wconf 93' lang='lat' dir='ltr'><strong>b.</strong></span> <span class='ocrx_word' id='word_1_454' title='bbox 1571 5277 1588 5329; x_wconf 93' lang='lat' dir='ltr'><strong>l.</strong></span> <span class='ocrx_word' id='word_1_455' title='bbox 1609 5281 1739 5330; x_wconf 87' lang='lat' dir='ltr'><strong>contrarie</strong></span> 
     </span>
     <span class='ocr_line' id='line_1_43' title="bbox 409 5351 1739 5418; baseline 0.001 -14"><span class='ocrx_word' id='word_1_456' title='bbox 409 5356 482 5404; x_wconf 87' lang='lat' dir='ltr'><strong>notio</strong></span> <span class='ocrx_word' id='word_1_457' title='bbox 500 5353 674 5418; x_wconf 69' lang='lat' dir='ltr'><strong>postuletur·</strong></span> <span class='ocrx_word' id='word_1_458' title='bbox 694 5357 772 5405; x_wconf 76' lang='lat' dir='ltr'><strong>Lern.</strong></span> <span class='ocrx_word' id='word_1_459' title='bbox 794 5381 821 5392; x_wconf 93' lang='lat'><em>-</em></span> <span class='ocrx_word' id='word_1_460' title='bbox 841 5358 882 5407; x_wconf 79' lang='lat' dir='ltr'><strong>lb.</strong></span> <span class='ocrx_word' id='word_1_461' title='bbox 900 5356 943 5405; x_wconf 82' lang='lat' dir='ltr'><strong>Nil</strong></span> <span class='ocrx_word' id='word_1_462' title='bbox 961 5354 978 5413; x_wconf 82' lang='grc' dir='ltr'><strong>ΙΙ</strong></span> <span class='ocrx_word' id='word_1_463' title='bbox 995 5355 1020 5403; x_wconf 92' lang='lat' dir='ltr'><strong>in</strong></span> <span class='ocrx_word' id='word_1_464' title='bbox 1039 5365 1092 5403; x_wconf 91' lang='lat' dir='ltr'><strong>ras.</strong></span> <span class='ocrx_word' id='word_1_465' title='bbox 1111 5351 1188 5402; x_wconf 90' lang='lat' dir='ltr'><strong>duar.</strong></span> <span class='ocrx_word' id='word_1_466' title='bbox 1206 5351 1267 5413; x_wconf 86' lang='lat' dir='ltr'><strong>litt.)</strong></span> <span class='ocrx_word' id='word_1_467' title='bbox 1284 5364 1299 5402; x_wconf 90' lang='lat' dir='ltr'><strong>o</strong></span> <span class='ocrx_word' id='word_1_468' title='bbox 1318 5379 1345 5390; x_wconf 93' lang='lat'><em>-</em></span> <span class='ocrx_word' id='word_1_469' title='bbox 1365 5357 1399 5402; x_wconf 82' lang='lat' dir='ltr'><strong>cst</strong></span> <span class='ocrx_word' id='word_1_470' title='bbox 1416 5364 1554 5417; x_wconf 88' lang='lat' dir='ltr'><strong>superscr.</strong></span> <span class='ocrx_word' id='word_1_471' title='bbox 1572 5354 1597 5404; x_wconf 87' lang='lat' dir='ltr'><strong>in</strong></span> <span class='ocrx_word' id='word_1_472' title='bbox 1614 5355 1631 5405; x_wconf 92' lang='lat' dir='ltr'><strong>b</strong></span> <span class='ocrx_word' id='word_1_473' title='bbox 1651 5380 1677 5390; x_wconf 89' lang='lat'>-</span> <span class='ocrx_word' id='word_1_474' title='bbox 1697 5355 1739 5406; x_wconf 81' lang='grc' dir='ltr'><strong>ΙΙ.</strong></span> 
     </span>
     <span class='ocr_line' id='line_1_44' title="bbox 410 5427 1742 5494; baseline 0 -15"><span class='ocrx_word' id='word_1_475' title='bbox 410 5430 432 5479; x_wconf 85' lang='lat' dir='ltr'><strong>ri</strong></span> <span class='ocrx_word' id='word_1_476' title='bbox 447 5430 538 5480; x_wconf 82' lang='lat' dir='ltr'><strong>babens</strong></span> <span class='ocrx_word' id='word_1_477' title='bbox 554 5444 608 5481; x_wconf 90' lang='lat' dir='ltr'><strong>orn.</strong></span> <span class='ocrx_word' id='word_1_478' title='bbox 623 5434 643 5480; x_wconf 87' lang='grc' dir='ltr'><strong>Α</strong></span> <span class='ocrx_word' id='word_1_479' title='bbox 664 5456 691 5466; x_wconf 89' lang='lat'><em>-</em></span> <span class='ocrx_word' id='word_1_480' title='bbox 710 5430 894 5494; x_wconf 62' lang='lat' dir='ltr'><strong>Mamercium</strong></span> <span class='ocrx_word' id='word_1_481' title='bbox 911 5430 948 5479; x_wconf 86' lang='lat' dir='ltr'><strong>ll:</strong></span> <span class='ocrx_word' id='word_1_482' title='bbox 966 5428 1159 5491; x_wconf 64' lang='lat' dir='ltr'><strong>benetidentiom</strong></span> <span class='ocrx_word' id='word_1_483' title='bbox 1175 5428 1308 5490; x_wconf 77' lang='lat' dir='ltr'><strong>aosnop</strong></span> <span class='ocrx_word' id='word_1_484' title='bbox 1328 5453 1355 5464; x_wconf 91' lang='lat'>-</span> <span class='ocrx_word' id='word_1_485' title='bbox 1379 5427 1420 5478; x_wconf 78' lang='grc'><strong>48.</strong></span> <span class='ocrx_word' id='word_1_486' title='bbox 1439 5429 1515 5478; x_wconf 84' lang='lat' dir='ltr'><strong>etiam</strong></span> <span class='ocrx_word' id='word_1_487' title='bbox 1531 5433 1567 5477; x_wconf 82' lang='lat' dir='ltr'><strong>stt</strong></span> <span class='ocrx_word' id='word_1_488' title='bbox 1582 5429 1686 5479; x_wconf 67' lang='lat' dir='ltr'><strong>eliab:</strong></span> <span class='ocrx_word' id='word_1_489' title='bbox 1705 5434 1742 5479; x_wconf 81' lang='lat' dir='ltr'><strong>ert</strong></span> 
     </span>
     <span class='ocr_line' id='line_1_45' title="bbox 410 5501 1739 5565; baseline 0 -11"><span class='ocrx_word' id='word_1_490' title='bbox 410 5506 574 5555; x_wconf 77' lang='lat' dir='ltr'><strong>etiomllco</strong></span> <span class='ocrx_word' id='word_1_491' title='bbox 604 5533 630 5540; x_wconf 98' lang='lat'><em>-</em></span> <span class='ocrx_word' id='word_1_492' title='bbox 661 5507 890 5556; x_wconf 70' lang='lat' dir='ltr'><strong>ilosimiesto</strong></span> <span class='ocrx_word' id='word_1_493' title='bbox 920 5531 947 5542; x_wconf 92' lang='lat'>-</span> <span class='ocrx_word' id='word_1_494' title='bbox 977 5501 1209 5553; x_wconf 58' lang='lat' dir='ltr'><strong>condenso:</strong></span> <span class='ocrx_word' id='word_1_495' title='bbox 1240 5505 1383 5552; x_wconf 66' lang='lat' dir='ltr'><strong>mereo</strong></span> <span class='ocrx_word' id='word_1_496' title='bbox 1413 5529 1440 5538; x_wconf 92' lang='lat'>-</span> <span class='ocrx_word' id='word_1_497' title='bbox 1470 5502 1739 5565; x_wconf 63' lang='lat' dir='ltr'><strong>recommisceri.</strong></span> 
     </span>
     <span class='ocr_line' id='line_1_46' title="bbox 411 5578 1741 5644; baseline -0.001 -15"><span class='ocrx_word' id='word_1_498' title='bbox 411 5578 664 5644; x_wconf 85' lang='lat' dir='ltr'><strong>Guclpberbytenus</strong></span> <span class='ocrx_word' id='word_1_499' title='bbox 681 5582 788 5629; x_wconf 85' lang='lat' dir='ltr'><strong>tertius:</strong></span> <span class='ocrx_word' id='word_1_500' title='bbox 806 5580 935 5642; x_wconf 74' lang='lat' dir='ltr'><strong>uoluptate</strong></span> <span class='ocrx_word' id='word_1_501' title='bbox 951 5580 1030 5629; x_wconf 77' lang='lat' dir='ltr'><strong>ocimi</strong></span> <span class='ocrx_word' id='word_1_502' title='bbox 1047 5579 1174 5636; x_wconf 77' lang='grc' dir='ltr'>ΑΗιΙΙος</span> <span class='ocrx_word' id='word_1_503' title='bbox 1193 5580 1411 5641; x_wconf 79' lang='lat' dir='ltr'><strong>uoluptatenimio</strong></span> <span class='ocrx_word' id='word_1_504' title='bbox 1429 5590 1458 5637; x_wconf 84' lang='lat' dir='ltr'><strong>o;</strong></span> <span class='ocrx_word' id='word_1_505' title='bbox 1477 5583 1502 5628; x_wconf 78' lang='lat' dir='ltr'><strong>et</strong></span> <span class='ocrx_word' id='word_1_506' title='bbox 1517 5580 1646 5641; x_wconf 78' lang='lat' dir='ltr'><strong>uoluptate</strong></span> <span class='ocrx_word' id='word_1_507' title='bbox 1662 5581 1741 5629; x_wconf 83' lang='lat' dir='ltr'><strong>ocimi</strong></span> 
     </span>
     <span class='ocr_line' id='line_1_47' title="bbox 410 5653 1742 5720; baseline 0 -16"><span class='ocrx_word' id='word_1_508' title='bbox 410 5658 434 5704; x_wconf 80' lang='lat' dir='ltr'><strong>et</strong></span> <span class='ocrx_word' id='word_1_509' title='bbox 449 5657 570 5704; x_wconf 70' lang='grc' dir='ltr'><strong>ιωιιήιαι</strong></span> <span class='ocrx_word' id='word_1_510' title='bbox 587 5654 696 5711; x_wconf 85' lang='lat' dir='ltr'><strong>(mediis</strong></span> <span class='ocrx_word' id='word_1_511' title='bbox 714 5656 835 5714; x_wconf 87' lang='lat' dir='ltr'><strong>omissis,</strong></span> <span class='ocrx_word' id='word_1_512' title='bbox 854 5656 880 5704; x_wconf 94' lang='lat' dir='ltr'><strong>in</strong></span> <span class='ocrx_word' id='word_1_513' title='bbox 899 5667 982 5717; x_wconf 84' lang='lat' dir='ltr'><strong>marg.</strong></span> <span class='ocrx_word' id='word_1_514' title='bbox 1003 5667 1039 5703; x_wconf 92' lang='lat' dir='ltr'><strong>m.</strong></span> <span class='ocrx_word' id='word_1_515' title='bbox 1058 5658 1161 5703; x_wconf 88' lang='lat' dir='ltr'><strong>recent.</strong></span> <span class='ocrx_word' id='word_1_516' title='bbox 1180 5653 1309 5720; x_wconf 88' lang='lat' dir='ltr'><strong>suppletis</strong></span> <span class='ocrx_word' id='word_1_517' title='bbox 1325 5653 1416 5704; x_wconf 80' lang='lat' dir='ltr'><strong>verbis</strong></span> <span class='ocrx_word' id='word_1_518' title='bbox 1433 5658 1457 5704; x_wconf 81' lang='lat' dir='ltr'><strong>el</strong></span> <span class='ocrx_word' id='word_1_519' title='bbox 1472 5654 1607 5704; x_wconf 70' lang='lat' dir='ltr'><strong>iracundis</strong></span> <span class='ocrx_word' id='word_1_520' title='bbox 1623 5660 1651 5703; x_wconf 83' lang='lat' dir='ltr'><strong>ut</strong></span> <span class='ocrx_word' id='word_1_521' title='bbox 1667 5660 1742 5704; x_wconf 71' lang='lat' dir='ltr'><strong>bon-</strong></span> 
     </span>
     <span class='ocr_line' id='line_1_48' title="bbox 410 5726 1740 5792; baseline 0 -13"><span class='ocrx_word' id='word_1_522' title='bbox 410 5730 664 5790; x_wconf 77' lang='lat' dir='ltr'><strong>qsiiiitosonimilli</strong></span> <span class='ocrx_word' id='word_1_523' title='bbox 690 5755 715 5764; x_wconf 92' lang='lat'><em>-</em></span> <span class='ocrx_word' id='word_1_524' title='bbox 744 5728 785 5778; x_wconf 76' lang='lat'><strong>23.</strong></span> <span class='ocrx_word' id='word_1_525' title='bbox 803 5729 929 5780; x_wconf 78' lang='lat' dir='ltr'><strong>turnA²o</strong></span> <span class='ocrx_word' id='word_1_526' title='bbox 947 5731 1011 5791; x_wconf 78' lang='lat' dir='ltr'><strong>(curn</strong></span> <span class='ocrx_word' id='word_1_527' title='bbox 1028 5726 1066 5789; x_wconf 67' lang='grc' dir='ltr'><strong>ΑΙ)</strong></span> <span class='ocrx_word' id='word_1_528' title='bbox 1097 5752 1123 5762; x_wconf 90' lang='grc'>-</span> <span class='ocrx_word' id='word_1_529' title='bbox 1152 5729 1193 5778; x_wconf 76' lang='lat'><strong>25.</strong></span> <span class='ocrx_word' id='word_1_530' title='bbox 1211 5728 1579 5792; x_wconf 54' lang='lat' dir='ltr'><strong>removerint-perfugerint</strong></span> <span class='ocrx_word' id='word_1_531' title='bbox 1599 5729 1740 5780; x_wconf 79' lang='lat' dir='ltr'><strong>ABtbo:</strong></span> 
     </span>
     <span class='ocr_line' id='line_1_49' title="bbox 409 5802 1743 5867; baseline 0.001 -14"><span class='ocrx_word' id='word_1_532' title='bbox 409 5806 794 5867; x_wconf 70' lang='lat' dir='ltr'><strong>remostcrsnt--perfuqsruet</strong></span> <span class='ocrx_word' id='word_1_533' title='bbox 818 5805 864 5854; x_wconf 92' lang='lat' dir='ltr'><strong>llo</strong></span> <span class='ocrx_word' id='word_1_534' title='bbox 892 5830 920 5841; x_wconf 90' lang='lat'>-</span> <span class='ocrx_word' id='word_1_535' title='bbox 949 5808 974 5855; x_wconf 78' lang='lat' dir='ltr'><strong>et</strong></span> <span class='ocrx_word' id='word_1_536' title='bbox 990 5804 1025 5853; x_wconf 89' lang='lat' dir='ltr'><strong>od</strong></span> <span class='ocrx_word' id='word_1_537' title='bbox 1042 5804 1125 5852; x_wconf 72' lang='lat' dir='ltr'><strong>mium</strong></span> <span class='ocrx_word' id='word_1_538' title='bbox 1148 5814 1162 5851; x_wconf 86' lang='lat' dir='ltr'><strong>o</strong></span> <span class='ocrx_word' id='word_1_539' title='bbox 1192 5829 1219 5839; x_wconf 98' lang='lat'>-</span> <span class='ocrx_word' id='word_1_540' title='bbox 1249 5805 1291 5854; x_wconf 71' lang='grc' dir='ltr'><strong>ΙΙΙ.</strong></span> <span class='ocrx_word' id='word_1_541' title='bbox 1310 5805 1337 5852; x_wconf 81' lang='lat' dir='ltr'><strong>ie</strong></span> <span class='ocrx_word' id='word_1_542' title='bbox 1353 5804 1390 5853; x_wconf 84' lang='lat' dir='ltr'><strong>bis</strong></span> <span class='ocrx_word' id='word_1_543' title='bbox 1407 5808 1430 5853; x_wconf 78' lang='lat' dir='ltr'><strong>et</strong></span> <span class='ocrx_word' id='word_1_544' title='bbox 1446 5802 1591 5853; x_wconf 79' lang='lat' dir='ltr'><strong>nobilissimi</strong></span> <span class='ocrx_word' id='word_1_545' title='bbox 1606 5804 1743 5867; x_wconf 79' lang='lat' dir='ltr'><strong>pbilosopbi</strong></span> 
     </span>
     <span class='ocr_line' id='line_1_50' title="bbox 410 5872 1744 5943; baseline 0.001 -14"><span class='ocrx_word' id='word_1_546' title='bbox 410 5872 621 5943; x_wconf 70' lang='lat' dir='ltr'><strong>longeprieeiprs</strong></span> <span class='ocrx_word' id='word_1_547' title='bbox 638 5882 738 5931; x_wconf 76' lang='lat' dir='ltr'><strong>Nonius</strong></span> <span class='ocrx_word' id='word_1_548' title='bbox 757 5878 852 5942; x_wconf 73' lang='lat' dir='ltr'><strong>ptos</strong></span> <span class='ocrx_word' id='word_1_549' title='bbox 876 5905 904 5916; x_wconf 93' lang='lat'><em>-</em></span> <span class='ocrx_word' id='word_1_550' title='bbox 930 5879 1017 5930; x_wconf 62' lang='grc' dir='ltr'><strong>18.ιή</strong></span> <span class='ocrx_word' id='word_1_551' title='bbox 1034 5879 1104 5943; x_wconf 77' lang='lat' dir='ltr'><strong>egris</strong></span> <span class='ocrx_word' id='word_1_552' title='bbox 1121 5879 1283 5930; x_wconf 64' lang='lat' dir='ltr'><strong>melici</strong></span> <span class='ocrx_word' id='word_1_553' title='bbox 1310 5902 1338 5915; x_wconf 92' lang='lat'><em>-</em></span> <span class='ocrx_word' id='word_1_554' title='bbox 1367 5878 1408 5929; x_wconf 74' lang='grc' dir='ltr'><strong>ΙΙ.</strong></span> <span class='ocrx_word' id='word_1_555' title='bbox 1426 5879 1459 5929; x_wconf 81' lang='lat' dir='ltr'><strong>sit</strong></span> <span class='ocrx_word' id='word_1_556' title='bbox 1475 5891 1635 5929; x_wconf 69' lang='lat' dir='ltr'><strong>minume</strong></span> <span class='ocrx_word' id='word_1_557' title='bbox 1655 5906 1682 5917; x_wconf 90' lang='lat'><em>-</em></span> <span class='ocrx_word' id='word_1_558' title='bbox 1705 5880 1744 5930; x_wconf 83' lang='grc' dir='ltr'>ΙιΙι</span> 
     </span>
     <span class='ocr_line' id='line_1_51' title="bbox 410 5952 1643 6020; baseline -0.002 -13"><span class='ocrx_word' id='word_1_559' title='bbox 410 5954 587 6020; x_wconf 63' lang='lat' dir='ltr'><strong>Citljsol-</strong></span> <span class='ocrx_word' id='word_1_560' title='bbox 609 5954 1034 6018; x_wconf 57' lang='lat' dir='ltr'><strong>inmortali-diameter</strong></span> <span class='ocrx_word' id='word_1_561' title='bbox 1055 5952 1643 6007; x_wconf 73' lang='lat' dir='ltr'><strong>-tt.scsostesttce-ec.scrsue.</strong></span> 
     </span>
    </p>

    <p class='ocr_par' dir='ltr' id='par_1_4' title="bbox 1453 6033 1467 6071">
     <span class='ocr_line' id='line_1_52' title="bbox 1453 6033 1467 6071; baseline 0 0"><span class='ocrx_word' id='word_1_562' title='bbox 1453 6033 1467 6071; x_wconf 80' lang='lat' dir='ltr'><strong>r</strong></span> 
     </span>
    </p>
   </div>
   <div class='ocr_carea' id='block_1_4' title="bbox 0 0 2178 7459">
    <p class='ocr_par' dir='ltr' id='par_1_5' title="bbox 0 0 2178 7459">
     <span class='ocr_line' id='line_1_53' title="bbox 0 0 2178 7459; baseline 0 0"><span class='ocrx_word' id='word_1_563' title='bbox 0 0 2178 7459; x_wconf 95' lang='lat' dir='ltr'><strong> </strong></span> 
     </span>
    </p>
   </div>
  </div>
 </body>
</html>
