4342 7459
445 1245 507 1315 232
732 1299 735 1304 -
767 1250 1094 1317 TVSCVLANARVM
1114 1247 1478 1314 ΙΙΙΒΡΙΙΤΑΤΙΟΝΙΙΜΙ

444 1416 580 1489 dantur,
609 1413 656 1477 sic
683 1411 829 1476 omnihus
858 1411 951 1474 honis
974 1417 1007 1474 et
1028 1410 1131 1474 doctis
1153 1430 1223 1473 esse
1245 1408 1435 1473 iaciendum.
1471 1411 1536 1473 Nec
1557 1430 1633 1473 vero
1655 1410 1696 1475 de
1716 1410 1780 1476 hoe

443 1509 612 1593 quisquam
636 1506 781 1570 duhitaro
803 1515 927 1589 posset,
948 1506 1008 1569 nisi
1031 1505 1116 1567 idem
1139 1504 1231 1566 nohis
1253 1493 1412 1567 accideret
1433 1504 1602 1588 diligenter
1616 1506 1656 1569 de
1671 1507 1778 1570 animo

443 1600 665 1685 cogitantibus,
688 1599 775 1683 quod
798 1602 838 1663 iis
860 1619 955 1684 saepe
977 1619 1037 1661 usu
1056 1599 1158 1671 venit,
1181 1599 1236 1682 qui
1254 1594 1349 1682 [cum]
1368 1599 1482 1661 acriter
1503 1599 1606 1663 oculis
1629 1597 1779 1662 delicien-

443 1705 505 1758 tem
528 1694 626 1757 solem
649 1694 857 1767 intuerentur,
879 1702 913 1757 ut
931 1701 1093 1776 aspectum
1116 1695 1247 1755 omnino
1268 1694 1464 1765 amitterent,
1487 1696 1532 1756 sic
1555 1694 1670 1757 mentis
1692 1696 1778 1759 acies

418 1800 477 1851 ose
505 1788 575 1871 ipsa
601 1788 729 1850 intuens
756 1807 818 1851 non
851 1807 1022 1871 numquam
1052 1788 1212 1860 hebescit,
1241 1788 1281 1850 oh
1315 1807 1451 1871 eamque
1478 1808 1605 1852 caumm
1638 1797 1780 1852 contem-

442 1881 552 1963 plandi
567 1881 764 1964 diligentiam
779 1882 961 1944 amittimus.
995 1882 1107 1963 ltaque
1122 1881 1286 1954 dubitans,
1302 1880 1583 1965 circumspectans,
1605 1882 1778 1957 haesitans,

441 1974 540 2038 mulla
567 1975 700 2039 adversa
727 1994 876 2039 reverens
899 1983 1059 2057 tamquam
1082 1974 1115 2036 in
1138 1981 1206 2037 rate
1234 1975 1268 2036 in
1291 1976 1369 2038 mari
1394 1977 1539 2040 inmenso
1561 1985 1668 2040 nostra
1691 1975 1781 2039 vehi·

441 2077 494 2131 tur
521 2068 610 2131 ratio.
647 2064 699 2131 7t.
723 2069 785 2131 Sed
808 2067 887 2132 haec
909 2075 941 2131 et
962 2078 1069 2131 vetera
1092 2078 1124 2131 et
1144 2089 1163 2131 a
1185 2068 1324 2154 Graecis.
1359 2069 1437 2133 Cato
1450 2077 1567 2134 ‚autem
1590 2057 1636 2132 sic
1658 2034 1779 2132 affiite

440 2162 522 2236 vita,
548 2169 584 2224 ut
612 2183 738 2226 causam
768 2162 925 2226 moriendi
953 2171 1081 2226 nactum
1110 2183 1145 2225 se
1168 2182 1238 2226 esse
1260 2162 1423 2244 gauderet.
1455 2164 1549 2226 Vetat
1569 2162 1655 2225 enim
1678 2163 1780 2227 domi·

403 2272 520 2319 tonans
541 2255 595 2318 ille
617 2257 651 2319 in
672 2257 766 2319 uobis
787 2256 867 2318 deus
888 2254 1015 2319 iniussu
1038 2254 1110 2319 hinc
1133 2277 1191 2319 nos
1215 2275 1272 2318 suo
1293 2254 1487 2338 demigrare:
1510 2277 1580 2319 cum
1606 2275 1684 2319 vero
1706 2276 1781 2320 cau·

440 2368 506 2412 sam
521 2350 636 2412 iustam
652 2349 731 2414 deus
748 2352 819 2433 ipse
835 2350 972 2423 dederit,
996 2358 1032 2412 ut
1046 2359 1121 2413 tunc
1138 2349 1274 2423 Socrati,
1296 2369 1382 2412 nuuc
1399 2349 1527 2424 Catoni,
1550 2369 1645 2434 saepe
1660 2350 1780 2424 multis,

439 2464 480 2507 ne
508 2444 564 2506 ille
592 2441 830 2507 mediusfidius
856 2445 905 2506 vir
932 2444 1062 2526 sapiens
1088 2445 1189 2507 laetus
1211 2463 1252 2506 ex
1275 2443 1326 2507 his
1349 2443 1487 2508 teuehris
1509 2445 1542 2507 in
1565 2444 1668 2507 lucem
1691 2444 1780 2507 illam

440 2542 629 2612 excesserit,
652 2557 711 2602 nec
734 2544 840 2601 tamen
863 2538 917 2599 illa
939 2537 1042 2600 vincla
1058 2538 1194 2601 carceris
1211 2539 1334 2621 ruperit
1346 2573 1386 2583 —
1403 2538 1490 2621 leges
1505 2540 1588 2602 enim
1605 2546 1714 2600 vetunt
1728 2570 1780 2614 -,

440 2631 496 2694 sed
526 2642 687 2716 tamquam
708 2651 727 2695 a
749 2634 934 2715 magistratu
957 2640 1013 2694 aut
1032 2631 1072 2693 ah
1095 2632 1203 2715 aliqua
1233 2639 1390 2715 potestate
1419 2632 1578 2714 legitima,
1609 2632 1696 2696 sica
1719 2632 1780 2697 deo

403 2736 590 2792 toevocatus
616 2735 713 2810 atque
742 2728 877 2791 emissus
900 2726 1024 2788 exierit.
1062 2727 1142 2787 Tota
1165 2726 1249 2788 enim
1274 2725 1539 2809 philosophorum
1564 2727 1645 2801 vita,
1673 2734 1709 2789 ut
1736 2727 1781 2790 ait

440 2819 542 2892 idem,
575 2822 801 2885 commentatio
835 2819 945 2884 mortis
975 2826 1032 2881 est.
1092 2820 1209 2881 xxxi.
1237 2817 1287 2883 75.
1316 2822 1394 2883 llam
1423 2821 1500 2904 quid
1527 2820 1615 2884 aliud
1646 2822 1781 2904 agimus,

440 2932 512 2975 cum
535 2932 554 2976 a
576 2915 756 2997 voluptate,
778 2914 811 2976 id
834 2922 899 2988 est,
920 2933 939 2976 a
962 2932 1111 2995 corpore,
1135 2934 1206 2976 cum
1229 2934 1247 2976 a
1269 2934 1304 2977 re
1326 2914 1488 2989 familiari,
1511 2935 1595 2998 quae
1618 2925 1667 2979 est
1688 2917 1782 2979 mini-

440 3015 505 3070 stra
532 3016 563 3071 et
592 3007 711 3072 famula
737 3009 900 3091 corporis,
931 3027 1002 3071 cum
1026 3026 1044 3069 a
1067 3026 1101 3069 re
1125 3007 1265 3090 puhlica,
1294 3029 1366 3071 cum
1388 3027 1408 3071 a
1429 3011 1556 3091 negotio
1579 3010 1667 3073 omui
1688 3029 1782 3072 sevo·

390 3149 400 3172 ,
441 3094 549 3165 camu's
571 3102 731 3191 animum:
761 3104 854 3186 quid,
882 3104 1028 3186 inquam,
1057 3111 1124 3165 tum
1147 3102 1286 3184 agimus,
1310 3102 1370 3164 nisi
1392 3103 1531 3165 animum
1555 3103 1593 3165 ad
1618 3123 1652 3165 se
1675 3102 1782 3185 ipsum

401 3197 649 3272 madvocamus,
672 3218 779 3262 secum
803 3218 873 3261 esse
896 3200 1039 3280 cogimus
1062 3198 1264 3279 maximeque
1286 3214 1303 3258 a
1327 3215 1460 3277 corpore
1486 3195 1695 3260 ahducimusi
1726 3198 1784 3260 Se·

441 3310 570 3354 cernere
591 3300 695 3354 autem
717 3312 737 3355 a
759 3313 891 3376 corpore
916 3293 1057 3356 animum
1080 3291 1195 3373 ecquid
1225 3289 1312 3352 aliud
1340 3299 1389 3352 est
1413 3309 1507 3372 quam
1533 3292 1614 3353 mori
1636 3290 1782 3354 disceret
1829 3294 1833 3299 ’

442 3385 512 3461 Qua
534 3405 569 3448 re
588 3385 649 3449 hoc
665 3397 929 3461 commentemur,
952 3383 1156 3457 mihicrede,
1180 3383 1460 3467 disiungamusque
1478 3404 1536 3446 nos
1551 3403 1569 3445 a
1584 3385 1783 3468 corporibus,

442 3478 475 3541 id
499 3486 564 3553 est,
587 3499 834 3544 consuescamus
857 3482 946 3543 mori.
983 3480 1069 3554 Hoc,
1093 3488 1125 3541 et
1146 3480 1220 3541 dum
1245 3482 1361 3542 erimus
1383 3480 1416 3540 in
1438 3480 1547 3554 terris,
1570 3477 1631 3542 erit
1647 3478 1695 3541 illi
1711 3497 1784 3541 cae-

1672 3659 1781 3671 —

442 3770 534 3821 «ilaec
550 3770 590 3821 sic
606 3771 760 3820 constructa
778 3771 855 3825 sunt,
874 3770 917 3825 ut,
937 3768 1010 3832 qnod
1028 3768 1212 3832 praedicatum
1224 3768 1315 3819 verbis
1332 3773 1361 3817 nt
1376 3769 1451 3831 eppei
1465 3767 1572 3831 adiungi
1585 3766 1707 3828 deheret,
1726 3782 1785 3819 eam

439 3849 518 3896 cuntes
534 3850 557 3895 et
571 3844 699 3906 ortmann
714 3847 868 3905 moriautur,
886 3841 996 3893 relativo
1015 3844 1139 3894 membro
1158 3858 1210 3905 qno
1225 3846 1381 3904 providentes
1398 3870 1426 3880 -
1447 3857 1580 3894 conexum
1598 3846 1647 3904 sit,
1666 3845 1783 3908 ideoque

440 3922 579 3985 superiora
595 3917 637 3969 illa
655 3918 809 3982 praedicato
827 3931 876 3967 suo
895 3920 1013 3967 careant.
1043 3920 1148 3968 Poterat
1170 3918 1285 3982 legitima
1303 3923 1435 3970 structura
1454 3919 1529 3969 tacite
1548 3920 1651 3969 restitui
1668 3926 1716 3969 aut
1733 3919 1784 3970 de-

440 3994 494 4045 leto
510 3995 670 4059 pronomine
689 3992 799 4043 relativo
817 3995 879 4042 ante
894 3993 1066 4056 providentes,
1086 3997 1132 4043 sut
1149 3995 1201 4044 hoc
1220 3997 1357 4059 participio
1376 3995 1401 4044 in
1416 3994 1529 4044 verbum
1548 3994 1650 4043 linitum
1664 3996 1783 4052 mutato,

441 4069 488 4119 sed
508 4071 579 4119 omni
599 4070 744 4119 mutatione
762 4067 950 4118 abstinendum
973 4082 1097 4118 censeo.»
1119 4096 1146 4104 -
1171 4069 1194 4117 3.
1215 4083 1263 4131 quo
1281 4072 1317 4118 liis
1335 4071 1384 4119 Gli
1403 4072 1430 4118 et
1448 4083 1516 4119 corr.
1537 4068 1597 4117 eati.
1617 4080 1653 4116 m.
1673 4068 1698 4115 iu
1717 4069 1785 4129 qnod

440 4145 477 4192 tis
495 4145 513 4193 B
534 4171 561 4182 -
580 4146 623 4206 qast
640 4157 697 4192 cnm
714 4143 777 4208 cet]
796 4142 943 4205 «impedita
962 4146 1003 4193 est
1020 4145 1115 4201 oratio,
1135 4146 1162 4192 et
1179 4143 1220 4192 vel
1240 4143 1300 4193 illud
1319 4158 1389 4203 cnm,
1409 4146 1438 4192 ut
1455 4144 1586 4193 Manutius
1599 4146 1625 4191 et
1640 4142 1784 4193 Lambinus

440 4221 577 4280 viderunt,
599 4218 641 4271 vel
663 4222 769 4270 retento
789 4232 847 4268 cnm
869 4220 1029 4269 eliciendum
1053 4220 1103 4269 erit
1120 4225 1173 4267 ut.»
1195 4220 1287 4269 Bunrc.
1313 4222 1470 4280 iquimmqne
1486 4219 1580 4266 acriter
1597 4216 1733 4277 Klotziusl
1753 4243 1782 4255 -

440 4297 465 4345 t.
484 4298 610 4344 reuertens
627 4296 646 4345 C
667 4321 693 4331 -
713 4296 740 4344 in
756 4297 817 4344 aule
834 4302 890 4344 rste
907 4297 994 4346 om.0
1015 4321 1040 4330 -
1061 4295 1085 4344 8.
1099 4296 1167 4342 ratio
1186 4296 1368 4343 camerarius:
1388 4295 1472 4341 oratio
1490 4294 1540 4342 CO
1555 4317 1582 4328 -
1603 4293 1642 4340 tl.
1662 4298 1715 4340 tum
1733 4293 1783 4341 GB

443 4395 470 4405 -
490 4371 530 4419 ta.
549 4383 599 4419 nae
615 4370 692 4420 itleO
716 4397 742 4406 -
769 4370 808 4418 te.
827 4371 854 4419 in
877 4378 1000 4431 gneratum
1023 4371 1042 4418 G
1066 4373 1094 4419 ct
1112 4383 1181 4419 corr.
1202 4370 1226 4418 iu
1245 4367 1324 4431 inquii
1341 4371 1430 4418 tumlt
1452 4396 1478 4404 -
1498 4368 1539 4417 ao.
1558 4367 1732 4417 ouocomnsC
1755 4395 1782 4405 -

441 4444 482 4493 2⁴.
503 4444 667 4506 «Tregderus
685 4458 717 4493 er
735 4457 783 4494 sus
802 4446 952 4495 coniectura
971 4446 1077 4508 scripsit
1096 4446 1208 4493 animum
1226 4445 1341 4505 ecquid
1359 4443 1429 4490 ntiiid
1446 4447 1492 4492 est
1509 4455 1601 4502 qaam
1618 4442 1727 4490 emori,
1755 4442 1783 4490 ln

442 4519 595 4583 archetypo
613 4519 652 4583 [C]
670 4519 719 4571 luit
735 4522 849 4570 animam
864 4534 909 4570 nec
926 4522 1062 4584 quicquam
1079 4522 1150 4569 uliud
1167 4522 1254 4569 emori.
1275 4519 1311 4582 [lu
1330 4522 1347 4567 R
1366 4523 1426 4582 post
1438 4517 1730 4582 atiadsuperscriptum
1743 4518 1786 4566 est

442 4608 520 4656 quum
537 4607 586 4658 per
603 4594 814 4659 compendium]
833 4596 959 4659 Tregden'
977 4599 1159 4646 coniecturum
1178 4593 1277 4658 probo,
1296 4594 1345 4642 nisi
1364 4593 1435 4655 quod
1454 4606 1484 4641 ex
1504 4590 1612 4641 Bentleii
1631 4592 1785 4639 coniectura

442 4670 565 4735 praefero
587 4669 666 4726 mern
689 4669 722 4719 ci.
742 4672 897 4733 sequentia,
923 4670 1022 4733 quibus
1044 4671 1115 4720 idem
1134 4671 1238 4724 dicitur,
1262 4680 1451 4717 consuescamus
1467 4668 1556 4715 mori.
1586 4664 1655 4713 Vidit
1673 4664 1785 4727 Bentley

441 4748 521 4796 emori
544 4759 604 4796 esse
622 4743 637 4794 ὅ
655 4744 712 4807 (est)
728 4747 802 4795 nnn.
831 4747 898 4794 Cum
921 4759 998 4806 quom
1018 4747 1207 4809 transpositum
1232 4745 1319 4800 esset,
1345 4756 1376 4791 en
1401 4741 1489 4801 ecquid
1507 4753 1584 4803 quom
1601 4738 1676 4789 facile
1694 4742 1784 4788 ortum

443 4825 545 4872 estnec
563 4822 713 4882 qumquam,
731 4821 889 4882 praesertim
910 4824 969 4884 post
985 4834 1019 4870 m.
1047 4822 1132 4879 Quam
1150 4832 1232 4882 saepe
1250 4832 1276 4867 ee
1289 4820 1444 4881 corruptum
1457 4818 1491 4865 sit
1503 4821 1547 4875 (et,
1566 4816 1640 4873 llaec,
1660 4810 1714 4873 al),
1733 4824 1784 4861 no-

444 4901 500 4947 tum
522 4901 577 4952 est;
600 4896 632 4946 cl.
653 4899 734 4945 ettam
752 4895 794 4953 lV,
813 4896 841 4943 st
867 4897 984 4957 (trehet.
1003 4908 1152 4944 nec--nec
1176 4907 1224 4956 pro
1247 4897 1317 4941 et-·
1330 4892 1369 4953 et).
1397 4893 1411 4954 ᾖ
1429 4892 1460 4940 60
1479 4890 1594 4953 (trehet.
1613 4894 1636 4938 et
1653 4902 1702 4951 pro
1719 4892 1782 4949 nee).

444 4971 570 5020 Ceterum
587 4971 675 5030 econid
692 4970 763 5019 alind
779 4975 816 5019 est
826 4984 904 5033 qnam
915 4982 1009 5020 verum
1028 4982 1089 5018 esse
1108 4981 1168 5018 cum
1187 4981 1256 5031 quae
1276 4967 1449 5030 praecedunt,
1469 4969 1524 5015 tum
1541 4978 1610 5028 quae
1623 4967 1782 5026 sequuntur,

444 5042 582 5094 declarare
599 5044 732 5094 videntur.
757 5044 796 5094 Cl.
816 5043 915 5094 Platon.
934 5045 1030 5095 Phaed.
1054 5043 1134 5104 (uude
1153 5044 1246 5092 Cicero
1264 5055 1311 5092 sua
1331 5042 1425 5102 hausit)
1440 5054 1464 5103 p.
1479 5041 1510 5089 80
1524 5039 1556 5088 E:
1577 5033 1662 5089 οὐδὲν
1679 5054 1784 5087 κοινω-

445 5117 700 5179 νοῦσα--τοῦτο,
716 5146 742 5154 -
756 5117 864 5169 τοῦτο
880 5117 912 5169 δὲ
929 5113 1031 5169 οὐδὲν
1048 5113 1136 5167 ἄλλο
1154 5116 1257 5167 ἑστΙν
1275 5112 1295 5182 ἦ
1306 5114 1489 5165 --τεθνάναι
1499 5112 1651 5179 μελετῶσα
1663 5107 1783 5184 ῥᾳδίως·

446 5187 466 5257 ἢ
483 5187 518 5243 oei
536 5191 612 5244 τοῦτ’
629 5188 669 5243 ἄν
686 5190 731 5258 εἴη
748 5192 853 5258 μελέτη
871 5189 1016 5252 docerem·
1035 5195 1111 5243 cuius
1128 5191 1177 5241 loci
1197 5193 1279 5242 torma
1300 5191 1377 5255 plane
1395 5192 1490 5241 eadem
1509 5195 1563 5247 est,
1584 5192 1611 5238 et
1628 5189 1738 5253 Philipp.
1753 5189 1783 5250 V,

445 5270 487 5318 ut.
515 5268 591 5328 Quod
609 5267 687 5332 vulgo
705 5269 799 5333 [etiam
818 5270 843 5318 in
862 5269 895 5332 0]
919 5283 950 5319 ex
969 5269 1079 5319 Bentleii
1098 5269 1251 5317 conlectura
1269 5267 1377 5331 legitur:
1402 5268 1582 5315 Secer·nere--
1594 5266 1722 5325 enimam,
1740 5278 1786 5314 nec

445 5346 581 5406 quicquam
596 5345 680 5405 alind,
699 5350 734 5393 est
749 5346 815 5394 mom
832 5345 939 5403 dhone,
959 5343 1017 5394 coll.
1038 5346 1116 5405 legg.
1137 5344 1178 5400 ΙΙΙ,
1198 5342 1212 5391 3
1231 5345 1305 5404 (qnod
1320 5369 1341 5378 -
1360 5343 1377 5391 l.
1392 5355 1416 5390 e.
1431 5345 1471 5390 ius
1488 5339 1723 5402 conditionemque
1736 5352 1785 5389 oa·

447 5425 523 5470 turae
535 5445 562 5455 -
576 5420 719 5478 cameleo,
743 5419 842 5483 legem
859 5432 877 5468 o
892 5432 931 5467 nae
948 5420 1012 5479 dici,
1030 5420 1108 5467 nihil
1125 5418 1228 5477 alind,
1247 5418 1354 5479 intellegi
1371 5416 1452 5477 odel:
1474 5416 1589 5478 primum
1608 5414 1659 5462 hoc
1676 5426 1785 5476 quoque

446 5494 505 5545 loco
523 5497 694 5558 exspectares
710 5494 785 5547 emit:
804 5491 911 5551 deinde,
931 5496 960 5542 ut
978 5494 1019 5544 hic
1038 5493 1071 5544 illi
1090 5492 1183 5545 similis
1200 5496 1288 5550 esset,
1311 5493 1411 5542 dictum
1430 5504 1491 5541 esse
1509 5491 1639 5554 oportuit:
1662 5489 1729 5537 mori
1745 5489 1785 5537 di-

446 5574 577 5627 moreest,
595 5568 658 5617 nihil
674 5569 754 5618 uliud.
783 5568 938 5631 Comparari
956 5570 1043 5630 potius
1061 5571 1146 5633 potuit
1163 5567 1203 5618 illa
1223 5565 1350 5616 formula:
1377 5567 1442 5627 Quid
1458 5571 1493 5614 est
1509 5565 1579 5613 atiud
1599 5589 1637 5621 -,
1655 5564 1703 5611 m'si
1719 5562 1785 5627 (hoe)

448 5642 490 5693 vel
507 5644 529 5692 si
544 5643 590 5693 hoc
605 5658 656 5692 non
672 5650 707 5693 est
726 5669 753 5680 ·-
773 5643 868 5703 (Divin.
888 5644 919 5700 ll,
937 5643 978 5693 ts.
998 5644 1055 5695 Cal.
1075 5645 1108 5693 hl.
1128 5643 1142 5706 S
1160 5644 1184 5691 5.
1204 5641 1307 5690 Verrln.
1328 5641 1346 5696 Ι,
1366 5641 1422 5690 aas.
1444 5638 1553 5702 Philipp.
1573 5640 1615 5697 ΙΙΙ,
1628 5639 1669 5688 tt.
1688 5639 1783 5689 senec.

449 5718 483 5767 de
500 5719 577 5767 Brev.
596 5719 664 5770 ritae
681 5732 706 5770 c.
726 5718 767 5769 to.
786 5718 841 5769 Cic.
861 5717 895 5767 de
913 5718 986 5768 0ttlc.
1008 5720 1049 5775 ΙΙΙ,
1068 5720 1109 5767 55.
1130 5719 1159 5773 tl,
1177 5715 1218 5766 83.
1239 5715 1348 5779 Philipp.
1368 5715 1428 5773 v,a
1446 5718 1485 5771 et,
1505 5726 1573 5777 quos
1591 5714 1664 5765 locos
1681 5713 1786 5777 Madvig

448 5792 483 5842 ad
502 5793 555 5844 Pin.
573 5793 605 5855 V,
623 5792 650 5843 34
678 5792 712 5843 de
735 5794 859 5843 universo
882 5790 925 5842 illo
948 5793 1172 5855 generedicendi
1191 5793 1329 5855 disputans
1347 5794 1446 5855 optime
1467 5792 1602 5851 tractavit,
1624 5790 1689 5842 Phil.
1708 5790 1782 5848 11,.t.

449 5870 536 5919 Pison.
549 5869 565 5931 s
577 5866 627 5930 ΙΙ).
647 5867 686 5919 Cl.
699 5870 779 5918 etism
796 5867 879 5917 Diviu.
893 5868 925 5925 ll,
938 5868 995 5918 83³
1010 5869 1051 5917 W.
1071 5870 1193 5930 lanimem
1207 5868 1355 5929 mquidnom
1371 5868 1443 5918 atiud
1458 5873 1494 5917 est
1510 5880 1588 5930 mom
1603 5867 1683 5917 emori
1701 5866 1782 5917 lisam

448 5945 562 6007 Sauras)
581 5968 608 5980 -
629 5944 670 5995 it.
687 5944 795 5994 nidmu
809 5944 992 6008 monetam
1008 5941 1076 5994 citt
