4342 7459
722 1231 790 1294 ns.
805 1231 831 1294 r.
861 1229 1194 1299 cunm-xxm.
1220 1227 1267 1313 ss
1282 1225 1426 1293 ss-so.
1671 1221 1734 1287 ers

412 1390 542 1467 rivere]
587 1389 788 1473 Quapropter
816 1387 878 1452 hoc
907 1387 1072 1454 diiudicari
1093 1390 1202 1454 nescio
1224 1409 1265 1453 an
1286 1406 1478 1472 numquam,
1508 1385 1564 1451 sed
1587 1386 1649 1450 hec
1668 1404 1735 1448 ser·

412 1504 507 1547 moue
535 1491 621 1547 certe
650 1503 715 1547 non
744 1491 870 1566 potest,
902 1484 930 1546 si
957 1483 1085 1567 quidem
1115 1483 1167 1557 id,
1200 1482 1288 1567 quod
1314 1482 1532 1565 suscepimus,
1564 1478 1735 1565 perfecturi

412 1597 532 1642 sumus.

496 1670 598 1734 xxii.
631 1667 685 1734 57.
718 1668 780 1732 An.
808 1671 849 1733 At
876 1688 935 1753 ego
964 1672 1026 1733 huc
1052 1669 1249 1733 declinabam
1275 1689 1335 1732 nee
1361 1669 1489 1733 inritus.
1545 1666 1582 1744 Q.
1613 1665 1737 1730 Licebit

411 1763 508 1830 alias:
542 1784 627 1828 nune
654 1763 689 1828 id
718 1783 865 1847 agamus,
895 1765 981 1848 qnod
1004 1765 1183 1847 coepimus,
1215 1784 1309 1847 quom
1333 1762 1516 1847 praesertim
1538 1759 1578 1823 ad
1601 1759 1633 1821 id
1655 1757 1759 1821 nihils

411 1859 568 1945 pertineat
596 1858 676 1922 haec
704 1858 889 1921 desummo
912 1857 1166 1941 malobonoque
1190 1857 1357 1920 dissensio.
1407 1858 1449 1921 ii.
1478 1853 1736 1924 Prudentissime,

412 1953 545 2029 Quinte,
567 1949 664 2027 dicis3
694 1971 767 2015 nam
790 1971 871 2034 quae
892 1970 912 2014 a
932 1972 984 2014 me
1005 1950 1109 2016 adhuc
1131 1951 1214 2014 dicta
1237 1959 1326 2024 sunt,
1349 1950 1368 1980 ³*
1384 1951 1403 1985 ³*
1419 1949 1437 1985 *
1454 1950 1484 2010 *.
1530 1945 1566 2023 Q.
1588 1947 1653 2007 Nec
1675 1945 1736 2027 Ly·

411 2046 499 2128 curgi
527 2047 613 2127 leges
640 2065 745 2129 neque
768 2045 896 2109 Solonis
918 2066 1024 2129 neque
1047 2046 1234 2110 Charondae
1257 2066 1361 2129 neque
1383 2043 1510 2108 Zaleuci
1530 2059 1590 2103 nec
1612 2049 1736 2103 nostras

411 2140 580 2205 duodecim
602 2139 725 2203 tabulas
748 2159 807 2201 uec
829 2138 994 2220 plebiscita
1016 2138 1185 2213 desidero,
1212 2137 1268 2201 sed
1292 2146 1322 2201 te
1345 2140 1492 2202 existimo
1516 2154 1587 2198 cum
1611 2132 1735 2217 populis

410 2243 477 2297 tum
499 2233 595 2295 etiam
617 2233 750 2314 singulis
771 2232 928 2295 hodierno
950 2253 1097 2296 sermone
1119 2234 1207 2314 leges
1229 2233 1355 2295 vivendi
1377 2242 1409 2296 et
1430 2227 1629 2313 disciplinam
1645 2227 1773 2290 datu-to

411 2347 493 2390 rum.
538 2323 590 2387 58.
613 2328 655 2389 M.
677 2327 734 2390 Est
755 2327 850 2389 huius
872 2345 946 2389 vero
970 2326 1209 2408 disputationis,
1234 2325 1369 2399 Quinte,
1392 2326 1552 2410 proprium
1575 2322 1625 2395 id,
1648 2319 1734 2405 quod

411 2427 590 2503 exspectes,
618 2427 715 2501 atque
743 2420 863 2482 utinam
886 2428 970 2482 esset
992 2421 1086 2483 etiam
1108 2419 1265 2483 facultatis
1288 2421 1395 2483 menet
1440 2419 1502 2483 Sed
1526 2415 1668 2500 proiecto
1692 2414 1736 2478 ita

411 2535 446 2579 se
468 2533 519 2577 res
540 2511 651 2586 habet,
683 2520 733 2587 nt,
763 2513 915 2596 quoniam
945 2514 1094 2576 vitiorum
1124 2512 1368 2576 emendatricem
1392 2512 1494 2594 legem
1517 2530 1586 2574 esse
1610 2518 1736 2593 oportet

410 2606 774 2689 commendatricemque
796 2606 965 2681 virtutum,
994 2608 1034 2670 ah
1062 2627 1101 2671 ea
1129 2605 1256 2670 risendi
1282 2606 1427 2669 doctrina
1449 2606 1591 2669 ducatur.
1634 2601 1737 2668 ttulit

410 2710 446 2765 ut
466 2708 567 2764 mater
587 2700 727 2762 omnium
750 2700 903 2763 honarum
925 2722 1030 2764 rerum
1052 2699 1206 2783 sapientia
1227 2700 1281 2773 sit,
1303 2719 1324 2761 a
1346 2700 1462 2782 quoius
1484 2719 1590 2764 amore
1614 2700 1774 2762 Graecum

410 2794 507 2858 rerhc
531 2790 733 2877 philosophia
754 2814 869 2856 nomen
892 2795 1020 2869 invenit,
1043 2814 1106 2878 qua
1129 2794 1208 2857 nihil
1229 2814 1249 2856 a
1270 2794 1320 2857 dis
1343 2795 1575 2858 immortalibus
1597 2795 1735 2866 uberius,

409 2888 489 2952 nihil
518 2887 698 2960 lloreutius,
730 2886 810 2950 nihil
842 2889 1065 2972 praestabilius
1098 2888 1264 2951 hominum
1294 2889 1376 2951 vitae
1407 2886 1514 2952 datum
1542 2899 1600 2953 est.
1649 2889 1735 2952 llaec

411 2982 494 3046 euim
519 2998 584 3043 uua
605 2999 663 3043 nos
686 3001 757 3044 cum
780 2988 901 3044 ceteras
924 3001 974 3045 res
996 3003 1123 3056 omnes,
1146 2990 1222 3054 tum,
1244 2982 1330 3063 quod
1354 2989 1401 3044 est
1423 2980 1657 3056 difficillimum,
1680 2981 1737 3044 do·

409 3077 489 3149 cuit,
519 3083 555 3137 ut
583 3082 709 3137 nosmet
735 3076 822 3157 ipsos
852 3094 1073 3139 nosceremus:
1105 3076 1196 3139 cuius
1226 3074 1383 3159 praecepti
1413 3084 1498 3138 tauta
1527 3076 1575 3138 vis
1598 3086 1629 3138 et
1651 3084 1736 3138 tanta

410 3168 567 3231 sententia
590 3175 654 3241 est,
677 3176 772 3232 ntea
793 3188 857 3231 uon
879 3169 1001 3232 homini
1024 3171 1195 3253 quoipiam,
1217 3169 1273 3232 sed
1289 3169 1443 3250 llelphico
1460 3170 1521 3232 deo
1537 3171 1773 3232 tribueretur.iu

410 3259 463 3324 59.
494 3264 572 3324 Nam
595 3262 650 3343 qui
673 3282 708 3325 se
730 3262 800 3344 ipse
822 3265 922 3335 norit,
952 3264 1088 3345 primum
1111 3262 1232 3347 aliquid
1256 3284 1290 3326 se
1312 3263 1429 3326 hahere
1459 3264 1574 3326 sentiet
1596 3262 1735 3325 diviunm

410 3356 638 3438 ingeniumque
669 3357 703 3419 iu
736 3375 771 3418 se
803 3378 893 3420 suum
926 3358 1007 3420 sicut
1038 3356 1240 3420 simulacrum
1273 3357 1404 3440 aliquod
1437 3358 1575 3420 dicatum
1605 3356 1735 3440 putabit,

410 3456 562 3533 tantoque
591 3469 724 3512 munere
754 3450 885 3514 deorum
912 3470 1037 3534 semper
1064 3451 1194 3532 dignum
1223 3450 1342 3534 aliquid
1374 3461 1405 3514 et
1431 3449 1524 3513 saciet
1552 3459 1583 3514 et
1610 3450 1735 3522 sentiet,

411 3552 459 3618 et,
487 3563 584 3626 quom
612 3563 647 3607 se
669 3544 737 3626 ipse
760 3545 956 3629 perspexerit
977 3553 1141 3626 totumque
1164 3546 1340 3627 temptarit,
1371 3543 1549 3625 intelleget,
1577 3541 1735 3626 quemad

410 3636 539 3701 modum
568 3656 587 3700 a
614 3645 725 3701 natura
755 3639 944 3702 subornatus
972 3639 1004 3700 iu
1034 3639 1129 3701 vitam
1161 3638 1282 3701 venerit
1313 3646 1496 3721 quantaque
1527 3638 1773 3700 instrumentum

409 3730 525 3794 habeat
552 3730 591 3793 ad
622 3730 826 3795 obtinendam
855 3730 1157 3816 adipiscendamqne
1179 3731 1382 3814 sapientiam,
1405 3732 1555 3813 quoniam
1579 3730 1735 3812 principio

410 3843 514 3888 rerum
543 3824 683 3887 omnium
712 3827 803 3908 quasi
830 3825 1030 3889 adumbratas
1052 3825 1286 3907 intellegentias
1309 3826 1415 3889 animo
1437 3845 1474 3888 ac
1496 3832 1601 3887 mente
1624 3842 1737 3887 conce·

409 3918 508 4002 perit,
536 3919 653 4001 quihus
681 3918 856 3981 inlustratis
885 3920 1040 4001 sapientia
1062 3917 1143 3981 duce
1164 3920 1281 3983 bouum
1303 3921 1406 3983 virum
1428 3928 1461 3983 et
1482 3919 1523 3981 ob
1546 3938 1615 3981 eam
1636 3918 1736 4001 ipsam

409 4030 538 4076 causam
561 4021 670 4076 cernat
692 4033 727 4075 se
748 4013 874 4076 beatum
896 4012 976 4076 iore.

494 4105 611 4167 xxiii.
640 4102 691 4167 60.
722 4107 800 4167 Nam
823 4126 920 4188 quom
943 4106 1066 4168 animus
1089 4105 1224 4187 coguitis
1247 4108 1469 4193 perceptisque
1498 4104 1666 4168 virtutihus
1695 4099 1773 4165 abeo

410 4199 551 4282 corporis
580 4199 736 4284 obsequio
758 4198 1020 4282 indulgentiaque
1042 4198 1224 4261 discesserit
1248 4198 1504 4282 voluptatemque
1527 4198 1611 4260 sicut
1632 4196 1735 4259 labem

476 4506 500 4553 i.
518 4516 616 4568 quaper
631 4506 676 4555 boc
693 4506 738 4557 ΑΒ
759 4532 785 4542 -
805 4506 944 4556 diiudicare
962 4506 982 4555 li
1002 4531 1029 4543 -
1048 4518 1232 4567 enumquam
1249 4504 1404 4556 Lambinus:
1423 4518 1591 4568 enumquam
1606 4505 1735 4556 a²u²it0

410 4577 466 4639 (sed
484 4582 525 4629 est
542 4580 568 4628 in
586 4582 617 4640 A,
636 4580 679 4629 cui
696 4580 765 4630 Bake
781 4594 919 4642 nunquam
936 4580 1001 4631 luiso
1018 4580 1116 4638 tribuit.
1135 4596 1152 4630 n
1169 4581 1195 4630 in
1212 4595 1246 4630 an
1265 4584 1291 4629 et
1308 4579 1411 4643 syllaba
1427 4595 1471 4630 um
1488 4583 1514 4631 in
1531 4592 1583 4629 ras.
1603 4592 1673 4629 men.
1687 4581 1733 4641 2.),

408 4666 547 4715 numquam
564 4650 592 4703 ΒΙ
610 4655 676 4714 (siue
692 4656 736 4715 an)
762 4681 789 4692 -
816 4654 841 4705 i.
860 4657 955 4719 adsue
972 4651 1040 4706 A¹B¹
1060 4681 1085 4693 -
1105 4657 1151 4705 buc
1170 4657 1187 4705 Β
1205 4669 1274 4705 corr.
1294 4669 1324 4706 er
1343 4661 1372 4705 ut
1389 4682 1416 4692 -
1440 4659 1465 4707 c.
1483 4657 1686 4719 coepimus····
1702 4659 1733 4715 A,

408 4730 599 4793 cepimusnuec
616 4725 654 4791 13¹,
676 4733 801 4793 cmpimus
816 4746 866 4781 non
885 4732 905 4782 li
925 4758 952 4768 -
975 4733 1042 4793 quod
1059 4733 1088 4791 C,
1112 4733 1226 4793 quomo
1255 4757 1281 4767 -
1309 4732 1333 4781 t.
1352 4733 1474 4783 dicatoA
1495 4758 1520 4769 -
1539 4744 1584 4781 nec
1599 4731 1647 4781 AB
1664 4744 1734 4782 corr.

409 4819 441 4856 es
458 4811 495 4862 ως
519 4806 620 4868 neq,·H
649 4832 675 4841 -
701 4807 801 4869 iucurpi
818 4807 863 4856 AB
886 4830 913 4841 -
940 4807 964 4857 8.
983 4807 1137 4857 necSolonis
1153 4807 1173 4857 0
1192 4832 1220 4843 ·-
1238 4805 1345 4871 Zaleuci]
1362 4807 1451 4857 nicusi
1469 4808 1489 4858 C
1509 4832 1532 4841 -
1554 4812 1655 4855 nostrae
1671 4807 1737 4855 duo-

408 4880 587 4931 wunnoute
604 4881 633 4944 ii,
653 4905 681 4916 -
709 4880 733 4929 Β.
751 4880 828 4942 plebis
842 4883 907 4930 scita
924 4877 955 4931 A²
982 4905 1008 4918 -
1036 4880 1326 4943 dendmoldisserturli
1355 4906 1382 4917 -
1409 4882 1449 4931 to.
1468 4881 1528 4945 legis
1546 4885 1565 4933 A
1586 4910 1618 4920 -
1644 4885 1683 4933 u.
1702 4888 1737 4932 est

408 4952 481 5005 Klotz
498 4957 558 5018 post
575 4956 664 5017 Quinte
680 4956 768 5020 posuit
786 4981 814 4993 -
833 4969 892 5005 uere
908 4953 939 5006 A¹
958 4982 985 4992 -
1006 4957 1045 5005 ta.
1063 4958 1141 5006 eitam
1157 4969 1210 5006 om.
1226 4956 1246 5007 it
1264 4983 1297 4995 -
1313 4957 1334 5006 si
1348 4957 1459 5019 protecto
1476 4959 1522 5009 Ali
1541 4983 1569 4995 -
1589 4957 1629 5009 tl.
1647 4953 1735 5007 cimo-

409 5031 546 5091 tricsmque
562 5029 610 5080 Ali
630 5055 657 5066 —
677 5032 716 5081 45,
736 5030 858 5080 bonorum
874 5028 904 5081 A¹
925 5057 952 5068 -
971 5031 1003 5079 sit
1019 5030 1122 5088 cmc,
1142 5030 1162 5080 0
1179 5033 1241 5080 aute
1258 5030 1382 5092 sapientia
1398 5030 1481 5082 hebet
1497 5058 1524 5069 -
1544 5049 1562 5084 a
1579 5033 1623 5085 li²:
1642 5036 1676 5083 ad
1693 5035 1735 5095 iu,

408 5117 463 5155 om.
477 5105 523 5154 ΑΒ
542 5129 569 5140 -
593 5106 666 5155 cuius
682 5101 766 5156 u²tt0
794 5132 820 5142 —-
849 5106 889 5155 to.
908 5105 955 5154 diis
973 5107 1020 5156 ΒΟ
1039 5131 1066 5141 -
1092 5106 1132 5155 tt.
1149 5105 1340 5168 praestabilium
1357 5107 1378 5157 ll
1398 5131 1425 5144 -
1448 5108 1735 5160 inceramenta

409 5192 462 5230 ras.
481 5178 564 5229 habet
583 5206 609 5216 -
629 5193 685 5230 nnis
703 5180 734 5238 Η,
753 5179 802 5230 sed
820 5192 890 5230 corr.
909 5181 935 5230 iu
953 5184 1005 5229 tum
1025 5206 1052 5215 -
1072 5180 1112 5230 ia.
1130 5186 1159 5229 nt
1174 5182 1196 5231 A
1213 5193 1272 5244 sup.
1287 5180 1331 5231 lin.
1351 5206 1377 5217 -
1398 5196 1542 5233 noceremus
1559 5184 1608 5234 ΑΒ
1627 5196 1695 5233 corr.
1709 5183 1734 5233 iu

408 5256 550 5305 doceremus
575 5281 601 5291 -
626 5260 698 5304 tanta
714 5256 754 5304 uis
770 5260 793 5304 et
810 5255 828 5303 B
848 5267 917 5303 corr.
936 5268 968 5305 er
986 5256 1052 5304 tanti
1068 5260 1113 5304 aut
1129 5256 1183 5313 sed;
1207 5258 1228 5305 A
1245 5260 1317 5305 tanta
1331 5257 1371 5304 uis
1388 5263 1410 5306 ei
1428 5259 1453 5308 in
1472 5271 1523 5308 ras.
1544 5256 1639 5314 habam
1663 5264 1736 5307 tanta

407 5332 447 5380 uis
463 5336 486 5379 et
503 5344 556 5380 om.
570 5331 607 5386 ii;
626 5336 698 5379 tanto
714 5332 752 5379 cis
769 5331 834 5391 (sine
851 5330 921 5388 ei)0
948 5355 976 5366 -
1004 5330 1045 5381 id.
1065 5332 1184 5391 quopiam
1201 5325 1230 5379 A¹
1240 5325 1279 5387 13¹,
1297 5331 1407 5392 cuipiam
1425 5326 1510 5382 li²ll0
1528 5358 1555 5369 -
1574 5333 1615 5381 tt.
1634 5334 1736 5393 quisse

407 5406 497 5468 ipsoA
525 5429 550 5439 -
579 5406 666 5455 diuino
681 5403 712 5455 A¹
740 5428 767 5441 -
795 5407 836 5455 22.
855 5406 1003 5469 geniumque
1025 5403 1170 5455 Gulielmus
1198 5427 1224 5440 -
1253 5406 1364 5454 meatum
1385 5407 1447 5457 AB:
1476 5407 1618 5455 dedicatum
1635 5407 1686 5456 ΗΟ
1705 5432 1733 5443 -

406 5480 506 5543 putauit
523 5477 552 5530 u¹
578 5505 605 5515 -
633 5480 673 5529 23.
692 5479 829 5542 aliquodli
850 5506 876 5515 -
904 5480 1214 5544 etpostsacietorn.C;
1233 5480 1296 5529 bru.
1315 5480 1376 5531 add.
1395 5483 1479 5531 estin
1498 5481 1543 5531 Au
1564 5507 1590 5519 -
1609 5483 1736 5532 sententiet

408 5558 429 5605 A
449 5580 475 5590 —
495 5553 536 5603 ai.
554 5555 675 5605 cusnitit
696 5581 721 5589 -
742 5568 766 5604 se
782 5567 841 5617 sup.
854 5553 898 5605 lin.
917 5559 988 5604 A-
1004 5560 1150 5615 tantumque
1167 5556 1197 5603 A¹
1217 5578 1242 5588 -
1263 5554 1449 5615 temptarunt
1468 5557 1570 5604 tentarit
1586 5556 1606 5603 0
1625 5558 1736 5613 (tentarit

407 5634 533 5689 munuae
546 5630 703 5691 permessius
720 5629 830 5691 Ernesti)
861 5656 886 5665 -
917 5630 958 5678 26.
976 5629 1101 5691 principio
1124 5628 1157 5678 C:
1183 5630 1310 5691 principia
1331 5628 1431 5693 aliquoi
1447 5630 1509 5680 edd.
1529 5633 1583 5679 vett
1611 5634 1637 5680 et
1654 5630 1733 5681 codd.

408 5705 472 5756 dett.
492 5708 520 5754 et
536 5705 569 5762 0;
595 5717 618 5752 v.
639 5703 759 5764 Madvigii
775 5716 866 5767 opusc.
887 5705 917 5761 ti,
938 5703 984 5754 tte
1002 5707 1056 5753 not.
1085 5729 1112 5738 -
1140 5703 1181 5754 28.
1199 5704 1331 5754 illustratis
1349 5705 1493 5754 Manutius:
1520 5705 1669 5754 inlustratus
1685 5706 1734 5756 All

409 5777 465 5842 (sed
483 5784 523 5827 tus
540 5782 558 5827 A
578 5777 604 5827 iu
622 5777 696 5839 rasi.
714 5778 835 5827 inlustras
851 5779 870 5829 Β
888 5777 949 5827 add.
968 5784 996 5827 ia
1012 5791 1072 5841 sup.
1092 5791 1121 5827 as
1139 5804 1163 5816 -
1185 5779 1225 5828 29.
1239 5775 1417 5841 beatrieesore
1435 5778 1460 5841 tt
1473 5779 1499 5829 iu
1517 5779 1580 5841 res.)
1599 5782 1618 5829 A
1637 5805 1663 5815 -
1692 5781 1733 5830 30.

407 5854 489 5919 quom]
508 5853 649 5914 quoB1H,
674 5854 739 5914 quod
755 5851 798 5911 Βῆ
821 5853 895 5916 pets,
914 5854 968 5904 ie.
987 5854 1077 5914 quoa·
1094 5857 1115 5904 A
1132 5850 1278 5915 laedatin
1295 5855 1360 5916 ras.)
1389 5877 1415 5887 -
1443 5852 1604 5917 nbcoipors's
1621 5866 1682 5904 nos:
1701 5854 1736 5904 ad

406 5942 452 5979 cor
466 5931 533 5980 coiis
549 5929 588 5992 13¹,
606 5943 624 5979 a
639 5930 752 5992 corporis
768 5927 888 5980 AB²il0
906 5928 943 5993 (iu
960 5932 980 5980 A
997 5943 1015 5979 a
1030 5942 1108 5992 corpo
1125 5930 1167 5980 est
1182 5928 1209 5979 iu
1226 5928 1299 5991 res).
