4342 7459
709 1247 777 1311 Lm.
791 1247 849 1311 lll.
885 1247 959 1311 Car.
974 1247 1174 1312 xnl-xv.
1203 1246 1250 1332 §S
1265 1245 1410 1314 28-33.
1671 1244 1734 1312 9⁴7

407 1407 538 1474 dissime
559 1406 786 1489 respondisset,
809 1427 878 1470 curn
902 1413 987 1470 esset
1008 1407 1133 1471 obiecta
1154 1404 1387 1491 magnificentia
1409 1410 1503 1475 villae
1525 1411 1732 1488 Tusculanae,

409 1500 472 1565 duo
494 1521 528 1564 se
549 1500 668 1564 babere
688 1500 820 1575 vicinos,
843 1501 1037 1584 superiorem
1060 1503 1200 1585 equitem
1224 1505 1411 1579 Romanum,
1432 1505 1614 1570 inferiorem
1635 1505 1735 1571 liber·

408 1596 526 1659 tinum:
559 1614 693 1678 quorum
729 1615 799 1658 cum
829 1605 937 1658 esseut
964 1596 1151 1678 magnificae
1180 1597 1291 1672 villae,
1319 1598 1451 1662 concedi
1482 1600 1544 1663 sibi
1574 1606 1733 1683 oportere,

410 1689 496 1772 quod
519 1689 576 1763 iis,
605 1690 661 1772 qui
684 1688 843 1752 inferioris
866 1688 986 1753 ordinis
1009 1697 1132 1764 essent,
1161 1691 1281 1755 liceret
1322 1695 1393 1755 Non
1416 1692 1523 1768 rides,
1552 1691 1692 1767 Luculle,
1715 1713 1731 1756 a

408 1789 440 1846 te
462 1783 494 1846 id
517 1784 623 1867 ipsum
644 1790 769 1857 natum,
791 1790 828 1846 ut
848 1782 894 1845 illi
918 1787 1092 1866 cuperent?
1115 1785 1232 1868 quibus
1254 1785 1299 1859 id,
1322 1786 1347 1849 si
1369 1795 1404 1850 tu
1426 1805 1492 1850 non
1514 1786 1646 1862 faceres,
1667 1805 1732 1850 non
1755 1795 1770 1843 δ

407 1875 528 1940 liceret.
577 1873 629 1938 3l.
652 1876 733 1952 Quis
756 1877 839 1939 enim
861 1875 959 1940 ferret
979 1879 1072 1952 istos,
1095 1898 1167 1942 cum
1190 1879 1313 1942 videret
1335 1899 1443 1944 eorum
1465 1880 1557 1943 villas
1579 1880 1679 1964 signis
1701 1887 1734 1944 et

408 1968 524 2033 tabulis
545 1969 693 2044 refertas,
716 1970 828 2054 partim
851 1970 1005 2052 publicis,
1027 1974 1140 2053 partim
1165 1973 1258 2036 etiam
1282 1973 1379 2036 sacris
1400 1982 1433 2037 et
1454 1973 1634 2057 religiosis?
1661 1974 1732 2058 quis

407 2082 472 2127 uon
493 2063 651 2147 frangeret
673 2085 783 2127 eorum
805 2064 970 2139 libidines,
992 2066 1053 2128 nisi
1076 2067 1123 2129 illi
1147 2066 1227 2149 ipsi,
1250 2066 1306 2149 qui
1329 2087 1383 2131 eas
1403 2067 1549 2151 frangere
1571 2068 1733 2143 deberent,

407 2156 636 2239 cupiditatibus
658 2157 777 2221 eisdem
800 2162 1004 2222 tenerentur?
1047 2160 1132 2222 XIV.
1156 2162 1222 2224 Nec
1243 2161 1326 2224 enim
1349 2168 1471 2225 tantum
1493 2162 1568 2226 mali
1590 2168 1639 2225 est
1659 2180 1734 2245 pec·

407 2271 479 2316 care
500 2253 669 2336 principes,
692 2272 883 2337 quamquam
907 2260 955 2315 est
977 2272 1125 2335 magnum
1148 2252 1207 2317 boc
1228 2274 1339 2338 perse
1361 2255 1465 2337 ipsum
1482 2254 1617 2328 malum,
1631 2263 1770 2336 quan-ti

406 2351 473 2408 tum
501 2344 603 2420 illud,
635 2345 721 2430 qaod
751 2346 898 2427 permulti
927 2346 1100 2409 imitatores
1129 2348 1308 2431 principum
1337 2350 1501 2414 exsistunt
1551 2351 1630 2411 Nam
1659 2348 1734 2411 licet

406 2439 533 2514 ridere,
561 2439 588 2503 si
618 2440 697 2503 velis
726 2439 881 2522 replicare
909 2440 1093 2503 memoriam
1123 2448 1317 2526 temporum,
1349 2441 1598 2527 qualescumque
1619 2442 1734 2507 summi

407 2533 543 2597 civitatis
565 2534 624 2596 viri
646 2533 774 2607 fuerint,
796 2534 890 2596 talem
914 2534 1070 2596 civitatem
1086 2534 1202 2598 fuisse:
1225 2556 1447 2620 quaecumque
1463 2536 1595 2600 mutatio
1610 2554 1732 2599 morum

407 2628 440 2690 in
463 2628 660 2711 principibus
681 2628 851 2702 exstiterit,
884 2628 1015 2691 eandem
1043 2628 1076 2690 in
1104 2628 1224 2711 populo
1253 2637 1404 2692 secutam.
1447 2626 1498 2694 32.
1526 2628 1627 2712 ldque
1648 2628 1732 2691 baud

385 2722 503 2807 ,paulo
526 2728 575 2784 est
595 2722 701 2786 verius
724 2741 819 2805 quam
842 2722 927 2806 quod
950 2722 1073 2784 Platoni
1096 2733 1204 2787 nostro
1226 2722 1342 2807 placet,
1365 2722 1421 2805 qui
1443 2722 1638 2787 musicorum
1659 2732 1770 2784 can-sc

408 2816 492 2880 tibus
513 2817 558 2880 ait
579 2813 707 2879 mutatis
729 2816 842 2878 mutari
866 2815 1026 2879 civitatum
1048 2824 1164 2879 status:
1186 2836 1244 2898 ego
1266 2822 1370 2880 autem
1386 2815 1539 2881 nobilium
1554 2816 1619 2879 vita
1634 2816 1733 2881 victa·

408 2930 471 2994 que
493 2917 613 2974 mutato
635 2929 738 2972 mores
761 2908 874 2972 mutari
897 2909 1058 2972 civitatum
1075 2916 1160 2992 pulo.
1195 2909 1266 2985 Quo
1281 2910 1488 2993 perniciosius
1503 2910 1543 2973 de
1556 2930 1592 2974 re
1607 2909 1734 2993 publiea

407 3010 569 3070 merentur
597 3002 703 3067 vitiosi
732 3003 912 3085 principes,
942 3001 1028 3085 quod
1052 3023 1115 3066 non
1138 3002 1240 3066 solum
1263 3004 1340 3066 vitia
1361 3004 1547 3087 concipiunt
1567 3004 1646 3087 ipsi,
1676 3002 1734 3066 sed

408 3119 445 3164 er
466 3094 640 3161 infundunt
659 3096 693 3158 in
716 3096 891 3169 civitatem,
920 3116 1025 3178 neque
1047 3095 1149 3160 solum
1172 3096 1305 3170 obsunt,
1333 3099 1421 3180 quod
1442 3098 1505 3180 ipsi
1527 3116 1735 3181 corrumpun-

407 3200 467 3266 tur,
489 3191 545 3255 sed
569 3191 663 3254 etiam
686 3190 772 3274 quod
795 3197 1001 3273 corrumpunt
1023 3190 1161 3273 plusque
1183 3190 1330 3274 exemplo
1352 3211 1448 3275 quarn
1463 3197 1593 3276 peccato
1607 3196 1772 3253 nocente

406 3287 511 3370 Atque
532 3284 613 3347 baec
633 3283 703 3357 lex,
726 3283 854 3347 dilatata
875 3285 908 3347 in
930 3282 1073 3346 ordinem
1096 3290 1254 3358 cunctum,
1277 3285 1475 3367 coangustari
1497 3285 1592 3348 etiam
1613 3289 1736 3366 potest;

407 3379 500 3464 pauci
524 3379 609 3441 enim
631 3385 728 3460 atque
750 3376 920 3441 admodum
944 3377 1035 3460 pauci
1058 3377 1182 3440 bonore
1210 3384 1242 3439 et
1267 3376 1367 3459 gloria
1389 3374 1572 3460 amplificati
1593 3378 1643 3442 vel
1666 3397 1737 3441 cor·

407 3492 553 3554 rumpere
576 3490 681 3534 mores
703 3470 838 3534 civitatis
861 3469 910 3532 vel
934 3470 1093 3552 corrigere
1115 3476 1259 3552 possunt.
1304 3471 1367 3534 Sed
1387 3471 1467 3535 baec
1492 3478 1525 3535 et
1545 3492 1631 3536 nune
1658 3471 1736 3536 satis

409 3575 442 3632 et
461 3569 494 3633 in
516 3565 580 3630 illis
602 3565 690 3629 libris
713 3571 842 3627 tractata
864 3573 938 3628 suut
960 3565 1162 3647 diligentius:
1193 3585 1291 3649 quare
1312 3564 1353 3628 ad
1375 3566 1499 3649 reliqua
1520 3566 1694 3630 veniamus.

493 3660 562 3723 XV.
591 3656 642 3720 33.
672 3658 854 3722 Proximum
877 3667 926 3722 esi
948 3668 1053 3723 autem
1083 3659 1123 3721 de
1145 3660 1320 3742 suffragiis,
1349 3678 1431 3742 quae
1454 3659 1548 3724 iubeo
1571 3668 1646 3724 nota
1666 3671 1775 3723 esse!

411 3754 627 3839 optimatibus,
650 3754 769 3837 populo
791 3754 901 3818 libera.
943 3754 1005 3817 Ars.
1028 3755 1075 3817 lia
1098 3774 1148 3816 me
1170 3753 1298 3818 bercule
1319 3754 1451 3828 attendi,
1473 3773 1533 3817 nec
1554 3753 1631 3815 satis
1644 3751 1739 3820 iutel-

409 3849 474 3913 lexi
496 3847 574 3932 quid
597 3847 657 3910 sibi
681 3848 735 3910 lex
756 3855 812 3910 aut
833 3848 913 3932 quid
934 3846 1031 3911 verba
1054 3848 1114 3910 ista
1136 3848 1263 3911 vellent.
1305 3849 1348 3912 Ac
1369 3849 1489 3924 Dicam,
1513 3848 1594 3921 Tite,
1616 3854 1649 3911 et
1670 3866 1739 3910 rer-

409 3942 505 4006 sabor
525 3942 559 4004 in
580 3960 615 4004 re
638 3938 759 4004 difficili
783 3960 820 4004 ac
841 3942 976 4004 multum
1000 3949 1030 4003 ei
1052 3960 1148 4023 saepe
1170 3942 1330 4026 quaesita,
1345 3942 1494 4025 sutfragia
1509 3940 1543 4005 in
1557 3942 1739 4024 magistratu

408 4033 588 4099 mandando
609 4054 647 4097 ae
669 4034 709 4097 de
731 4055 786 4098 reo
809 4033 981 4099 iudicando
1003 4042 1100 4117 atque
1121 4036 1154 4097 in
1175 4034 1282 4117 legum
1304 4036 1468 4116 rogatione
1483 4035 1564 4100 clam
1579 4054 1620 4099 au
1635 4034 1740 4118 palam

408 4128 483 4192 ferri
506 4128 620 4192 melius
642 4134 735 4192 esset.
782 4128 818 4204 Q.
841 4128 890 4191 An
913 4127 1008 4189 etiam
1031 4127 1063 4189 id
1087 4127 1218 4190 dubium
1241 4130 1312 4190 esti
1340 4146 1453 4190 vereor
1474 4147 1515 4190 ue
1537 4146 1556 4190 a
1576 4134 1608 4191 te
1629 4142 1777 4191 rursustc

410 4407 439 4418 -
457 4380 482 4431 3.
501 4385 588 4442 oporte
604 4380 623 4429 B
643 4406 670 4415 -
689 4377 713 4428 l.
732 4380 764 4428 iir
781 4380 822 4428 A2:
843 4377 865 4425 is
880 4374 912 4426 A¹
921 4377 951 4437 B,
969 4377 1007 4425 bis
1023 4376 1044 4425 Ο
1062 4402 1090 4411 -
1108 4376 1238 4438 inferioris
1254 4376 1400 4426 Victorius:
1418 4377 1547 4425 interioris
1563 4375 1624 4435 AB,
1642 4375 1741 4424 unme-

408 4454 610 4506 rirOetdett.
632 4450 868 4503 -nonnebamb
890 4446 1065 4510 -adeidA¹,
1090 4451 1241 4501 adeiidli
1270 4476 1297 4486 -
1324 4449 1592 4511 impeturn·
1618 4449 1741 4511 meon

407 4530 536 4594 trcnpoeet
557 4534 578 4580 A
599 4530 626 4578 in
648 4540 702 4578 ras.
727 4526 809 4577 babet
836 4552 861 4563 -
890 4525 914 4576 8.
932 4539 1019 4575 eonem
1035 4551 1075 4563 -·
1091 4526 1210 4589 irrepere
1226 4528 1246 4575 A
1265 4526 1292 4576 in
1309 4536 1394 4588 marg.
1412 4526 1496 4586 md,
1522 4521 1572 4575 scd
1594 4521 1742 4574 admodum

410 4607 502 4655 vetere
521 4629 549 4641 ·-
569 4617 613 4655 eor
628 4603 738 4653 libidinis
753 4603 772 4653 li
792 4628 819 4639 -
838 4602 862 4651 9.
880 4602 1058 4664 cupiditatibus
1074 4602 1164 4652 ebdom
1179 4600 1326 4652 Lambinus
1343 4603 1370 4651 ei
1386 4601 1402 4651 2
1419 4600 1495 4651 dett:
1514 4600 1659 4663 mpiditatir
1674 4600 1741 4650 siae

410 4681 467 4731 dem
481 4681 559 4731 Alio
583 4679 706 4743 (soom
721 4679 885 4740 capiditcter,
918 4678 1008 4727 eisderrr
1025 4678 1134 4741 muse)
1162 4702 1190 4714 -
1218 4677 1259 4728 ⁴0.
1278 4690 1402 4741 quamque
1418 4681 1455 4727 ert
1469 4678 1506 4738 A,
1529 4674 1655 4737 quanm
1672 4674 1692 4724 li
1711 4699 1738 4710 -

412 4756 453 4805 tt.
469 4754 626 4817 pemaiteb
654 4779 681 4789 -
709 4754 818 4804 munt
834 4753 871 4814 A,
895 4750 944 4802 sed
962 4749 1041 4815 paulo
1058 4755 1119 4816 post
1136 4747 1167 4801 A¹
1183 4753 1309 4803 sertitem
1334 4777 1361 4790 -
1390 4751 1430 4804 tt.
1448 4757 1558 4803 mern
1574 4749 1738 4815 Stephanus:

411 4836 555 4881 misam
571 4832 600 4890 A,
623 4842 738 4880 mam
757 4830 774 4878 B
795 4828 915 4889 -idque
930 4832 976 4876 aut
993 4827 1042 4876 AB
1061 4852 1088 4862 -
1110 4827 1149 4876 49,
1168 4828 1216 4890 ipsi
1233 4828 1299 4890 quod
1315 4827 1336 4877 0
1355 4854 1382 4865 -
1406 4828 1448 4878 ii.
1467 4827 1548 4878 dilata
1565 4829 1594 4888 A,
1613 4824 1661 4877 sed
1678 4837 1739 4890 sup.

411 4918 520 4957 versum
538 4904 599 4955 add.
618 4904 721 4967 syllaba
739 4909 767 4953 ta
784 4928 811 4940 -
830 4903 872 4953 22.
891 4903 974 4966 adque
990 4902 1021 4952 A¹
1037 4929 1070 4939 -
1085 4903 1162 4965 pauci
1178 4904 1270 4967 Asup.
1285 4901 1329 4953 lin.
1350 4927 1377 4940 -
1395 4903 1436 4954 25.
1452 4903 1600 4966 mres
1610 4906 1645 4952 ert
1656 4906 1742 4951 satem

411 4982 561 5045 Stephanus
578 4983 606 5029 et
622 4979 768 5030 llanulius:
788 4979 924 5041 proeimru
940 4982 1024 5027 cuum
1040 4983 1075 5027 ert
1092 4978 1152 5039 AB,
1169 4981 1317 5041 proximum
1334 4983 1418 5028 auam
1434 4983 1471 5028 ert
1487 4978 1515 5029 0.
1551 4978 1632 5028 Recte
1649 4977 1742 5027 monet

411 5058 482 5108 Bake
501 5058 636 5118 proximus
658 5060 748 5107 uatum
771 5068 831 5106 esse
853 5068 886 5104 er
903 5052 1048 5117 proximior
1069 5066 1156 5116 eoque
1173 5054 1320 5117 depravato
1337 5059 1372 5104 ert
1388 5052 1477 5103 denuo
1494 5051 1614 5103 additum
1632 5063 1692 5101 esse
1711 5074 1740 5087 ·-

411 5130 599 5195 deimprapiic
615 5131 673 5189 AB,
700 5132 727 5180 in
753 5143 807 5193 quo
832 5130 889 5179 dein
914 5130 944 5178 de
959 5129 1031 5190 suffr.
1051 5126 1134 5178 latere
1153 5132 1249 5193 potest.
1271 5154 1297 5165 -
1324 5129 1366 5180 26.
1384 5129 1493 5180 mercule
1509 5128 1558 5179 Ali
1577 5151 1604 5164 -
1622 5122 1742 5175 suissdi

411 5208 444 5264 A,
462 5206 556 5255 ami
573 5206 606 5265 B,
625 5207 652 5257 in
668 5208 690 5257 A
707 5205 770 5257 nihil
788 5204 858 5256 allud
876 5206 926 5255 nisi
944 5204 1030 5255 littera
1047 5218 1060 5254 r
1077 5206 1125 5269 (me
1145 5204 1262 5267 moster)
1281 5216 1359 5257 erasa
1383 5202 1498 5255 videtur.
1528 5228 1554 5240 —
1582 5201 1623 5252 28.
1642 5198 1742 5263 difficile

412 5280 432 5330 li
451 5305 478 5317 -
497 5281 630 5332 inemo
649 5310 676 5319 -
694 5283 735 5333 29.
754 5296 785 5331 cc
802 5282 832 5331 de
846 5293 890 5330 reo
902 5281 1036 5342 --paiam
1052 5280 1148 5343 scripsi
1166 5279 1324 5343 Madvigium
1342 5280 1510 5344 potissimum
1527 5277 1648 5328 secutus:
1667 5272 1743 5323 mdc

411 5369 456 5407 reo
472 5356 606 5406 iudicando
623 5357 667 5418 qai
681 5357 709 5406 sn
725 5357 777 5420 ispe
793 5361 839 5406 cai
854 5357 985 5419 copatione
1001 5355 1113 5405 emerant
1128 5356 1216 5417 polam
1237 5354 1297 5411 AB:
1324 5358 1371 5404 cat
1384 5366 1428 5404 reo
1444 5351 1593 5410 iudicando,
1612 5348 1673 5413 [aut]
1690 5347 1742 5411 ispe

412 5436 459 5481 sest
478 5432 610 5496 copatione
630 5433 770 5493 carenda,
793 5432 859 5481 ciam
880 5445 915 5481 un
932 5432 1022 5493 palam
1045 5433 1074 5481 0.
1110 5431 1199 5490 «Quae
1217 5428 1313 5479 Belius
1330 5426 1384 5478 tolli
1401 5426 1470 5488 voli,
1493 5428 1520 5476 et
1536 5427 1596 5490 apia
1613 5424 1688 5484 sunl,
1712 5423 1743 5471 ut

413 5508 503 5558 statim
526 5507 702 5570 significetur,
725 5506 815 5572 plures
836 5520 897 5557 esse
918 5518 1027 5567 causes,
1053 5507 1078 5556 in
1097 5505 1195 5570 quibus
1212 5504 1335 5568 suffragia
1360 5504 1386 5554 lu
1403 5504 1516 5555 comitiis
1533 5502 1665 5561 terantur,
1688 5512 1742 5551 non

415 5582 538 5633 elusdem
555 5595 650 5633 omnes
667 5585 782 5646 generis,
802 5580 903 5632 neceb
920 5579 973 5631 ullo
991 5581 1095 5632 adiecta
1113 5582 1211 5631 esseni.
1246 5580 1299 5630 Sed
1316 5582 1390 5630 recta
1406 5578 1472 5629 vidit
1489 5575 1558 5629 male
1575 5576 1698 5640 distingul
1714 5576 1743 5626 ie

415 5658 468 5722 iope
489 5663 546 5707 aut
566 5658 712 5721 copatione,
738 5658 864 5720 quoniam
890 5657 932 5705 icc
950 5662 1067 5719 require.
1113 5655 1223 5706 Videtur
1244 5657 1337 5707 Cicero
1362 5655 1516 5719 scripsisse:
1541 5656 1570 5705 io
1590 5654 1744 5718 mpirtratrr

415 5734 569 5794 mandando,
588 5734 615 5782 irr
630 5746 673 5782 reo
689 5732 833 5792 iudicando,
852 5733 876 5780 in
893 5732 975 5795 loquor
991 5731 1123 5794 copatione
1138 5731 1205 5781 ciem
1216 5733 1347 5794 copulam
1359 5731 1422 5794 {scri
1431 5730 1614 5781 matiscenci.»
1631 5728 1741 5779 lauris.

417 5808 542 5859 Extrema
563 5808 602 5858 sic
624 5806 792 5857 emendanda
810 5810 903 5857 censet
920 5804 1033 5856 Vahlen:
1060 5806 1235 5869 miscendaqrse
1250 5807 1277 5856 iss
1293 5808 1346 5870 ispe
1361 5810 1406 5856 arsi
1421 5805 1619 5870 requiescete.
1646 5827 1673 5840 -
1699 5801 1741 5853 30.

416 5883 481 5946 leni
498 5883 580 5933 Bake:
599 5883 666 5945 serre
683 5882 761 5932 Alio
782 5906 807 5917 -
826 5882 887 5932 Arr.
904 5881 943 5931 Ao
954 5906 991 5918 ··
1002 5879 1105 5930 dubium
1121 5881 1175 5930 est?
1193 5882 1282 5944 chrrr.
1298 5881 1430 5931 Vereorse
1444 5882 1496 5930 etc.
1516 5879 1551 5938 0;
1569 5878 1742 5931 haecomnia

418 5957 515 6020 Quinto
533 5956 672 6009 obruenda
691 5969 751 6009 esse
769 5958 842 6008 recte
859 5956 924 6008 sidit
940 5957 1020 6020 Bake,
1039 5959 1068 6007 ut
1083 5957 1138 6008 lam
1154 5960 1216 6009 ante
1233 5968 1297 6008 eum
1313 5953 1457 6009 Lambinus
1473 5953 1582 6009 iecerat
