4342 7459
766 1230 835 1292 Lus.
856 1228 896 1292 11.
924 1225 999 1291 Car.
1019 1224 1156 1287 tr-rv.
1181 1221 1228 1307 §3
1250 1220 1376 1290 l-tt.
1672 1228 1735 1294 bib

408 1393 557 1478 cogitatio
579 1397 611 1454 et
632 1408 708 1453 cura
729 1386 894 1472 ponenda,
921 1394 1043 1451 tantum
1065 1387 1141 1450 huic
1163 1387 1269 1450 studio
1289 1386 1550 1469 relinquendum,
1580 1398 1735 1471 quantum

409 1487 530 1552 vacabit
557 1505 576 1548 a
597 1484 725 1567 publico
747 1480 852 1545 officio
873 1491 906 1545 et
927 1503 1068 1546 munere.
1113 1482 1176 1545 Sed
1198 1482 1276 1545 baec
1298 1483 1377 1545 alias
1398 1481 1559 1563 pluribus,
1589 1503 1674 1548 nunc
1696 1483 1734 1548 ad

406 1583 581 1645 institutam
603 1579 849 1662 disputationem
871 1586 1074 1639 revertamur.
1250 1650 1252 1654 ,

491 1675 546 1737 111,
568 1671 598 1734 8.
622 1675 696 1735 llam
720 1693 792 1734 cnm
814 1671 854 1733 de
877 1670 1072 1734 divinatione
1088 1671 1226 1746 Quintus
1247 1672 1343 1734 frater
1364 1692 1402 1734 ca
1424 1672 1634 1748 disseruisset,
1656 1694 1738 1758 quaa

407 1766 575 1853 superioie
594 1768 675 1829 libro
691 1767 808 1849 scripta
824 1774 915 1840 sunt,
937 1767 1078 1849 satisque
1094 1766 1287 1829 ambulatum
1303 1766 1478 1841 videretur,
1494 1775 1561 1830 tum
1577 1770 1609 1831 in
1624 1770 1761 1834 biblio-r

408 1866 514 1938 theca,
538 1862 674 1947 quaein
697 1860 794 1942 Lycio
817 1867 881 1933 est,
904 1860 1097 1922 adsedimus.
1140 1862 1242 1942 Atque
1265 1878 1340 1941 ego,
1363 1860 1522 1924 Adcurate
1544 1863 1740 1948 tequidem,

408 1960 548 2044 inquam,
572 1956 702 2032 Quinte,
724 1961 757 2016 et
778 1955 878 2017 stoice
894 1954 1074 2016 Stoicorum
1098 1954 1287 2016 sententiam
1309 1952 1494 2027 defendisti,
1517 1955 1669 2040 quodque
1690 1977 1741 2021 me

409 2054 546 2117 maxime
567 2051 713 2120 delectat,
736 2048 880 2130 plurimis
903 2048 1019 2110 nostris
1042 2048 1199 2129 exemplis
1222 2067 1298 2110 usus
1320 2068 1366 2122 es,
1389 2055 1421 2110 et
1441 2049 1481 2111 iis
1503 2051 1632 2133 quidem
1648 2052 1742 2115 claris

409 2156 441 2211 et
462 2146 659 2210 inlustribus.
704 2143 881 2205 Dicendum
910 2150 959 2205 est
987 2141 1066 2203 mihi
1088 2141 1186 2223 igitur
1209 2142 1249 2204 ad
1272 2162 1325 2215 ea,
1354 2162 1437 2225 quae
1460 2151 1534 2207 sunt
1555 2161 1574 2205 a
1596 2151 1627 2207 te
1649 2143 1744 2218 dicta,

410 2242 466 2304 sed
488 2242 543 2314 ita,
565 2238 645 2301 nibil
668 2244 702 2299 ut
723 2234 897 2311 adfirmem,
919 2255 1069 2324 quaeram
1093 2236 1211 2310 omnia,
1234 2236 1383 2298 dubitans
1405 2237 1590 2322 plerumque
1612 2245 1644 2301 et
1666 2238 1783 2301 mibita

409 2337 479 2418 ipae
509 2332 668 2397 diffidens.
714 2332 747 2393 Si
771 2331 855 2393 enim
879 2330 999 2411 aliquid
1023 2331 1098 2392 certi
1119 2330 1288 2403 haberem,
1309 2330 1394 2413 quod
1417 2330 1571 2405 dicerem,
1594 2350 1654 2415 ego
1674 2332 1745 2414 ipse

410 2429 599 2500 divinarem,
624 2426 679 2509 qui
700 2444 771 2487 esse
787 2423 1015 2486 divinationem
1030 2442 1122 2505 nego.
1165 2420 1196 2485 9.
1218 2425 1344 2487 Etenim
1358 2443 1409 2487 me
1425 2435 1532 2487 moret
1545 2425 1642 2500 illud,
1657 2424 1745 2509 quod

411 2524 445 2586 in
467 2523 579 2605 primis
593 2520 772 2583 Carneades
794 2537 947 2603 quaerere
970 2517 1101 2591 solebat,
1124 2537 1333 2600 quarumnam
1356 2536 1462 2581 rerum
1479 2518 1630 2582 dimnatio
1646 2529 1745 2583 esset:

411 2634 563 2681 aurumne
584 2633 666 2697 qnae
689 2613 836 2676 sensibus
858 2612 1122 2695 perciperentur?
1165 2612 1207 2674 At
1227 2630 1283 2675 eas
1305 2611 1434 2695 quidem
1457 2613 1632 2688 cernimus,
1654 2612 1746 2677 audi·

410 2731 499 2785 mus,
521 2717 703 2793 gustamus,
724 2706 907 2780 olfacimus,
929 2706 1098 2788 tangimus.
1143 2705 1320 2790 Numquid
1343 2725 1419 2789 ergo
1441 2709 1475 2770 in
1497 2706 1548 2769 bis
1570 2707 1665 2770 rebus
1687 2716 1784 2782 astte

412 2804 499 2889 quod
521 2803 703 2886 provisione
725 2807 780 2864 aut
801 2800 1002 2884 permotione
1024 2800 1139 2862 mentia
1160 2800 1262 2881 magis
1289 2817 1386 2884 quam
1407 2808 1520 2864 natura
1540 2802 1609 2885 ipsa
1630 2803 1746 2865 sentia·

413 2900 510 2961 must
540 2904 595 2958 aut
618 2916 693 2958 num
716 2896 824 2958 nescio
847 2895 902 2978 qni
926 2893 979 2955 ille
1001 2891 1145 2968 divinus,
1171 2894 1199 2956 si
1221 2894 1321 2956 oculis
1344 2901 1455 2976 captus
1478 2895 1527 2970 sit,
1550 2904 1585 2959 ut
1605 2896 1746 2960 Tiresias

411 2991 486 3065 luit,
508 2990 716 3073 possitquae
739 2988 810 3050 alba
833 2989 911 3061 sint,
934 3005 1018 3071 qnae
1040 2987 1131 3069 nigra
1153 2986 1283 3050 diceret
1305 2994 1361 3050 aut
1382 2988 1408 3049 si
1431 2988 1545 3051 surdus
1568 2990 1621 3064 sit,
1644 2992 1747 3054 varie·

415 3094 497 3150 tates
519 3103 632 3147 vocum
655 3090 710 3146 aut
732 3083 844 3145 modos
865 3084 1020 3144 nosceret
1063 3079 1110 3143 Ad
1132 3080 1253 3143 nullam
1275 3081 1371 3162 igitur
1392 3099 1501 3144 earum
1523 3101 1639 3158 rerum,
1661 3103 1746 3168 quae

414 3200 510 3244 sensu
539 3177 757 3260 accipiuntur,
789 3176 941 3239 divinatio
971 3175 1148 3237 adhibetur.
1192 3175 1288 3258 atqui
1310 3194 1351 3237 ne
1372 3176 1405 3237 in
1428 3176 1468 3238 iis
1490 3176 1618 3261 quiden
1641 3179 1784 3255 rebus,ao

415 3293 497 3358 qnae
519 3277 588 3335 arte
610 3279 793 3344 tractantur,
816 3270 1012 3332 divinatione
1034 3288 1117 3351 opus
1139 3277 1199 3331 est.
1232 3267 1359 3331 Etenim
1381 3271 1420 3332 ad
1443 3288 1555 3351 aegros
1577 3291 1641 3335 non
1657 3283 1746 3339 vates

415 3378 469 3432 aut
490 3365 647 3439 hariolos,
674 3367 730 3428 sed
752 3364 893 3427 medicos
916 3364 1055 3426 solemus
1076 3361 1253 3437 adducere,
1277 3382 1338 3425 nec
1358 3382 1453 3439 vero,
1473 3363 1530 3448 qui
1552 3364 1669 3430 fidibus
1691 3377 1748 3431 aut

416 3462 504 3525 tibiis
527 3460 574 3523 uti
596 3459 725 3533 volunt,
754 3460 794 3524 ab
816 3453 1036 3539 haruspicibus
1065 3457 1228 3540 accipiunt
1249 3476 1357 3520 aarum
1380 3459 1620 3535 tractationem,
1649 3460 1747 3525 seda

418 3557 555 3620 musicis.
601 3548 652 3615 ll).
682 3554 801 3616 Eadem
820 3554 854 3615 in
878 3550 991 3615 litteris
1012 3552 1095 3613 ratio
1118 3559 1167 3613 est
1186 3551 1384 3634 reliquisque
1406 3552 1516 3626 rebus,
1542 3571 1675 3636 quarum
1698 3563 1748 3619 est

416 3650 595 3733 disciplina.
637 3650 719 3710 Num
742 3668 854 3710 censes
877 3665 948 3720 eos,
976 3646 1033 3728 qui
1062 3645 1208 3708 diuinare
1237 3645 1402 3718 dicuntur,
1432 3666 1526 3729 posse
1553 3649 1785 3731 responderene

416 3744 465 3808 sol
487 3744 629 3806 maiorne
652 3762 748 3825 quam
770 3750 852 3805 terra
875 3742 940 3804 sit‘l
962 3759 1003 3802 an
1026 3746 1147 3813 tantus,
1170 3747 1307 3822 quantus
1329 3739 1495 3802 rideatur?
1524 3740 1666 3826 lunaque
1688 3762 1746 3808 suo

417 3838 536 3902 lumine
558 3856 598 3899 an
622 3837 698 3899 solis
722 3839 849 3899 utaturt
877 3835 941 3908 sol,
964 3834 1040 3895 luna
1062 3853 1157 3916 quem
1179 3840 1300 3895 motum
1322 3832 1460 3896 habeat?
1483 3853 1579 3917 quem
1602 3839 1747 3921 quinque

416 3933 538 4006 stellae,
561 3950 645 4015 quae
666 3949 772 3992 errare
794 3930 966 3992 dicuntnr‘l
996 3928 1060 3990 Nec
1082 3927 1177 4000 baec,
1202 3928 1258 4010 qni
1281 3927 1381 3990 divini
1403 3927 1576 4005 habentur,
1597 3928 1749 4014 proliten-

417 4034 468 4089 tur
489 4047 523 4089 se
546 4044 616 4089 esse
639 4026 791 4098 dicturos,
814 4043 873 4086 nec
895 4041 1023 4095 eorum,
1046 4039 1128 4103 quaa
1151 4019 1184 4082 in
1207 4022 1381 4102 geometria
1402 4022 1642 4100 describuntur,
1664 4044 1748 4110 quaa

417 4140 508 4194 vera,
530 4138 613 4203 quae
635 4118 713 4180 lalsa
736 4118 815 4179 sint:
848 4125 922 4179 sunt
944 4115 1028 4178 enim
1052 4134 1091 4177 ea
1113 4114 1426 4189 matbematicorum,
1456 4135 1521 4179 non
1543 4117 1787 4184 hariolorumaa

502 4214 553 4275 lV.
576 4214 622 4275 lle
645 4212 708 4274 illis
730 4231 805 4273 vero
828 4210 933 4283 rebus,
956 4230 1038 4292 quae
1053 4209 1086 4270 in
1102 4206 1303 4292 philosophia
1317 4219 1498 4284 versantur,
1519 4213 1685 4293 numquid
1701 4223 1750 4277 est

418 4310 505 4392 qnod
529 4307 698 4391 qnisquam
722 4304 900 4367 divinorum
931 4310 986 4365 ant
1008 4304 1201 4384 respondere
1224 4302 1326 4365 soleat
1354 4311 1410 4366 ant
1431 4306 1570 4381 consuli,
1593 4308 1671 4389 quid
1694 4308 1750 4372 bo·

419 4423 493 4465 num
518 4402 568 4475 sit,
592 4401 668 4483 quid
691 4399 820 4471 malum,
843 4396 919 4480 qnid
944 4399 1113 4458 neutrum?
1147 4397 1228 4459 Sunt
1250 4395 1334 4458 enim
1356 4396 1435 4461 baec
1457 4402 1586 4482 propria
1608 4402 1750 4483 pbiloso-

419 4497 564 4579 phorum.
608 4489 658 4554 ll.
682 4493 788 4566 Quid?
812 4493 851 4554 de
874 4490 980 4553 officio
1004 4511 1078 4552 num
1102 4492 1174 4574 quis
1197 4490 1397 4573 haruspicem
1420 4494 1571 4570 consulit,
1595 4497 1747 4579 quemad

421 4590 549 4652 modum
573 4590 614 4651 sit
635 4608 703 4649 cum
728 4586 921 4669 parentibus,
944 4606 1015 4647 cum
1040 4586 1203 4660 iratribus,
1225 4608 1296 4649 cum
1312 4588 1421 4651 amicis
1438 4590 1631 4653 vivendum?
1654 4610 1787 4676 quernae

420 4684 458 4747 ad
476 4682 604 4745 modum
620 4680 772 4743 utendum
788 4681 946 4762 pecunial
976 4700 1070 4763 quem
1087 4680 1126 4743 ad
1145 4680 1270 4744 modum
1286 4682 1430 4745 honore?
1458 4684 1749 4767 quemadmodum

420 4778 574 4860 imperio?
620 4776 668 4838 Ad
698 4776 858 4856 sapientes
886 4774 987 4849 baec,
1020 4796 1086 4838 non
1115 4775 1154 4839 ad
1184 4774 1310 4838 divinos
1340 4775 1450 4839 referri
1479 4779 1594 4842 solent.
1641 4780 1749 4855 Quidl

421 4892 503 4956 qnae
525 4892 543 4934 a
566 4870 739 4933 dialecticis
760 4878 815 4932 ant
836 4889 856 4932 a
881 4868 1023 4952 physicis
1051 4878 1245 4945 tractantur,
1272 4871 1449 4955 numquid
1477 4891 1588 4937 eorum
1615 4875 1751 4939 divinari

485 5124 510 5173 Β.
528 5124 632 5172 wcuait
648 5123 670 5172 ll
688 5148 715 5157 -
734 5136 800 5172 canc
817 5136 876 5185 sup.
889 5121 967 5172 line
988 5149 1015 5159 —
1034 5124 1058 5173 b.
1078 5123 1140 5184 tuso]
1158 5136 1216 5171 cum
1234 5123 1256 5172 ll
1275 5149 1302 5159 -
1322 5123 1346 5172 6.
1364 5122 1429 5183 tucio
1446 5124 1506 5174 AV:
1529 5125 1587 5175 ticio
1603 5126 1666 5188 ΒΗ,
1684 5128 1752 5189 luceo

421 5201 488 5251 Oct
504 5204 530 5250 in
548 5198 621 5249 libris
638 5201 766 5264 seriptum
785 5202 794 5249 l
812 5199 855 5261 §8
879 5227 912 5236 -
936 5199 961 5249 8.
979 5198 1109 5259 esJestH
1138 5224 1165 5233 -
1192 5198 1229 5247 bis
1249 5197 1268 5247 C
1292 5224 1318 5233 -
1347 5198 1387 5249 ld.
1405 5199 1540 5250 astomll
1564 5226 1591 5235 -
1619 5204 1660 5251 lt.
1678 5202 1752 5267 quod]

421 5276 481 5336 quid
498 5275 519 5324 ll
539 5300 567 5311 -
587 5273 627 5323 ta.
647 5289 756 5336 quarum
772 5289 858 5325 rerum
874 5271 905 5325 A¹
919 5300 946 5311 -
966 5275 1006 5325 46.
1022 5273 1222 5334 praemonitione
1238 5271 1344 5334 Sallsb.,
1360 5276 1524 5336 praenotione
1540 5276 1709 5328 Camerarius
1721 5304 1753 5315 -

423 5352 461 5401 t't.
480 5356 526 5399 out
543 5364 602 5398 oum
618 5352 699 5401 nescio
716 5353 759 5413 qui
778 5353 813 5401 C:
842 5358 887 5400 out
903 5363 995 5400 numae
1010 5350 1060 5398 scic
1078 5350 1121 5410 qai
1142 5347 1284 5398 Muellerus
1307 5350 1333 5399 in
1354 5362 1443 5415 progr.
1466 5349 1622 5416 Brombcrg.
1645 5365 1668 5401 a.
1688 5351 1753 5403 l8l3

422 5437 448 5491 p.
462 5425 494 5485 l,
521 5432 549 5475 ut
565 5426 646 5475 nescio
664 5429 706 5488 qui
727 5428 875 5485 sturmius,
902 5431 930 5475 ut
947 5425 1089 5485 nescioqui
1109 5422 1314 5485 SchellerusO,
1341 5425 1415 5476 lert:
1443 5432 1488 5475 cat
1510 5438 1570 5475 osen
1592 5426 1634 5477 ille
1655 5427 1754 5477 divinas

421 5505 502 5553 nescio
518 5502 578 5563 qui,
604 5500 934 5564 chironomuntas
964 5527 990 5535 -
1019 5498 1059 5548 ta.
1077 5499 1238 5549 uositooesll
1263 5525 1288 5535 -
1317 5500 1708 5563 supereminentesque·
1731 5502 1754 5551 is

422 5578 486 5636 ΛΗ,
504 5578 543 5626 bis
559 5577 592 5636 B,
611 5576 695 5624 hiisV
715 5602 741 5610 -
769 5576 808 5624 23.
827 5577 865 5624 uti
881 5588 941 5639 sup.
960 5572 1005 5624 lin.
1024 5575 1044 5625 Β
1064 5600 1091 5609 -
1119 5574 1160 5626 bl.
1179 5574 1330 5636 reliquisque
1345 5575 1455 5624 rentibus
1472 5576 1493 5625 ll
1515 5602 1542 5611 -
1571 5577 1612 5627 ΞΒ.
1630 5578 1663 5627 sit
1678 5583 1754 5628 aetus

423 5650 492 5703 A¹V¹
512 5680 538 5689 -
557 5653 598 5702 tl.
617 5651 705 5700 hebeat
722 5648 858 5700 AB¹H¹V:
882 5650 990 5700 habeant
1007 5649 1107 5699 B¹ll¹0
1129 5676 1154 5684 -
1181 5649 1222 5700 ΞΒ.
1241 5662 1289 5712 que
1303 5650 1332 5700 to
1348 5652 1511 5714 ommatium
1526 5649 1566 5712 B',
1590 5654 1634 5713 qul
1650 5654 1677 5702 to
1692 5666 1753 5717 peo-

295 5715 298 5724 ’
422 5727 603 5779 memen-
629 5726 726 5790 Μ]
746 5727 849 5777 0e1-
878 5725 1114 5786 scammum
1131 5724 1235 5786 moen
1261 5750 1287 5761 -
1314 5723 1753 5789 aanoeemeoamaqemee

422 5805 523 5852 modum
539 5804 565 5852 lu
583 5814 664 5864 marg.
684 5800 745 5850 edd.
765 5802 783 5851 Β
803 5826 829 5836 -
857 5800 898 5852 37.
916 5801 950 5850 ed
967 5803 1028 5849 ante
1045 5801 1168 5862 sapienta
1184 5812 1242 5864 sup.
1262 5797 1306 5850 lin.
1325 5800 1344 5850 Β
1368 5826 1395 5837 -
1423 5800 1463 5851 38.
1482 5805 1529 5850 cut
1542 5800 1613 5863 pivs.
1632 5803 1753 5856 Davlslus

424 5877 444 5926 0
462 5903 489 5912 -
514 5890 576 5925 naen
593 5878 653 5938 qaid
669 5889 757 5927 eorum
773 5876 837 5926 All:
863 5889 924 5925 m
941 5888 1028 5925 aarum
1043 5887 1124 5940 snpra
1142 5872 1187 5925 lin.
1206 5874 1296 5926 addito
1318 5876 1375 5937 quis
1389 5876 1424 5938 B,
1450 5888 1511 5925 amn
1528 5889 1584 5939 qaas
1600 5877 1703 5928 &ama
1718 5879 1751 5943 V,

423 5964 483 6002 eaeo
499 5952 555 6014 quis
570 5964 657 6002 eonem
674 5952 694 6002 0
714 5976 740 5988 -
760 5951 878 6002 diemaro
894 5951 960 6002 ΨΟ.
1350 5967 1359 5984 ·
