4342 7459
437 1230 500 1298 att
767 1219 1437 1307 ruscvcsusnuuorsrursrrouuu

439 1398 564 1463 maiora>
581 1399 710 1463 moliri?
746 1402 788 1463 Μ.
811 1399 851 1462 Ut
871 1399 1017 1472 doceam,
1047 1401 1074 1463 si
1098 1400 1233 1482 possim,
1256 1419 1319 1462 non
1342 1400 1437 1463 modo
1460 1400 1575 1465 malum
1597 1422 1660 1465 non
1682 1422 1762 1478 esso,

439 1492 495 1555 sed
517 1493 635 1555 bonum
659 1495 752 1556 etiam
776 1512 845 1556 esse
866 1500 1009 1555 mortem.
1044 1494 1081 1556 A.
1105 1496 1173 1554 Non
1196 1493 1323 1574 postulo
1345 1493 1378 1555 id
1395 1493 1542 1577 quidem,
1565 1513 1643 1559 aveo
1658 1503 1762 1560 umen

439 1585 557 1649 audire.
597 1586 637 1649 Ut
666 1586 749 1649 enim
777 1605 843 1648 non
870 1583 987 1649 efficias
1010 1586 1095 1670 quod
1118 1588 1182 1661 vis,
1212 1594 1315 1648 tamen
1336 1607 1419 1649 mors
1440 1597 1476 1649 ut
1497 1588 1614 1650 malum
1636 1592 1764 1653 nonsit

349 1683 352 1687 ’
438 1676 566 1742 efficies.
610 1679 673 1741 Sed
699 1680 779 1742 nihil
801 1689 833 1742 te
854 1680 1076 1763 interpellabo:
1107 1680 1319 1742 continentem
1341 1682 1517 1743 orationem
1538 1681 1647 1745 audire
1668 1684 1761 1747 malo.

414 1769 489 1835 stt.
510 1775 552 1838 Μ.
576 1773 684 1847 Quint
707 1774 733 1836 si
756 1782 786 1835 te
808 1793 960 1854 rogavero
982 1773 1118 1856 aliquid,
1140 1792 1246 1836 nonne
1268 1772 1497 1855 respondebis?
1529 1777 1564 1837 A.
1584 1776 1761 1858 Superbum

437 1865 470 1928 id
493 1866 621 1947 quidem
642 1873 710 1940 est3
738 1866 811 1939 sed,
833 1866 894 1928 uisi
915 1866 994 1947 quid
1015 1886 1146 1929 necesse
1163 1868 1235 1941 erit,
1258 1867 1340 1929 malo
1356 1888 1418 1930 non
1439 1887 1541 1949 roges.
1573 1870 1628 1931 lx.
1643 1870 1685 1931 Μ.
1702 1869 1761 1932 Ge-

437 1980 502 2023 ram
525 1959 582 2022 tibi
606 1979 724 2022 morem
746 1968 778 2022 et
800 1980 852 2035 ea,
875 1978 955 2043 quae
979 1960 1043 2033 vis,
1065 1969 1099 2022 ut
1121 1970 1232 2042 potero
1256 1960 1437 2042 explicabo,
1460 1981 1520 2024 nec
1540 1970 1646 2023 tamen
1670 1962 1762 2045 qussi

437 2053 569 2137 Pythius
598 2052 728 2134 Apollo,
756 2061 841 2115 certa
867 2059 902 2115 ut
930 2053 993 2115 sint
1014 2063 1047 2115 et
1067 2053 1132 2115 fixa
1154 2074 1235 2135 quae
1259 2055 1385 2127 dixero,
1415 2055 1471 2118 sed
1494 2064 1529 2117 ut
1549 2054 1761 2118 homunculus

438 2167 521 2210 unus
544 2166 562 2208 e
584 2145 689 2208 multis
712 2143 888 2228 probabilia
911 2148 1094 2209 coniectura
1110 2167 1256 2228 sequens.
1295 2147 1382 2211 Ultra
1397 2148 1480 2211 enirn
1500 2169 1563 2232 quo
1579 2148 1763 2231 progrediar

400 2254 530 2326 coquam
553 2247 587 2302 ut
608 2240 674 2302 veri
696 2241 810 2303 similia
826 2242 954 2303 ,videam
979 2259 1042 2302 non
1065 2242 1183 2302 babeo:
1211 2249 1295 2303 certa
1318 2242 1423 2303 dicent
1444 2242 1484 2316 ii,
1513 2242 1566 2325 qui
1590 2250 1622 2303 at
1643 2240 1759 2323 percipi
1787 2314 1790 2322 ‚

438 2354 475 2397 ea
497 2353 592 2416 posse
615 2332 724 2396 dicunt
745 2342 777 2396 et
799 2353 833 2396 se
855 2333 1007 2415 sapientis
1029 2352 1099 2396 esse
1122 2330 1316 2415 profitentur.
1353 2336 1389 2397 A.
1406 2337 1468 2408 Tu,
1490 2344 1525 2397 ut
1539 2333 1681 2397 videtur:
1704 2338 1768 2397 nos

437 2427 478 2490 ad
500 2426 691 2490 audiendum
715 2427 814 2509 parati
838 2446 956 2489 sumus.

522 2516 573 2582 t8.
595 2522 637 2582 M.
659 2522 743 2583 hlors
765 2520 862 2603 igitur
883 2521 967 2601 ipsa,
997 2539 1079 2603 quae
1100 2520 1222 2582 videtur
1249 2521 1412 2583 notissima
1438 2543 1488 2585 res
1510 2542 1593 2597 esse,
1624 2522 1699 2606 quid
1721 2524 1763 2586 sit

438 2613 570 2695 primum
593 2621 642 2675 est
662 2611 843 2676 videndum.
877 2614 958 2675 Sunt
979 2615 1062 2676 enim
1086 2615 1140 2696 qui
1163 2614 1335 2676 discessum
1358 2616 1453 2677 animi
1470 2635 1487 2678 a
1506 2636 1638 2699 corpore
1653 2622 1763 2698 putent

401 2720 507 2769 anasse
530 2713 680 2781 mortem;
703 2716 776 2769 sunt
798 2707 853 2788 qui
874 2707 995 2769 nullum
1018 2716 1167 2770 censeant
1180 2708 1247 2769 lieri
1262 2707 1452 2782 discessum,
1475 2709 1532 2772 sed
1548 2728 1610 2771 una
1624 2710 1761 2772 animum

437 2810 470 2863 et
490 2820 605 2884 corpus
627 2798 770 2863 occidere
792 2800 997 2882 animumque
1024 2802 1056 2864 in
1079 2820 1210 2883 corpore
1232 2801 1383 2882 extingui.
1425 2801 1487 2877 Qui
1510 2801 1674 2865 discedere
1696 2805 1762 2866 ani·

437 2915 522 2957 mum
555 2901 700 2966 censent,
733 2893 786 2955 alii
814 2895 918 2955 statim
950 2893 1112 2976 dissipari,
1146 2893 1199 2955 alii
1229 2892 1283 2955 diu
1310 2912 1512 2976 permanere,
1546 2895 1598 2958 alii
1627 2915 1761 2978 semper.

438 2986 524 3062 Quid
548 2986 589 3049 sit
609 3006 704 3069 porro
727 2988 794 3069 ipse
816 2987 939 3049 animus
961 2996 1016 3049 aut
1037 2987 1091 3049 ubi
1110 2995 1165 3049 aut
1181 2986 1275 3059 unde,
1298 3007 1409 3069 magna
1423 2988 1579 3053 dissensio
1595 2997 1653 3051 est.
1682 2988 1762 3051 Aliis

438 3100 493 3143 cor
513 3080 618 3162 ipsum
639 3080 762 3142 animus
777 3078 912 3154 ridetur,
934 3100 975 3142 ex
990 3101 1054 3162 quo
1077 3080 1283 3154 excordes,
1306 3081 1510 3144 vaecordes
1528 3082 1762 3146 concordes·

399 3187 501 3256 toque
523 3172 670 3236 dicuntur
691 3180 723 3235 et
744 3174 854 3236 Nasica
875 3173 929 3235 ille
951 3174 1092 3257 prudens
1112 3174 1162 3236 bis
1184 3173 1292 3236 consul
1317 3173 1524 3238 Corculum
1547 3184 1580 3238 et

606 3267 771 3351 Egregie
793 3268 981 3331 cordatus
1003 3270 1118 3330 homo
1140 3275 1258 3330 catus
1281 3267 1418 3330 delius
1442 3270 1593 3332 Sextus.

438 3358 488 3425 ⁴9.
510 3361 719 3443 Empedocles
751 3362 891 3424 animum
920 3382 989 3423 esse
1020 3368 1127 3423 censet
1158 3360 1246 3422 cordi
1277 3362 1428 3423 sullusum
1452 3361 1647 3444 sauguinem.
1685 3361 1763 3426 Aliis

437 3476 511 3541 pars
534 3454 689 3539 quaedam
718 3455 838 3517 cerebri
861 3456 928 3517 visa
950 3463 998 3516 est
1019 3456 1117 3517 animi
1143 3456 1349 3538 principatum
1373 3464 1490 3518 tenere.
1527 3456 1606 3520 Aliis
1628 3476 1688 3519 nec
1710 3477 1764 3521 cor

437 3550 541 3631 ipsum
564 3550 669 3631 placet
689 3568 747 3612 nec
763 3548 884 3611 cerebri
900 3548 1058 3628 quandam
1074 3556 1193 3630 partem
1210 3568 1279 3611 esse
1295 3550 1448 3622 animum,
1471 3550 1525 3613 sed
1540 3551 1594 3614 alii
1608 3552 1641 3614 in
1657 3550 1763 3625 eorde,

400 3642 490 3706 aselii
512 3643 546 3704 in
568 3642 699 3704 cerebro
722 3642 871 3705 dixerunt
892 3642 988 3704 animi
1011 3661 1081 3704 esse
1105 3642 1211 3704 sedem
1228 3650 1258 3703 et
1280 3644 1394 3703 locum.
1427 3646 1573 3707 Animum
1589 3653 1693 3707 autem
1709 3646 1762 3709 alii

438 3735 589 3809 animam,
619 3743 654 3798 ut
674 3735 740 3798 iere
762 3734 872 3796 nostri.
911 3734 1057 3797 Declarat
1076 3755 1209 3809 nomen;
1238 3747 1362 3799 namet
1388 3756 1510 3818 agere
1535 3737 1705 3800 animam
1732 3746 1764 3802 et

439 3828 575 3893 elilare
596 3827 758 3891 dicimus
778 3825 820 3912 [et
835 3828 1024 3890 animosos
1048 3836 1079 3890 et
1106 3830 1198 3890 bene
1215 3830 1400 3892 animatos
1425 3839 1523 3893 etex
1546 3830 1660 3892 animi
1683 3850 1763 3895 sen·

438 3918 585 4005 tentia];
607 3922 676 4005 ipse
698 3930 803 3985 autem
823 3922 945 3984 animus
967 3920 1006 3983 ab
1029 3923 1132 3984 anima
1155 3922 1257 3985 dictus
1279 3932 1336 3985 est.
1371 3927 1487 3987 Zenoni
1512 3925 1615 3986 Stoico
1637 3924 1762 3989 animus

439 4018 521 4101 ignis
543 4014 678 4080 videtur.
720 4016 760 4076 X.
784 4016 845 4077 Sed
872 4015 951 4076 haec
976 4016 1122 4097 quidem,
1151 4037 1232 4098 quae
1261 4018 1345 4090 dixi,
1378 4038 1448 4091 cor,
1482 4017 1662 4093 cerebrum,
1696 4020 1763 4082 ani·

401 4123 537 4183 somam,
560 4111 664 4191 ignem
687 4109 794 4190 volg03
815 4108 936 4190 reliqua
958 4108 1023 4170 iere
1047 4110 1179 4191 singuli,
1202 4119 1236 4171 ut
1256 4110 1355 4172 multo
1377 4121 1448 4174 ante
1464 4120 1594 4185 veteres,
1617 4113 1762 4193 proxime

439 4212 543 4268 autem
568 4204 792 4275 Aristoxenus,
817 4204 955 4264 musicus
982 4202 1130 4284 idemque
1157 4202 1382 4284 philosophus,
1415 4205 1515 4286 ipsius
1545 4207 1685 4287 corporis
1716 4207 1763 4266 in·

440 4298 610 4360 tentionem
636 4295 811 4378 quandam,
834 4295 920 4357 velut
951 4296 983 4357 in
1013 4304 1105 4358 cantu
1134 4306 1164 4357 et
1189 4294 1302 4358 fidibus
1331 4317 1412 4378 quae
1440 4298 1603 4360 harmonia
1633 4297 1763 4374 dicitur;

440 4392 485 4455 sie
512 4411 552 4453 ex
581 4389 719 4471 corporis
741 4390 837 4450 totius
859 4396 970 4450 natura
993 4399 1025 4451 et
1047 4386 1146 4471 ligura
1168 4391 1271 4452 varios
1300 4400 1402 4476 motps
1434 4391 1508 4453 cieri
1539 4400 1699 4474 tamquam
1729 4393 1762 4453 in

440 4493 533 4548 cantu
556 4504 659 4546 sonos.
692 4478 743 4543 20.
765 4482 824 4543 llic
840 4482 879 4543 ab
901 4480 1034 4545 artilicio
1057 4504 1115 4546 suo
1137 4503 1200 4544 non
1224 4485 1353 4546 recessit
1368 4493 1398 4546 et
1414 4492 1517 4547 tamen
1533 4484 1615 4547 dixit
1629 4484 1764 4568 aliquid,

402 4577 525 4663 acquod
551 4578 655 4659 ipsum
682 4575 776 4658 quale
803 4584 887 4638 esset
921 4586 988 4638 erat
1017 4578 1115 4638 multo
1143 4584 1215 4639 ante
1242 4585 1273 4638 et
1307 4578 1423 4640 dictum
1454 4589 1485 4640 et
1514 4577 1716 4658 explanatum
1744 4597 1763 4641 a

439 4673 578 4735 Platone.
616 4670 810 4732 Xenocrates
833 4671 929 4732 animi
946 4666 1074 4751 liguram
1098 4679 1129 4731 et
1151 4670 1239 4751 quasi
1263 4690 1377 4754 corpus
1399 4673 1524 4753 negavit
1546 4692 1614 4734 esse
1636 4692 1762 4734 verum:

440 4784 604 4828 numerum
631 4764 711 4826 dixit
733 4783 817 4836 esse,
846 4764 934 4826 cuius
958 4764 1022 4836 vis,
1049 4772 1084 4824 ut
1106 4765 1167 4825 iam
1189 4772 1260 4825 ante
1282 4764 1475 4847 Pythagorae
1498 4766 1599 4826 visum
1622 4774 1702 4839 erat,
1730 4767 1762 4829 in

505 5028 530 5076 2.
549 5024 619 5089 aceo]
637 5024 712 5074 habeo
729 5026 759 5075 C.
778 5024 844 5085 ets
862 5024 918 5072 tta.
940 5049 966 5058 -
987 5022 1010 5072 l.
1029 5028 1052 5072 te
1068 5036 1201 5086 superscr.
1215 5025 1240 5073 in
1254 5026 1273 5072 G
1288 5024 1383 5073 eadem
1402 5037 1437 5073 m.
1454 5051 1480 5060 -
1500 5026 1523 5073 s.
1542 5040 1592 5073 non
1607 5026 1764 5087 respondebis

441 5105 469 5153 0.
494 5102 552 5151 vid.
571 5099 673 5163 lladrig
695 5099 728 5149 ad
753 5100 806 5149 Cic.
826 5098 859 5147 de
878 5097 958 5147 Finib.
979 5099 998 5146 lt
1018 5096 1032 5159 S
1051 5099 1090 5147 ⁴0.
1112 5124 1138 5132 —
1161 5100 1176 5147 6
1204 5100 1300 5159 quidem
1318 5104 1390 5155 esset,·
1412 5099 1455 5146 sed
1471 5098 1539 5148 ttoke
1558 5097 1574 5148 l.
1594 5098 1609 5148 l.
1628 5113 1654 5163 p.
1672 5100 1712 5151 ll.
1733 5128 1759 5138 -

440 5190 471 5227 ns
486 5189 558 5239 rogas
575 5176 595 5225 0
614 5198 641 5210 -
665 5174 704 5223 to.
723 5174 820 5222 eldeum
837 5173 930 5222 similia
947 5173 966 5220 0
986 5197 1012 5205 —
1036 5172 1060 5218 li
1079 5172 1141 5231 Gli,
1159 5173 1228 5221 istil]
1251 5201 1273 5208 -
1300 5173 1339 5223 tl.
1357 5178 1447 5234 putent
1464 5174 1483 5222 C
1505 5201 1526 5209 -
1554 5175 1592 5224 ⁴8.
1612 5181 1656 5223 aut
1673 5174 1763 5223 obi·-

440 5266 484 5301 cor
505 5252 585 5312 ipsum
607 5250 707 5298 samm
729 5248 754 5297 in
778 5249 798 5296 G
820 5248 845 5295 in
867 5248 985 5308 margine
1009 5245 1130 5295 interiore
1152 5248 1271 5311 suppleta
1295 5251 1356 5298 sunt
1376 5248 1470 5298 eadem
1488 5262 1523 5298 m.
1544 5275 1570 5284 -
1591 5256 1635 5297 aot
1650 5251 1763 5300 uode--

441 5327 619 5387 concordesque
634 5326 752 5373 dicuntur
769 5323 867 5371 Nouius
885 5336 910 5385 p.
925 5322 964 5371 66.
986 5348 1011 5357 -
1032 5323 1071 5370 26.
1091 5324 1178 5371 nostri.
1197 5324 1317 5372 Decturat
1333 5336 1430 5373 amma.
1447 5325 1515 5372 Nom
1532 5325 1666 5373 Davisius:
1685 5328 1764 5376 sosas·

441 5402 570 5451 declarant
589 5411 686 5448 nomen.
710 5398 776 5447 Num
800 5397 834 5450 C:
857 5398 935 5445 nostri
957 5396 1085 5444 declarant
1105 5400 1211 5447 nomine.
1234 5400 1301 5448 Num
1319 5396 1442 5455 timidus,
1463 5398 1497 5456 03
1520 5401 1598 5447 nostra·
1620 5399 1762 5451 declarant:

440 5474 587 5526 comitale
604 5471 620 5522 Ι.
635 5471 651 5523 l.
671 5487 696 5537 p.
710 5472 750 5523 tt.
771 5472 809 5522 ct.
824 5470 933 5536 Philipp.
948 5472 968 5518 V
985 5471 1051 5533 543.
1071 5472 1171 5535 xsat.
1188 5499 1213 5508 -
1233 5475 1273 5523 27.
1293 5478 1316 5522 et
1333 5475 1501 5522 animosos--
1513 5476 1632 5523 sententio
1650 5473 1762 5524 delenda

442 5564 501 5601 esse
519 5551 620 5614 primus
637 5548 701 5598 vidit
717 5548 885 5603 Schuetzius;
904 5544 1018 5612 λογικὸν
1035 5539 1194 5617 ἁμάρτημα
1211 5550 1345 5598 Ciceronis
1364 5550 1446 5611 ipsius
1463 5561 1543 5611 quam
1561 5547 1692 5611 glossema
1706 5563 1764 5599 ma·

441 5626 488 5677 luit
504 5635 649 5687 agnoscere
667 5624 686 5672 0
707 5648 731 5657 -
752 5622 792 5671 29.
812 5636 855 5670 cor
872 5623 906 5671 C:
925 5637 977 5681 cor,
996 5626 1141 5685 sanguinem
1153 5625 1181 5673 0.
1203 5625 1309 5673 ·0mtsit
1322 5626 1468 5686 sanguinem
1481 5625 1582 5684 Cicero,
1601 5624 1673 5687 quod
1686 5636 1763 5675 nurus

441 5701 556 5750 hominis
573 5698 640 5749 haec
657 5702 714 5748 erat
725 5698 822 5762 opinio,
841 5711 892 5747 nou
905 5696 982 5760 vulgo
994 5699 1045 5748 hoc
1057 5698 1223 5762 putabatur.»
1242 5699 1332 5747 Ksorz.
1350 5725 1375 5733 -
1395 5698 1434 5747 30.
1451 5699 1556 5761 singuli:
1575 5704 1602 5747 ut
1617 5700 1695 5748 mutto
1706 5705 1764 5749 asto

441 5775 552 5838 Bentley
568 5773 636 5836 (coll.
651 5788 677 5824 v.
691 5773 744 5834 aot:
768 5774 859 5836 nugati
882 5779 909 5822 ot
930 5775 1001 5823 multi
1022 5779 1080 5822 ante
1097 5776 1129 5831 (ἲς
1154 5773 1253 5836 singuli.
1274 5774 1304 5823 tlt
1320 5776 1337 5835 †
1353 5773 1425 5822 multi
1441 5779 1498 5822 uota
1515 5775 1534 5824 0
1554 5799 1579 5808 -
1605 5773 1645 5823 34.
1663 5776 1764 5824 mimis

442 5864 511 5901 corr.
530 5851 626 5902 eadem
644 5863 679 5902 m.
699 5851 726 5901 in
741 5851 849 5899 musicos
866 5850 885 5898 R
905 5874 931 5885 -
951 5849 991 5899 32.
1010 5852 1128 5898 amorio
1144 5851 1192 5899 ott
1213 5876 1238 5885 —
1258 5850 1298 5898 36.
1313 5863 1472 5899 asseverem:
1490 5862 1621 5899 pernarum
1634 5848 1759 5901 Klotzius:

441 5939 503 5991 etto,
525 5940 612 5979 verum
632 5938 763 5978 samsom
783 5926 817 5986 0;
839 5936 903 5987 ease,
926 5923 1030 5990 [cemos]
1051 5936 1183 5974 numerum
1200 5924 1357 5987 Tregderns.
1385 5922 1508 5974 ·Scilicet
1525 5925 1547 5974 is
1564 5938 1670 5989 qnoque
1688 5929 1761 5977 recte
