<?xml version="1.0" encoding="UTF-8"?>
<!DOCTYPE html PUBLIC "-//W3C//DTD XHTML 1.0 Transitional//EN"
    "http://www.w3.org/TR/xhtml1/DTD/xhtml1-transitional.dtd">
<html xmlns="http://www.w3.org/1999/xhtml" xml:lang="en" lang="en">
 <head>
  <title>
</title>
<meta http-equiv="Content-Type" content="text/html;charset=utf-8" />
  <meta name='ocr-system' content='tesseract 3.04.00' />
  <meta name='ocr-capabilities' content='ocr_page ocr_carea ocr_par ocr_line ocrx_word'/>
</head>
<body>
  <div class='ocr_page' id='page_1' title='image "./operaquaesupers00halmgoog/operaquaesupers00halmgoog_0694.png"; bbox 0 0 4342 7459; ppageno 0'>
   <div class='ocr_carea' id='block_1_1' title="bbox 435 1188 1315 1296">
    <p class='ocr_par' dir='ltr' id='par_1_1' title="bbox 435 1188 1315 1296">
     <span class='ocr_line' id='line_1_1' title="bbox 435 1188 1315 1296; baseline -0.003 -1"><span class='ocrx_word' id='word_1_1' title='bbox 435 1230 499 1296; x_wconf 83' lang='lat' dir='ltr'><strong>ets</strong></span> <span class='ocrx_word' id='word_1_2' title='bbox 972 1229 1025 1292; x_wconf 85' lang='lat' dir='ltr'><strong>nn</strong></span> <span class='ocrx_word' id='word_1_3' title='bbox 1047 1228 1219 1293; x_wconf 79' lang='lat' dir='ltr'><strong>onerans</strong></span> <span class='ocrx_word' id='word_1_4' title='bbox 1313 1188 1315 1191; x_wconf 51' lang='grc'>’</span> 
     </span>
    </p>
   </div>
   <div class='ocr_carea' id='block_1_2' title="bbox 401 1386 1763 4846">
    <p class='ocr_par' dir='ltr' id='par_1_2' title="bbox 401 1386 1761 2505">
     <span class='ocr_line' id='line_1_2' title="bbox 438 1386 1760 1474; baseline -0.005 -16"><span class='ocrx_word' id='word_1_5' title='bbox 438 1392 501 1458; x_wconf 88' lang='lat' dir='ltr'><strong>alio</strong></span> <span class='ocrx_word' id='word_1_6' title='bbox 523 1391 652 1454; x_wconf 93' lang='lat' dir='ltr'><strong>domiuo</strong></span> <span class='ocrx_word' id='word_1_7' title='bbox 674 1388 768 1454; x_wconf 89' lang='lat' dir='ltr'><strong>solita</strong></span> <span class='ocrx_word' id='word_1_8' title='bbox 790 1394 839 1452; x_wconf 89' lang='lat' dir='ltr'><strong>est</strong></span> <span class='ocrx_word' id='word_1_9' title='bbox 858 1386 1066 1473; x_wconf 82' lang='lat' dir='ltr'><strong>frequentari.</strong></span> <span class='ocrx_word' id='word_1_10' title='bbox 1109 1387 1266 1464; x_wconf 86' lang='lat' dir='ltr'><strong>Odiosum</strong></span> <span class='ocrx_word' id='word_1_11' title='bbox 1288 1393 1337 1452; x_wconf 93' lang='lat' dir='ltr'><strong>est</strong></span> <span class='ocrx_word' id='word_1_12' title='bbox 1357 1387 1459 1463; x_wconf 92' lang='lat' dir='ltr'><strong>enim,</strong></span> <span class='ocrx_word' id='word_1_13' title='bbox 1481 1408 1560 1460; x_wconf 80' lang='lat' dir='ltr'><strong>‚eum</strong></span> <span class='ocrx_word' id='word_1_14' title='bbox 1581 1407 1600 1452; x_wconf 85' lang='lat' dir='ltr'><strong>a</strong></span> <span class='ocrx_word' id='word_1_15' title='bbox 1620 1393 1760 1474; x_wconf 70' lang='lat' dir='ltr'><strong>praetes-</strong></span> 
     </span>
     <span class='ocr_line' id='line_1_3' title="bbox 440 1483 742 1558; baseline -0.013 -8"><span class='ocrx_word' id='word_1_16' title='bbox 440 1485 588 1558; x_wconf 84' lang='lat' dir='ltr'><strong>euntibus</strong></span> <span class='ocrx_word' id='word_1_17' title='bbox 611 1483 742 1547; x_wconf 88' lang='lat' dir='ltr'><strong>dicitur:</strong></span> 
     </span>
     <span class='ocr_line' id='line_1_4' title="bbox 607 1574 1519 1660; baseline -0.002 -19"><span class='ocrx_word' id='word_1_18' title='bbox 607 1612 648 1623; x_wconf 99' lang='lat'>-</span> <span class='ocrx_word' id='word_1_19' title='bbox 670 1612 711 1623; x_wconf 89' lang='lat'><em>-</em></span> <span class='ocrx_word' id='word_1_20' title='bbox 738 1598 757 1641; x_wconf 96' lang='lat' dir='ltr'><strong>o</strong></span> <span class='ocrx_word' id='word_1_21' title='bbox 784 1576 916 1641; x_wconf 91' lang='lat' dir='ltr'><strong>domus</strong></span> <span class='ocrx_word' id='word_1_22' title='bbox 942 1575 1110 1659; x_wconf 85' lang='lat' dir='ltr'><strong>antiqua,</strong></span> <span class='ocrx_word' id='word_1_23' title='bbox 1138 1574 1213 1640; x_wconf 93' lang='lat' dir='ltr'><strong>beu</strong></span> <span class='ocrx_word' id='word_1_24' title='bbox 1238 1595 1347 1660; x_wconf 83' lang='lat' dir='ltr'><strong>quam</strong></span> <span class='ocrx_word' id='word_1_25' title='bbox 1371 1574 1519 1660; x_wconf 88' lang='lat' dir='ltr'><strong>dispari</strong></span> 
     </span>
     <span class='ocr_line' id='line_1_5' title="bbox 605 1669 1004 1736; baseline -0.005 -3"><span class='ocrx_word' id='word_1_26' title='bbox 605 1671 806 1736; x_wconf 87' lang='lat' dir='ltr'><strong>Dominare</strong></span> <span class='ocrx_word' id='word_1_27' title='bbox 831 1669 1004 1733; x_wconf 92' lang='lat' dir='ltr'><strong>dominol</strong></span> 
     </span>
     <span class='ocr_line' id='line_1_6' title="bbox 415 1757 1760 1851; baseline 0.004 -26"><span class='ocrx_word' id='word_1_28' title='bbox 415 1764 526 1851; x_wconf 82' lang='lat' dir='ltr'><strong>equod</strong></span> <span class='ocrx_word' id='word_1_29' title='bbox 556 1764 683 1848; x_wconf 87' lang='lat' dir='ltr'><strong>quidem</strong></span> <span class='ocrx_word' id='word_1_30' title='bbox 711 1764 763 1830; x_wconf 90' lang='lat' dir='ltr'><strong>bis</strong></span> <span class='ocrx_word' id='word_1_31' title='bbox 790 1763 986 1847; x_wconf 74' lang='lat' dir='ltr'><strong>temporibus</strong></span> <span class='ocrx_word' id='word_1_32' title='bbox 1017 1763 1050 1825; x_wconf 93' lang='lat' dir='ltr'><strong>iu</strong></span> <span class='ocrx_word' id='word_1_33' title='bbox 1079 1760 1186 1826; x_wconf 90' lang='lat' dir='ltr'><strong>multis</strong></span> <span class='ocrx_word' id='word_1_34' title='bbox 1213 1760 1289 1828; x_wconf 83' lang='lat' dir='ltr'><strong>licet</strong></span> <span class='ocrx_word' id='word_1_35' title='bbox 1317 1762 1432 1828; x_wconf 91' lang='lat' dir='ltr'><strong>dicere.</strong></span> <span class='ocrx_word' id='word_1_36' title='bbox 1481 1757 1554 1832; x_wconf 77' lang='lat' dir='ltr'><strong>tte.</strong></span> <span class='ocrx_word' id='word_1_37' title='bbox 1577 1763 1760 1830; x_wconf 72' lang='lat' dir='ltr'><strong>ceremon</strong></span> 
     </span>
     <span class='ocr_line' id='line_1_7' title="bbox 438 1854 1761 1943; baseline 0.002 -19"><span class='ocrx_word' id='word_1_38' title='bbox 438 1867 543 1924; x_wconf 85' lang='lat' dir='ltr'><strong>autem</strong></span> <span class='ocrx_word' id='word_1_39' title='bbox 565 1866 621 1933; x_wconf 86' lang='lat' dir='ltr'><strong>est,</strong></span> <span class='ocrx_word' id='word_1_40' title='bbox 643 1858 830 1943; x_wconf 86' lang='lat' dir='ltr'><strong>praesertim</strong></span> <span class='ocrx_word' id='word_1_41' title='bbox 850 1859 877 1921; x_wconf 92' lang='lat' dir='ltr'><strong>si</strong></span> <span class='ocrx_word' id='word_1_42' title='bbox 897 1857 968 1939; x_wconf 90' lang='lat' dir='ltr'><strong>ipse</strong></span> <span class='ocrx_word' id='word_1_43' title='bbox 990 1854 1150 1930; x_wconf 84' lang='lat' dir='ltr'><strong>aedifices,</strong></span> <span class='ocrx_word' id='word_1_44' title='bbox 1171 1877 1212 1920; x_wconf 91' lang='lat' dir='ltr'><strong>ne</strong></span> <span class='ocrx_word' id='word_1_45' title='bbox 1234 1863 1324 1920; x_wconf 83' lang='lat' dir='ltr'><strong>extra</strong></span> <span class='ocrx_word' id='word_1_46' title='bbox 1344 1855 1474 1920; x_wconf 92' lang='lat' dir='ltr'><strong>modum</strong></span> <span class='ocrx_word' id='word_1_47' title='bbox 1495 1866 1622 1943; x_wconf 86' lang='lat' dir='ltr'><strong>sumptu</strong></span> <span class='ocrx_word' id='word_1_48' title='bbox 1643 1865 1678 1924; x_wconf 85' lang='lat' dir='ltr'><strong>et</strong></span> <span class='ocrx_word' id='word_1_49' title='bbox 1692 1877 1761 1926; x_wconf 74' lang='lat' dir='ltr'><strong>ms·</strong></span> 
     </span>
     <span class='ocr_line' id='line_1_8' title="bbox 438 1949 1760 2037; baseline 0.002 -22"><span class='ocrx_word' id='word_1_50' title='bbox 438 1950 619 2037; x_wconf 69' lang='lat' dir='ltr'><strong>pollicentia</strong></span> <span class='ocrx_word' id='word_1_51' title='bbox 641 1954 794 2035; x_wconf 88' lang='lat' dir='ltr'><strong>prodeas:</strong></span> <span class='ocrx_word' id='word_1_52' title='bbox 824 1971 888 2035; x_wconf 87' lang='lat' dir='ltr'><strong>quo</strong></span> <span class='ocrx_word' id='word_1_53' title='bbox 908 1952 942 2013; x_wconf 93' lang='lat' dir='ltr'><strong>in</strong></span> <span class='ocrx_word' id='word_1_54' title='bbox 964 1969 1080 2033; x_wconf 76' lang='lat' dir='ltr'><strong>genere</strong></span> <span class='ocrx_word' id='word_1_55' title='bbox 1102 1949 1238 2016; x_wconf 79' lang='lat' dir='ltr'><strong>mrdtum</strong></span> <span class='ocrx_word' id='word_1_56' title='bbox 1261 1949 1337 2018; x_wconf 89' lang='lat' dir='ltr'><strong>mali</strong></span> <span class='ocrx_word' id='word_1_57' title='bbox 1358 1950 1454 2014; x_wconf 88' lang='lat' dir='ltr'><strong>etiam</strong></span> <span class='ocrx_word' id='word_1_58' title='bbox 1475 1950 1509 2016; x_wconf 93' lang='lat' dir='ltr'><strong>iu</strong></span> <span class='ocrx_word' id='word_1_59' title='bbox 1530 1949 1679 2035; x_wconf 81' lang='lat' dir='ltr'><strong>exemplo</strong></span> <span class='ocrx_word' id='word_1_60' title='bbox 1701 1958 1760 2018; x_wconf 80' lang='lat' dir='ltr'><strong>est</strong></span> 
     </span>
     <span class='ocr_line' id='line_1_9' title="bbox 439 2042 1760 2129; baseline 0.001 -20"><span class='ocrx_word' id='word_1_61' title='bbox 439 2046 588 2110; x_wconf 84' lang='lat' dir='ltr'><strong>Studiose</strong></span> <span class='ocrx_word' id='word_1_62' title='bbox 611 2046 695 2109; x_wconf 88' lang='lat' dir='ltr'><strong>euim</strong></span> <span class='ocrx_word' id='word_1_63' title='bbox 717 2045 863 2129; x_wconf 81' lang='lat' dir='ltr'>plerique</span> <span class='ocrx_word' id='word_1_64' title='bbox 886 2045 1072 2126; x_wconf 85' lang='lat' dir='ltr'><strong>praesertim</strong></span> <span class='ocrx_word' id='word_1_65' title='bbox 1094 2042 1129 2106; x_wconf 91' lang='lat' dir='ltr'><strong>iu</strong></span> <span class='ocrx_word' id='word_1_66' title='bbox 1149 2043 1233 2106; x_wconf 88' lang='lat' dir='ltr'><strong>banc</strong></span> <span class='ocrx_word' id='word_1_67' title='bbox 1253 2051 1375 2128; x_wconf 86' lang='lat' dir='ltr'><strong>partem</strong></span> <span class='ocrx_word' id='word_1_68' title='bbox 1397 2044 1479 2108; x_wconf 81' lang='lat' dir='ltr'><strong>lacta</strong></span> <span class='ocrx_word' id='word_1_69' title='bbox 1495 2045 1677 2129; x_wconf 79' lang='lat' dir='ltr'><strong>principun</strong></span> <span class='ocrx_word' id='word_1_70' title='bbox 1689 2045 1760 2110; x_wconf 85' lang='lat' dir='ltr'><strong>imi·</strong></span> 
     </span>
     <span class='ocr_line' id='line_1_10' title="bbox 438 2136 1760 2222; baseline 0 -18"><span class='ocrx_word' id='word_1_71' title='bbox 438 2147 559 2214; x_wconf 85' lang='lat' dir='ltr'><strong>tantur,</strong></span> <span class='ocrx_word' id='word_1_72' title='bbox 580 2146 616 2203; x_wconf 94' lang='lat' dir='ltr'><strong>ut</strong></span> <span class='ocrx_word' id='word_1_73' title='bbox 637 2140 672 2201; x_wconf 88' lang='lat' dir='ltr'><strong>L.</strong></span> <span class='ocrx_word' id='word_1_74' title='bbox 689 2138 830 2213; x_wconf 83' lang='lat' dir='ltr'><strong>Luculli,</strong></span> <span class='ocrx_word' id='word_1_75' title='bbox 853 2137 966 2201; x_wconf 86' lang='lat' dir='ltr'><strong>summi</strong></span> <span class='ocrx_word' id='word_1_76' title='bbox 987 2136 1062 2211; x_wconf 83' lang='lat' dir='ltr'><strong>riri,</strong></span> <span class='ocrx_word' id='word_1_77' title='bbox 1091 2137 1239 2200; x_wconf 86' lang='lat' dir='ltr'><strong>virtutem</strong></span> <span class='ocrx_word' id='word_1_78' title='bbox 1262 2138 1357 2222; x_wconf 80' lang='lat' dir='ltr'><strong>quisi</strong></span> <span class='ocrx_word' id='word_1_79' title='bbox 1386 2146 1420 2201; x_wconf 93' lang='lat' dir='ltr'><strong>at</strong></span> <span class='ocrx_word' id='word_1_80' title='bbox 1441 2158 1537 2222; x_wconf 86' lang='lat' dir='ltr'><strong>quam</strong></span> <span class='ocrx_word' id='word_1_81' title='bbox 1558 2138 1649 2204; x_wconf 87' lang='lat' dir='ltr'><strong>multi</strong></span> <span class='ocrx_word' id='word_1_82' title='bbox 1671 2139 1760 2204; x_wconf 82' lang='lat' dir='ltr'><strong>villa·</strong></span> 
     </span>
     <span class='ocr_line' id='line_1_11' title="bbox 401 2225 1760 2316; baseline 0.003 -22"><span class='ocrx_word' id='word_1_83' title='bbox 401 2246 507 2306; x_wconf 83' lang='lat' dir='ltr'><strong>torum</strong></span> <span class='ocrx_word' id='word_1_84' title='bbox 540 2229 803 2316; x_wconf 72' lang='lat' dir='ltr'><strong>magnificentiam</strong></span> <span class='ocrx_word' id='word_1_85' title='bbox 840 2225 997 2315; x_wconf 90' lang='lat' dir='ltr'><strong>[imitati]l</strong></span> <span class='ocrx_word' id='word_1_86' title='bbox 1036 2251 1171 2315; x_wconf 87' lang='lat' dir='ltr'><strong>quarum</strong></span> <span class='ocrx_word' id='word_1_87' title='bbox 1205 2232 1332 2316; x_wconf 88' lang='lat' dir='ltr'><strong>quidem</strong></span> <span class='ocrx_word' id='word_1_88' title='bbox 1367 2241 1451 2296; x_wconf 87' lang='lat' dir='ltr'><strong>certe</strong></span> <span class='ocrx_word' id='word_1_89' title='bbox 1485 2239 1533 2297; x_wconf 92' lang='lat' dir='ltr'><strong>est</strong></span> <span class='ocrx_word' id='word_1_90' title='bbox 1564 2232 1760 2302; x_wconf 86' lang='lat' dir='ltr'><strong>adhibendus</strong></span> 
     </span>
     <span class='ocr_line' id='line_1_12' title="bbox 438 2326 1759 2410; baseline 0.002 -21"><span class='ocrx_word' id='word_1_91' title='bbox 438 2326 551 2389; x_wconf 88' lang='lat' dir='ltr'><strong>modus</strong></span> <span class='ocrx_word' id='word_1_92' title='bbox 573 2326 613 2390; x_wconf 90' lang='lat' dir='ltr'><strong>ad</strong></span> <span class='ocrx_word' id='word_1_93' title='bbox 635 2326 880 2391; x_wconf 76' lang='lat' dir='ltr'><strong>mediocritatem</strong></span> <span class='ocrx_word' id='word_1_94' title='bbox 902 2326 1107 2389; x_wconf 85' lang='lat' dir='ltr'><strong>revocandus.</strong></span> <span class='ocrx_word' id='word_1_95' title='bbox 1150 2326 1332 2410; x_wconf 87' lang='lat' dir='ltr'><strong>Eademque</strong></span> <span class='ocrx_word' id='word_1_96' title='bbox 1353 2327 1556 2393; x_wconf 88' lang='lat' dir='ltr'><strong>mediocritas</strong></span> <span class='ocrx_word' id='word_1_97' title='bbox 1577 2326 1618 2392; x_wconf 89' lang='lat' dir='ltr'><strong>ad</strong></span> <span class='ocrx_word' id='word_1_98' title='bbox 1634 2346 1759 2394; x_wconf 84' lang='lat' dir='ltr'><strong>ornnem</strong></span> 
     </span>
     <span class='ocr_line' id='line_1_13' title="bbox 437 2418 1552 2505; baseline -0.004 -19"><span class='ocrx_word' id='word_1_99' title='bbox 437 2442 529 2486; x_wconf 86' lang='lat' dir='ltr'><strong>usum</strong></span> <span class='ocrx_word' id='word_1_100' title='bbox 551 2420 733 2505; x_wconf 88' lang='lat' dir='ltr'><strong>cultumque</strong></span> <span class='ocrx_word' id='word_1_101' title='bbox 755 2420 838 2483; x_wconf 86' lang='lat' dir='ltr'><strong>vitae</strong></span> <span class='ocrx_word' id='word_1_102' title='bbox 859 2418 1080 2484; x_wconf 81' lang='lat' dir='ltr'><strong>transferenda</strong></span> <span class='ocrx_word' id='word_1_103' title='bbox 1103 2426 1161 2482; x_wconf 89' lang='lat' dir='ltr'><strong>est.</strong></span> <span class='ocrx_word' id='word_1_104' title='bbox 1206 2421 1267 2483; x_wconf 87' lang='lat' dir='ltr'><strong>Sed</strong></span> <span class='ocrx_word' id='word_1_105' title='bbox 1289 2419 1368 2485; x_wconf 91' lang='lat' dir='ltr'><strong>baec</strong></span> <span class='ocrx_word' id='word_1_106' title='bbox 1389 2422 1552 2485; x_wconf 86' lang='lat' dir='ltr'><strong>hactenus.</strong></span> 
     </span>
    </p>

    <p class='ocr_par' dir='ltr' id='par_1_3' title="bbox 436 2510 1761 2691">
     <span class='ocr_line' id='line_1_14' title="bbox 522 2510 1760 2598; baseline 0.002 -21"><span class='ocrx_word' id='word_1_107' title='bbox 522 2510 594 2577; x_wconf 76' lang='lat' dir='ltr'><strong>tit.</strong></span> <span class='ocrx_word' id='word_1_108' title='bbox 616 2513 652 2576; x_wconf 93' lang='lat' dir='ltr'><strong>ln</strong></span> <span class='ocrx_word' id='word_1_109' title='bbox 675 2514 761 2578; x_wconf 92' lang='lat' dir='ltr'><strong>omui</strong></span> <span class='ocrx_word' id='word_1_110' title='bbox 783 2521 888 2577; x_wconf 87' lang='lat' dir='ltr'><strong>autem</strong></span> <span class='ocrx_word' id='word_1_111' title='bbox 910 2512 1038 2576; x_wconf 90' lang='lat' dir='ltr'><strong>actione</strong></span> <span class='ocrx_word' id='word_1_112' title='bbox 1060 2513 1262 2595; x_wconf 88' lang='lat' dir='ltr'><strong>suscipienda</strong></span> <span class='ocrx_word' id='word_1_113' title='bbox 1284 2515 1344 2578; x_wconf 87' lang='lat' dir='ltr'><strong>tria</strong></span> <span class='ocrx_word' id='word_1_114' title='bbox 1358 2523 1433 2579; x_wconf 86' lang='lat' dir='ltr'><strong>sunt</strong></span> <span class='ocrx_word' id='word_1_115' title='bbox 1447 2514 1601 2579; x_wconf 87' lang='lat' dir='ltr'><strong>tenenda:</strong></span> <span class='ocrx_word' id='word_1_116' title='bbox 1623 2512 1760 2598; x_wconf 87' lang='lat' dir='ltr'><strong>primum</strong></span> 
     </span>
     <span class='ocr_line' id='line_1_15' title="bbox 436 2606 1761 2691; baseline 0.001 -18"><span class='ocrx_word' id='word_1_117' title='bbox 436 2618 473 2673; x_wconf 92' lang='lat' dir='ltr'><strong>ut</strong></span> <span class='ocrx_word' id='word_1_118' title='bbox 493 2608 653 2691; x_wconf 87' lang='lat' dir='ltr'><strong>appetitus</strong></span> <span class='ocrx_word' id='word_1_119' title='bbox 675 2607 790 2670; x_wconf 88' lang='lat' dir='ltr'><strong>rationi</strong></span> <span class='ocrx_word' id='word_1_120' title='bbox 812 2614 936 2690; x_wconf 88' lang='lat' dir='ltr'><strong>pareat,</strong></span> <span class='ocrx_word' id='word_1_121' title='bbox 959 2626 1023 2688; x_wconf 86' lang='lat' dir='ltr'><strong>quo</strong></span> <span class='ocrx_word' id='word_1_122' title='bbox 1046 2606 1125 2670; x_wconf 90' lang='lat' dir='ltr'><strong>nibil</strong></span> <span class='ocrx_word' id='word_1_123' title='bbox 1148 2615 1197 2671; x_wconf 89' lang='lat' dir='ltr'><strong>est</strong></span> <span class='ocrx_word' id='word_1_124' title='bbox 1218 2608 1258 2671; x_wconf 88' lang='lat' dir='ltr'><strong>ad</strong></span> <span class='ocrx_word' id='word_1_125' title='bbox 1280 2609 1386 2673; x_wconf 81' lang='lat' dir='ltr'><strong>officia</strong></span> <span class='ocrx_word' id='word_1_126' title='bbox 1408 2607 1620 2674; x_wconf 83' lang='lat' dir='ltr'><strong>conservanda</strong></span> <span class='ocrx_word' id='word_1_127' title='bbox 1639 2627 1761 2674; x_wconf 65' lang='lat' dir='ltr'><strong>aecum</strong></span> 
     </span>
    </p>

    <p class='ocr_par' dir='ltr' id='par_1_4' title="bbox 401 2697 1762 3162">
     <span class='ocr_line' id='line_1_16' title="bbox 401 2697 1761 2787; baseline 0.004 -27"><span class='ocrx_word' id='word_1_128' title='bbox 401 2703 613 2778; x_wconf 80' lang='lat' dir='ltr'><strong>somodatius,</strong></span> <span class='ocrx_word' id='word_1_129' title='bbox 641 2700 754 2765; x_wconf 92' lang='lat' dir='ltr'><strong>deiude</strong></span> <span class='ocrx_word' id='word_1_130' title='bbox 776 2708 813 2763; x_wconf 93' lang='grc' dir='ltr'><strong>ιιι</strong></span> <span class='ocrx_word' id='word_1_131' title='bbox 834 2699 1119 2776; x_wconf 80' lang='lat' dir='ltr'><strong>animadvertatur,</strong></span> <span class='ocrx_word' id='word_1_132' title='bbox 1143 2710 1262 2784; x_wconf 89' lang='lat' dir='ltr'><strong>quanta</strong></span> <span class='ocrx_word' id='word_1_133' title='bbox 1283 2701 1339 2766; x_wconf 90' lang='lat' dir='ltr'><strong>illa</strong></span> <span class='ocrx_word' id='word_1_134' title='bbox 1359 2723 1410 2768; x_wconf 87' lang='lat' dir='ltr'><strong>res</strong></span> <span class='ocrx_word' id='word_1_135' title='bbox 1432 2704 1489 2780; x_wconf 90' lang='lat' dir='ltr'><strong>sit,</strong></span> <span class='ocrx_word' id='word_1_136' title='bbox 1519 2722 1614 2787; x_wconf 86' lang='lat' dir='ltr'><strong>quam</strong></span> <span class='ocrx_word' id='word_1_137' title='bbox 1635 2697 1761 2766; x_wconf 82' lang='lat' dir='ltr'><strong>efficere</strong></span> 
     </span>
     <span class='ocr_line' id='line_1_17' title="bbox 438 2794 1761 2880; baseline 0.002 -20"><span class='ocrx_word' id='word_1_138' title='bbox 438 2796 588 2868; x_wconf 82' lang='lat' dir='ltr'><strong>velimus,</strong></span> <span class='ocrx_word' id='word_1_139' title='bbox 616 2802 652 2857; x_wconf 94' lang='lat' dir='ltr'><strong>nt</strong></span> <span class='ocrx_word' id='word_1_140' title='bbox 676 2814 756 2858; x_wconf 85' lang='lat' dir='ltr'><strong>neve</strong></span> <span class='ocrx_word' id='word_1_141' title='bbox 784 2795 886 2860; x_wconf 90' lang='lat' dir='ltr'><strong>maior</strong></span> <span class='ocrx_word' id='word_1_142' title='bbox 914 2811 994 2857; x_wconf 84' lang='lat' dir='ltr'><strong>neve</strong></span> <span class='ocrx_word' id='word_1_143' title='bbox 1023 2794 1127 2858; x_wconf 91' lang='lat' dir='ltr'><strong>minor</strong></span> <span class='ocrx_word' id='word_1_144' title='bbox 1158 2815 1233 2860; x_wconf 87' lang='lat' dir='ltr'><strong>cura</strong></span> <span class='ocrx_word' id='word_1_145' title='bbox 1263 2803 1296 2860; x_wconf 93' lang='lat' dir='ltr'><strong>et</strong></span> <span class='ocrx_word' id='word_1_146' title='bbox 1322 2816 1421 2880; x_wconf 89' lang='lat' dir='ltr'><strong>opera</strong></span> <span class='ocrx_word' id='word_1_147' title='bbox 1446 2797 1639 2880; x_wconf 88' lang='lat' dir='ltr'><strong>suscipiatur</strong></span> <span class='ocrx_word' id='word_1_148' title='bbox 1666 2813 1761 2878; x_wconf 73' lang='lat' dir='ltr'><strong>quan</strong></span> 
     </span>
     <span class='ocr_line' id='line_1_18' title="bbox 438 2888 1762 2974; baseline 0 -20"><span class='ocrx_word' id='word_1_149' title='bbox 438 2908 533 2954; x_wconf 90' lang='lat' dir='ltr'><strong>causa</strong></span> <span class='ocrx_word' id='word_1_150' title='bbox 552 2888 702 2972; x_wconf 80' lang='lat' dir='ltr'><strong>postulet</strong></span> <span class='ocrx_word' id='word_1_151' title='bbox 746 2888 886 2952; x_wconf 88' lang='lat' dir='ltr'><strong>Tertium</strong></span> <span class='ocrx_word' id='word_1_152' title='bbox 909 2896 957 2951; x_wconf 88' lang='lat' dir='ltr'><strong>est</strong></span> <span class='ocrx_word' id='word_1_153' title='bbox 977 2896 1013 2953; x_wconf 90' lang='lat' dir='ltr'><strong>ut</strong></span> <span class='ocrx_word' id='word_1_154' title='bbox 1034 2907 1198 2954; x_wconf 87' lang='lat' dir='ltr'><strong>caveamus</strong></span> <span class='ocrx_word' id='word_1_155' title='bbox 1221 2897 1257 2954; x_wconf 93' lang='lat' dir='ltr'><strong>ut</strong></span> <span class='ocrx_word' id='word_1_156' title='bbox 1278 2909 1326 2965; x_wconf 89' lang='lat' dir='ltr'><strong>ea,</strong></span> <span class='ocrx_word' id='word_1_157' title='bbox 1348 2909 1430 2974; x_wconf 85' lang='lat' dir='ltr'><strong>quae</strong></span> <span class='ocrx_word' id='word_1_158' title='bbox 1451 2892 1610 2973; x_wconf 78' lang='lat' dir='ltr'><strong>pertinent</strong></span> <span class='ocrx_word' id='word_1_159' title='bbox 1625 2889 1667 2958; x_wconf 81' lang='lat' dir='ltr'><strong>asl</strong></span> <span class='ocrx_word' id='word_1_160' title='bbox 1683 2889 1762 2954; x_wconf 90' lang='lat' dir='ltr'><strong>libe-</strong></span> 
     </span>
     <span class='ocr_line' id='line_1_19' title="bbox 438 2980 1761 3069; baseline -0.001 -20"><span class='ocrx_word' id='word_1_161' title='bbox 438 2984 536 3049; x_wconf 88' lang='lat' dir='ltr'><strong>ralem</strong></span> <span class='ocrx_word' id='word_1_162' title='bbox 558 2984 693 3069; x_wconf 88' lang='lat' dir='ltr'><strong>speciem</strong></span> <span class='ocrx_word' id='word_1_163' title='bbox 716 2988 748 3045; x_wconf 91' lang='lat' dir='ltr'><strong>et</strong></span> <span class='ocrx_word' id='word_1_164' title='bbox 771 2982 967 3067; x_wconf 69' lang='lat' dir='ltr'><strong>dignitatem,</strong></span> <span class='ocrx_word' id='word_1_165' title='bbox 988 2980 1151 3045; x_wconf 89' lang='lat' dir='ltr'><strong>moderata</strong></span> <span class='ocrx_word' id='word_1_166' title='bbox 1173 2984 1246 3046; x_wconf 89' lang='lat' dir='ltr'><strong>siut.</strong></span> <span class='ocrx_word' id='word_1_167' title='bbox 1290 2984 1403 3048; x_wconf 88' lang='lat' dir='ltr'><strong>blodu&#39;s</strong></span> <span class='ocrx_word' id='word_1_168' title='bbox 1425 2992 1531 3048; x_wconf 88' lang='lat' dir='ltr'><strong>autem</strong></span> <span class='ocrx_word' id='word_1_169' title='bbox 1552 2992 1602 3047; x_wconf 88' lang='lat' dir='ltr'><strong>est</strong></span> <span class='ocrx_word' id='word_1_170' title='bbox 1620 2984 1761 3067; x_wconf 86' lang='lat' dir='ltr'><strong>optimus</strong></span> 
     </span>
     <span class='ocr_line' id='line_1_20' title="bbox 440 3073 1762 3162; baseline 0.004 -21"><span class='ocrx_word' id='word_1_171' title='bbox 440 3077 537 3144; x_wconf 82' lang='lat' dir='ltr'><strong>decue</strong></span> <span class='ocrx_word' id='word_1_172' title='bbox 559 3079 662 3161; x_wconf 93' lang='lat' dir='ltr'><strong>ipsum</strong></span> <span class='ocrx_word' id='word_1_173' title='bbox 684 3083 802 3151; x_wconf 88' lang='lat' dir='ltr'><strong>tenere,</strong></span> <span class='ocrx_word' id='word_1_174' title='bbox 825 3077 865 3139; x_wconf 90' lang='lat' dir='ltr'><strong>de</strong></span> <span class='ocrx_word' id='word_1_175' title='bbox 887 3095 952 3159; x_wconf 92' lang='lat' dir='ltr'><strong>quo</strong></span> <span class='ocrx_word' id='word_1_176' title='bbox 974 3084 1047 3139; x_wconf 89' lang='lat' dir='ltr'><strong>aute</strong></span> <span class='ocrx_word' id='word_1_177' title='bbox 1062 3073 1217 3152; x_wconf 84' lang='lat' dir='ltr'><strong>diximus,</strong></span> <span class='ocrx_word' id='word_1_178' title='bbox 1232 3096 1291 3142; x_wconf 83' lang='lat' dir='ltr'><strong>nec</strong></span> <span class='ocrx_word' id='word_1_179' title='bbox 1303 3076 1454 3162; x_wconf 77' lang='lat' dir='ltr'><strong>progredi</strong></span> <span class='ocrx_word' id='word_1_180' title='bbox 1469 3076 1606 3160; x_wconf 65' lang='grc' dir='ltr'>ιοιιςιιιι.</span> <span class='ocrx_word' id='word_1_181' title='bbox 1640 3077 1762 3148; x_wconf 71' lang='lat' dir='ltr'><strong>nomm</strong></span> 
     </span>
    </p>

    <p class='ocr_par' dir='ltr' id='par_1_5' title="bbox 401 3170 1644 3254">
     <span class='ocr_line' id='line_1_21' title="bbox 401 3170 1644 3254; baseline -0.001 -20"><span class='ocrx_word' id='word_1_182' title='bbox 401 3179 543 3235; x_wconf 80' lang='lat' dir='ltr'><strong>attamen</strong></span> <span class='ocrx_word' id='word_1_183' title='bbox 565 3172 660 3234; x_wconf 83' lang='lat' dir='ltr'><strong>triutn</strong></span> <span class='ocrx_word' id='word_1_184' title='bbox 682 3170 987 3254; x_wconf 88' lang='lat' dir='ltr'><strong>praestantissimum</strong></span> <span class='ocrx_word' id='word_1_185' title='bbox 1011 3177 1060 3232; x_wconf 90' lang='lat' dir='ltr'><strong>est</strong></span> <span class='ocrx_word' id='word_1_186' title='bbox 1081 3171 1254 3253; x_wconf 83' lang='lat' dir='ltr'><strong>appetitum</strong></span> <span class='ocrx_word' id='word_1_187' title='bbox 1276 3178 1497 3254; x_wconf 75' lang='lat' dir='ltr'><strong>optemperare</strong></span> <span class='ocrx_word' id='word_1_188' title='bbox 1518 3171 1644 3236; x_wconf 87' lang='lat' dir='ltr'><strong>rationi.</strong></span> 
     </span>
    </p>

    <p class='ocr_par' dir='ltr' id='par_1_6' title="bbox 439 3260 1762 3627">
     <span class='ocr_line' id='line_1_22' title="bbox 522 3260 1761 3348; baseline -0.002 -20"><span class='ocrx_word' id='word_1_189' title='bbox 522 3265 590 3328; x_wconf 80' lang='lat' dir='ltr'><strong>XL.</strong></span> <span class='ocrx_word' id='word_1_190' title='bbox 612 3260 684 3328; x_wconf 77' lang='lat' dir='ltr'><strong>ll2.</strong></span> <span class='ocrx_word' id='word_1_191' title='bbox 706 3265 865 3348; x_wconf 85' lang='lat' dir='ltr'><strong>Deinceps</strong></span> <span class='ocrx_word' id='word_1_192' title='bbox 887 3263 926 3327; x_wconf 98' lang='lat' dir='ltr'><strong>de</strong></span> <span class='ocrx_word' id='word_1_193' title='bbox 949 3263 1060 3328; x_wconf 83' lang='lat' dir='ltr'><strong>ordine</strong></span> <span class='ocrx_word' id='word_1_194' title='bbox 1081 3282 1187 3326; x_wconf 85' lang='lat' dir='ltr'><strong>rerum</strong></span> <span class='ocrx_word' id='word_1_195' title='bbox 1210 3263 1304 3327; x_wconf 90' lang='lat' dir='ltr'><strong>etde</strong></span> <span class='ocrx_word' id='word_1_196' title='bbox 1326 3264 1563 3347; x_wconf 82' lang='lat' dir='ltr'><strong>opportunitate</strong></span> <span class='ocrx_word' id='word_1_197' title='bbox 1583 3272 1761 3346; x_wconf 84' lang='lat' dir='ltr'><strong>temporam</strong></span> 
     </span>
     <span class='ocr_line' id='line_1_23' title="bbox 439 3356 1762 3442; baseline -0.003 -16"><span class='ocrx_word' id='word_1_198' title='bbox 439 3357 608 3429; x_wconf 83' lang='lat' dir='ltr'><strong>dicendum</strong></span> <span class='ocrx_word' id='word_1_199' title='bbox 630 3365 687 3422; x_wconf 86' lang='lat' dir='ltr'><strong>est.</strong></span> <span class='ocrx_word' id='word_1_200' title='bbox 730 3358 816 3421; x_wconf 87' lang='lat' dir='ltr'><strong>Haec</strong></span> <span class='ocrx_word' id='word_1_201' title='bbox 837 3364 941 3420; x_wconf 90' lang='lat' dir='ltr'><strong>autem</strong></span> <span class='ocrx_word' id='word_1_202' title='bbox 963 3356 1093 3420; x_wconf 83' lang='lat' dir='ltr'><strong>scientia</strong></span> <span class='ocrx_word' id='word_1_203' title='bbox 1116 3356 1317 3422; x_wconf 88' lang='lat' dir='ltr'><strong>continentur</strong></span> <span class='ocrx_word' id='word_1_204' title='bbox 1338 3376 1392 3432; x_wconf 90' lang='lat' dir='ltr'><strong>ea,</strong></span> <span class='ocrx_word' id='word_1_205' title='bbox 1419 3377 1515 3442; x_wconf 85' lang='lat' dir='ltr'><strong>quam</strong></span> <span class='ocrx_word' id='word_1_206' title='bbox 1536 3356 1647 3424; x_wconf 80' lang='lat' dir='ltr'><strong>Graeci</strong></span> <span class='ocrx_word' id='word_1_207' title='bbox 1669 3358 1762 3424; x_wconf 77' lang='lat' dir='ltr'><strong>erita-</strong></span> 
     </span>
     <span class='ocr_line' id='line_1_24' title="bbox 439 3450 1760 3537; baseline 0 -21"><span class='ocrx_word' id='word_1_208' title='bbox 439 3454 511 3530; x_wconf 78' lang='grc' dir='ltr'>ξιαν</span> <span class='ocrx_word' id='word_1_209' title='bbox 534 3454 705 3527; x_wconf 89' lang='lat' dir='ltr'><strong>nominant,</strong></span> <span class='ocrx_word' id='word_1_210' title='bbox 728 3472 793 3516; x_wconf 95' lang='lat' dir='ltr'><strong>nou</strong></span> <span class='ocrx_word' id='word_1_211' title='bbox 814 3450 907 3525; x_wconf 81' lang='lat' dir='ltr'><strong>banc,</strong></span> <span class='ocrx_word' id='word_1_212' title='bbox 929 3470 1024 3533; x_wconf 85' lang='lat' dir='ltr'><strong>quam</strong></span> <span class='ocrx_word' id='word_1_213' title='bbox 1046 3451 1292 3533; x_wconf 85' lang='lat' dir='ltr'><strong>interpretamur</strong></span> <span class='ocrx_word' id='word_1_214' title='bbox 1312 3450 1509 3527; x_wconf 80' lang='lat' dir='ltr'><strong>modoetiam,</strong></span> <span class='ocrx_word' id='word_1_215' title='bbox 1530 3471 1593 3537; x_wconf 86' lang='lat' dir='ltr'><strong>quo</strong></span> <span class='ocrx_word' id='word_1_216' title='bbox 1615 3452 1650 3516; x_wconf 92' lang='lat' dir='ltr'><strong>in</strong></span> <span class='ocrx_word' id='word_1_217' title='bbox 1664 3452 1760 3516; x_wconf 80' lang='lat' dir='ltr'><strong>serbo</strong></span> 
     </span>
     <span class='ocr_line' id='line_1_25' title="bbox 439 3541 1761 3627; baseline -0.002 -17"><span class='ocrx_word' id='word_1_218' title='bbox 439 3545 553 3610; x_wconf 89' lang='lat' dir='ltr'><strong>modus</strong></span> <span class='ocrx_word' id='word_1_219' title='bbox 575 3545 668 3621; x_wconf 90' lang='lat' dir='ltr'><strong>inest,</strong></span> <span class='ocrx_word' id='word_1_220' title='bbox 691 3544 747 3610; x_wconf 89' lang='lat' dir='ltr'><strong>sed</strong></span> <span class='ocrx_word' id='word_1_221' title='bbox 768 3545 822 3610; x_wconf 90' lang='lat' dir='ltr'><strong>illa</strong></span> <span class='ocrx_word' id='word_1_222' title='bbox 844 3551 892 3608; x_wconf 88' lang='lat' dir='ltr'><strong>est</strong></span> <span class='ocrx_word' id='word_1_223' title='bbox 913 3546 1060 3624; x_wconf 78' lang='grc' dir='ltr'>εὐταξια,</span> <span class='ocrx_word' id='word_1_224' title='bbox 1082 3545 1116 3607; x_wconf 89' lang='lat' dir='ltr'><strong>iu</strong></span> <span class='ocrx_word' id='word_1_225' title='bbox 1132 3564 1195 3627; x_wconf 83' lang='lat' dir='ltr'><strong>qua</strong></span> <span class='ocrx_word' id='word_1_226' title='bbox 1210 3541 1404 3625; x_wconf 78' lang='lat' dir='ltr'><strong>intellegitur</strong></span> <span class='ocrx_word' id='word_1_227' title='bbox 1418 3542 1539 3610; x_wconf 83' lang='lat' dir='ltr'><strong>ordinis</strong></span> <span class='ocrx_word' id='word_1_228' title='bbox 1552 3546 1761 3611; x_wconf 73' lang='lat' dir='ltr'><strong>conservatio.</strong></span> 
     </span>
    </p>

    <p class='ocr_par' dir='ltr' id='par_1_7' title="bbox 401 3634 1763 4846">
     <span class='ocr_line' id='line_1_26' title="bbox 401 3634 1761 3723; baseline -0.002 -19"><span class='ocrx_word' id='word_1_229' title='bbox 401 3640 569 3723; x_wconf 76' lang='lat' dir='ltr'><strong>setaque,</strong></span> <span class='ocrx_word' id='word_1_230' title='bbox 597 3648 634 3704; x_wconf 91' lang='lat' dir='ltr'><strong>ut</strong></span> <span class='ocrx_word' id='word_1_231' title='bbox 661 3642 793 3723; x_wconf 88' lang='lat' dir='ltr'><strong>eandem</strong></span> <span class='ocrx_word' id='word_1_232' title='bbox 821 3658 881 3704; x_wconf 91' lang='lat' dir='ltr'><strong>nos</strong></span> <span class='ocrx_word' id='word_1_233' title='bbox 908 3637 1097 3702; x_wconf 83' lang='lat' dir='ltr'><strong>modestiam</strong></span> <span class='ocrx_word' id='word_1_234' title='bbox 1118 3638 1331 3722; x_wconf 80' lang='lat' dir='ltr'><strong>appellemus,</strong></span> <span class='ocrx_word' id='word_1_235' title='bbox 1360 3636 1406 3700; x_wconf 87' lang='lat' dir='ltr'><strong>sic</strong></span> <span class='ocrx_word' id='word_1_236' title='bbox 1427 3634 1615 3702; x_wconf 88' lang='lat' dir='ltr'><strong>delinitura</strong></span> <span class='ocrx_word' id='word_1_237' title='bbox 1636 3637 1761 3711; x_wconf 86' lang='lat' dir='ltr'><strong>Stoicis,</strong></span> 
     </span>
     <span class='ocr_line' id='line_1_27' title="bbox 439 3730 1761 3815; baseline 0 -20"><span class='ocrx_word' id='word_1_238' title='bbox 439 3739 475 3806; x_wconf 86' lang='lat' dir='ltr'><strong>ut</strong></span> <span class='ocrx_word' id='word_1_239' title='bbox 496 3734 652 3797; x_wconf 87' lang='lat' dir='ltr'><strong>modestia</strong></span> <span class='ocrx_word' id='word_1_240' title='bbox 673 3733 715 3797; x_wconf 90' lang='lat' dir='ltr'><strong>sit</strong></span> <span class='ocrx_word' id='word_1_241' title='bbox 735 3733 867 3798; x_wconf 85' lang='lat' dir='ltr'><strong>seientia</strong></span> <span class='ocrx_word' id='word_1_242' title='bbox 887 3753 991 3795; x_wconf 86' lang='lat' dir='ltr'><strong>rerum</strong></span> <span class='ocrx_word' id='word_1_243' title='bbox 1014 3751 1141 3808; x_wconf 89' lang='lat' dir='ltr'><strong>earum,</strong></span> <span class='ocrx_word' id='word_1_244' title='bbox 1171 3751 1254 3815; x_wconf 85' lang='lat' dir='ltr'><strong>quae</strong></span> <span class='ocrx_word' id='word_1_245' title='bbox 1275 3738 1411 3813; x_wconf 77' lang='lat' dir='ltr'><strong>agentur</strong></span> <span class='ocrx_word' id='word_1_246' title='bbox 1432 3739 1487 3795; x_wconf 92' lang='lat' dir='ltr'><strong>aut</strong></span> <span class='ocrx_word' id='word_1_247' title='bbox 1507 3730 1669 3806; x_wconf 81' lang='lat' dir='ltr'><strong>dicautur,</strong></span> <span class='ocrx_word' id='word_1_248' title='bbox 1690 3731 1761 3795; x_wconf 92' lang='lat' dir='ltr'><strong>loco</strong></span> 
     </span>
     <span class='ocr_line' id='line_1_28' title="bbox 439 3823 1761 3901; baseline 0 -13"><span class='ocrx_word' id='word_1_249' title='bbox 439 3846 498 3888; x_wconf 90' lang='lat' dir='ltr'><strong>suo</strong></span> <span class='ocrx_word' id='word_1_250' title='bbox 521 3825 785 3897; x_wconf 81' lang='lat' dir='ltr'><strong>collocandorum.</strong></span> <span class='ocrx_word' id='word_1_251' title='bbox 828 3826 876 3894; x_wconf 87' lang='lat' dir='ltr'><strong>lta</strong></span> <span class='ocrx_word' id='word_1_252' title='bbox 898 3826 1024 3888; x_wconf 84' lang='lat' dir='ltr'><strong>videtur</strong></span> <span class='ocrx_word' id='word_1_253' title='bbox 1046 3824 1156 3890; x_wconf 85' lang='lat' dir='ltr'><strong>eadem</strong></span> <span class='ocrx_word' id='word_1_254' title='bbox 1178 3826 1226 3889; x_wconf 84' lang='lat' dir='ltr'><strong>vis</strong></span> <span class='ocrx_word' id='word_1_255' title='bbox 1247 3824 1367 3892; x_wconf 80' lang='lat' dir='ltr'><strong>ordinis</strong></span> <span class='ocrx_word' id='word_1_256' title='bbox 1390 3831 1423 3888; x_wconf 86' lang='lat' dir='ltr'><strong>et</strong></span> <span class='ocrx_word' id='word_1_257' title='bbox 1444 3824 1662 3890; x_wconf 80' lang='lat' dir='ltr'><strong>collocationis</strong></span> <span class='ocrx_word' id='word_1_258' title='bbox 1675 3823 1761 3901; x_wconf 70' lang='lat' dir='ltr'><strong>iore,</strong></span> 
     </span>
     <span class='ocr_line' id='line_1_29' title="bbox 439 3915 1763 4003; baseline 0.001 -20"><span class='ocrx_word' id='word_1_259' title='bbox 439 3939 512 3990; x_wconf 86' lang='lat' dir='ltr'><strong>nam</strong></span> <span class='ocrx_word' id='word_1_260' title='bbox 534 3928 566 3983; x_wconf 88' lang='lat' dir='ltr'><strong>et</strong></span> <span class='ocrx_word' id='word_1_261' title='bbox 588 3919 731 3983; x_wconf 90' lang='lat' dir='ltr'><strong>ordinem</strong></span> <span class='ocrx_word' id='word_1_262' title='bbox 753 3919 800 3987; x_wconf 90' lang='lat' dir='ltr'><strong>sic</strong></span> <span class='ocrx_word' id='word_1_263' title='bbox 822 3915 993 3993; x_wconf 87' lang='lat' dir='ltr'><strong>definiunt,</strong></span> <span class='ocrx_word' id='word_1_264' title='bbox 1020 3919 1285 4003; x_wconf 88' lang='lat' dir='ltr'><strong>compositionem</strong></span> <span class='ocrx_word' id='word_1_265' title='bbox 1305 3937 1411 3982; x_wconf 88' lang='lat' dir='ltr'><strong>rerum</strong></span> <span class='ocrx_word' id='word_1_266' title='bbox 1434 3919 1514 4003; x_wconf 89' lang='lat' dir='ltr'><strong>aptis</strong></span> <span class='ocrx_word' id='word_1_267' title='bbox 1536 3925 1567 3982; x_wconf 93' lang='lat' dir='ltr'><strong>et</strong></span> <span class='ocrx_word' id='word_1_268' title='bbox 1588 3937 1763 3984; x_wconf 84' lang='lat' dir='ltr'><strong>accomma-</strong></span> 
     </span>
     <span class='ocr_line' id='line_1_30' title="bbox 440 4011 1762 4096; baseline -0.002 -20"><span class='ocrx_word' id='word_1_269' title='bbox 440 4012 521 4077; x_wconf 87' lang='lat' dir='ltr'><strong>datis</strong></span> <span class='ocrx_word' id='word_1_270' title='bbox 544 4014 632 4077; x_wconf 89' lang='lat' dir='ltr'><strong>locis.</strong></span> <span class='ocrx_word' id='word_1_271' title='bbox 675 4015 796 4080; x_wconf 89' lang='lat' dir='ltr'><strong>Locum</strong></span> <span class='ocrx_word' id='word_1_272' title='bbox 817 4020 924 4080; x_wconf 89' lang='lat' dir='ltr'><strong>autem</strong></span> <span class='ocrx_word' id='word_1_273' title='bbox 945 4012 1078 4077; x_wconf 87' lang='lat' dir='ltr'><strong>actionis</strong></span> <span class='ocrx_word' id='word_1_274' title='bbox 1101 4013 1369 4095; x_wconf 88' lang='lat' dir='ltr'><strong>opportunitatem</strong></span> <span class='ocrx_word' id='word_1_275' title='bbox 1387 4012 1537 4096; x_wconf 89' lang='lat' dir='ltr'><strong>temporis</strong></span> <span class='ocrx_word' id='word_1_276' title='bbox 1551 4032 1623 4080; x_wconf 91' lang='lat' dir='ltr'><strong>esse</strong></span> <span class='ocrx_word' id='word_1_277' title='bbox 1639 4011 1762 4089; x_wconf 82' lang='lat' dir='ltr'><strong>dicunt;</strong></span> 
     </span>
     <span class='ocr_line' id='line_1_31' title="bbox 402 4104 1763 4191; baseline -0.003 -21"><span class='ocrx_word' id='word_1_278' title='bbox 402 4114 564 4190; x_wconf 81' lang='lat' dir='ltr'><strong>solempna</strong></span> <span class='ocrx_word' id='word_1_279' title='bbox 592 4115 696 4171; x_wconf 90' lang='lat' dir='ltr'><strong>autem</strong></span> <span class='ocrx_word' id='word_1_280' title='bbox 719 4106 852 4170; x_wconf 89' lang='lat' dir='ltr'><strong>actionis</strong></span> <span class='ocrx_word' id='word_1_281' title='bbox 875 4112 1089 4189; x_wconf 90' lang='lat' dir='ltr'><strong>opportunum</strong></span> <span class='ocrx_word' id='word_1_282' title='bbox 1113 4106 1233 4169; x_wconf 88' lang='lat' dir='ltr'><strong>Graece</strong></span> <span class='ocrx_word' id='word_1_283' title='bbox 1255 4106 1424 4191; x_wconf 75' lang='grc' dir='ltr'>εὖκαιρια,</span> <span class='ocrx_word' id='word_1_284' title='bbox 1452 4106 1564 4170; x_wconf 88' lang='lat' dir='ltr'><strong>Latiae</strong></span> <span class='ocrx_word' id='word_1_285' title='bbox 1586 4104 1763 4190; x_wconf 88' lang='lat' dir='ltr'><strong>appellatur</strong></span> 
     </span>
     <span class='ocr_line' id='line_1_32' title="bbox 439 4195 1761 4283; baseline -0.002 -20"><span class='ocrx_word' id='word_1_286' title='bbox 439 4202 575 4264; x_wconf 90' lang='lat' dir='ltr'><strong>occasio.</strong></span> <span class='ocrx_word' id='word_1_287' title='bbox 619 4201 671 4265; x_wconf 88' lang='lat' dir='ltr'><strong>Sic</strong></span> <span class='ocrx_word' id='word_1_288' title='bbox 701 4197 736 4263; x_wconf 89' lang='grc' dir='ltr'><strong>ιιι</strong></span> <span class='ocrx_word' id='word_1_289' title='bbox 766 4207 802 4263; x_wconf 92' lang='grc' dir='ltr'><strong>ιιι</strong></span> <span class='ocrx_word' id='word_1_290' title='bbox 828 4198 984 4263; x_wconf 86' lang='lat' dir='ltr'><strong>modestia</strong></span> <span class='ocrx_word' id='word_1_291' title='bbox 1011 4198 1107 4274; x_wconf 89' lang='lat' dir='ltr'><strong>baec,</strong></span> <span class='ocrx_word' id='word_1_292' title='bbox 1137 4219 1232 4283; x_wconf 89' lang='lat' dir='ltr'><strong>quam</strong></span> <span class='ocrx_word' id='word_1_293' title='bbox 1263 4201 1306 4263; x_wconf 88' lang='lat' dir='ltr'><strong>ita</strong></span> <span class='ocrx_word' id='word_1_294' title='bbox 1335 4200 1594 4282; x_wconf 86' lang='lat' dir='ltr'><strong>interpretamur,</strong></span> <span class='ocrx_word' id='word_1_295' title='bbox 1624 4205 1659 4261; x_wconf 90' lang='lat' dir='ltr'><strong>ut</strong></span> <span class='ocrx_word' id='word_1_296' title='bbox 1687 4195 1761 4272; x_wconf 84' lang='lat' dir='ltr'><strong>dixi,</strong></span> 
     </span>
     <span class='ocr_line' id='line_1_33' title="bbox 439 4286 1761 4377; baseline -0.004 -19"><span class='ocrx_word' id='word_1_297' title='bbox 439 4294 571 4358; x_wconf 86' lang='lat' dir='ltr'><strong>scientia</strong></span> <span class='ocrx_word' id='word_1_298' title='bbox 592 4296 632 4357; x_wconf 87' lang='lat' dir='ltr'><strong>sit</strong></span> <span class='ocrx_word' id='word_1_299' title='bbox 654 4294 898 4377; x_wconf 88' lang='lat' dir='ltr'><strong>opportunitatis</strong></span> <span class='ocrx_word' id='word_1_300' title='bbox 921 4293 1109 4355; x_wconf 89' lang='lat' dir='ltr'><strong>idoneorum</strong></span> <span class='ocrx_word' id='word_1_301' title='bbox 1131 4292 1171 4356; x_wconf 89' lang='lat' dir='ltr'><strong>ad</strong></span> <span class='ocrx_word' id='word_1_302' title='bbox 1194 4292 1351 4376; x_wconf 76' lang='lat' dir='ltr'><strong>agendum</strong></span> <span class='ocrx_word' id='word_1_303' title='bbox 1374 4299 1562 4374; x_wconf 89' lang='lat' dir='ltr'><strong>temporum.</strong></span> <span class='ocrx_word' id='word_1_304' title='bbox 1606 4286 1679 4353; x_wconf 76' lang='lat' dir='ltr'><strong>lid.</strong></span> <span class='ocrx_word' id='word_1_305' title='bbox 1699 4289 1761 4353; x_wconf 91' lang='lat' dir='ltr'><strong>Sed</strong></span> 
     </span>
     <span class='ocr_line' id='line_1_34' title="bbox 438 4383 1762 4472; baseline -0.002 -23"><span class='ocrx_word' id='word_1_306' title='bbox 438 4396 544 4470; x_wconf 87' lang='lat' dir='ltr'><strong>potest</strong></span> <span class='ocrx_word' id='word_1_307' title='bbox 566 4389 675 4451; x_wconf 87' lang='lat' dir='ltr'><strong>eadem</strong></span> <span class='ocrx_word' id='word_1_308' title='bbox 699 4408 767 4451; x_wconf 90' lang='lat' dir='ltr'><strong>esse</strong></span> <span class='ocrx_word' id='word_1_309' title='bbox 790 4387 974 4472; x_wconf 87' lang='lat' dir='ltr'><strong>prudentiae</strong></span> <span class='ocrx_word' id='word_1_310' title='bbox 998 4383 1156 4461; x_wconf 87' lang='lat' dir='ltr'><strong>definitio,</strong></span> <span class='ocrx_word' id='word_1_311' title='bbox 1187 4384 1226 4448; x_wconf 89' lang='lat' dir='ltr'><strong>de</strong></span> <span class='ocrx_word' id='word_1_312' title='bbox 1250 4405 1314 4470; x_wconf 85' lang='lat' dir='ltr'><strong>qua</strong></span> <span class='ocrx_word' id='word_1_313' title='bbox 1335 4386 1494 4469; x_wconf 89' lang='lat' dir='ltr'><strong>principio</strong></span> <span class='ocrx_word' id='word_1_314' title='bbox 1516 4385 1672 4450; x_wconf 84' lang='lat' dir='ltr'><strong>diximus:</strong></span> <span class='ocrx_word' id='word_1_315' title='bbox 1701 4383 1762 4447; x_wconf 90' lang='lat' dir='ltr'><strong>boc</strong></span> 
     </span>
     <span class='ocr_line' id='line_1_35' title="bbox 439 4477 1761 4563; baseline 0 -20"><span class='ocrx_word' id='word_1_316' title='bbox 439 4489 543 4545; x_wconf 89' lang='lat' dir='ltr'><strong>autem</strong></span> <span class='ocrx_word' id='word_1_317' title='bbox 566 4481 636 4543; x_wconf 88' lang='lat' dir='ltr'><strong>loco</strong></span> <span class='ocrx_word' id='word_1_318' title='bbox 659 4478 697 4544; x_wconf 91' lang='lat' dir='ltr'><strong>de</strong></span> <span class='ocrx_word' id='word_1_319' title='bbox 721 4480 937 4546; x_wconf 90' lang='lat' dir='ltr'><strong>moderatione</strong></span> <span class='ocrx_word' id='word_1_320' title='bbox 960 4487 993 4543; x_wconf 90' lang='lat' dir='ltr'><strong>et</strong></span> <span class='ocrx_word' id='word_1_321' title='bbox 1013 4481 1219 4563; x_wconf 88' lang='lat' dir='ltr'><strong>temperantia</strong></span> <span class='ocrx_word' id='word_1_322' title='bbox 1241 4486 1274 4543; x_wconf 86' lang='lat' dir='ltr'><strong>et</strong></span> <span class='ocrx_word' id='word_1_323' title='bbox 1294 4481 1405 4548; x_wconf 88' lang='lat' dir='ltr'><strong>barum</strong></span> <span class='ocrx_word' id='word_1_324' title='bbox 1419 4478 1576 4550; x_wconf 82' lang='lat' dir='ltr'><strong>similibus</strong></span> <span class='ocrx_word' id='word_1_325' title='bbox 1592 4477 1761 4544; x_wconf 88' lang='lat' dir='ltr'><strong>virtutibus</strong></span> 
     </span>
     <span class='ocr_line' id='line_1_36' title="bbox 402 4571 1761 4659; baseline -0.005 -17"><span class='ocrx_word' id='word_1_326' title='bbox 402 4575 629 4659; x_wconf 78' lang='lat' dir='ltr'><strong>uquaerimus.</strong></span> <span class='ocrx_word' id='word_1_327' title='bbox 672 4575 785 4657; x_wconf 88' lang='lat' dir='ltr'><strong>ltaque</strong></span> <span class='ocrx_word' id='word_1_328' title='bbox 815 4594 895 4659; x_wconf 88' lang='lat' dir='ltr'><strong>quae</strong></span> <span class='ocrx_word' id='word_1_329' title='bbox 926 4581 1016 4637; x_wconf 87' lang='lat' dir='ltr'><strong>erant</strong></span> <span class='ocrx_word' id='word_1_330' title='bbox 1037 4573 1221 4657; x_wconf 85' lang='lat' dir='ltr'><strong>prudentiae</strong></span> <span class='ocrx_word' id='word_1_331' title='bbox 1243 4571 1371 4656; x_wconf 87' lang='lat' dir='ltr'><strong>propria</strong></span> <span class='ocrx_word' id='word_1_332' title='bbox 1392 4592 1450 4636; x_wconf 89' lang='lat' dir='ltr'><strong>suo</strong></span> <span class='ocrx_word' id='word_1_333' title='bbox 1472 4572 1542 4638; x_wconf 86' lang='lat' dir='ltr'><strong>loco</strong></span> <span class='ocrx_word' id='word_1_334' title='bbox 1564 4571 1761 4638; x_wconf 86' lang='lat' dir='ltr'><strong>dictasunt:</strong></span> 
     </span>
     <span class='ocr_line' id='line_1_37' title="bbox 440 4666 1763 4752; baseline 0 -22"><span class='ocrx_word' id='word_1_335' title='bbox 440 4687 521 4752; x_wconf 86' lang='lat' dir='ltr'><strong>quae</strong></span> <span class='ocrx_word' id='word_1_336' title='bbox 543 4678 649 4748; x_wconf 81' lang='lat' dir='ltr'><strong>autem</strong></span> <span class='ocrx_word' id='word_1_337' title='bbox 670 4670 783 4734; x_wconf 87' lang='lat' dir='ltr'><strong>barum</strong></span> <span class='ocrx_word' id='word_1_338' title='bbox 806 4670 972 4741; x_wconf 87' lang='lat' dir='ltr'><strong>virtutum,</strong></span> <span class='ocrx_word' id='word_1_339' title='bbox 995 4668 1034 4732; x_wconf 95' lang='lat' dir='ltr'><strong>de</strong></span> <span class='ocrx_word' id='word_1_340' title='bbox 1057 4668 1173 4752; x_wconf 86' lang='lat' dir='ltr'><strong>quibus</strong></span> <span class='ocrx_word' id='word_1_341' title='bbox 1196 4667 1259 4730; x_wconf 88' lang='lat' dir='ltr'><strong>iam</strong></span> <span class='ocrx_word' id='word_1_342' title='bbox 1282 4667 1336 4729; x_wconf 92' lang='lat' dir='ltr'><strong>diu</strong></span> <span class='ocrx_word' id='word_1_343' title='bbox 1357 4666 1534 4749; x_wconf 89' lang='lat' dir='ltr'><strong>loquimur,</strong></span> <span class='ocrx_word' id='word_1_344' title='bbox 1562 4686 1643 4749; x_wconf 88' lang='lat' dir='ltr'><strong>quae</strong></span> <span class='ocrx_word' id='word_1_345' title='bbox 1664 4666 1763 4749; x_wconf 86' lang='lat' dir='ltr'><strong>perti-</strong></span> 
     </span>
     <span class='ocr_line' id='line_1_38' title="bbox 439 4759 1762 4846; baseline 0.002 -20"><span class='ocrx_word' id='word_1_346' title='bbox 439 4770 515 4826; x_wconf 88' lang='lat' dir='ltr'><strong>nent</strong></span> <span class='ocrx_word' id='word_1_347' title='bbox 542 4760 582 4830; x_wconf 89' lang='lat' dir='ltr'><strong>ad</strong></span> <span class='ocrx_word' id='word_1_348' title='bbox 603 4760 825 4828; x_wconf 84' lang='lat' dir='ltr'><strong>verecundiam</strong></span> <span class='ocrx_word' id='word_1_349' title='bbox 853 4761 943 4825; x_wconf 88' lang='lat' dir='ltr'><strong>etad</strong></span> <span class='ocrx_word' id='word_1_350' title='bbox 966 4782 1074 4826; x_wconf 90' lang='lat' dir='ltr'><strong>eorum</strong></span> <span class='ocrx_word' id='word_1_351' title='bbox 1097 4759 1375 4846; x_wconf 83' lang='lat' dir='ltr'><strong>approbationem,</strong></span> <span class='ocrx_word' id='word_1_352' title='bbox 1406 4759 1595 4844; x_wconf 82' lang='lat' dir='ltr'><strong>quibuscum</strong></span> <span class='ocrx_word' id='word_1_353' title='bbox 1618 4761 1762 4837; x_wconf 74' lang='lat' dir='ltr'><strong>vivimus,</strong></span> 
     </span>
    </p>
   </div>
   <div class='ocr_carea' id='block_1_3' title="bbox 436 5037 1761 6005">
    <p class='ocr_par' dir='ltr' id='par_1_8' title="bbox 436 5037 1761 6005">
     <span class='ocr_line' id='line_1_39' title="bbox 504 5037 1761 5104; baseline 0 -15"><span class='ocrx_word' id='word_1_354' title='bbox 504 5040 529 5089; x_wconf 87' lang='grc'><strong>3.</strong></span> <span class='ocrx_word' id='word_1_355' title='bbox 547 5040 678 5104; x_wconf 80' lang='lat' dir='ltr'><strong>teuJetc</strong></span> <span class='ocrx_word' id='word_1_356' title='bbox 704 5065 730 5076; x_wconf 96' lang='lat'><em>-</em></span> <span class='ocrx_word' id='word_1_357' title='bbox 758 5039 782 5091; x_wconf 83' lang='lat' dir='ltr'><strong>l.</strong></span> <span class='ocrx_word' id='word_1_358' title='bbox 801 5040 935 5090; x_wconf 81' lang='lat' dir='ltr'><strong>donarell</strong></span> <span class='ocrx_word' id='word_1_359' title='bbox 959 5065 986 5075; x_wconf 97' lang='lat'>-</span> <span class='ocrx_word' id='word_1_360' title='bbox 1010 5040 1034 5088; x_wconf 97' lang='lat'><strong>7.</strong></span> <span class='ocrx_word' id='word_1_361' title='bbox 1053 5039 1130 5090; x_wconf 82' lang='lat' dir='ltr'><strong>etium</strong></span> <span class='ocrx_word' id='word_1_362' title='bbox 1146 5039 1239 5088; x_wconf 84' lang='lat' dir='ltr'><strong>matio</strong></span> <span class='ocrx_word' id='word_1_363' title='bbox 1265 5064 1291 5073; x_wconf 96' lang='lat'>-</span> <span class='ocrx_word' id='word_1_364' title='bbox 1315 5037 1616 5100; x_wconf 74' lang='lat' dir='ltr'><strong>8.priecipamsactao</strong></span> <span class='ocrx_word' id='word_1_365' title='bbox 1638 5063 1665 5074; x_wconf 93' lang='lat'><em>-</em></span> <span class='ocrx_word' id='word_1_366' title='bbox 1690 5039 1713 5088; x_wconf 83' lang='grc'><strong>9.</strong></span> <span class='ocrx_word' id='word_1_367' title='bbox 1731 5040 1761 5090; x_wconf 80' lang='lat' dir='ltr'><strong>t.</strong></span> 
     </span>
     <span class='ocr_line' id='line_1_40' title="bbox 440 5112 1761 5176; baseline -0.002 -10"><span class='ocrx_word' id='word_1_368' title='bbox 440 5127 526 5166; x_wconf 85' lang='lat' dir='ltr'><strong>ome</strong></span> <span class='ocrx_word' id='word_1_369' title='bbox 554 5141 586 5150; x_wconf 90' lang='lat'>-</span> <span class='ocrx_word' id='word_1_370' title='bbox 615 5116 654 5164; x_wconf 79' lang='lat'><strong>⁴0.</strong></span> <span class='ocrx_word' id='word_1_371' title='bbox 672 5115 763 5164; x_wconf 84' lang='lat' dir='ltr'><strong>imitati</strong></span> <span class='ocrx_word' id='word_1_372' title='bbox 785 5126 919 5176; x_wconf 90' lang='lat' dir='ltr'><strong>superscr.</strong></span> <span class='ocrx_word' id='word_1_373' title='bbox 939 5112 1039 5164; x_wconf 88' lang='lat' dir='ltr'><strong>scholio</strong></span> <span class='ocrx_word' id='word_1_374' title='bbox 1061 5128 1080 5163; x_wconf 82' lang='grc' dir='ltr'><strong>ι.</strong></span> <span class='ocrx_word' id='word_1_375' title='bbox 1100 5119 1157 5163; x_wconf 85' lang='lat' dir='ltr'><strong>suot</strong></span> <span class='ocrx_word' id='word_1_376' title='bbox 1177 5127 1206 5170; x_wconf 75' lang='grc' dir='ltr'><strong>ας</strong></span> <span class='ocrx_word' id='word_1_377' title='bbox 1233 5118 1290 5163; x_wconf 82' lang='lat' dir='ltr'><strong>suet</strong></span> <span class='ocrx_word' id='word_1_378' title='bbox 1306 5113 1397 5161; x_wconf 85' lang='lat' dir='ltr'><strong>imitati</strong></span> <span class='ocrx_word' id='word_1_379' title='bbox 1419 5125 1443 5161; x_wconf 87' lang='lat' dir='ltr'><strong>o.</strong></span> <span class='ocrx_word' id='word_1_380' title='bbox 1471 5114 1577 5176; x_wconf 85' lang='lat' dir='ltr'><strong>(imitati</strong></span> <span class='ocrx_word' id='word_1_381' title='bbox 1594 5114 1761 5176; x_wconf 78' lang='lat' dir='ltr'><strong>grammatici</strong></span> 
     </span>
     <span class='ocr_line' id='line_1_41' title="bbox 439 5186 1760 5255; baseline -0.003 -14"><span class='ocrx_word' id='word_1_382' title='bbox 439 5189 654 5255; x_wconf 88' lang='lat' dir='ltr'><strong>supplementum</strong></span> <span class='ocrx_word' id='word_1_383' title='bbox 671 5188 788 5247; x_wconf 87' lang='lat' dir='ltr'><strong>videtur,</strong></span> <span class='ocrx_word' id='word_1_384' title='bbox 807 5187 880 5250; x_wconf 91' lang='lat' dir='ltr'><strong>quod</strong></span> <span class='ocrx_word' id='word_1_385' title='bbox 897 5186 1014 5248; x_wconf 83' lang='lat' dir='ltr'><strong>seclusi.)</strong></span> <span class='ocrx_word' id='word_1_386' title='bbox 1043 5216 1068 5224; x_wconf 84' lang='lat'>-</span> <span class='ocrx_word' id='word_1_387' title='bbox 1097 5190 1138 5239; x_wconf 86' lang='lat' dir='ltr'><strong>tt.</strong></span> <span class='ocrx_word' id='word_1_388' title='bbox 1156 5188 1329 5249; x_wconf 77' lang='lat' dir='ltr'><strong>reserendasu</strong></span> <span class='ocrx_word' id='word_1_389' title='bbox 1354 5214 1386 5224; x_wconf 91' lang='lat'><em>-</em></span> <span class='ocrx_word' id='word_1_390' title='bbox 1412 5189 1452 5237; x_wconf 74' lang='grc' dir='ltr'><strong>ιι.</strong></span> <span class='ocrx_word' id='word_1_391' title='bbox 1470 5188 1600 5249; x_wconf 69' lang='lat' dir='ltr'><strong>reserenda</strong></span> <span class='ocrx_word' id='word_1_392' title='bbox 1622 5201 1637 5237; x_wconf 90' lang='lat' dir='ltr'><strong>u</strong></span> <span class='ocrx_word' id='word_1_393' title='bbox 1664 5215 1692 5225; x_wconf 97' lang='lat'><em>-</em></span> <span class='ocrx_word' id='word_1_394' title='bbox 1720 5188 1760 5238; x_wconf 80' lang='lat' dir='ltr'><strong>ta.</strong></span> 
     </span>
     <span class='ocr_line' id='line_1_42' title="bbox 437 5263 1761 5326; baseline -0.002 -8"><span class='ocrx_word' id='word_1_395' title='bbox 437 5271 495 5318; x_wconf 71' lang='lat' dir='ltr'><strong>aas</strong></span> <span class='ocrx_word' id='word_1_396' title='bbox 510 5267 602 5317; x_wconf 84' lang='lat' dir='ltr'><strong>tuenda</strong></span> <span class='ocrx_word' id='word_1_397' title='bbox 619 5277 634 5313; x_wconf 92' lang='lat' dir='ltr'><strong>o</strong></span> <span class='ocrx_word' id='word_1_398' title='bbox 654 5292 679 5300; x_wconf 90' lang='lat'><em>-</em></span> <span class='ocrx_word' id='word_1_399' title='bbox 705 5263 744 5314; x_wconf 84' lang='lat' dir='ltr'><strong>tt.</strong></span> <span class='ocrx_word' id='word_1_400' title='bbox 763 5268 870 5326; x_wconf 76' lang='lat' dir='ltr'><strong>parcant</strong></span> <span class='ocrx_word' id='word_1_401' title='bbox 887 5276 902 5312; x_wconf 93' lang='lat' dir='ltr'><strong>o</strong></span> <span class='ocrx_word' id='word_1_402' title='bbox 922 5288 949 5298; x_wconf 90' lang='lat'><em>-</em></span> <span class='ocrx_word' id='word_1_403' title='bbox 976 5263 1015 5313; x_wconf 81' lang='lat' dir='ltr'><strong>tu.</strong></span> <span class='ocrx_word' id='word_1_404' title='bbox 1035 5269 1062 5312; x_wconf 90' lang='lat' dir='ltr'><strong>ut</strong></span> <span class='ocrx_word' id='word_1_405' title='bbox 1078 5276 1149 5312; x_wconf 89' lang='lat' dir='ltr'><strong>corr.</strong></span> <span class='ocrx_word' id='word_1_406' title='bbox 1163 5277 1196 5312; x_wconf 80' lang='lat' dir='ltr'><strong>eu</strong></span> <span class='ocrx_word' id='word_1_407' title='bbox 1212 5263 1243 5311; x_wconf 84' lang='lat' dir='ltr'><strong>sit</strong></span> <span class='ocrx_word' id='word_1_408' title='bbox 1259 5264 1275 5315; x_wconf 89' lang='lat' dir='ltr'><strong>b</strong></span> <span class='ocrx_word' id='word_1_409' title='bbox 1293 5288 1321 5298; x_wconf 97' lang='lat'>-</span> <span class='ocrx_word' id='word_1_410' title='bbox 1343 5276 1405 5313; x_wconf 83' lang='lat' dir='ltr'><strong>aeae</strong></span> <span class='ocrx_word' id='word_1_411' title='bbox 1421 5264 1504 5312; x_wconf 83' lang='lat' dir='ltr'><strong>minor</strong></span> <span class='ocrx_word' id='word_1_412' title='bbox 1520 5276 1584 5312; x_wconf 85' lang='lat' dir='ltr'><strong>cura</strong></span> <span class='ocrx_word' id='word_1_413' title='bbox 1600 5277 1662 5314; x_wconf 82' lang='lat' dir='ltr'><strong>oeae</strong></span> <span class='ocrx_word' id='word_1_414' title='bbox 1677 5266 1761 5315; x_wconf 84' lang='lat' dir='ltr'><strong>maior</strong></span> 
     </span>
     <span class='ocr_line' id='line_1_43' title="bbox 439 5337 1757 5406; baseline -0.002 -14"><span class='ocrx_word' id='word_1_415' title='bbox 439 5340 537 5406; x_wconf 83' lang='lat' dir='ltr'><strong>(verbis</strong></span> <span class='ocrx_word' id='word_1_416' title='bbox 553 5341 636 5389; x_wconf 68' lang='lat' dir='ltr'><strong>aanor</strong></span> <span class='ocrx_word' id='word_1_417' title='bbox 652 5342 679 5389; x_wconf 89' lang='lat' dir='ltr'><strong>et</strong></span> <span class='ocrx_word' id='word_1_418' title='bbox 695 5339 778 5388; x_wconf 88' lang='lat' dir='ltr'><strong>maior</strong></span> <span class='ocrx_word' id='word_1_419' title='bbox 795 5339 1007 5402; x_wconf 85' lang='lat' dir='ltr'><strong>transpositionis</strong></span> <span class='ocrx_word' id='word_1_420' title='bbox 1024 5340 1099 5402; x_wconf 81' lang='lat' dir='ltr'><strong>signa</strong></span> <span class='ocrx_word' id='word_1_421' title='bbox 1115 5350 1249 5400; x_wconf 89' lang='lat' dir='ltr'><strong>superscr.</strong></span> <span class='ocrx_word' id='word_1_422' title='bbox 1268 5337 1371 5396; x_wconf 82' lang='lat' dir='ltr'><strong>santia</strong></span> <span class='ocrx_word' id='word_1_423' title='bbox 1400 5364 1426 5374; x_wconf 97' lang='lat'>-</span> <span class='ocrx_word' id='word_1_424' title='bbox 1454 5339 1494 5387; x_wconf 83' lang='lat' dir='ltr'><strong>tt.</strong></span> <span class='ocrx_word' id='word_1_425' title='bbox 1512 5343 1680 5389; x_wconf 69' lang='lat' dir='ltr'><strong>accusatur</strong></span> <span class='ocrx_word' id='word_1_426' title='bbox 1696 5352 1711 5390; x_wconf 87' lang='lat' dir='ltr'><strong>e</strong></span> <span class='ocrx_word' id='word_1_427' title='bbox 1730 5368 1757 5377; x_wconf 94' lang='lat'><em>-</em></span> 
     </span>
     <span class='ocr_line' id='line_1_44' title="bbox 437 5412 1760 5477; baseline -0.002 -11"><span class='ocrx_word' id='word_1_428' title='bbox 437 5418 471 5466; x_wconf 91' lang='lat' dir='ltr'><strong>ad</strong></span> <span class='ocrx_word' id='word_1_429' title='bbox 487 5416 661 5466; x_wconf 78' lang='lat' dir='ltr'><strong>liberalitatem</strong></span> <span class='ocrx_word' id='word_1_430' title='bbox 676 5415 792 5477; x_wconf 82' lang='lat' dir='ltr'><strong>speciest</strong></span> <span class='ocrx_word' id='word_1_431' title='bbox 809 5414 929 5476; x_wconf 71' lang='lat' dir='ltr'><strong>dipsitats</strong></span> <span class='ocrx_word' id='word_1_432' title='bbox 945 5426 985 5475; x_wconf 88' lang='lat' dir='ltr'><strong>op</strong></span> <span class='ocrx_word' id='word_1_433' title='bbox 1005 5440 1031 5449; x_wconf 97' lang='lat'>-</span> <span class='ocrx_word' id='word_1_434' title='bbox 1056 5413 1096 5464; x_wconf 77' lang='grc'><strong>48.</strong></span> <span class='ocrx_word' id='word_1_435' title='bbox 1114 5413 1269 5463; x_wconf 77' lang='lat' dir='ltr'><strong>moderanda</strong></span> <span class='ocrx_word' id='word_1_436' title='bbox 1286 5413 1387 5461; x_wconf 85' lang='lat' dir='ltr'><strong>Bllab</strong></span> <span class='ocrx_word' id='word_1_437' title='bbox 1412 5438 1438 5448; x_wconf 91' lang='lat'><em>-</em></span> <span class='ocrx_word' id='word_1_438' title='bbox 1463 5412 1504 5461; x_wconf 81' lang='grc'><strong>49.</strong></span> <span class='ocrx_word' id='word_1_439' title='bbox 1522 5413 1603 5475; x_wconf 83' lang='lat' dir='ltr'><strong>ipsum</strong></span> <span class='ocrx_word' id='word_1_440' title='bbox 1619 5414 1760 5475; x_wconf 79' lang='lat' dir='ltr'><strong>optiasrso</strong></span> 
     </span>
     <span class='ocr_line' id='line_1_45' title="bbox 440 5488 1757 5551; baseline -0.001 -11"><span class='ocrx_word' id='word_1_441' title='bbox 440 5519 467 5529; x_wconf 89' lang='lat'>-</span> <span class='ocrx_word' id='word_1_442' title='bbox 485 5493 526 5540; x_wconf 86' lang='lat' dir='ltr'><strong>st.</strong></span> <span class='ocrx_word' id='word_1_443' title='bbox 546 5491 575 5540; x_wconf 87' lang='lat' dir='ltr'><strong>de</strong></span> <span class='ocrx_word' id='word_1_444' title='bbox 591 5492 653 5539; x_wconf 89' lang='lat' dir='ltr'><strong>ante</strong></span> <span class='ocrx_word' id='word_1_445' title='bbox 670 5503 727 5551; x_wconf 82' lang='lat' dir='ltr'><strong>opp.</strong></span> <span class='ocrx_word' id='word_1_446' title='bbox 747 5500 829 5538; x_wconf 92' lang='lat' dir='ltr'><strong>om.o</strong></span> <span class='ocrx_word' id='word_1_447' title='bbox 850 5492 903 5547; x_wconf 81' lang='lat' dir='ltr'><strong>(est</strong></span> <span class='ocrx_word' id='word_1_448' title='bbox 919 5490 1000 5538; x_wconf 87' lang='lat' dir='ltr'><strong>etiam</strong></span> <span class='ocrx_word' id='word_1_449' title='bbox 1018 5488 1044 5539; x_wconf 88' lang='lat' dir='ltr'><strong>in</strong></span> <span class='ocrx_word' id='word_1_450' title='bbox 1062 5488 1138 5550; x_wconf 79' lang='lat' dir='ltr'><strong>ebo)</strong></span> <span class='ocrx_word' id='word_1_451' title='bbox 1164 5513 1190 5522; x_wconf 96' lang='lat'>-</span> <span class='ocrx_word' id='word_1_452' title='bbox 1215 5488 1383 5549; x_wconf 83' lang='lat' dir='ltr'><strong>oportunitate</strong></span> <span class='ocrx_word' id='word_1_453' title='bbox 1400 5488 1497 5538; x_wconf 80' lang='lat' dir='ltr'><strong>Habe</strong></span> <span class='ocrx_word' id='word_1_454' title='bbox 1518 5514 1552 5525; x_wconf 93' lang='lat'>-</span> <span class='ocrx_word' id='word_1_455' title='bbox 1573 5488 1616 5538; x_wconf 75' lang='grc' dir='ltr'><strong>ιι.</strong></span> <span class='ocrx_word' id='word_1_456' title='bbox 1633 5488 1680 5537; x_wconf 74' lang='lat' dir='ltr'><strong>isac</strong></span> <span class='ocrx_word' id='word_1_457' title='bbox 1696 5501 1714 5539; x_wconf 79' lang='lat' dir='ltr'><strong>a</strong></span> <span class='ocrx_word' id='word_1_458' title='bbox 1732 5514 1757 5524; x_wconf 91' lang='lat'><em>-</em></span> 
     </span>
     <span class='ocr_line' id='line_1_46' title="bbox 436 5562 1760 5626; baseline 0 -12"><span class='ocrx_word' id='word_1_459' title='bbox 436 5566 559 5621; x_wconf 67' lang='lat' dir='ltr'><strong>attaaiao</strong></span> <span class='ocrx_word' id='word_1_460' title='bbox 576 5564 686 5623; x_wconf 81' lang='lat' dir='ltr'><strong>Bilab,</strong></span> <span class='ocrx_word' id='word_1_461' title='bbox 705 5564 836 5613; x_wconf 73' lang='lat' dir='ltr'><strong>catastam</strong></span> <span class='ocrx_word' id='word_1_462' title='bbox 853 5574 867 5610; x_wconf 93' lang='lat' dir='ltr'><strong>o</strong></span> <span class='ocrx_word' id='word_1_463' title='bbox 886 5588 913 5597; x_wconf 95' lang='lat'>-</span> <span class='ocrx_word' id='word_1_464' title='bbox 938 5562 978 5612; x_wconf 76' lang='lat'><strong>23.</strong></span> <span class='ocrx_word' id='word_1_465' title='bbox 997 5568 1059 5612; x_wconf 81' lang='lat' dir='ltr'><strong>aaut</strong></span> <span class='ocrx_word' id='word_1_466' title='bbox 1074 5577 1172 5611; x_wconf 63' lang='lat' dir='ltr'><strong>ouon</strong></span> <span class='ocrx_word' id='word_1_467' title='bbox 1185 5563 1299 5613; x_wconf 87' lang='lat' dir='ltr'><strong>doctriua</strong></span> <span class='ocrx_word' id='word_1_468' title='bbox 1315 5576 1401 5613; x_wconf 75' lang='lat' dir='ltr'><strong>rerum</strong></span> <span class='ocrx_word' id='word_1_469' title='bbox 1417 5564 1576 5612; x_wconf 70' lang='lat' dir='ltr'><strong>tesaurum</strong></span> <span class='ocrx_word' id='word_1_470' title='bbox 1593 5562 1684 5626; x_wconf 65' lang='lat' dir='ltr'><strong>(gibt)</strong></span> <span class='ocrx_word' id='word_1_471' title='bbox 1703 5564 1760 5614; x_wconf 86' lang='lat' dir='ltr'><strong>inu</strong></span> 
     </span>
     <span class='ocr_line' id='line_1_47' title="bbox 437 5636 1760 5701; baseline -0.002 -10"><span class='ocrx_word' id='word_1_472' title='bbox 437 5641 604 5693; x_wconf 87' lang='lat' dir='ltr'><strong>continentur</strong></span> <span class='ocrx_word' id='word_1_473' title='bbox 621 5639 680 5690; x_wconf 88' lang='lat' dir='ltr'><strong>lolio</strong></span> <span class='ocrx_word' id='word_1_474' title='bbox 697 5641 772 5690; x_wconf 78' lang='lat' dir='ltr'><strong>sexto</strong></span> <span class='ocrx_word' id='word_1_475' title='bbox 789 5637 908 5696; x_wconf 88' lang='lat' dir='ltr'><strong>decimo,</strong></span> <span class='ocrx_word' id='word_1_476' title='bbox 933 5636 966 5687; x_wconf 91' lang='lat' dir='ltr'><strong>de</strong></span> <span class='ocrx_word' id='word_1_477' title='bbox 985 5651 1037 5700; x_wconf 90' lang='lat' dir='ltr'><strong>quo</strong></span> <span class='ocrx_word' id='word_1_478' title='bbox 1055 5638 1116 5689; x_wconf 85' lang='lat' dir='ltr'><strong>vide</strong></span> <span class='ocrx_word' id='word_1_479' title='bbox 1135 5638 1198 5701; x_wconf 70' lang='lat'><strong>577.</strong></span> <span class='ocrx_word' id='word_1_480' title='bbox 1227 5664 1253 5673; x_wconf 97' lang='lat'>-</span> <span class='ocrx_word' id='word_1_481' title='bbox 1283 5651 1334 5687; x_wconf 82' lang='lat' dir='ltr'><strong>ooo</strong></span> <span class='ocrx_word' id='word_1_482' title='bbox 1350 5637 1561 5687; x_wconf 81' lang='lat' dir='ltr'><strong>baoc--modas</strong></span> <span class='ocrx_word' id='word_1_483' title='bbox 1578 5639 1640 5689; x_wconf 78' lang='lat' dir='ltr'><strong>inest</strong></span> <span class='ocrx_word' id='word_1_484' title='bbox 1661 5638 1760 5689; x_wconf 81' lang='lat' dir='ltr'><strong>Nonius</strong></span> 
     </span>
     <span class='ocr_line' id='line_1_48' title="bbox 438 5712 1760 5780; baseline -0.002 -14"><span class='ocrx_word' id='word_1_485' title='bbox 438 5730 463 5780; x_wconf 93' lang='lat' dir='ltr'><strong>p.</strong></span> <span class='ocrx_word' id='word_1_486' title='bbox 475 5717 515 5766; x_wconf 83' lang='grc'><strong>30.</strong></span> <span class='ocrx_word' id='word_1_487' title='bbox 537 5743 563 5753; x_wconf 96' lang='grc'>-</span> <span class='ocrx_word' id='word_1_488' title='bbox 581 5730 631 5765; x_wconf 79' lang='lat' dir='ltr'><strong>soa</strong></span> <span class='ocrx_word' id='word_1_489' title='bbox 647 5716 694 5765; x_wconf 80' lang='lat' dir='ltr'><strong>tec</strong></span> <span class='ocrx_word' id='word_1_490' title='bbox 711 5728 725 5764; x_wconf 93' lang='lat' dir='ltr'><strong>o</strong></span> <span class='ocrx_word' id='word_1_491' title='bbox 744 5740 770 5750; x_wconf 93' lang='lat'><em>-</em></span> <span class='ocrx_word' id='word_1_492' title='bbox 795 5712 836 5766; x_wconf 80' lang='lat' dir='ltr'><strong>st.</strong></span> <span class='ocrx_word' id='word_1_493' title='bbox 854 5715 959 5763; x_wconf 70' lang='lat' dir='ltr'><strong>autema</strong></span> <span class='ocrx_word' id='word_1_494' title='bbox 976 5715 995 5764; x_wconf 89' lang='lat' dir='ltr'>C</span> <span class='ocrx_word' id='word_1_495' title='bbox 1016 5740 1042 5747; x_wconf 95' lang='lat'>-</span> <span class='ocrx_word' id='word_1_496' title='bbox 1067 5715 1108 5764; x_wconf 74' lang='grc' dir='ltr'>ιδ.</span> <span class='ocrx_word' id='word_1_497' title='bbox 1127 5714 1272 5764; x_wconf 82' lang='lat' dir='ltr'><strong>modestiam</strong></span> <span class='ocrx_word' id='word_1_498' title='bbox 1288 5727 1333 5763; x_wconf 82' lang='lat' dir='ltr'><strong>sos</strong></span> <span class='ocrx_word' id='word_1_499' title='bbox 1349 5725 1364 5763; x_wconf 89' lang='lat' dir='ltr'><strong>u</strong></span> <span class='ocrx_word' id='word_1_500' title='bbox 1384 5739 1411 5750; x_wconf 91' lang='lat'><em>-</em></span> <span class='ocrx_word' id='word_1_501' title='bbox 1435 5712 1476 5763; x_wconf 71' lang='grc' dir='ltr'>ιιι.</span> <span class='ocrx_word' id='word_1_502' title='bbox 1494 5718 1518 5762; x_wconf 87' lang='lat' dir='ltr'><strong>st</strong></span> <span class='ocrx_word' id='word_1_503' title='bbox 1533 5714 1715 5766; x_wconf 71' lang='lat' dir='ltr'><strong>cmmoditatis</strong></span> <span class='ocrx_word' id='word_1_504' title='bbox 1731 5714 1760 5763; x_wconf 84' lang='lat' dir='ltr'><strong>li¹</strong></span> 
     </span>
     <span class='ocr_line' id='line_1_49' title="bbox 440 5788 1760 5853; baseline -0.002 -12"><span class='ocrx_word' id='word_1_505' title='bbox 440 5814 467 5826; x_wconf 97' lang='lat'><em>-</em></span> <span class='ocrx_word' id='word_1_506' title='bbox 487 5790 527 5842; x_wconf 87' lang='lat'><strong>30.</strong></span> <span class='ocrx_word' id='word_1_507' title='bbox 545 5793 644 5842; x_wconf 71' lang='lat' dir='ltr'><strong>emeris</strong></span> <span class='ocrx_word' id='word_1_508' title='bbox 661 5791 760 5850; x_wconf 79' lang='lat' dir='ltr'><strong>auso,</strong></span> <span class='ocrx_word' id='word_1_509' title='bbox 779 5790 925 5840; x_wconf 62' lang='lat' dir='ltr'><strong>aeaeae</strong></span> <span class='ocrx_word' id='word_1_510' title='bbox 946 5816 971 5824; x_wconf 96' lang='lat'>-</span> <span class='ocrx_word' id='word_1_511' title='bbox 990 5789 1114 5853; x_wconf 73' lang='lat' dir='ltr'><strong>maeque</strong></span> <span class='ocrx_word' id='word_1_512' title='bbox 1131 5800 1145 5838; x_wconf 94' lang='lat' dir='ltr'><strong>o</strong></span> <span class='ocrx_word' id='word_1_513' title='bbox 1165 5816 1191 5825; x_wconf 97' lang='lat'>-</span> <span class='ocrx_word' id='word_1_514' title='bbox 1211 5788 1252 5838; x_wconf 80' lang='grc'><strong>34.</strong></span> <span class='ocrx_word' id='word_1_515' title='bbox 1270 5789 1482 5851; x_wconf 75' lang='lat' dir='ltr'><strong>interpretaturo</strong></span> <span class='ocrx_word' id='word_1_516' title='bbox 1501 5813 1528 5824; x_wconf 94' lang='lat'><em>-</em></span> <span class='ocrx_word' id='word_1_517' title='bbox 1547 5788 1588 5838; x_wconf 86' lang='grc'><strong>33.</strong></span> <span class='ocrx_word' id='word_1_518' title='bbox 1603 5792 1684 5852; x_wconf 82' lang='lat' dir='ltr'><strong>potest</strong></span> <span class='ocrx_word' id='word_1_519' title='bbox 1700 5789 1760 5838; x_wconf 80' lang='lat' dir='ltr'><strong>baec</strong></span> 
     </span>
     <span class='ocr_line' id='line_1_50' title="bbox 438 5863 1758 5933; baseline -0.001 -17"><span class='ocrx_word' id='word_1_520' title='bbox 438 5871 523 5924; x_wconf 70' lang='lat' dir='ltr'><strong>eadm</strong></span> <span class='ocrx_word' id='word_1_521' title='bbox 539 5883 556 5933; x_wconf 87' lang='lat' dir='ltr'><strong>p</strong></span> <span class='ocrx_word' id='word_1_522' title='bbox 573 5894 600 5904; x_wconf 98' lang='lat'>-</span> <span class='ocrx_word' id='word_1_523' title='bbox 627 5865 886 5931; x_wconf 70' lang='lat' dir='ltr'><strong>diffirrttiopsadeutie</strong></span> <span class='ocrx_word' id='word_1_524' title='bbox 902 5865 931 5914; x_wconf 86' lang='lat' dir='ltr'><strong>de</strong></span> <span class='ocrx_word' id='word_1_525' title='bbox 947 5877 998 5926; x_wconf 80' lang='lat' dir='ltr'><strong>qua</strong></span> <span class='ocrx_word' id='word_1_526' title='bbox 1014 5863 1180 5926; x_wconf 66' lang='lat' dir='ltr'><strong>iupmucipio</strong></span> <span class='ocrx_word' id='word_1_527' title='bbox 1197 5875 1212 5912; x_wconf 93' lang='lat' dir='ltr'><strong>o</strong></span> <span class='ocrx_word' id='word_1_528' title='bbox 1231 5889 1258 5900; x_wconf 94' lang='lat'><em>-</em></span> <span class='ocrx_word' id='word_1_529' title='bbox 1277 5863 1318 5915; x_wconf 69' lang='lat' dir='ltr'><strong>il.</strong></span> <span class='ocrx_word' id='word_1_530' title='bbox 1337 5864 1577 5916; x_wconf 76' lang='lat' dir='ltr'><strong>uiuasmttsbo:</strong></span> <span class='ocrx_word' id='word_1_531' title='bbox 1603 5868 1713 5915; x_wconf 76' lang='grc' dir='ltr'>ιιιιιιιιιι</span> <span class='ocrx_word' id='word_1_532' title='bbox 1729 5863 1758 5929; x_wconf 83' lang='grc' dir='ltr'><strong>ιι,</strong></span> 
     </span>
     <span class='ocr_line' id='line_1_51' title="bbox 438 5937 1693 6005; baseline -0.003 -11"><span class='ocrx_word' id='word_1_533' title='bbox 438 5948 641 6002; x_wconf 70' lang='lat' dir='ltr'><strong>ammo-</strong></span> <span class='ocrx_word' id='word_1_534' title='bbox 661 5940 1070 5999; x_wconf 59' lang='lat' dir='ltr'><strong>aaaouatarsottoeoo-</strong></span> <span class='ocrx_word' id='word_1_535' title='bbox 1093 5938 1341 6003; x_wconf 66' lang='lat' dir='ltr'><strong>detumuere-</strong></span> <span class='ocrx_word' id='word_1_536' title='bbox 1366 5937 1693 6005; x_wconf 76' lang='lat' dir='ltr'><strong>37.opprobatiouanab.</strong></span> 
     </span>
    </p>
   </div>
   <div class='ocr_carea' id='block_1_4' title="bbox 0 0 2176 7459">
    <p class='ocr_par' dir='ltr' id='par_1_9' title="bbox 0 0 2176 7459">
     <span class='ocr_line' id='line_1_52' title="bbox 0 0 2176 7459; baseline 0 0"><span class='ocrx_word' id='word_1_537' title='bbox 0 0 2176 7459; x_wconf 95' lang='lat' dir='ltr'><strong> </strong></span> 
     </span>
    </p>
   </div>
  </div>
 </body>
</html>
