4342 7459
442 1272 506 1340 502
938 1272 992 1334 DE
1012 1267 1278 1334 DIVINATIONE

443 1434 686 1499 concertationis
714 1432 820 1496 studio
847 1430 944 1494 modo
973 1431 1017 1493 ait
1043 1430 1121 1503 hoc,
1150 1428 1244 1492 modo
1266 1428 1346 1493 illud
1367 1429 1434 1504 ait;
1465 1427 1520 1493 ille
1544 1428 1632 1512 quod
1653 1430 1772 1504 sentit3

443 1528 539 1592 sentit
560 1536 666 1590 autern
689 1527 768 1591 nibil
790 1545 939 1610 nmquam
962 1525 1102 1607 elegans,
1125 1522 1203 1586 nibil
1227 1522 1386 1586 decorum.
1428 1524 1523 1587 Ilunc
1543 1541 1619 1606 ergo
1641 1531 1774 1607 antepo-

443 1642 501 1686 nes
515 1621 639 1685 Platoni
654 1630 685 1684 et
700 1620 845 1683 Socrati?
867 1620 922 1702 qui
945 1628 980 1682 ut
1001 1617 1154 1681 rationem
1179 1638 1243 1681 non
1264 1618 1443 1691 redderent,
1462 1619 1649 1681 auctoritate
1666 1624 1773 1684 tamea

442 1715 503 1779 hos
525 1716 665 1779 minutos
687 1713 897 1797 philosophos
919 1713 1093 1776 vincerent.
1136 1711 1229 1774 lubet
1252 1711 1348 1793 igitur
1369 1712 1458 1776 Plato
1487 1711 1533 1775 sie
1559 1711 1599 1775 ad
1625 1730 1773 1777 somnum

419 1806 601 1892 sprolicisoi
623 1807 809 1891 corporibus
831 1804 980 1880 adfectis,
1010 1812 1045 1868 ut
1067 1804 1147 1867 nibil
1169 1806 1211 1868 sit
1236 1807 1324 1889 quod
1347 1825 1485 1869 errorem
1514 1806 1628 1870 animis
1649 1815 1773 1891 pertur-

442 1904 669 1985 bationemque
699 1900 831 1964 adferat.
875 1901 923 1962 Ex
954 1919 1018 1984 quo
1049 1899 1143 1961 etiam
1171 1899 1387 1982 Pythagoricis
1415 1899 1616 1964 Interdictum
1645 1909 1775 1985 putatur

442 2016 483 2061 ne
512 1996 585 2059 faba
613 2003 833 2069 vescerentur,
865 1993 950 2077 quod
981 1992 1077 2055 babet
1105 1992 1301 2056 inflationem
1330 2013 1474 2076 magnam
1502 1994 1530 2059 is
1552 1995 1657 2069 cibus,
1686 2003 1774 2060 tran·

443 2090 594 2176 quillitati
621 2090 736 2153 mentis
765 2088 929 2173 quaerenti
956 2106 1031 2149 vera
1060 2088 1261 2150 contrariam.
1305 2084 1356 2150 63.
1387 2088 1464 2151 Cum
1487 2108 1563 2171 ergo
1591 2099 1640 2152 est
1662 2108 1774 2155 somno

443 2192 608 2250 sevocatus
640 2183 765 2246 animus
795 2201 813 2244 a
843 2181 994 2244 societate
1024 2188 1056 2243 et
1083 2200 1102 2243 a
1133 2181 1323 2263 contagione
1351 2184 1508 2265 corporis,
1539 2191 1607 2246 tum
1630 2183 1776 2250 meminit

405 2278 694 2364 sopraeleritoram‚
717 2276 896 2359 praesentia
918 2274 1028 2347 cernit,
1051 2274 1157 2337 lutura
1179 2274 1340 2358 providet3
1363 2276 1446 2339 iacet
1464 2277 1547 2339 enirn
1568 2294 1684 2361 corpus
1701 2277 1775 2342 dor·

443 2374 571 2435 micatis
599 2381 633 2435 ut
661 2370 793 2445 mortui,
823 2371 907 2451 viget
933 2377 1038 2432 autem
1071 2375 1104 2431 et
1132 2367 1209 2430 vivit
1236 2369 1371 2432 animus.
1424 2369 1518 2445 Quod
1546 2370 1646 2434 multo
1673 2373 1774 2455 magis

441 2466 537 2529 faciet
559 2473 631 2547 post
653 2472 804 2537 mortem,
833 2482 904 2526 cum
927 2464 1057 2525 omnino
1080 2481 1213 2544 corpore
1236 2464 1419 2527 excesserit
1469 2466 1580 2549 Itaque
1602 2463 1775 2549 adpropin-

442 2567 561 2642 quante
592 2565 692 2619 morte
722 2556 822 2619 multo
853 2564 901 2618 est
927 2556 1075 2618 divinior.
1118 2556 1197 2618 Nam
1228 2565 1260 2619 et
1288 2558 1320 2619 id
1343 2557 1448 2639 ipsum
1471 2558 1591 2633 vident,
1622 2561 1774 2643 quisunt

440 2652 551 2717 morbo
575 2651 662 2733 gravi
685 2657 716 2713 et
738 2649 899 2713 mortifero
921 2650 1056 2724 adlecti,
1078 2649 1198 2713 instare
1221 2661 1378 2727 mortem;
1409 2654 1516 2737 itaque
1539 2654 1578 2715 iis
1601 2664 1774 2718 occurrunt

403 2748 629 2831 sspleramqne
651 2744 805 2824 imagines
828 2752 1033 2817 mortuorum,
1056 2752 1187 2829 tumque
1206 2747 1256 2808 vel
1275 2766 1422 2810 maxume
1441 2746 1527 2810 laudi
1542 2749 1681 2823 student,
1702 2767 1774 2815 eos·

441 2861 515 2925 qne,
538 2842 593 2925 qui
616 2859 708 2904 secus
731 2857 824 2919 qaam
847 2837 953 2900 decuit
973 2837 1138 2912 vixerunt,
1160 2848 1362 2920 peccatorum
1384 2860 1514 2906 suorum
1536 2849 1602 2904 tum
1626 2861 1773 2907 maxuma

440 2934 589 3017 paenitet
633 2928 684 2995 64.
712 2932 862 2996 Divinare
891 2940 995 2994 autem
1026 2932 1197 2995 morientes
1224 2933 1280 2996 illo
1309 2935 1404 2998 etiam
1432 2935 1580 3019 exemplo
1606 2935 1773 3001 confirmat

440 3029 646 3102 Posidonius,
677 3024 764 3109 quod
790 3024 910 3100 adfert,
940 3025 1100 3088 llbodiam
1129 3026 1288 3109 quendam
1318 3029 1505 3092 morientem
1533 3048 1592 3093 sex
1619 3031 1773 3113 aequales

440 3122 619 3187 nominasse
643 3129 674 3185 et
696 3120 828 3195 dixisse,
851 3120 906 3204 qui
929 3120 1049 3202 primus
1065 3140 1187 3194 eorum,
1209 3121 1263 3205 qui
1283 3122 1453 3197 secundas,
1475 3125 1529 3206 qui
1550 3123 1667 3187 deinde
1682 3123 1773 3189 dein·

401 3234 513 3300 stceps
537 3215 709 3278 moriturus
732 3221 826 3278 esset.
872 3213 933 3276 Sed
957 3214 1057 3277 tribus
1080 3214 1185 3278 modis
1201 3224 1311 3279 censet
1325 3216 1458 3280 deorum
1473 3217 1610 3300 adpulsu
1626 3218 1772 3284 homines

440 3311 615 3376 somniare:
644 3329 724 3383 uno,
755 3309 839 3391 quod
863 3307 1027 3392 provideat
1048 3308 1173 3372 animus
1195 3309 1264 3392 ipse
1286 3330 1344 3393 per
1365 3330 1452 3385 sese,
1475 3312 1596 3394 quippe
1618 3313 1674 3395 qui
1697 3313 1772 3378 deo-

439 3425 508 3468 ram
531 3403 720 3487 cognatione
743 3410 904 3477 teneatur,
935 3402 1053 3475 altero,
1082 3400 1167 3485 quod
1191 3402 1302 3487 plenus
1324 3424 1379 3467 aer
1401 3406 1443 3468 sit
1463 3406 1676 3470 inmortalium
1704 3408 1772 3471 ani·

400 3509 402 3513 ‘
439 3518 579 3569 morum,
601 3498 634 3561 in
659 3498 776 3580 quibus
799 3506 958 3579 tamqnam
981 3496 1149 3579 insignitae
1172 3505 1265 3560 notae
1288 3500 1430 3562 veritatis
1452 3509 1643 3584 appareant,
1666 3502 1770 3577 tertio,

369 3589 1320 3768 ·..aliialii,ltlilllll”alitilia
1342 3591 1454 3750 llll:
1464 3593 1675 3770 ‘allatii
1690 3593 1770 3752 “ll

439 3780 488 3842 Ex
511 3798 576 3861 quo
599 3787 631 3840 et
653 3777 732 3841 illud
755 3787 803 3840 est
825 3776 963 3851 Callani,
993 3776 1032 3839 de
1062 3798 1126 3861 quo
1154 3788 1226 3841 ante
1255 3778 1340 3855 disi,
1372 3789 1404 3844 et
1431 3781 1591 3844 Homerici
1612 3780 1769 3857 Hectoris,

441 3873 496 3956 qui
519 3872 657 3934 moriens
680 3872 888 3955 propinquam
904 3871 1019 3933 Achilli
1043 3879 1174 3935 mortem
1192 3874 1368 3938 denuntiat.
1411 3875 1529 3938 XXXI.
1551 3878 1663 3958 Neque
1686 3875 1769 3940 enim

438 3966 518 4030 illud
550 3966 678 4029 verbam
707 3976 825 4030 temere
854 3966 1052 4037 consuetudo
1081 3966 1338 4049 adprobavisset,
1369 3967 1395 4031 si
1423 3989 1462 4033 ea
1489 3989 1540 4034 res
1570 3970 1659 4033 nulla
1685 3976 1770 4035 esset

440 4080 582 4134 omnino,

400 4175 429 4222 ss
503 4156 759 4238 Praesagibat
785 4156 938 4218 anianus
965 4153 1117 4219 frastra
1144 4177 1200 4219 me
1223 4157 1296 4231 ire,
1328 4178 1411 4222 cum
1439 4159 1584 4222 exirem
1608 4157 1729 4222 domo.

440 4249 549 4331 Sagire
579 4251 663 4312 enim
692 4250 810 4313 sentire
840 4258 931 4311 acute
958 4259 1022 4324 est,
1053 4270 1093 4311 ex
1122 4272 1185 4333 quo
1213 4272 1307 4335 sagae
1338 4273 1431 4326 anus,
1462 4254 1535 4335 quia
1564 4252 1663 4316 multa
1688 4254 1770 4318 scits

440 4344 567 4415 volunt,
596 4352 628 4405 et
650 4364 778 4426 sagaces
800 4343 875 4405 dicti
899 4363 1004 4406 canes.
1047 4344 1077 4405 Is
1100 4344 1213 4425 igitar,
1244 4347 1301 4427 qui
1328 4354 1402 4409 ante
1431 4348 1512 4430 sagit
1541 4367 1635 4432 quam
1664 4348 1770 4412 oblata

439 4458 491 4501 res
513 4446 576 4512 est,
600 4438 714 4501 dicitur
735 4438 928 4521 praesagire,
950 4437 983 4499 id
1007 4446 1069 4511 est,
1092 4437 1197 4502 lutura
1219 4449 1292 4502 ante
1315 4442 1443 4504 sentire.
1486 4438 1537 4503 66.
1568 4442 1656 4505 Inest
1675 4443 1770 4525 igitur

507 4703 529 4749 4.
553 4700 626 4750 modo
642 4701 700 4758 boc,
718 4700 791 4748 modo
807 4699 870 4748 illud
887 4699 939 4756 uit,·
961 4698 1002 4748 tlle
1023 4698 1089 4759 qaod
1110 4700 1183 4747 sentit
1205 4698 1324 4761 Madvig:
1351 4701 1425 4749 modo
1442 4702 1478 4750 os't
1496 4701 1555 4762 (aul
1571 4699 1605 4762 Η)
1632 4701 1679 4753 boc
1694 4705 1769 4755 modo

437 4777 500 4828 illud
522 4782 550 4825 ot
570 4776 611 4825 ille
633 4776 698 4835 quod
718 4776 791 4823 sentit
808 4774 843 4832 C;
866 4775 939 4823 niodo
961 4774 998 4823 uit
1019 4775 1075 4831 boc,
1099 4775 1172 4822 modo
1194 4774 1263 4823 iliad.
1292 4776 1324 4824 As
1343 4775 1384 4824 ille
1405 4776 1465 4837 quid
1480 4778 1607 4828 sentlIPO
1647 4775 1768 4831 «Acerba

438 4855 522 4904 tronis
540 4853 681 4914 Epicurum
700 4848 802 4910 laudat,
821 4849 892 4912 quod
911 4862 964 4898 non
981 4852 1010 4897 nt
1027 4848 1193 4907 Carneades,
1212 4850 1283 4911 quod
1302 4848 1432 4908 labuerit,
1450 4850 1589 4912 defendat,
1607 4853 1657 4904 sed
1674 4860 1767 4920 aperte

438 4927 511 4993 qood
528 4929 625 4977 sentiat
642 4925 736 4974 dicat.»
758 4951 785 4959 -
810 4923 834 4975 I,
854 4924 920 4972 lubet
935 4925 1015 4985 ipitin
1026 4928 1231 4973 --contrariom
1248 4925 1324 4974 alleri
1341 4924 1437 4975 Gellius
1455 4928 1484 4976 N.
1495 4930 1525 4977 Α.
1545 4927 1587 4986 lv,
1601 4930 1627 4978 44
1650 4955 1677 4965 -
1702 4933 1728 4981 5.
1746 4936 1769 4981 es

438 5006 534 5066 affectis
551 5002 572 5049 Η
592 5027 617 5035 -
638 5001 661 5048 6.
681 5000 839 5061 Pythagoreis
856 4997 954 5049 GeIIIus
975 5025 1000 5034 -
1020 4999 1044 5047 7.
1064 4998 1137 5062 qnod]
1155 5013 1277 5060 quaeres
1294 5000 1404 5061 Galbus,
1423 5015 1438 5049 a
1456 5014 1509 5064 quo
1527 5000 1604 5052 abest
1620 5005 1642 5052 is
1658 5004 1727 5055 cibus
1739 5032 1766 5043 -

437 5091 558 5140 mpnom
583 5075 675 5123 essibus
697 5075 732 5132 Η,
755 5073 804 5123 sed
827 5074 921 5122 escilus
945 5072 1012 5122 linea
1036 5076 1187 5123 transversa
1212 5075 1329 5125 deletam
1355 5103 1382 5112 -
1410 5075 1434 5125 7.
1453 5078 1661 5137 tranquillitatem
1681 5083 1770 5131 mentis

438 5150 613 5217 quaerentibus
629 5149 786 5198 contrariom
803 5148 901 5197 Gelbes
921 5176 947 5184 -
968 5150 1111 5209 simoentis
1128 5150 1206 5199 codd.
1220 5151 1285 5200 dett.
1305 5156 1331 5201 el
1343 5153 1363 5201 0
1376 5178 1403 5187 -
1428 5154 1467 5201 40.
1485 5154 1600 5213 praesidet
1611 5155 1672 5204 Aa:
1690 5170 1769 5216 prse-

437 5228 505 5277 uidet
523 5226 655 5287 Vi‘itH03
680 5224 714 5272 cl.
734 5225 758 5283 l,
777 5222 846 5285 564.
872 5225 907 5283 Η,
927 5223 1011 5286 4544,
1032 5224 1072 5281 46,
1093 5225 1132 5281 47,
1153 5226 1193 5277 45.
1212 5226 1244 5275 47
1272 5254 1299 5263 -
1324 5228 1459 5276 enimam.
1480 5228 1501 5276 Η
1523 5255 1555 5264 -
1583 5229 1623 5278 td.
1642 5235 1770 5292 estquom

437 5309 497 5353 onis
512 5301 623 5349 diuinior
639 5299 661 5348 H
681 5326 707 5335 -
731 5305 755 5347 et
771 5297 875 5348 inclusit
892 5302 925 5356 0;
944 5302 971 5347 at
987 5313 1012 5347 v.
1033 5299 1145 5361 Madvig,
1166 5300 1199 5348 ad
1219 5303 1274 5351 Cic.
1294 5302 1327 5351 de
1346 5302 1408 5351 tinn.
1429 5316 1454 5365 p.
1467 5303 1515 5352 799
1534 5329 1561 5339 -
1579 5306 1607 5353 td
1624 5319 1679 5355 om.
1698 5306 1720 5357 Η
1740 5333 1766 5343 -

439 5374 479 5427 ll.
497 5374 612 5423 morbum
629 5374 651 5422 Η
671 5399 697 5409 -
717 5373 749 5421 iis
765 5373 800 5420 V:
820 5378 841 5423 is
857 5375 919 5433 ΑΒ,
938 5375 975 5422 bis
992 5373 1041 5423 ΗΟ
1062 5400 1087 5407 -
1109 5375 1147 5422 lb.
1166 5376 1265 5424 studens
1282 5375 1313 5426 Αι
1333 5403 1358 5411 -
1379 5377 1419 5425 47.
1436 5377 1528 5437 penitet
1545 5378 1607 5437 BH,
1624 5381 1769 5440 poenituro

440 5477 467 5488 -
486 5450 530 5498 illo
546 5450 623 5498 etiam
640 5450 674 5499 C:
699 5451 774 5497 etiam
791 5450 870 5500 sisso
895 5476 921 5486 -
948 5450 988 5499 ta.
1007 5450 1073 5511 quod
1090 5449 1179 5499 ARV:
1205 5464 1253 5510 qno
1271 5451 1319 5499 ΗΟ
1336 5477 1368 5487 -
1385 5452 1529 5500 morientem
1546 5453 1671 5513 quendam
1689 5456 1720 5504 ll¹
1739 5479 1766 5492 ··

438 5525 478 5575 ss.
498 5526 541 5586 qai
557 5525 643 5573 deinde
660 5524 773 5584 deinceps
791 5525 826 5573 C:
849 5526 893 5585 qni
910 5525 997 5574 dnnde
1014 5526 1057 5585 qai
1074 5525 1187 5584 deinceps
1204 5520 1244 5584 V²,
1267 5525 1311 5584 qai
1328 5526 1475 5586 deincepsO
1495 5553 1522 5562 —
1547 5527 1587 5575 40.
1606 5527 1711 5589 adpulsa
1728 5529 1767 5588 t⁸.

436 5601 560 5663 opulenti
581 5627 606 5636 -
626 5599 668 5648 at.
683 5600 833 5661 praevideat
850 5598 933 5659 Vill0
953 5626 980 5635 -
1000 5599 1040 5647 22.
1058 5599 1206 5647 mortalium
1223 5601 1245 5648 H
1265 5626 1291 5635 -
1311 5599 1351 5651 44.
1371 5601 1444 5661 idque
1460 5613 1510 5649 non
1526 5602 1600 5651 modo
1616 5604 1647 5652 Αι
1668 5629 1695 5639 -
1713 5605 1769 5653 dici

436 5679 510 5726 modo
528 5678 548 5727 Η
569 5703 595 5712 -
614 5676 655 5725 id.
675 5675 805 5724 euenlelB
826 5701 852 5710 -
872 5675 912 5723 26.
931 5675 985 5723 illut
1002 5677 1023 5726 lt
1041 5702 1068 5711 —
1090 5676 1180 5726 Coloni
1197 5676 1260 5732 803
1280 5679 1307 5725 at
1324 5690 1348 5724 v.
1368 5675 1402 5725 ad
1420 5675 1475 5739 §li
1496 5703 1523 5714 -
1542 5678 1662 5727 tlens'm
1678 5681 1768 5730 omll

436 5750 476 5801 28.
495 5752 747 5814 appropinqnonisset
765 5752 785 5799 Η
806 5778 831 5786 -
858 5750 898 5799 30.
915 5752 1107 5814 praesopitobot
1123 5749 1165 5809 a¹;
1190 5765 1284 5802 versus
1302 5756 1387 5802 exstet
1403 5753 1428 5801 in
1448 5750 1530 5802 Plauti
1543 5751 1628 5803 Aulul.
1653 5755 1684 5813 ll,
1703 5755 1729 5815 2,
1742 5756 1767 5815 4,

437 5826 508 5876 unde
525 5826 668 5876 Lambinus
687 5826 849 5888 praesepibot
865 5826 901 5874 mi
918 5828 1016 5876 unimus
1035 5854 1061 5863 -
1088 5826 1129 5876 34.
1147 5839 1225 5889 sopoc
1241 5840 1306 5875 anas
1322 5827 1367 5875 V2:
1386 5840 1511 5890 sapeonsss
1527 5827 1637 5889 lt²ilV¹‚
1661 5842 1769 5892 sapenos

436 5900 467 5952 Αι
488 5926 513 5936 -
538 5901 606 5965 2⁹5⁶}
624 5914 690 5964 quoe
706 5899 821 5951 malebat
838 5900 987 5951 Frenzelius
1012 5929 1038 5939 -
1066 5901 1107 5952 32.
1126 5903 1169 5964 psss'
1192 5903 1217 5951 in
1236 5902 1328 5952 rus.H
1354 5929 1381 5937 -
1406 5907 1463 5952 sote
1484 5903 1579 5953 omli
1602 5928 1630 5940 -
1653 5906 1768 5969 supllqus

435 5975 520 6027 oblato
537 5976 559 6027 Η
577 6001 604 6013 ·-
624 5975 667 6029 33.
683 5978 745 6028 inest
762 5988 816 6027 om.
835 5977 866 6027 H.
