4342 7459
735 1251 1393 1339 mmmwmffimm
1666 1250 1728 1318 rm

407 1449 472 1492 non
498 1434 566 1491 erat
591 1434 677 1491 onus
703 1427 800 1490 illinc.
846 1426 1001 1510 Equidem
1031 1429 1126 1491 etiam
1155 1426 1343 1509 Epicurum,
1372 1425 1405 1487 in
1427 1424 1566 1508 physicis
1588 1424 1728 1509 quidem,
1799 1448 1801 1454 ·

406 1523 638 1588 Democriteum
668 1530 754 1606 puto.
795 1524 900 1586 Pauca
921 1531 1034 1597 mutat,
1060 1521 1111 1585 vel
1141 1521 1231 1605 plura
1253 1540 1346 1583 sane:
1377 1527 1410 1582 at
1431 1539 1500 1582 cum
1523 1520 1562 1581 de
1583 1519 1728 1601 plurimis

408 1619 517 1682 eadem
539 1618 630 1693 dicit,
652 1625 719 1680 tum
742 1626 826 1681 certe
848 1618 889 1680 de
911 1617 1066 1680 maximis.
1104 1614 1196 1690 Quod
1213 1615 1298 1678 idem
1314 1635 1384 1678 curn
1399 1613 1494 1677 vestri
1510 1612 1641 1687 iaciant,
1663 1633 1729 1675 non

407 1713 482 1776 satis
504 1731 647 1794 magnam
670 1712 812 1774 tribuunt
832 1711 1047 1774 inventoribus
1069 1710 1208 1791 qratiam.

489 1808 542 1868 Vl.
564 1801 615 1867 ll.
647 1804 708 1868 Sed
738 1805 817 1869 baec
844 1806 1006 1868 hactenns.
1047 1805 1137 1867 Nunc
1165 1802 1343 1876 videamus,
1377 1820 1512 1885 quaeso,
1545 1801 1585 1865 de
1608 1819 1753 1865 summor

407 1900 508 1973 hono,
530 1899 619 1983 quod
641 1899 781 1963 continet
801 1897 1048 1984 philosophiam,
1072 1897 1148 1981 quid
1171 1897 1297 1960 tandem
1319 1896 1474 1971 attulerit,
1497 1915 1592 1979 quam
1607 1896 1647 1959 oh
1663 1915 1729 1959 rem

407 1994 446 2056 ab
462 1993 679 2057 inventoribus
694 2002 855 2076 tamquam
870 2014 888 2056 a
903 1992 1087 2076 parentibus
1102 1991 1292 2054 dissentiret.
1325 1990 1394 2053 Hoc
1408 1991 1504 2073 igitur
1518 1989 1598 2065 loco,
1621 2008 1732 2075 qnam-

409 2108 503 2170 quam
524 2107 542 2150 a
564 2096 609 2162 te,
633 2086 725 2160 Cato,
749 2088 917 2170 diligenter
939 2094 986 2150 est
1008 2085 1220 2167 explicatum,
1243 2082 1313 2148 finis
1333 2084 1386 2148 hic
1407 2082 1562 2148 honorum
1580 2093 1613 2149 et
1626 2086 1733 2169 quiea

408 2181 522 2245 Stoicis
544 2189 693 2265 atquem
714 2179 754 2244 ad
778 2181 906 2244 modum
928 2181 1104 2254 diceretur,
1133 2187 1237 2242 tamen
1267 2198 1325 2261 eqo
1348 2198 1476 2262 quoque
1498 2198 1670 2260 exponam,
1697 2185 1733 2241 ut

408 2276 649 2357 perspiciamus,
671 2275 697 2337 si
719 2275 932 2357 potuerimus,
956 2273 1109 2357 quidnam
1131 2292 1149 2334 a
1170 2276 1298 2336 Zenone
1319 2273 1394 2336 novi
1417 2274 1459 2335 sit
1479 2271 1616 2335 allatum.
1653 2272 1769 2334 Cumis

409 2369 491 2430 enim
513 2368 709 2450 superiores,
731 2388 749 2431 e
771 2368 888 2452 quibus
909 2367 1092 2449 planissime
1114 2366 1258 2437 Polemo,
1280 2364 1453 2428 secundum
1468 2373 1611 2428 naturam
1627 2366 1732 2429 rivere

408 2481 565 2524 summum
586 2462 705 2525 honum
727 2482 798 2526 esse
822 2462 993 2532 dixissent,
1021 2459 1071 2520 his
1095 2457 1197 2521 verbis
1218 2459 1278 2521 tria
1299 2455 1468 2539 significari
1491 2459 1586 2522 Stoici
1609 2459 1732 2522 dicant:

408 2576 506 2618 unum
529 2555 722 2629 eiusmodi,
751 2557 859 2618 rivere
880 2553 1083 2616 adhibentem
1109 2552 1274 2615 scientiam
1297 2571 1404 2614 earum
1425 2571 1547 2626 rerum,
1575 2571 1656 2634 quae
1677 2569 1733 2613 na·

408 2657 478 2710 tara
499 2648 680 2712 evenirent:
702 2649 788 2712 hunc
808 2649 913 2730 ipsum
935 2647 1071 2709 Zenonis
1092 2646 1181 2708 aiunt
1199 2664 1269 2708 esse
1284 2641 1396 2721 finem,
1417 2644 1628 2709 declarantem
1644 2642 1732 2721 illud,

410 2741 496 2824 quod
517 2761 535 2804 a
558 2749 589 2804 te
610 2741 729 2805 dictum
752 2748 815 2815 cst,
843 2741 1067 2804 convenienter
1095 2746 1225 2801 naturae
1247 2738 1373 2803 vivere:
1403 2739 1536 2803 alterum
1562 2739 1770 2822 significarim

408 2837 507 2909 idem,
530 2844 565 2899 ut
586 2837 613 2899 si
636 2835 807 2910 diceretur,
829 2835 935 2899 officia
950 2833 1054 2897 media
1068 2834 1175 2896 omnia
1190 2840 1245 2895 aut
1260 2833 1409 2919 pleraque
1425 2841 1601 2897 servantem
1615 2833 1733 2897 vivere.

410 2924 461 2990 l5.
483 2930 551 2991 Hoc
581 2930 627 2993 sic
655 2930 832 3013 expositum
862 2927 1015 2992 dissimile
1042 2936 1091 2989 est
1122 2929 1288 3011 superiori.
1332 2929 1415 2991 lllud
1435 2929 1521 2993 enim
1542 2927 1662 2994 rectum
1685 2937 1733 2994 cst

409 3023 557 3107 -quod
586 3018 796 3108 κατόρθωμα
819 3024 944 3086 dicebas
967 3022 1249 3104 -contingitque
1277 3023 1411 3106 sapienti
1433 3023 1512 3097 soli,
1543 3023 1604 3086 hoc
1627 3033 1733 3088 autem

409 3116 549 3179 inchoati
577 3118 742 3180 cuiusdam
764 3115 860 3181 officii
890 3125 952 3192 cst,
977 3136 1044 3178 non
1065 3114 1213 3197 perfecti,
1243 3117 1328 3199 qood
1350 3116 1463 3180 cadere
1488 3117 1606 3180 innon
1628 3119 1734 3182 nullos

411 3209 598 3292 insipientes
620 3219 736 3294 potest.
774 3212 913 3275 Tertium
935 3218 1056 3284 autem,
1078 3209 1225 3271 omnibus
1240 3217 1294 3272 aut
1312 3210 1455 3273 maximis
1469 3211 1564 3274 rebus
1579 3212 1628 3286 iis,
1652 3229 1771 3296 quaero

411 3305 585 3367 secundum
604 3315 749 3368 naturam
769 3307 846 3380 sint,
868 3304 1023 3368 fruentem
1046 3304 1162 3365 virere.
1196 3304 1264 3365 Hoc
1285 3313 1411 3368 nonest
1429 3306 1612 3388 positumin
1628 3316 1735 3372 nostra

412 3400 554 3462 actione:
588 3400 764 3483 completur
792 3401 876 3462 enim
904 3406 936 3461 et
965 3418 1006 3460 ex
1033 3417 1071 3459 eo
1099 3416 1214 3479 genere
1235 3400 1336 3471 vitae,
1366 3399 1452 3481 quod
1475 3398 1589 3463 virtute
1610 3400 1735 3477 fruitur,

413 3500 445 3553 et
467 3512 507 3554 ex
529 3493 569 3555 iis
590 3492 700 3566 rebus,
722 3513 803 3577 quae
825 3502 899 3555 sunt
922 3490 1095 3554 secundom
1117 3497 1259 3553 naturam
1282 3511 1384 3574 neque
1407 3500 1481 3555 sunt
1501 3493 1534 3555 in
1550 3503 1657 3559 nostra
1679 3517 1735 3579 po·

413 3594 524 3649 testate
572 3587 633 3649 Sed
656 3587 716 3651 boc
740 3607 895 3649 summam
918 3585 1054 3658 honum,
1077 3584 1162 3666 quod
1182 3584 1275 3648 tertia
1290 3583 1518 3667 significatione
1533 3588 1735 3673 intellegitur,

413 3699 516 3762 eaque
537 3681 616 3755 rita,
638 3701 720 3763 quae
743 3701 784 3743 ex
805 3700 927 3743 summo
949 3679 1034 3741 bono
1057 3678 1195 3760 degitur,
1223 3679 1296 3763 quia
1318 3681 1485 3744 coniuncta
1507 3683 1536 3745 ei
1558 3684 1656 3747 virtus
1678 3691 1772 3758 estat

413 3773 446 3833 in
470 3774 642 3856 sapientem
664 3774 767 3837 solum
790 3773 888 3847 cadit,
911 3774 1001 3856 isque
1024 3768 1094 3833 linis
1116 3771 1290 3846 honorum,
1311 3780 1347 3836 ut
1369 3774 1408 3836 ab
1430 3774 1509 3857 ipsis
1532 3775 1645 3839 Stoicis
1659 3777 1735 3840 scri·

413 3874 502 3948 ptum
524 3867 682 3941 videmus,
705 3888 724 3930 a
745 3868 924 3930 Xenocrate
945 3874 1039 3948 atque
1062 3865 1101 3926 ab
1124 3866 1292 3929 Aristotele
1314 3868 1503 3932 constitutus
1526 3878 1582 3933 est
1625 3869 1734 3954 ltaque

414 3959 454 4021 ab
484 3960 522 4022 iis
551 3962 735 4024 constitutio
755 3961 811 4023 illa
842 3960 941 4043 prima
964 3968 1112 4035 naturae,
1139 3978 1159 4023 a
1182 3979 1246 4045 qua
1267 3969 1302 4025 tu
1324 3983 1454 4047 quoque
1475 3962 1656 4039 ordiebare,
1684 3964 1736 4028 his

414 4072 513 4135 prope
536 4054 640 4118 verbis
663 4056 841 4137 exponitur.
1264 4098 1266 4102 ψ

500 4146 566 4207 Vll.
590 4142 640 4208 lo.
671 4147 781 4210 Omnis
814 4156 926 4210 natura
956 4147 1025 4209 vult
1053 4168 1123 4210 esse
1150 4150 1366 4212 conservatrix
1388 4150 1454 4225 sui,
1481 4158 1516 4213 ut
1537 4158 1568 4213 et
1589 4151 1675 4214 salva
1696 4152 1774 4218 sitao

417 4248 449 4301 et
475 4239 508 4300 in
536 4261 650 4321 genere
677 4250 882 4304 conservetur
903 4261 972 4303 suo.
1012 4241 1058 4302 ad
1081 4241 1162 4304 hanc
1185 4262 1249 4304 rem
1272 4243 1362 4305 aiunt
1382 4245 1457 4306 artis
1480 4264 1611 4327 quoque
1633 4247 1739 4329 requi·

418 4334 507 4406 sitas,
530 4355 610 4417 quae
633 4344 774 4398 naturam
797 4334 998 4407 adiuvarent,
1021 4335 1053 4396 in
1076 4336 1191 4418 quibus
1214 4354 1251 4397 ea
1266 4344 1449 4398 numeretur
1462 4337 1495 4399 in
1510 4338 1635 4421 primis,
1658 4360 1738 4422 quac

419 4434 467 4489 est
490 4428 613 4490 vivendi
637 4449 704 4502 ars,
726 4437 762 4491 ut
783 4436 910 4491 tucatur
930 4426 1015 4510 quod
1039 4448 1057 4490 a
1078 4437 1190 4491 natura
1212 4428 1318 4492 datum
1341 4430 1398 4503 sit,
1421 4429 1506 4512 quod
1531 4430 1612 4494 desit
1634 4436 1741 4518 acqui·

420 4529 481 4592 rat,
503 4521 651 4605 idemque
667 4523 841 4585 diviserunt
863 4530 1004 4584 naturam
1026 4520 1163 4584 hominis
1185 4522 1218 4584 in
1234 4523 1374 4586 animum
1390 4532 1422 4587 et
1436 4545 1561 4608 corpus.
1598 4526 1740 4610 Cumque

419 4634 530 4676 eorum
561 4624 731 4698 utromque
760 4636 818 4698 per
847 4635 881 4677 se
911 4614 1123 4697 expetendum
1151 4637 1220 4679 esse
1248 4615 1416 4694 dixissent,
1450 4619 1583 4684 virtutes
1613 4642 1778 4705 quoqueac

421 4710 584 4790 utriusque
608 4730 716 4772 eorum
739 4730 796 4793 per
817 4730 851 4772 se
874 4708 1069 4792 expetendas
1092 4731 1162 4773 esse
1181 4710 1343 4775 dicebant:
1366 4733 1436 4775 cum
1459 4714 1595 4779 animum
1619 4712 1741 4780 infinita

486 4974 509 5022 t.
527 4974 686 5033 epicurorum
701 4973 751 5023 ΑΒ
766 4999 792 5008 -
811 4974 837 5023 2.
850 4975 1027 5023 Democritium
1039 4973 1168 5023 Victorius
1181 4977 1208 5024 et
1219 4975 1283 5033 Μῦς
1302 4976 1463 5024 democritum
1480 4974 1558 5025 codd.
1578 4974 1617 5026 Ci.
1635 4977 1654 5036 l,
1673 4976 1741 5039 3⁴7·

422 5071 449 5081 -
462 5048 502 5095 uel
519 5052 579 5107 (ooo
597 5054 630 5106 ut)
651 5050 733 5096 etiam
752 5048 770 5096 E
786 5074 811 5083 -
831 5048 866 5111 ot]
884 5054 928 5097 out
945 5050 964 5097 E
979 5076 1005 5085 -
1026 5050 1054 5097 de
1068 5050 1186 5110 plurimis
1203 5049 1360 5099 Lambinus:
1377 5062 1392 5099 r
1405 5051 1521 5112 plurimis
1538 5049 1616 5099 codd.
1636 5052 1662 5098 et
1679 5050 1740 5099 0-

420 5121 445 5169 3.
464 5123 529 5183 quod
546 5123 608 5170 idem
627 5123 774 5171 Ernestius:
793 5124 860 5183 quod
875 5124 932 5171 item
944 5124 979 5180 Ας
999 5125 1062 5185 Quid
1079 5126 1137 5173 item
1155 5127 1216 5184 (non
1235 5127 1288 5186 quit
1305 5124 1377 5184 idem)
1395 5124 1444 5173 BE
1459 5151 1483 5160 -
1504 5126 1528 5173 ll.
1542 5124 1609 5188 haec]
1627 5124 1666 5173 hie
1682 5125 1701 5174 B
1715 5151 1741 5160 -

421 5196 445 5244 6.
465 5198 524 5255 quid
541 5198 602 5246 AB:
621 5198 710 5259 ecquid
727 5210 788 5246 cum
805 5199 920 5247 Munatio
938 5199 958 5247 Ο
977 5224 1004 5234 -
1023 5198 1047 5247 8.
1066 5198 1186 5247 horrorum
1203 5198 1352 5247 Ernestius:
1374 5196 1493 5247 honorum
1511 5199 1554 5260 qut
1569 5199 1676 5248 continet
1690 5198 1747 5261 phi-

421 5269 556 5330 losophiam
575 5270 653 5318 codd.
675 5298 701 5306 -
721 5279 743 5319 et
760 5273 803 5331 qui
820 5286 837 5320 o
855 5273 873 5320 B
894 5299 920 5308 -
940 5274 980 5321 ll.
998 5272 1111 5321 Polemon
1129 5274 1162 5329 ὓς
1181 5276 1268 5323 om.A
1289 5300 1315 5309 -·
1336 5273 1561 5323 incusserat!
1582 5300 1607 5310 —
1629 5272 1668 5323 lb.
1688 5286 1746 5323 eue-

422 5347 503 5393 rrerirrt
521 5346 568 5394 ΒΕ
589 5372 614 5381 -
639 5360 689 5394 esse
707 5348 781 5409 finem
803 5349 865 5397 AB:
887 5349 960 5410 tinem
977 5347 1063 5395 crseO
1088 5372 1114 5382 -
1139 5349 1179 5396 te.
1198 5349 1377 5410 siprripcareh
1400 5374 1426 5382 -
1451 5348 1490 5396 l6.
1509 5348 1591 5397 medio
1607 5348 1693 5397 omnic
1708 5350 1743 5398 A:

423 5421 508 5466 omnic
525 5421 607 5468 medio
625 5421 706 5470 arro
727 5445 751 5457 -
778 5422 905 5485 pleraque]
920 5423 996 5484 pieria
1013 5422 1032 5470 B
1052 5449 1077 5458 -
1104 5422 1144 5471 tl.
1164 5422 1205 5485 ric]
1223 5423 1244 5470 si
1261 5426 1281 5470 Α
1299 5447 1325 5456 -
1347 5426 1443 5471 rectum
1464 5427 1499 5471 est
1515 5423 1580 5485 quod
1596 5424 1629 5472 A:
1651 5426 1747 5473 rectum

424 5502 459 5542 est
476 5499 538 5552 lom.
558 5496 633 5556 quod)
651 5497 716 5552 ΒΜς
735 5502 844 5556 rectum,
864 5498 929 5560 quod
946 5499 1008 5558 (om.
1027 5497 1068 5556 est)
1088 5497 1107 5544 0
1128 5523 1153 5532 -
1175 5495 1215 5545 48.
1233 5495 1400 5559 continpitque
1415 5496 1447 5545 B:
1466 5497 1617 5559 corrupitque
1632 5497 1667 5555 Α;
1685 5509 1747 5545 corr-

425 5570 567 5630 tiapito-
586 5571 626 5618 20.
647 5570 1073 5621 autom.B-il.rrct.siutat
1093 5576 1218 5622 ratmot
1238 5571 1325 5621 ΒΟ-
1345 5571 1386 5619 ii.
1405 5571 1572 5621 etom.E-
1589 5571 1744 5634 fmiturAB

426 5645 489 5691 CG:
507 5645 595 5707 pteitm
606 5645 626 5694 0
637 5672 670 5682 -
687 5645 728 5694 23.
746 5651 802 5695 aurit
818 5646 951 5695 amandum
967 5652 1086 5695 recturum
1103 5648 1195 5697 ABG:
1216 5646 1349 5695 secuudum
1364 5651 1485 5694 acturum
1500 5650 1556 5694 rurrt
1573 5646 1635 5694 0-
1652 5646 1693 5695 25.
1711 5650 1747 5695 est

424 5719 505 5766 uirtus
522 5720 539 5766 B
558 5745 583 5753 -
607 5721 647 5770 27.
667 5720 705 5768 lta
722 5719 753 5767 ub
770 5722 789 5769 ll
811 5724 871 5782 (oon
891 5722 916 5782 El
940 5747 966 5757 -
989 5720 1030 5770 28.
1048 5722 1087 5785 iis]
1105 5723 1142 5772 his
1158 5722 1237 5771 ΑΒΟ
1260 5748 1285 5757 -
1304 5718 1420 5784 umorue]
1437 5725 1532 5768 acturo
1547 5719 1597 5770 ab
1617 5745 1644 5754 -
1663 5720 1747 5770 ordle-

425 5793 488 5841 bctir
503 5807 580 5854 prope
596 5795 644 5844 BE
662 5823 694 5832 -
711 5795 755 5859 bis]
773 5797 794 5844 is
811 5800 830 5846 Α
852 5824 878 5832 -
897 5797 937 5846 Si.
957 5803 1071 5858 quaeest
1088 5796 1171 5861 uinco]
1190 5798 1218 5846 ln
1233 5797 1273 5846 bis
1290 5795 1386 5845 desinit
1399 5799 1432 5856 Α,
1451 5794 1546 5844 additis
1559 5793 1649 5844 verbis
1665 5794 1747 5844 liutto

425 5869 510 5916 derunt
534 5894 559 5903 -
588 5870 627 5919 33.
651 5875 752 5918 tuentur
775 5870 793 5918 E
816 5897 842 5906 -
869 5870 908 5920 st.
935 5872 1047 5930 iderrrque
1068 5872 1129 5921 BE:
1157 5872 1279 5934 iideruque
1303 5871 1357 5920 blo
1378 5896 1405 5907 -
1432 5870 1472 5921 35.
1495 5874 1628 5929 utrumque
1650 5868 1742 5919 BCD:

425 5944 615 6005 ununquodque
632 5947 651 5994 0
672 5970 697 5980 —
722 5944 763 5994 36.
780 5944 845 6009 cum]
862 5951 884 5995 et
900 5959 957 5995 erm
974 5946 1131 6008 Lambinus;
1158 5959 1215 5996 cren
1230 5950 1314 5997 auter
1329 5945 1451 5996 Davisius
1470 5967 1497 5981 -
1520 5941 1619 6007 inpetu
1635 5942 1745 6006 quodum
