4342 7459
448 1224 510 1290 ess
815 1201 832 1255 ·'
940 1223 994 1294 ne
1016 1231 1292 1295 cinnamonu-

449 1418 529 1461 mus.
570 1393 648 1456 Nam
679 1385 750 1455 cum
780 1390 928 1453 omnibus
955 1390 988 1453 in
1016 1393 1112 1454 rebus
1141 1392 1299 1455 temeritas
1327 1393 1357 1454 in
1386 1391 1594 1458 adsentiendo
1624 1403 1778 1481 errorque

443 1491 548 1573 'turpis
579 1497 641 1560 est,
669 1493 735 1548 tum
768 1486 801 1546 in
829 1504 867 1546 eo
896 1484 968 1547 loco
1000 1487 1150 1559 maxime,
1180 1487 1214 1547 in
1238 1506 1302 1568 quo
1326 1486 1530 1551 iudicandum
1553 1498 1601 1552 est
1623 1499 1778 1572 quantum

446 1584 597 1668 auspiciis
623 1582 783 1663 rebusque
813 1578 928 1641 divinis
955 1580 1167 1661 religionique
1198 1579 1383 1642 tribuamus.
1416 1582 1473 1644 Est
1495 1585 1578 1645 enim
1601 1585 1778 1665 periculum

416 1755 421 1772 ι
445 1697 485 1740 ne
515 1685 569 1739 aut
591 1673 742 1759 neglectis
764 1673 803 1735 iis
825 1672 923 1755 impia
944 1671 1056 1735 fraude
1078 1680 1133 1735 aut
1161 1674 1316 1756 susceptis
1345 1674 1421 1737 anili
1448 1678 1674 1758 superstitione
1699 1678 1780 1740 obli·

420 1771 446 1821 4
465 1791 564 1835 emur.

443 1792 464 1854 Β
530 1863 568 1927 V.
590 1861 620 1926 8.
652 1862 775 1939 Quibus
805 1860 845 1923 de
872 1860 966 1923 rebus
997 1869 1029 1923 et
1056 1860 1134 1924 alias
1161 1881 1256 1943 saepe
1285 1871 1318 1925 et
1347 1862 1441 1943 paulo
1468 1866 1645 1928 accuratius
1667 1886 1779 1951 nuper,

444 1980 515 2023 cum
539 1978 640 2021 essem
664 1976 734 2020 cnm
758 1955 877 2030 Quinto
899 1955 994 2018 fratre
1017 1956 1049 2018 in
1072 1956 1269 2030 Tusculano,
1296 1957 1489 2039 disputatum
1513 1968 1571 2022 est.
1604 1959 1683 2023 liam
1707 1982 1779 2025 cum

442 2050 626 2119 ambulandi
656 2071 751 2114 causa
780 2051 812 2112 in
835 2050 971 2132 Lyceum
995 2051 1190 2113 venissemus
1213 2084 1253 2095 -
1276 2049 1309 2112 id
1331 2052 1415 2113 enim
1438 2053 1592 2136 superiori
1614 2058 1778 2138 gymnasio

398 2216 403 2232 ι
442 2167 560 2211 nomen
584 2154 632 2209 est
653 2178 710 2217 -,
740 2143 879 2225 Perlegi,
909 2143 1013 2226 inquit
1035 2142 1108 2217 ille,
1129 2152 1218 2206 tuum
1241 2144 1335 2225 paulo
1359 2153 1432 2207 ante
1454 2148 1579 2209 tertium
1603 2145 1643 2210 de
1665 2156 1778 2212 natura

405 2229 592 2314 ⁴⁰deorum,
624 2240 657 2302 in
692 2259 754 2321 quo
784 2237 957 2319 disputatio
986 2237 1111 2311 Cottae,
1141 2256 1330 2320 quamquam
1361 2237 1562 2302 labefactavit
1587 2243 1777 2305 sententiam

440 2337 560 2408 meam,
583 2354 646 2397 non
668 2330 811 2394 funditus
833 2335 939 2393 umen
962 2331 1098 2393 sustulit.
1133 2325 1261 2412 Optime
1284 2349 1376 2405 vero,
1398 2332 1545 2415 inquam:
1567 2331 1684 2397 etenim
1708 2336 1777 2418 ipse

444 2428 535 2493 Cotta
557 2429 603 2491 sic
625 2426 782 2508 disputat,
809 2431 844 2486 ut
866 2423 1042 2486 Stoicorum
1066 2423 1166 2505 magis
1188 2432 1371 2506 argumenta
1394 2425 1536 2489 confutet
1556 2445 1651 2510 quam
1673 2427 1777 2492 bomi-

442 2543 518 2585 num
541 2522 645 2585 deleat
666 2518 863 2602 religionem.
899 2517 980 2580 Tum
1000 2515 1157 2591 Quintus,
1186 2518 1309 2580 Dicitur
1331 2519 1461 2601 quidem
1483 2521 1581 2596 istuc,
1612 2522 1730 2605 inquit,
1758 2542 1777 2586 a

442 2613 533 2678 Cotta
554 2621 585 2677 et
606 2631 683 2675 vero
706 2611 848 2693 saepius,
878 2610 992 2683 credo,
1019 2629 1060 2673 ne
1083 2612 1265 2674 communia
1287 2612 1512 2695 iuramigrare
1535 2614 1696 2688 videatur,
1720 2615 1776 2679 sed

405 2705 548 2772 ⁴istudio
564 2715 671 2770 contra
688 2706 813 2769 Stoicos
828 2705 1003 2770 disserendi
1018 2705 1095 2768 deos
1111 2706 1187 2768 mihi
1202 2704 1329 2767 videtur
1341 2706 1486 2770 funditus
1501 2707 1626 2771 tollere.
1653 2707 1683 2772 9.
1700 2709 1777 2774 liius

441 2801 576 2865 orationi
594 2820 663 2864 non
685 2820 762 2863 sane
785 2798 932 2864 desidero
959 2798 1037 2881 quid
1059 2798 1287 2884 respondeam
1311 2802 1387 2863 satis
1410 2801 1494 2865 enim
1510 2801 1647 2864 defensa·
1662 2801 1776 2886 religio

441 2902 490 2959 est
511 2895 544 2956 in
565 2893 708 2958 secundo
731 2893 811 2956 libro
834 2914 853 2956 a
874 2891 1016 2966 Lucilio,
1039 2894 1129 2956 cuius
1152 2893 1324 2975 disputatio
1347 2894 1403 2956 tibi
1427 2895 1507 2977 ipsi,
1530 2893 1568 2958 ut'
1583 2896 1617 2957 in
1633 2904 1776 2961 extremo

441 2986 533 3053 tertio
556 2988 677 3062 scribis,
699 2986 740 3050 ad
756 2987 919 3051 veritatem
936 2995 984 3048 est
999 2986 1067 3049 visa
1083 2988 1281 3070 propensior.
1315 2987 1393 3059 Sed,
1415 2988 1502 3072 qnod
1520 2977 1775 3072 praetermissum

440 3081 489 3146 es't
515 3082 548 3145 in
578 3082 642 3144 illis
672 3079 824 3144 libris-
848 3079 957 3154 credo,
987 3081 1060 3162 quia
1084 3081 1281 3143 commodius
1303 3080 1472 3145 arbitratus
1495 3104 1529 3145 es
1552 3086 1720 3166 separatim
1742 3080 1775 3147 id

401 3177 552 3260 ”quaeri
575 3175 680 3261 deque
703 3196 741 3238 eo
765 3171 877 3237 disseri
897 3208 936 3219 -
952 3172 984 3236 id
1008 3184 1056 3236 est
1079 3173 1120 3236 de
1142 3173 1352 3246 divinatione,
1376 3195 1457 3257 quae
1472 3184 1520 3240 est
1535 3196 1644 3240 earum
1658 3195 1775 3252 rerum,

439 3289 521 3356 quae
545 3267 691 3333 fortuitae
714 3278 882 3352 putantur,
911 3267 1085 3352 praedictio
1108 3276 1205 3351 atque
1230 3269 1428 3350 praesensio,
1458 3268 1509 3341 id,
1535 3269 1562 3331 si
1586 3271 1705 3354 placet,
1728 3271 1776 3333 vi·

439 3361 569 3427 deamns
598 3385 693 3448 quam
725 3364 839 3426 babeat
861 3363 924 3426 vim
947 3372 980 3424 et
1001 3361 1094 3444 quale
1117 3362 1166 3424 sit.
1202 3363 1270 3446 Ego
1294 3362 1378 3424 enim
1401 3364 1446 3426 sic
1468 3363 1631 3438 existimo,
1662 3366 1776 3428 sisint

439 3445 476 3519 ea
504 3476 621 3539 genera
642 3455 807 3520 divinandi
830 3477 919 3529 vera,
946 3454 985 3518 de
1009 3455 1124 3540 quibus
1153 3456 1331 3538 accepimus
1353 3475 1500 3539 quaeque
1523 3457 1671 3533 colimus,
1704 3478 1773 3522 esse

439 3549 533 3624 deos,
555 3550 774 3637 vicissimque,
797 3551 824 3612 si
846 3550 880 3612 di
902 3551 982 3624 siut,
1005 3568 1076 3612 esse
1099 3549 1154 3632 qui
1178 3548 1330 3612 divinent.

400 3633 430 3694 il
524 3643 578 3706 Vl.
601 3639 651 3706 t0.
675 3637 787 3707 hrcem
810 3653 842 3706 tu
867 3642 997 3727 quidem
1021 3644 1214 3715 Stoicorum,
1237 3643 1381 3726 inquam,
1401 3641 1539 3718 Quinte,
1561 3645 1724 3720 defendis,
1747 3647 1772 3709 si

438 3739 569 3823 quidem
591 3737 653 3801 ista
675 3739 721 3802 sic
745 3738 994 3822 reciprocantur,
1024 3744 1059 3798 ut
1081 3743 1129 3810 et,
1158 3737 1184 3797 si
1207 3736 1359 3799 divinatio
1382 3739 1438 3809 sit,
1467 3735 1499 3800 di
1521 3740 1598 3812 sint,
1621 3747 1669 3813 ct,
1692 3741 1718 3802 si
1742 3739 1774 3802 di

439 3833 517 3905 sint,
540 3833 581 3895 sit
602 3831 766 3894 divinatio.
804 3832 947 3907 Quorum
971 3840 1117 3894 neutrum
1140 3839 1202 3893 tam
1227 3829 1318 3893 facile
1342 3851 1435 3914 quam
1458 3839 1492 3895 tu
1514 3832 1676 3896 arbitraris
1699 3853 1774 3898 con·

437 3924 570 3990 ceditur.
604 3926 680 4012 Nam
703 3933 735 3988 et
757 3931 868 3988 natura
891 3924 1060 4008 significari
1082 3923 1188 3987 lutura
1210 3924 1279 3986 sine
1300 3923 1360 3986 deo
1379 3935 1515 4006 possunt
1530 3934 1576 4000 et,
1600 3934 1635 3989 ut
1650 3928 1713 3991 sint
1730 3927 1772 4002 di,

438 4013 543 4103 polest
572 4018 640 4081 lieri
669 4026 704 4082 ut
729 4019 819 4082 nulla
847 4019 887 4081 ab
916 4019 955 4080 iis
978 4018 1130 4080 divinatio
1153 4017 1262 4100 generi
1285 4018 1423 4081 hnmano
1446 4018 1562 4082 tributa
1585 4020 1634 4082 sit.
1668 4023 1773 4105 Atque

400 4095 509 4185 atille,
532 4111 609 4176 Mihi
632 4133 723 4187 vero,
747 4114 864 4197 inquit,
887 4114 963 4175 satis
987 4120 1034 4174 est
1056 4114 1232 4194 argumenti
1255 4121 1287 4174 et
1309 4131 1378 4174 csse
1395 4112 1472 4175 dous
1488 4123 1519 4176 et
1535 4133 1590 4175 eos
1606 4116 1772 4177 consulere

439 4204 534 4269 rebus
556 4205 717 4282 humanis,
740 4207 825 4291 quod
848 4228 918 4269 esse
941 4207 1024 4268 clara
1047 4215 1077 4268 et
1100 4207 1265 4288 perspicua
1288 4206 1493 4269 divinationis
1515 4227 1631 4290 genera
1653 4206 1772 4270 iudico.

439 4300 485 4363 lle
508 4297 627 4384 quibus
650 4301 726 4385 quid
750 4303 818 4385 ipse
840 4302 990 4372 sentiam,
1021 4302 1046 4362 si
1071 4301 1188 4381 placet,
1218 4318 1391 4381 exponam,
1421 4304 1462 4363 ita
1485 4311 1606 4374 tamen,
1629 4302 1656 4363 si
1681 4321 1773 4364 vacas

439 4397 544 4457 animo
574 4415 679 4478 neque
709 4395 806 4457 habes
835 4394 956 4478 aliquid
986 4393 1072 4477 quod
1103 4393 1176 4455 huic
1206 4396 1343 4455 sermoni
1378 4395 1641 4476 praevertendum
1670 4407 1773 4481 putes.

440 4484 490 4551 li.
512 4489 580 4571 Ego
604 4485 692 4563 vero,
722 4490 866 4571 inquam,
898 4487 1132 4571 philosophiae,
1157 4487 1287 4561 Quinte,
1311 4507 1436 4569 semper
1459 4508 1553 4551 vaco:
1583 4489 1644 4554 hoc
1667 4500 1773 4555 autem

400 4581 595 4666 solempne,
626 4603 698 4644 cum
721 4584 762 4644 sit
785 4581 862 4643 nihil
885 4575 970 4643 aliud
995 4581 1081 4664 quod
1105 4580 1251 4642 lubenter
1273 4599 1367 4661 agere
1390 4584 1524 4664 possim,
1550 4585 1650 4646 multo
1674 4588 1773 4668 magis

437 4677 516 4738 aveo
543 4675 652 4739 audire
682 4675 721 4737 de
752 4676 945 4738 divinatione
968 4676 1045 4758 quid
1076 4675 1204 4735 sentias.
1243 4674 1342 4747 Nihil,
1375 4675 1492 4756 inquit,
1520 4677 1673 4758 equidem
1697 4678 1772 4741 novi

437 4790 495 4832 nec
518 4768 602 4851 quod
627 4780 751 4850 praeter
772 4778 895 4830 ceteros
918 4769 986 4851 ipse
1009 4769 1159 4841 sentiam;
1182 4788 1254 4829 nam
1277 4789 1348 4829 curn
1372 4769 1625 4851 antiquissimam
1641 4782 1771 4836 senten·

437 4865 527 4936 tiam,
550 4873 614 4926 tum
637 4864 777 4924 omnium
801 4863 990 4945 populorum
1013 4872 1045 4924 et
1066 4864 1206 4944 gentium
1225 4882 1382 4923 consensu
1402 4864 1626 4945 conprobatam
1643 4887 1769 4951 sequor.

436 4959 507 5019 Duo
537 4966 610 5019 sunt
639 4956 723 5018 enim
752 4956 915 5018 divinandi
945 4975 1078 5039 genera,
1110 4976 1244 5039 quorum
1273 4956 1406 5018 alterum
1437 4958 1511 5018 artis
1543 4967 1607 5033 est,
1638 4961 1772 5023 alterum

398 5055 577 5114 uncturae.
629 5047 677 5112 lh.
707 5051 797 5125 Quae
829 5060 878 5113 est
909 5060 1013 5112 autem
1047 5070 1124 5131 gens
1157 5059 1212 5112 aut
1244 5070 1325 5131 quae
1358 5050 1479 5125 civitas,
1511 5072 1593 5134 quae
1623 5074 1687 5115 non
1716 5064 1773 5120 aut

440 5228 788 5240 n——n--n----·--————---
803 5232 950 5238 .---..........
965 5232 990 5238 ...
1007 5233 1016 5237 .
1043 5231 1128 5238 .--..-
1147 5232 1195 5237 -.-
1219 5230 1480 5238 ----.-----..-.

500 5340 524 5388 3.
544 5340 688 5403 reptentque
703 5339 722 5388 B
738 5365 763 5373 —
783 5338 807 5388 1.
821 5338 858 5386 his
876 5337 903 5386 [3¹
921 5365 945 5373 —
965 5338 988 5385 d.
1003 5340 1161 5401 attasepaes
1177 5369 1202 5376 -
1222 5341 1246 5389 7.
1261 5339 1351 5402 Qrsirvto
1369 5352 1421 5388 orn.
1437 5339 1457 5387 ll
1473 5366 1499 5374 -
1518 5339 1543 5389 8.
1557 5341 1724 5402 pannosioll
1741 5367 1765 5378 -

435 5412 459 5463 9.
478 5415 560 5473 inquit
577 5415 618 5463 itis
636 5413 791 5463 Lambinus:
812 5415 893 5476 inquit
905 5413 940 5472 ll,
962 5413 1002 5460 itte
1018 5415 1100 5474 iuquit
1115 5413 1208 5468 alti&
1228 5412 1290 5461 illud
1308 5413 1347 5460 itta
1365 5413 1389 5460 in
1408 5414 1555 5476 archetypo
1573 5413 1770 5478 superdueam

434 5488 539 5538 videtur
562 5489 650 5538 [nime.
673 5517 699 5525 -
724 5490 764 5538 40.
784 5501 930 5548 quanquam
952 5488 971 5536 ll
997 5515 1022 5523 -
1047 5490 1086 5536 44.
1106 5490 1175 5549 ipsos
1192 5490 1212 5536 Α
1237 5514 1263 5522 -
1290 5489 1329 5536 ti.
1349 5492 1410 5537 ante
1429 5491 1455 5536 et
1476 5491 1536 5551 post
1552 5493 1620 5537 cotto
1637 5490 1662 5538 in
1681 5489 1699 5536 14
1717 5502 1770 5538 una

435 5560 482 5612 litt.
502 5575 588 5611 erasa.
610 5586 636 5598 -
656 5569 683 5612 nt
700 5576 754 5612 om.
773 5562 803 5611 11ι
823 5588 849 5595 -
869 5568 992 5624 computet
1009 5563 1090 5612 ABV
1110 5590 1135 5598 -
1156 5564 1197 5613 43,
1216 5564 1278 5612 istuc
1296 5564 1394 5625 quidem
1411 5565 1479 5612 coni.
1494 5561 1579 5613 llalm.
1596 5590 1622 5600 —-
1643 5563 1683 5613 tt.
1701 5578 1770 5613 com·

433 5638 503 5685 mant
521 5651 538 5685 a
555 5637 609 5685 turs
627 5650 684 5686 exc.
705 5637 770 5687 Pith.
793 5663 818 5671 —
839 5636 880 5684 46.
900 5637 959 5697 qnid
976 5637 1013 5686 C:
1034 5639 1100 5699 qnod
1118 5639 1220 5688 Ernesti
1239 5643 1266 5687 et
1283 5640 1344 5688 0-
1366 5639 1404 5687 to.
1424 5637 1730 5700 arbitrantes-separatim
1749 5639 1770 5689 ll

435 5735 462 5745 -
477 5711 518 5761 at.
537 5711 591 5759 lom
607 5713 627 5759 n·
643 5711 724 5772 placet
741 5717 768 5759 nt
785 5723 871 5758 somus
890 5712 961 5759 114-
981 5712 1022 5761 il.
1041 5717 1099 5761 sant
1114 5715 1149 5768 Α,
1169 5713 1217 5763 sed
1235 5728 1303 5763 corr.
1320 5728 1358 5779 pr.
1374 5728 1409 5764 m.
1425 5742 1452 5751 -
1472 5715 1512 5764 26.
1531 5714 1605 5764 lstill
1621 5742 1646 5750 -
1660 5715 1702 5764 27.
1716 5720 1769 5764 tom

433 5797 487 5834 om.
507 5785 535 5833 B¹
556 5810 579 5821 -
602 5786 642 5834 29.
661 5786 698 5833 his
716 5783 744 5833 11Ι
764 5810 791 5819 -
814 5782 854 5833 30.
874 5799 914 5833 sos
931 5788 1028 5836 anit:
1053 5801 1106 5838 om.
1127 5788 1201 5850 Vltio
1221 5816 1248 5827 -
1270 5788 1309 5838 3l.
1329 5803 1397 5852 napo
1416 5787 1443 5838 ll¹
1464 5818 1489 5824 —
1514 5790 1553 5839 35.
1570 5790 1694 5849 possimus
1711 5790 1768 5839 blo·

434 5871 510 5908 serus
528 5874 558 5908 ex
576 5859 655 5908 codd.
668 5861 732 5909 dett.
752 5863 778 5908 ct
796 5859 816 5908 0
831 5885 857 5895 -
877 5860 918 5909 36.
937 5863 1013 5911 habeo
1031 5864 1064 5920 C,
1084 5863 1132 5913 sed
1151 5864 1211 5912 obeo
1228 5865 1258 5912 14
1271 5889 1297 5898 -
1318 5865 1405 5925 inquid
1423 5867 1442 5913 h
1458 5890 1484 5900 -
1500 5864 1540 5913 ³7.
1552 5858 1611 5913 cain
1627 5863 1648 5913 11
1667 5863 1694 5913 in
1712 5876 1765 5914 ras.

437 5955 464 5967 -
483 5932 524 5982 38.
542 5934 603 5997 tam]
622 5938 658 5997 to,
674 5937 705 5984 ,44
724 5960 750 5970 -
771 5935 811 5985 39.
830 5948 924 5997 ponera
940 5938 1073 5988 diuinandi
1090 5939 1112 5988 ll
1133 5964 1159 5975 —
1178 5938 1218 5989 to.
1238 5939 1329 6002 aman]
1346 5944 1392 5989 aut
1409 5939 1440 5989 ll.
