4342 7459
443 1229 505 1299 150
728 1239 783 1303 ΒΒ
804 1237 961 1302 ululans
984 1235 1180 1302 BONORUM
1200 1236 1254 1299 ET
1276 1233 1478 1300 maiouim

443 1409 573 1474 vincula
593 1413 721 1492 putant,
747 1407 794 1469 sio
814 1406 935 1469 bomini
956 1405 1035 1470 nibil
1057 1405 1135 1469 iuris
1158 1424 1227 1468 esse
1249 1423 1321 1467 cum
1342 1403 1464 1467 bestiis.
1499 1402 1662 1467 Praeclare
1684 1404 1769 1468 enim

446 1501 658 1586 Chrysippus,
679 1508 782 1565 cetera
804 1508 879 1563 nata
900 1519 970 1563 esse
990 1500 1153 1562 bominum
1169 1517 1264 1561 causa
1278 1504 1310 1561 et
1323 1497 1470 1572 deornm,
1493 1504 1668 1562 eos-autem
1684 1518 1771 1562 com·

444 1595 610 1660 munitatis
639 1602 671 1659 et
696 1594 855 1658 societatis
883 1613 974 1667 snae,
1005 1600 1041 1656 nt
1060 1592 1172 1655 bestiis
1192 1591 1337 1655 homines
1357 1592 1403 1655 nti
1425 1592 1465 1655 ad
1487 1591 1656 1655 utilitatem
1679 1610 1770 1655 suam

444 1689 569 1774 possint
596 1688 666 1752 sine
695 1688 827 1763 iniuria;
858 1688 1072 1773 quoniamque
1103 1704 1140 1748 ea
1170 1693 1281 1748 natura
1303 1691 1387 1747 esset
1407 1684 1559 1759 bominis,
1589 1691 1625 1748 ut
1647 1684 1676 1748 ei
1699 1705 1770 1749 cum

422 1803 562 1868 egenere
585 1783 730 1873 ⁴humano
758 1783 848 1867 qnasi
876 1783 969 1846 civile
991 1782 1040 1844 ius
1062 1778 1286 1852 intercederet,
1317 1778 1426 1861 quiid
1450 1785 1668 1852 conservaret,
1696 1798 1769 1842 enm

445 1879 580 1951 iustum,
610 1877 665 1961 qui
687 1876 849 1959 migraret,
877 1876 1029 1940 iniustum
1058 1874 1136 1938 iore.
1174 1872 1235 1936 Sed
1259 1872 1414 1956 quemad
1437 1873 1582 1947 modum,
1613 1873 1768 1937 theatrum

446 1993 518 2038 cnm
540 1991 708 2035 commune
729 1972 785 2045 sit,
807 1978 892 2034 recte
914 1977 1019 2034 mmen
1041 1967 1104 2030 diei
1127 1974 1232 2050 potest
1254 1967 1322 2030 eius
1344 1987 1415 2031 esse
1438 1987 1510 2030 enm
1532 1968 1652 2042 locum,
1674 1988 1768 2053 quem

448 2066 584 2152 quisque
613 2065 790 2147 occuparit,
820 2064 866 2127 sic
895 2065 928 2126 in
956 2063 1033 2125 urbe
1055 2062 1213 2125 mundove
1236 2062 1395 2125 communi
1417 2082 1481 2126 non
1503 2061 1687 2125 adversatur
1707 2062 1768 2136 ins,
1859 2070 1866 2081 ’

448 2181 511 2247 qno
545 2159 649 2222 minus
678 2177 771 2221 suum
802 2157 944 2241 quidque
974 2156 1127 2238 cuiusque
1154 2155 1204 2218 sit.
1248 2152 1298 2216 68.
1323 2154 1400 2218 Cum
1428 2163 1533 2219 autem
1563 2156 1602 2219 ad
1633 2156 1768 2219 tuendos

411 2274 439 2319 ro
448 2251 746 2334 conservandosque
767 2251 913 2314 homines
934 2250 1097 2313 bominem
1116 2257 1224 2313 natum
1239 2268 1308 2313 esse
1323 2250 1501 2325 videamus,
1524 2258 1769 2314 consentaneum

449 2356 498 2413 est
517 2346 593 2410 hnic
614 2353 761 2419 naturae,
788 2352 822 2407 nt
852 2344 978 2427 sapiens
999 2344 1076 2407 velit
1097 2362 1205 2426 gerere
1228 2350 1260 2406 et
1281 2343 1501 2408 administrare
1523 2364 1589 2407 rem
1612 2344 1770 2427 publicam

447 2450 561 2525 atque,
581 2446 618 2503 nt
639 2457 656 2500 e
678 2445 788 2501 natura
810 2437 909 2511 vivat,
931 2456 1063 2500 uxorem
1085 2436 1258 2519 adiungere
1280 2444 1312 2500 et
1333 2437 1415 2500 velle
1438 2457 1479 2500 ex
1500 2458 1539 2502 ea
1559 2437 1688 2500 liberos.
1723 2438 1769 2499 Ne

448 2555 571 2602 amores
597 2532 726 2616 quidem
755 2540 880 2595 sanctos
902 2552 921 2597 a
942 2536 1084 2616 sapiente
1106 2531 1227 2594 alienos
1249 2551 1319 2594 esse
1341 2532 1539 2595 arbitrantur.
1580 2529 1770 2615 Cynicorum

449 2639 554 2696 antem
577 2626 731 2691 rationem
753 2635 853 2711 atque·
869 2629 964 2691 vitam
986 2626 1040 2688 alii
1063 2625 1174 2689 cadere
1196 2627 1229 2688 in
1251 2625 1426 2708 sapientem
1441 2625 1564 2700 dicunt,
1587 2625 1684 2708 siqui
1700 2625 1770 2689 eius

413 2723 535 2791 semodi
557 2722 639 2784 iorte
661 2739 753 2783 casus
775 2719 936 2797 inciderit,
958 2729 994 2785 ut
1014 2719 1045 2783 id
1068 2718 1249 2782 iaciendum
1271 2720 1326 2792 sit,
1349 2718 1403 2781 alii
1426 2719 1514 2782 nullo
1537 2720 1642 2783 modo.

534 2816 622 2881 xxi.
643 2811 694 2876 69.
716 2815 757 2878 llt
778 2834 852 2879 vero
874 2823 1076 2880 conservetur
1097 2814 1199 2877 omnis
1220 2811 1340 2876 bomini
1355 2831 1428 2895 erga
1448 2812 1608 2877 bominem
1622 2814 1769 2890 societas,

450 2908 644 2984 coniunctio,
675 2908 802 2982 caritas,
832 2916 864 2971 et
893 2910 1103 2973 emolumenta
1125 2917 1157 2971 et
1178 2908 1380 2981 detrimenta,
1411 2927 1494 2990 qnae
1516 2901 1716 2993 ὠφελήματα
1738 2917 1771 2974 ο1

448 2998 630 3089 βλάμματα
653 3001 831 3084 appellant,
854 3004 1031 3067 communia
1053 3023 1123 3067 esse
1145 3003 1327 3066 voluerunt:
1351 3021 1484 3084 quornm
1506 3002 1603 3065 altera
1625 3011 1769 3085 prosunt,

449 3103 566 3164 nocent
586 3095 696 3159 altera.
738 3098 849 3178 Neque
871 3099 971 3163 solum
994 3118 1031 3161 cs
1052 3098 1247 3172 communia,
1274 3116 1383 3159 verum
1406 3096 1499 3158 etiam
1523 3096 1608 3179 paria
1630 3115 1700 3160 esse
1722 3098 1770 3161 di·

411 3197 573 3259 aoxerunt.
616 3189 818 3253 Incommode
847 3201 953 3256 autem
982 3201 1013 3256 et
1042 3191 1205 3255 commoda
1233 3224 1274 3235 -
1296 3190 1340 3252 ita
1361 3189 1444 3252 enim
1467 3183 1716 3272 εύχρηστήματα
1738 3199 1769 3254 et

448 3276 726 3371 ὃοσχρηστήματα
754 3286 881 3367 appello
903 3320 945 3331 -—
978 3285 1157 3349 communia
1179 3305 1248 3348 esse
1270 3284 1450 3355 voluerunt,
1477 3282 1565 3364 paria
1586 3283 1768 3348 noluerunt.

446 3378 505 3441 llla
527 3377 628 3450 enim,
651 3396 733 3460 qnae
757 3388 890 3460 prosunt
910 3385 966 3443 ant
988 3399 1068 3463 quae
1091 3385 1220 3452 nocent,
1242 3386 1296 3442 aut
1310 3379 1394 3441 bona
1409 3384 1483 3440 sunt
1496 3384 1553 3439 aut
1566 3376 1664 3453 mala,
1687 3398 1768 3461 quae

446 3473 511 3537 sint
532 3473 620 3555 paria
641 3490 771 3534 necesse
793 3481 855 3535 ests
879 3474 1043 3538 commoda
1064 3480 1170 3535 antem
1194 3480 1226 3536 et
1239 3471 1437 3536 incommoda
1452 3473 1485 3534 in
1501 3491 1539 3534 eo
1555 3492 1669 3554 genere
1684 3480 1767 3547 sunt,

447 3585 528 3651 qnae
558 3565 738 3648 praeposita
765 3573 797 3628 et
824 3567 940 3630 reiecta
969 3568 1122 3631 diximus:
1157 3587 1195 3631 ea
1223 3574 1356 3650 possunt
1386 3566 1473 3651 paria
1493 3586 1559 3629 non
1581 3584 1660 3628 esse.
1705 3565 1766 3629 Sed

407 3658 659 3727 ”emolumenta
680 3661 858 3748 communia
880 3681 950 3725 esse
972 3662 1133 3738 dicuntur,
1162 3670 1247 3725 recte
1268 3670 1372 3725 antem
1394 3662 1478 3724 iacta
1500 3669 1532 3725 et
1552 3666 1682 3744 peccata
1702 3680 1767 3723 non

443 3751 601 3815 habentur
631 3754 818 3816 eommunia.
869 3752 921 3818 70.
942 3756 1122 3820 Amicitiam
1157 3765 1261 3820 autem
1289 3756 1500 3819 adhibendam
1531 3773 1601 3817 esse
1627 3760 1766 3827 censent,

443 3847 517 3933 qnia
539 3847 581 3910 sit
602 3865 643 3909 ex
665 3866 704 3911 eo
727 3868 856 3930 genere,
880 3871 961 3934 qnae
983 3859 1125 3934 prosunt.
1162 3851 1358 3933 Quamquam
1381 3858 1485 3913 autern
1508 3851 1541 3913 in
1559 3848 1696 3911 amicitia
1711 3847 1766 3910 alii

443 3942 550 4004 dicant
578 3959 681 4024 aeque
710 3960 814 4005 caram
844 3963 914 4007 esse
939 3944 1072 4027 sapienti
1096 3946 1250 4008 rationem
1274 3945 1366 4008 amici
1388 3965 1426 4007 ao
1448 3964 1554 4017 suam,
1585 3942 1639 4005 alii
1661 3950 1766 4005 autem

442 4036 502 4099 sibi
524 4036 638 4119 cuique
657 4036 811 4099 cariorem
826 4057 930 4111 snam,
953 4045 1057 4102 tamen
1072 4038 1104 4102 bi
1122 4059 1251 4122 quoque
1267 4039 1458 4121 posteriores
1474 4038 1610 4102 latentur
1626 4037 1764 4100 alienum

403 4148 512 4196 ecesse
533 4150 552 4193 a
573 4130 708 4204 iustitia,
735 4130 774 4192 ad
798 4152 893 4214 quam
917 4133 981 4194 nati
1004 4152 1073 4195 esse
1096 4133 1274 4206 videamur,
1299 4132 1462 4195 detrahere
1486 4132 1563 4214 quid
1586 4132 1626 4195 de
1647 4131 1764 4215 aliquo,

441 4224 528 4309 qnod
551 4225 610 4289 sibi
634 4234 781 4289 assumat.
825 4228 954 4290 Minime
976 4247 1050 4289 vero
1073 4227 1223 4310 probatur
1244 4226 1317 4289 huic
1341 4226 1545 4308 disciplinae,
1569 4226 1609 4289 de
1632 4245 1696 4308 qna
1718 4226 1765 4288 lo·

441 4338 539 4403 quor,
561 4326 616 4382 ant
637 4318 785 4382 iustitiam
808 4328 862 4383 aut
883 4321 1052 4383 amicitiam
1074 4328 1204 4403 propter
1226 4320 1379 4382 utilitates
1401 4318 1535 4382 adscisci
1549 4327 1604 4382 aut
1621 4320 1764 4403 probari3

440 4412 569 4476 eaedem
593 4412 678 4475 enim
699 4413 852 4477 utilitates
867 4422 1016 4497 poterunt
1031 4434 1084 4476 eas
1101 4413 1287 4477 labefactare
1302 4422 1397 4495 atque
1414 4420 1604 4494 pervertere.
1639 4414 1763 4477 Etenim

439 4524 498 4567 nec
518 4504 637 4569 iustitia
659 4526 718 4569 nec
740 4507 878 4570 amicitia
901 4528 970 4570 esse
993 4509 1122 4570 omnino
1146 4517 1306 4590 poterunt,
1336 4508 1398 4570 nisi
1420 4509 1508 4589 ipsae
1530 4527 1588 4589 per
1610 4528 1644 4571 se
1667 4528 1765 4591 expe-

401 4605 551 4665 cstantnr.
594 4595 647 4661 71.
668 4602 721 4662 lus
742 4608 862 4674 antem,
887 4601 972 4684 quod
995 4602 1037 4665 ita
1060 4603 1121 4666 dici
1137 4603 1352 4687 appellarique
1370 4604 1484 4686 possit,
1508 4601 1539 4664 id
1556 4620 1626 4664 esse
1641 4612 1763 4678 natura,

437 4692 640 4777 alienumque
662 4714 732 4758 esse
753 4716 773 4759 a
794 4697 936 4780 sapiente
957 4717 1021 4760 non
1044 4700 1137 4761 modo
1159 4698 1305 4761 iniuriam
1328 4697 1380 4760 cui
1402 4697 1521 4771 iacere,
1544 4698 1764 4761 verumetiam

501 4955 525 5004 3.
543 4956 580 5004 uti
597 4957 634 5005 A:
650 4960 679 5005 ot
694 4956 743 5006 ΒΕ
764 4983 797 4993 -
815 4957 910 5019 possiet
926 4970 999 5007 suum
1015 4958 1063 5007 BE
1083 4982 1110 4995 -
1135 4956 1159 5008 1.
1177 4959 1200 5008 ei
1217 4957 1374 5008 Lambinus:
1399 4962 1422 5007 et
1438 4958 1502 5015 AB3
1526 4970 1579 5007 om.
1598 4957 1676 5008 codd.
1696 4958 1762 5010 dett.

436 5030 475 5081 ct.
494 5042 550 5079 var.
568 5028 629 5080 lect.
648 5030 663 5093 3
681 5030 721 5079 73.
737 5057 765 5066 -
784 5031 808 5080 6.
827 5033 949 5094 miproret
967 5033 999 5081 e:
1017 5038 1121 5095 separet
1136 5034 1156 5082 1
1168 5034 1186 5083 C
1201 5060 1228 5067 -
1248 5034 1272 5083 7.
1291 5047 1347 5082 cum
1364 5034 1383 5082 Α
1395 5033 1429 5082 B:
1448 5037 1476 5081 ut
1493 5032 1512 5081 E
1523 5033 1546 5083 bl
1557 5033 1576 5083 0
1595 5057 1623 5068 -
1643 5032 1667 5081 9.
1687 5035 1763 5097 quid-

435 5117 482 5166 que
497 5104 532 5153 A:
551 5105 663 5166 quodque
679 5106 728 5157 ΒΟ
742 5131 770 5141 -
790 5105 829 5155 13.
848 5106 954 5170 quidem]
967 5108 1073 5168 quaml}
1088 5134 1115 5143 -
1134 5108 1293 5157 arbitremur
1309 5113 1453 5156 mactemus
1469 5107 1519 5156 BE
1534 5133 1561 5143 -
1580 5106 1620 5157 rt.
1638 5110 1764 5159 rationem

433 5184 509 5241 otqcs
524 5180 604 5228 auom
622 5185 681 5241 [non
698 5180 778 5230 uitam
795 5185 869 5242 utque
886 5181 1017 5243 rationem)
1036 5185 1116 5232 etiem
1135 5183 1154 5232 E
1173 5209 1200 5219 -
1220 5183 1317 5247 cedere]
1336 5184 1421 5232 codem
1437 5182 1457 5231 B
1471 5208 1504 5219 -·
1520 5182 1541 5231 si
1558 5182 1601 5244 qui
1616 5183 1650 5232 A:
1669 5183 1691 5231 rt
1708 5185 1764 5245 quia

432 5254 517 5305 BllO
530 5280 557 5290 -
578 5254 617 5303 111.
634 5255 699 5316 sorte
714 5268 787 5304 eorm
798 5257 860 5316 (non
872 5268 945 5303 cosm
954 5256 1026 5317 sorte)
1040 5258 1119 5307 etiam
1135 5258 1154 5308 E
1167 5284 1194 5294 -
1213 5258 1254 5308 10.
1273 5264 1296 5308 ct
1315 5259 1383 5319 (ante
1395 5257 1493 5318 comm.)
1505 5269 1558 5307 om.
1573 5257 1592 5306 B
1607 5282 1632 5292 -·
1652 5263 1675 5307 et
1692 5255 1763 5309 dcu-

432 5326 625 5401 χρηστήματα
641 5342 695 5379 om.
708 5332 727 5380 Β
740 5332 801 5388 (non
814 5330 841 5389 E)
859 5354 885 5365 -
905 5332 946 5379 at.
965 5345 1014 5380 esse
1029 5332 1162 5381 uoluerunt
1180 5335 1241 5392 tucn
1253 5335 1391 5394 reclamant)
1406 5335 1482 5395 puris
1498 5346 1547 5382 esse
1563 5333 1696 5383 uolaemnt
1712 5336 1762 5385 BE

434 5432 462 5442 -
480 5407 522 5456 13.
540 5411 563 5456 et
579 5418 633 5455 om.
652 5405 670 5453 Β
689 5429 716 5439 -
735 5403 777 5454 tt.
795 5404 905 5453 distreus
920 5405 957 5454 A:
975 5405 1081 5456 dicimos
1101 5407 1183 5457 ΒΜΟ
1202 5434 1229 5444 -
1249 5410 1360 5458 dicimus.
1379 5410 1526 5458 na--nos
1546 5421 1610 5467 esae;
1633 5410 1675 5458 aad
1691 5410 1712 5460 0
1731 5435 1759 5445 ·-

431 5481 472 5532 25.
491 5478 662 5542 mmlumcrtu]
684 5479 848 5529 cctolcmento
863 5485 887 5529 et
903 5480 1049 5529 detrimento
1066 5480 1209 5533 Lambinus
1228 5508 1255 5519 -
1275 5485 1316 5533 26.
1334 5484 1483 5548 communio]
1503 5484 1564 5545 quio
1581 5484 1600 5533 E
1616 5509 1642 5519 -
1663 5484 1705 5534 27.
1723 5486 1761 5549 co]

431 5569 517 5606 eoram
529 5558 564 5613 G;
582 5554 631 5605 sed
643 5553 676 5604 ct.
690 5553 829 5603 Stuerenb.
841 5552 875 5602 ad
887 5566 925 5603 or.
939 5568 964 5617 p.
978 5556 1072 5605 Archia
1086 5558 1166 5618 (1831)
1179 5571 1205 5620 p.
1216 5558 1263 5608 1311
1275 5572 1316 5622 sq.
1330 5586 1356 5596 -
1370 5560 1411 5609 28.
1428 5560 1473 5608 otii
1489 5565 1573 5608 cuum
1588 5571 1608 5607 a.
1621 5571 1643 5607 c.
1656 5572 1678 5607 c.
1688 5572 1762 5609 mom

432 5643 485 5680 om.
499 5631 518 5680 B
532 5631 593 5692 (non
606 5629 633 5689 Β)
648 5652 675 5664 -
689 5627 730 5677 30.
743 5640 759 5675 u
771 5629 828 5677 istst.
841 5627 902 5677 AB:
917 5627 948 5676 ab
960 5630 1017 5678 istst.
1031 5633 1060 5680 0.
1080 5631 1118 5681 Cl.
1131 5632 1260 5684 Addsnda
1273 5635 1306 5685 ad
1319 5633 1375 5685 Vol.
1386 5637 1416 5695 11,
1431 5649 1456 5699 p.
1467 5635 1539 5692 1019,
1553 5632 1577 5684 l.
1596 5635 1679 5685 Etiam
1692 5635 1758 5698 spp.

431 5704 465 5754 ad
477 5705 548 5754 Fam.
561 5703 619 5764 llll,
634 5704 673 5763 ⁴7,
686 5704 695 5753 1
711 5702 771 5753 cod.
783 5702 917 5754 ldediceus
929 5718 982 5755 non
995 5704 1076 5756 babet
1087 5706 1119 5755 ab
1130 5708 1230 5769 iudicio,
1244 5708 1291 5759 sed
1304 5722 1321 5757 o
1332 5710 1384 5758 iud.
1399 5735 1425 5744 -
1440 5709 1481 5760 33.
1494 5711 1618 5759 torticium
1635 5714 1680 5758 cut
1697 5711 1760 5758 cmi-

430 5780 521 5830 stotom
536 5781 601 5830 AB:
619 5780 757 5829 amicitiam
773 5783 818 5828 act
834 5780 985 5829 lectitasse
1002 5807 1026 5817 -
1047 5781 1085 5830 33.
1101 5782 1218 5833 sodomi.
1232 5809 1258 5818 -
1273 5782 1313 5833 3l.
1331 5797 1376 5833 sec
1392 5785 1505 5833 iusticias
1520 5797 1565 5833 occ
1581 5786 1693 5834 amicicie
1710 5797 1759 5834 esre

430 5855 488 5904 ΑΒ.
509 5855 562 5905 «lix
577 5855 689 5903 matellis
705 5866 755 5904 erse
772 5853 870 5904 iactum
887 5858 929 5904 est
945 5857 1070 5906 amicitiae
1086 5870 1149 5919 esse,
1168 5857 1264 5908 deinde
1281 5858 1316 5907 sd
1334 5857 1359 5907 id
1372 5858 1606 5909 adcommodatum
1623 5859 1755 5908 iusidias.-

430 5930 539 5982 uscue.
554 5955 581 5965 -
598 5934 715 5994 potentat
731 5942 781 5981 ease
796 5930 896 5981 omnim
912 5930 931 5981 Β
950 5957 977 5967 -
997 5938 1148 5995 apetamus
1163 5934 1210 5984 ΑΒ
1229 5960 1255 5970 -
1275 5935 1316 5985 35.
1335 5940 1456 5986 umorum
1472 5934 1629 5997 comamque
1643 5933 1731 5985 ΑΒΕ.
