<?xml version="1.0" encoding="UTF-8"?>
<!DOCTYPE html PUBLIC "-//W3C//DTD XHTML 1.0 Transitional//EN"
    "http://www.w3.org/TR/xhtml1/DTD/xhtml1-transitional.dtd">
<html xmlns="http://www.w3.org/1999/xhtml" xml:lang="en" lang="en">
 <head>
  <title>
</title>
<meta http-equiv="Content-Type" content="text/html;charset=utf-8" />
  <meta name='ocr-system' content='tesseract 3.04.00' />
  <meta name='ocr-capabilities' content='ocr_page ocr_carea ocr_par ocr_line ocrx_word'/>
</head>
<body>
  <div class='ocr_page' id='page_1' title='image "./operaquaesupers00halmgoog/operaquaesupers00halmgoog_0317.png"; bbox 0 0 4342 7459; ppageno 0'>
   <div class='ocr_carea' id='block_1_1' title="bbox 654 1224 1728 1311">
    <p class='ocr_par' dir='ltr' id='par_1_1' title="bbox 654 1224 1728 1311">
     <span class='ocr_line' id='line_1_1' title="bbox 654 1224 1728 1311; baseline 0.002 -17"><span class='ocrx_word' id='word_1_1' title='bbox 654 1230 723 1295; x_wconf 74' lang='lat' dir='ltr'><strong>un.</strong></span> <span class='ocrx_word' id='word_1_2' title='bbox 743 1230 798 1291; x_wconf 87' lang='lat' dir='ltr'><strong>ru.</strong></span> <span class='ocrx_word' id='word_1_3' title='bbox 827 1228 901 1292; x_wconf 71' lang='lat' dir='ltr'><strong>cn.</strong></span> <span class='ocrx_word' id='word_1_4' title='bbox 922 1228 1247 1291; x_wconf 76' lang='lat' dir='ltr'><strong>xxxn-xxmv.</strong></span> <span class='ocrx_word' id='word_1_5' title='bbox 1272 1225 1318 1311; x_wconf 68' lang='lat' dir='ltr'><strong>§p</strong></span> <span class='ocrx_word' id='word_1_6' title='bbox 1339 1224 1483 1293; x_wconf 76' lang='lat'><strong>77-82.</strong></span> <span class='ocrx_word' id='word_1_7' title='bbox 1671 1228 1728 1296; x_wconf 83' lang='lat' dir='ltr'><strong>aot</strong></span> 
     </span>
    </p>
   </div>
   <div class='ocr_carea' id='block_1_2' title="bbox 406 1385 1829 2039">
    <p class='ocr_par' dir='ltr' id='par_1_2' title="bbox 406 1385 1829 2039">
     <span class='ocr_line' id='line_1_2' title="bbox 408 1385 1733 1473; baseline 0 -17"><span class='ocrx_word' id='word_1_8' title='bbox 408 1398 508 1456; x_wconf 89' lang='lat' dir='ltr'><strong>crates</strong></span> <span class='ocrx_word' id='word_1_9' title='bbox 529 1390 685 1454; x_wconf 79' lang='lat' dir='ltr'><strong>Alcibiadi</strong></span> <span class='ocrx_word' id='word_1_10' title='bbox 708 1389 930 1473; x_wconf 78' lang='lat' dir='ltr'><strong>persuasisset,</strong></span> <span class='ocrx_word' id='word_1_11' title='bbox 953 1394 988 1451; x_wconf 94' lang='lat' dir='ltr'><strong>ut</strong></span> <span class='ocrx_word' id='word_1_12' title='bbox 1010 1388 1205 1472; x_wconf 89' lang='lat' dir='ltr'><strong>accepimus,</strong></span> <span class='ocrx_word' id='word_1_13' title='bbox 1229 1409 1301 1451; x_wconf 92' lang='lat' dir='ltr'><strong>eum</strong></span> <span class='ocrx_word' id='word_1_14' title='bbox 1322 1385 1402 1452; x_wconf 92' lang='lat' dir='ltr'><strong>nibil</strong></span> <span class='ocrx_word' id='word_1_15' title='bbox 1422 1388 1561 1452; x_wconf 91' lang='lat' dir='ltr'><strong>hominis</strong></span> <span class='ocrx_word' id='word_1_16' title='bbox 1583 1410 1653 1454; x_wconf 90' lang='lat' dir='ltr'><strong>esse</strong></span> <span class='ocrx_word' id='word_1_17' title='bbox 1675 1412 1733 1456; x_wconf 89' lang='lat' dir='ltr'><strong>nee</strong></span> 
     </span>
     <span class='ocr_line' id='line_1_3' title="bbox 408 1482 1734 1571; baseline 0 -22"><span class='ocrx_word' id='word_1_18' title='bbox 408 1486 575 1571; x_wconf 89' lang='lat' dir='ltr'><strong>quiequam</strong></span> <span class='ocrx_word' id='word_1_19' title='bbox 603 1486 685 1548; x_wconf 91' lang='lat' dir='ltr'><strong>inter</strong></span> <span class='ocrx_word' id='word_1_20' title='bbox 707 1483 903 1546; x_wconf 77' lang='lat' dir='ltr'><strong>Alcibiadem</strong></span> <span class='ocrx_word' id='word_1_21' title='bbox 933 1503 1056 1546; x_wconf 93' lang='lat' dir='ltr'><strong>summo</strong></span> <span class='ocrx_word' id='word_1_22' title='bbox 1079 1484 1151 1547; x_wconf 92' lang='lat' dir='ltr'><strong>loco</strong></span> <span class='ocrx_word' id='word_1_23' title='bbox 1173 1492 1282 1546; x_wconf 91' lang='lat' dir='ltr'><strong>natum</strong></span> <span class='ocrx_word' id='word_1_24' title='bbox 1304 1490 1335 1544; x_wconf 90' lang='lat' dir='ltr'><strong>et</strong></span> <span class='ocrx_word' id='word_1_25' title='bbox 1358 1482 1501 1566; x_wconf 86' lang='lat' dir='ltr'><strong>quemvis</strong></span> <span class='ocrx_word' id='word_1_26' title='bbox 1522 1482 1663 1549; x_wconf 89' lang='lat' dir='ltr'><strong>baiulum</strong></span> <span class='ocrx_word' id='word_1_27' title='bbox 1685 1486 1734 1549; x_wconf 93' lang='lat' dir='ltr'><strong>in·</strong></span> 
     </span>
     <span class='ocr_line' id='line_1_4' title="bbox 407 1576 1829 1660; baseline 0 -16"><span class='ocrx_word' id='word_1_28' title='bbox 407 1589 540 1654; x_wconf 89' lang='lat' dir='ltr'><strong>teresse,</strong></span> <span class='ocrx_word' id='word_1_29' title='bbox 563 1600 634 1643; x_wconf 93' lang='lat' dir='ltr'><strong>cum</strong></span> <span class='ocrx_word' id='word_1_30' title='bbox 656 1600 690 1642; x_wconf 91' lang='lat' dir='ltr'><strong>se</strong></span> <span class='ocrx_word' id='word_1_31' title='bbox 712 1576 892 1640; x_wconf 78' lang='lat' dir='ltr'><strong>Alcibiades</strong></span> <span class='ocrx_word' id='word_1_32' title='bbox 915 1577 1091 1640; x_wconf 88' lang='lat' dir='ltr'><strong>adtlictaret</strong></span> <span class='ocrx_word' id='word_1_33' title='bbox 1106 1577 1335 1659; x_wconf 84' lang='lat' dir='ltr'><strong>lacrimansque</strong></span> <span class='ocrx_word' id='word_1_34' title='bbox 1351 1577 1473 1639; x_wconf 87' lang='lat' dir='ltr'><strong>Socrati</strong></span> <span class='ocrx_word' id='word_1_35' title='bbox 1489 1578 1624 1660; x_wconf 82' lang='lat' dir='ltr'><strong>supplex</strong></span> <span class='ocrx_word' id='word_1_36' title='bbox 1639 1588 1733 1654; x_wconf 89' lang='lat' dir='ltr'><strong>esset,</strong></span> <span class='ocrx_word' id='word_1_37' title='bbox 1823 1586 1829 1593; x_wconf 64' lang='lat'><strong>⁴</strong></span> 
     </span>
     <span class='ocr_line' id='line_1_5' title="bbox 408 1670 1734 1754; baseline 0.002 -18"><span class='ocrx_word' id='word_1_38' title='bbox 408 1681 442 1737; x_wconf 93' lang='lat' dir='ltr'><strong>ut</strong></span> <span class='ocrx_word' id='word_1_39' title='bbox 462 1674 522 1737; x_wconf 92' lang='lat' dir='ltr'><strong>sibi</strong></span> <span class='ocrx_word' id='word_1_40' title='bbox 544 1674 692 1737; x_wconf 85' lang='lat' dir='ltr'><strong>virtutem</strong></span> <span class='ocrx_word' id='word_1_41' title='bbox 716 1670 855 1735; x_wconf 90' lang='lat' dir='ltr'><strong>traderet</strong></span> <span class='ocrx_word' id='word_1_42' title='bbox 876 1671 1171 1754; x_wconf 81' lang='lat' dir='ltr'><strong>turpitudinemque</strong></span> <span class='ocrx_word' id='word_1_43' title='bbox 1188 1670 1374 1753; x_wconf 90' lang='lat' dir='ltr'><strong>depelleret,</strong></span> <span class='ocrx_word' id='word_1_44' title='bbox 1397 1670 1474 1751; x_wconf 92' lang='lat' dir='ltr'><strong>quid</strong></span> <span class='ocrx_word' id='word_1_45' title='bbox 1489 1670 1640 1747; x_wconf 88' lang='lat' dir='ltr'><strong>dicemus,</strong></span> <span class='ocrx_word' id='word_1_46' title='bbox 1664 1674 1734 1738; x_wconf 90' lang='lat' dir='ltr'><strong>Cle-</strong></span> 
     </span>
     <span class='ocr_line' id='line_1_6' title="bbox 407 1760 1757 1847; baseline 0.001 -16"><span class='ocrx_word' id='word_1_47' title='bbox 407 1765 522 1831; x_wconf 87' lang='lat' dir='ltr'><strong>antbe‘i</strong></span> <span class='ocrx_word' id='word_1_48' title='bbox 544 1788 619 1830; x_wconf 89' lang='lat' dir='ltr'><strong>num</strong></span> <span class='ocrx_word' id='word_1_49' title='bbox 641 1767 674 1829; x_wconf 91' lang='lat' dir='ltr'><strong>in</strong></span> <span class='ocrx_word' id='word_1_50' title='bbox 696 1766 751 1829; x_wconf 92' lang='lat' dir='ltr'><strong>illa</strong></span> <span class='ocrx_word' id='word_1_51' title='bbox 772 1786 821 1839; x_wconf 90' lang='lat' dir='ltr'><strong>re,</strong></span> <span class='ocrx_word' id='word_1_52' title='bbox 845 1785 927 1847; x_wconf 87' lang='lat' dir='ltr'><strong>quae</strong></span> <span class='ocrx_word' id='word_1_53' title='bbox 942 1764 1140 1846; x_wconf 81' lang='lat' dir='ltr'><strong>aegritudine</strong></span> <span class='ocrx_word' id='word_1_54' title='bbox 1155 1763 1350 1826; x_wconf 88' lang='lat' dir='ltr'><strong>Alcibiadem</strong></span> <span class='ocrx_word' id='word_1_55' title='bbox 1365 1760 1544 1840; x_wconf 86' lang='lat' dir='ltr'><strong>adficiebat,</strong></span> <span class='ocrx_word' id='word_1_56' title='bbox 1566 1767 1641 1829; x_wconf 91' lang='lat' dir='ltr'><strong>mali</strong></span> <span class='ocrx_word' id='word_1_57' title='bbox 1656 1769 1757 1833; x_wconf 85' lang='lat' dir='ltr'><strong>nihils</strong></span> 
     </span>
     <span class='ocr_line' id='line_1_7' title="bbox 406 1857 1734 1942; baseline 0.001 -18"><span class='ocrx_word' id='word_1_58' title='bbox 406 1861 524 1924; x_wconf 83' lang='lat' dir='ltr'><strong>inisset</strong></span> <span class='ocrx_word' id='word_1_59' title='bbox 559 1858 610 1923; x_wconf 87' lang='lat'><strong>78.</strong></span> <span class='ocrx_word' id='word_1_60' title='bbox 633 1860 740 1935; x_wconf 80' lang='lat' dir='ltr'><strong>Quidt</strong></span> <span class='ocrx_word' id='word_1_61' title='bbox 763 1859 818 1922; x_wconf 91' lang='lat' dir='ltr'><strong>illa</strong></span> <span class='ocrx_word' id='word_1_62' title='bbox 840 1859 976 1942; x_wconf 83' lang='lat' dir='ltr'><strong>Lyconis</strong></span> <span class='ocrx_word' id='word_1_63' title='bbox 993 1857 1099 1940; x_wconf 92' lang='lat' dir='ltr'><strong>qualia</strong></span> <span class='ocrx_word' id='word_1_64' title='bbox 1121 1860 1217 1920; x_wconf 81' lang='lat' dir='ltr'><strong>eunti</strong></span> <span class='ocrx_word' id='word_1_65' title='bbox 1240 1858 1294 1939; x_wconf 92' lang='lat' dir='ltr'><strong>qui</strong></span> <span class='ocrx_word' id='word_1_66' title='bbox 1310 1857 1539 1938; x_wconf 81' lang='lat' dir='ltr'><strong>aegritudinem</strong></span> <span class='ocrx_word' id='word_1_67' title='bbox 1559 1868 1734 1925; x_wconf 86' lang='lat' dir='ltr'><strong>extenuans</strong></span> 
     </span>
     <span class='ocr_line' id='line_1_8' title="bbox 407 1951 1735 2039; baseline -0.001 -20"><span class='ocrx_word' id='word_1_68' title='bbox 407 1957 510 2039; x_wconf 81' lang='lat' dir='ltr'><strong>parvis</strong></span> <span class='ocrx_word' id='word_1_69' title='bbox 531 1956 577 2019; x_wconf 89' lang='lat' dir='ltr'><strong>ait</strong></span> <span class='ocrx_word' id='word_1_70' title='bbox 596 1974 665 2018; x_wconf 90' lang='lat' dir='ltr'><strong>eam</strong></span> <span class='ocrx_word' id='word_1_71' title='bbox 681 1954 776 2017; x_wconf 92' lang='lat' dir='ltr'><strong>rebus</strong></span> <span class='ocrx_word' id='word_1_72' title='bbox 792 1953 924 2027; x_wconf 89' lang='lat' dir='ltr'><strong>moveri,</strong></span> <span class='ocrx_word' id='word_1_73' title='bbox 948 1952 1093 2013; x_wconf 81' lang='lat' dir='ltr'><strong>fortunae</strong></span> <span class='ocrx_word' id='word_1_74' title='bbox 1110 1960 1140 2014; x_wconf 93' lang='lat' dir='ltr'><strong>et</strong></span> <span class='ocrx_word' id='word_1_75' title='bbox 1156 1952 1298 2034; x_wconf 90' lang='lat' dir='ltr'><strong>corporis</strong></span> <span class='ocrx_word' id='word_1_76' title='bbox 1313 1951 1536 2028; x_wconf 91' lang='lat' dir='ltr'><strong>incommodis,</strong></span> <span class='ocrx_word' id='word_1_77' title='bbox 1559 1974 1623 2017; x_wconf 93' lang='lat' dir='ltr'><strong>non</strong></span> <span class='ocrx_word' id='word_1_78' title='bbox 1638 1956 1735 2018; x_wconf 90' lang='lat' dir='ltr'><strong>animi</strong></span> 
     </span>
    </p>
   </div>
   <div class='ocr_carea' id='block_1_3' title="bbox 385 2044 1867 5043">
    <p class='ocr_par' dir='ltr' id='par_1_3' title="bbox 408 2044 1735 2227">
     <span class='ocr_line' id='line_1_9' title="bbox 408 2044 1735 2130; baseline -0.002 -16"><span class='ocrx_word' id='word_1_79' title='bbox 408 2050 508 2114; x_wconf 89' lang='lat' dir='ltr'><strong>malis.</strong></span> <span class='ocrx_word' id='word_1_80' title='bbox 541 2048 625 2125; x_wconf 87' lang='lat' dir='ltr'><strong>Quid</strong></span> <span class='ocrx_word' id='word_1_81' title='bbox 649 2051 747 2130; x_wconf 88' lang='lat' dir='ltr'><strong>ergo‘t</strong></span> <span class='ocrx_word' id='word_1_82' title='bbox 776 2047 869 2118; x_wconf 90' lang='lat' dir='ltr'><strong>iilud,</strong></span> <span class='ocrx_word' id='word_1_83' title='bbox 900 2045 986 2127; x_wconf 92' lang='lat' dir='ltr'><strong>quod</strong></span> <span class='ocrx_word' id='word_1_84' title='bbox 1007 2044 1186 2107; x_wconf 89' lang='lat' dir='ltr'><strong>Alcibiades</strong></span> <span class='ocrx_word' id='word_1_85' title='bbox 1209 2045 1352 2119; x_wconf 84' lang='lat' dir='ltr'><strong>dolebat,</strong></span> <span class='ocrx_word' id='word_1_86' title='bbox 1378 2065 1440 2108; x_wconf 91' lang='lat' dir='ltr'><strong>non</strong></span> <span class='ocrx_word' id='word_1_87' title='bbox 1463 2066 1503 2108; x_wconf 83' lang='lat' dir='ltr'><strong>ex</strong></span> <span class='ocrx_word' id='word_1_88' title='bbox 1525 2048 1622 2111; x_wconf 89' lang='lat' dir='ltr'><strong>animi</strong></span> <span class='ocrx_word' id='word_1_89' title='bbox 1643 2049 1735 2112; x_wconf 92' lang='lat' dir='ltr'><strong>malis</strong></span> 
     </span>
     <span class='ocr_line' id='line_1_10' title="bbox 408 2139 1670 2227; baseline -0.002 -19"><span class='ocrx_word' id='word_1_90' title='bbox 408 2146 556 2227; x_wconf 79' lang='lat' dir='ltr'><strong>vitiisque</strong></span> <span class='ocrx_word' id='word_1_91' title='bbox 578 2142 763 2206; x_wconf 72' lang='lat' dir='ltr'><strong>constabat?</strong></span> <span class='ocrx_word' id='word_1_92' title='bbox 792 2141 839 2203; x_wconf 92' lang='lat' dir='ltr'><strong>Ad</strong></span> <span class='ocrx_word' id='word_1_93' title='bbox 862 2140 988 2225; x_wconf 89' lang='lat' dir='ltr'><strong>Epicuri</strong></span> <span class='ocrx_word' id='word_1_94' title='bbox 1011 2139 1259 2202; x_wconf 88' lang='lat' dir='ltr'><strong>consolationem</strong></span> <span class='ocrx_word' id='word_1_95' title='bbox 1281 2139 1356 2201; x_wconf 90' lang='lat' dir='ltr'><strong>satis</strong></span> <span class='ocrx_word' id='word_1_96' title='bbox 1379 2147 1520 2203; x_wconf 89' lang='lat' dir='ltr'><strong>estante</strong></span> <span class='ocrx_word' id='word_1_97' title='bbox 1543 2142 1670 2205; x_wconf 90' lang='lat' dir='ltr'><strong>dictum.</strong></span> 
     </span>
    </p>

    <p class='ocr_par' dir='ltr' id='par_1_4' title="bbox 385 2231 1867 4459">
     <span class='ocr_line' id='line_1_11' title="bbox 490 2231 1773 2321; baseline 0.002 -20"><span class='ocrx_word' id='word_1_98' title='bbox 490 2239 639 2301; x_wconf 89' lang='lat' dir='ltr'><strong>XXXlll.</strong></span> <span class='ocrx_word' id='word_1_99' title='bbox 661 2233 712 2298; x_wconf 82' lang='lat'><strong>79.</strong></span> <span class='ocrx_word' id='word_1_100' title='bbox 742 2238 789 2298; x_wconf 89' lang='lat' dir='ltr'><strong>Ne</strong></span> <span class='ocrx_word' id='word_1_101' title='bbox 817 2235 871 2297; x_wconf 91' lang='lat' dir='ltr'><strong>illa</strong></span> <span class='ocrx_word' id='word_1_102' title='bbox 900 2233 1027 2316; x_wconf 92' lang='lat' dir='ltr'><strong>quidem</strong></span> <span class='ocrx_word' id='word_1_103' title='bbox 1051 2231 1229 2296; x_wconf 83' lang='lat' dir='ltr'><strong>firmissima</strong></span> <span class='ocrx_word' id='word_1_104' title='bbox 1251 2233 1425 2296; x_wconf 87' lang='lat' dir='ltr'><strong>consolatio</strong></span> <span class='ocrx_word' id='word_1_105' title='bbox 1448 2243 1512 2309; x_wconf 90' lang='lat' dir='ltr'><strong>est,</strong></span> <span class='ocrx_word' id='word_1_106' title='bbox 1542 2256 1735 2321; x_wconf 86' lang='lat' dir='ltr'><strong>quamquam</strong></span> <span class='ocrx_word' id='word_1_107' title='bbox 1745 2258 1773 2305; x_wconf 85' lang='lat' dir='ltr'><strong>to</strong></span> 
     </span>
     <span class='ocr_line' id='line_1_12' title="bbox 410 2326 1736 2415; baseline -0.002 -19"><span class='ocrx_word' id='word_1_108' title='bbox 410 2339 441 2397; x_wconf 89' lang='lat' dir='ltr'><strong>et</strong></span> <span class='ocrx_word' id='word_1_109' title='bbox 458 2334 577 2396; x_wconf 90' lang='lat' dir='ltr'><strong>usitata</strong></span> <span class='ocrx_word' id='word_1_110' title='bbox 599 2338 647 2394; x_wconf 92' lang='lat' dir='ltr'><strong>est</strong></span> <span class='ocrx_word' id='word_1_111' title='bbox 669 2338 700 2393; x_wconf 91' lang='lat' dir='ltr'><strong>et</strong></span> <span class='ocrx_word' id='word_1_112' title='bbox 722 2350 816 2413; x_wconf 87' lang='lat' dir='ltr'><strong>saepe</strong></span> <span class='ocrx_word' id='word_1_113' title='bbox 838 2330 981 2412; x_wconf 89' lang='lat' dir='ltr'><strong>prodest:</strong></span> <span class='ocrx_word' id='word_1_114' title='bbox 1014 2329 1107 2390; x_wconf 82' lang='lat' dir='ltr'><strong>uNon</strong></span> <span class='ocrx_word' id='word_1_115' title='bbox 1130 2328 1186 2389; x_wconf 93' lang='lat' dir='ltr'><strong>tibi</strong></span> <span class='ocrx_word' id='word_1_116' title='bbox 1210 2326 1379 2389; x_wconf 77' lang='lat' dir='ltr'><strong>boemii.»</strong></span> <span class='ocrx_word' id='word_1_117' title='bbox 1414 2328 1546 2392; x_wconf 89' lang='lat' dir='ltr'><strong>Prodest</strong></span> <span class='ocrx_word' id='word_1_118' title='bbox 1565 2332 1643 2393; x_wconf 91' lang='lat' dir='ltr'><strong>haec</strong></span> <span class='ocrx_word' id='word_1_119' title='bbox 1666 2332 1736 2415; x_wconf 77' lang='lat' dir='ltr'><strong>qui—</strong></span> 
     </span>
     <span class='ocr_line' id='line_1_13' title="bbox 410 2422 1735 2508; baseline -0.001 -19"><span class='ocrx_word' id='word_1_120' title='bbox 410 2427 493 2500; x_wconf 88' lang='lat' dir='ltr'><strong>dem,</strong></span> <span class='ocrx_word' id='word_1_121' title='bbox 524 2431 562 2488; x_wconf 90' lang='lat' dir='ltr'><strong>nt</strong></span> <span class='ocrx_word' id='word_1_122' title='bbox 590 2425 670 2499; x_wconf 81' lang='lat' dir='ltr'><strong>dixi,</strong></span> <span class='ocrx_word' id='word_1_123' title='bbox 700 2424 755 2487; x_wconf 90' lang='lat' dir='ltr'><strong>sed</strong></span> <span class='ocrx_word' id='word_1_124' title='bbox 785 2443 843 2486; x_wconf 90' lang='lat' dir='ltr'><strong>nee</strong></span> <span class='ocrx_word' id='word_1_125' title='bbox 873 2442 999 2504; x_wconf 90' lang='lat' dir='ltr'><strong>semper</strong></span> <span class='ocrx_word' id='word_1_126' title='bbox 1021 2442 1079 2484; x_wconf 91' lang='lat' dir='ltr'><strong>nec</strong></span> <span class='ocrx_word' id='word_1_127' title='bbox 1102 2422 1264 2495; x_wconf 88' lang='lat' dir='ltr'><strong>omnibus;</strong></span> <span class='ocrx_word' id='word_1_128' title='bbox 1298 2429 1371 2483; x_wconf 91' lang='lat' dir='ltr'><strong>sunt</strong></span> <span class='ocrx_word' id='word_1_129' title='bbox 1392 2423 1477 2485; x_wconf 87' lang='lat' dir='ltr'><strong>enim</strong></span> <span class='ocrx_word' id='word_1_130' title='bbox 1500 2424 1554 2507; x_wconf 93' lang='lat' dir='ltr'><strong>qui</strong></span> <span class='ocrx_word' id='word_1_131' title='bbox 1576 2434 1735 2508; x_wconf 85' lang='lat' dir='ltr'><strong>respuant,</strong></span> 
     </span>
     <span class='ocr_line' id='line_1_14' title="bbox 410 2515 1737 2603; baseline 0 -20"><span class='ocrx_word' id='word_1_132' title='bbox 410 2521 464 2583; x_wconf 93' lang='lat' dir='ltr'><strong>sed</strong></span> <span class='ocrx_word' id='word_1_133' title='bbox 493 2518 589 2582; x_wconf 87' lang='lat' dir='ltr'><strong>refert</strong></span> <span class='ocrx_word' id='word_1_134' title='bbox 619 2538 684 2602; x_wconf 91' lang='lat' dir='ltr'><strong>quo</strong></span> <span class='ocrx_word' id='word_1_135' title='bbox 713 2517 808 2581; x_wconf 92' lang='lat' dir='ltr'><strong>modo</strong></span> <span class='ocrx_word' id='word_1_136' title='bbox 837 2517 1035 2580; x_wconf 88' lang='lat' dir='ltr'><strong>adhibeatur.</strong></span> <span class='ocrx_word' id='word_1_137' title='bbox 1075 2517 1115 2578; x_wconf 90' lang='lat' dir='ltr'><strong>Ut</strong></span> <span class='ocrx_word' id='word_1_138' title='bbox 1136 2516 1220 2578; x_wconf 92' lang='lat' dir='ltr'><strong>enim</strong></span> <span class='ocrx_word' id='word_1_139' title='bbox 1242 2515 1349 2578; x_wconf 90' lang='lat' dir='ltr'><strong>tulerit</strong></span> <span class='ocrx_word' id='word_1_140' title='bbox 1372 2517 1508 2600; x_wconf 88' lang='lat' dir='ltr'><strong>quisque</strong></span> <span class='ocrx_word' id='word_1_141' title='bbox 1531 2536 1659 2594; x_wconf 93' lang='lat' dir='ltr'><strong>eorum,</strong></span> <span class='ocrx_word' id='word_1_142' title='bbox 1682 2521 1737 2603; x_wconf 93' lang='lat' dir='ltr'><strong>qui</strong></span> 
     </span>
     <span class='ocr_line' id='line_1_15' title="bbox 410 2609 1852 2696; baseline -0.001 -19"><span class='ocrx_word' id='word_1_143' title='bbox 410 2614 569 2696; x_wconf 85' lang='lat' dir='ltr'><strong>sapienter</strong></span> <span class='ocrx_word' id='word_1_144' title='bbox 590 2611 741 2685; x_wconf 90' lang='lat' dir='ltr'><strong>tulerunt,</strong></span> <span class='ocrx_word' id='word_1_145' title='bbox 763 2631 828 2674; x_wconf 91' lang='lat' dir='ltr'><strong>non</strong></span> <span class='ocrx_word' id='word_1_146' title='bbox 851 2630 916 2694; x_wconf 94' lang='lat' dir='ltr'><strong>quo</strong></span> <span class='ocrx_word' id='word_1_147' title='bbox 940 2611 1074 2694; x_wconf 89' lang='lat' dir='ltr'><strong>quisque</strong></span> <span class='ocrx_word' id='word_1_148' title='bbox 1096 2610 1298 2673; x_wconf 88' lang='lat' dir='ltr'><strong>incommodo</strong></span> <span class='ocrx_word' id='word_1_149' title='bbox 1320 2609 1459 2673; x_wconf 89' lang='lat' dir='ltr'><strong>adfectus</strong></span> <span class='ocrx_word' id='word_1_150' title='bbox 1481 2613 1530 2686; x_wconf 88' lang='lat' dir='ltr'><strong>sit,</strong></span> <span class='ocrx_word' id='word_1_151' title='bbox 1553 2614 1738 2696; x_wconf 89' lang='lat' dir='ltr'><strong>praedican·</strong></span> <span class='ocrx_word' id='word_1_152' title='bbox 1847 2641 1852 2650; x_wconf 97' lang='lat'><em>·</em></span> 
     </span>
     <span class='ocr_line' id='line_1_16' title="bbox 410 2701 1775 2790; baseline 0.001 -19"><span class='ocrx_word' id='word_1_153' title='bbox 410 2708 484 2771; x_wconf 93' lang='lat' dir='ltr'><strong>dnm</strong></span> <span class='ocrx_word' id='word_1_154' title='bbox 508 2714 565 2771; x_wconf 89' lang='lat' dir='ltr'><strong>est.</strong></span> <span class='ocrx_word' id='word_1_155' title='bbox 600 2705 769 2790; x_wconf 84' lang='lat' dir='ltr'><strong>Chrysippi</strong></span> <span class='ocrx_word' id='word_1_156' title='bbox 792 2705 833 2768; x_wconf 89' lang='lat' dir='ltr'><strong>ad</strong></span> <span class='ocrx_word' id='word_1_157' title='bbox 856 2704 1018 2767; x_wconf 87' lang='lat' dir='ltr'><strong>veritatem</strong></span> <span class='ocrx_word' id='word_1_158' title='bbox 1041 2701 1219 2767; x_wconf 88' lang='lat' dir='ltr'><strong>firmissima</strong></span> <span class='ocrx_word' id='word_1_159' title='bbox 1241 2712 1304 2779; x_wconf 91' lang='lat' dir='ltr'><strong>est,</strong></span> <span class='ocrx_word' id='word_1_160' title='bbox 1327 2705 1366 2767; x_wconf 91' lang='lat' dir='ltr'><strong>ad</strong></span> <span class='ocrx_word' id='word_1_161' title='bbox 1389 2714 1513 2788; x_wconf 92' lang='lat' dir='ltr'><strong>tempus</strong></span> <span class='ocrx_word' id='word_1_162' title='bbox 1532 2707 1775 2790; x_wconf 83' lang='lat' dir='ltr'><strong>aegritudiuists</strong></span> 
     </span>
     <span class='ocr_line' id='line_1_17' title="bbox 410 2797 1738 2886; baseline -0.002 -20"><span class='ocrx_word' id='word_1_163' title='bbox 410 2799 557 2867; x_wconf 85' lang='lat' dir='ltr'><strong>difficilis.</strong></span> <span class='ocrx_word' id='word_1_164' title='bbox 589 2801 735 2883; x_wconf 81' lang='lat' dir='ltr'><strong>Magnum</strong></span> <span class='ocrx_word' id='word_1_165' title='bbox 760 2819 841 2882; x_wconf 94' lang='lat' dir='ltr'><strong>opus</strong></span> <span class='ocrx_word' id='word_1_166' title='bbox 864 2806 912 2860; x_wconf 92' lang='lat' dir='ltr'><strong>est</strong></span> <span class='ocrx_word' id='word_1_167' title='bbox 935 2799 1068 2881; x_wconf 90' lang='lat' dir='ltr'><strong>probare</strong></span> <span class='ocrx_word' id='word_1_168' title='bbox 1091 2799 1242 2861; x_wconf 90' lang='lat' dir='ltr'><strong>maerenti</strong></span> <span class='ocrx_word' id='word_1_169' title='bbox 1265 2797 1353 2860; x_wconf 94' lang='lat' dir='ltr'><strong>illum</strong></span> <span class='ocrx_word' id='word_1_170' title='bbox 1375 2819 1433 2862; x_wconf 87' lang='lat' dir='ltr'><strong>suo</strong></span> <span class='ocrx_word' id='word_1_171' title='bbox 1448 2799 1566 2864; x_wconf 91' lang='lat' dir='ltr'><strong>iudicio</strong></span> <span class='ocrx_word' id='word_1_172' title='bbox 1581 2809 1627 2876; x_wconf 92' lang='lat' dir='ltr'><strong>et,</strong></span> <span class='ocrx_word' id='word_1_173' title='bbox 1651 2802 1738 2886; x_wconf 91' lang='lat' dir='ltr'><strong>quod</strong></span> 
     </span>
     <span class='ocr_line' id='line_1_18' title="bbox 410 2892 1737 2978; baseline -0.004 -16"><span class='ocrx_word' id='word_1_174' title='bbox 410 2919 443 2962; x_wconf 87' lang='lat' dir='ltr'><strong>se</strong></span> <span class='ocrx_word' id='word_1_175' title='bbox 464 2899 508 2960; x_wconf 90' lang='lat' dir='ltr'><strong>ita</strong></span> <span class='ocrx_word' id='word_1_176' title='bbox 530 2901 620 2978; x_wconf 90' lang='lat' dir='ltr'><strong>putet</strong></span> <span class='ocrx_word' id='word_1_177' title='bbox 641 2901 785 2977; x_wconf 93' lang='lat' dir='ltr'><strong>oportere</strong></span> <span class='ocrx_word' id='word_1_178' title='bbox 809 2893 929 2965; x_wconf 85' lang='lat' dir='ltr'><strong>faeere,</strong></span> <span class='ocrx_word' id='word_1_179' title='bbox 952 2913 1103 2955; x_wconf 87' lang='lat' dir='ltr'><strong>maerere.</strong></span> <span class='ocrx_word' id='word_1_180' title='bbox 1135 2893 1290 2955; x_wconf 89' lang='lat' dir='ltr'><strong>Nimirum</strong></span> <span class='ocrx_word' id='word_1_181' title='bbox 1313 2892 1422 2973; x_wconf 89' lang='lat' dir='ltr'><strong>igitur,</strong></span> <span class='ocrx_word' id='word_1_182' title='bbox 1446 2893 1533 2956; x_wconf 92' lang='lat' dir='ltr'><strong>utin</strong></span> <span class='ocrx_word' id='word_1_183' title='bbox 1556 2897 1658 2959; x_wconf 88' lang='lat' dir='ltr'><strong>causis</strong></span> <span class='ocrx_word' id='word_1_184' title='bbox 1674 2916 1737 2958; x_wconf 94' lang='lat' dir='ltr'><strong>non</strong></span> 
     </span>
     <span class='ocr_line' id='line_1_19' title="bbox 411 2984 1739 3073; baseline -0.001 -19"><span class='ocrx_word' id='word_1_185' title='bbox 411 3008 536 3073; x_wconf 88' lang='lat' dir='ltr'><strong>semper</strong></span> <span class='ocrx_word' id='word_1_186' title='bbox 556 2988 675 3050; x_wconf 92' lang='lat' dir='ltr'><strong>utimur</strong></span> <span class='ocrx_word' id='word_1_187' title='bbox 696 2988 808 3049; x_wconf 91' lang='lat' dir='ltr'><strong>eodem</strong></span> <span class='ocrx_word' id='word_1_188' title='bbox 831 2994 912 3049; x_wconf 88' lang='lat' dir='ltr'><strong>statu</strong></span> <span class='ocrx_word' id='word_1_189' title='bbox 933 2987 1034 3047; x_wconf 92' lang='lat' dir='ltr'><strong>-sic</strong></span> <span class='ocrx_word' id='word_1_190' title='bbox 1057 2986 1139 3048; x_wconf 90' lang='lat' dir='ltr'><strong>enim</strong></span> <span class='ocrx_word' id='word_1_191' title='bbox 1162 2984 1357 3067; x_wconf 87' lang='lat' dir='ltr'><strong>appellamus</strong></span> <span class='ocrx_word' id='word_1_192' title='bbox 1379 2990 1661 3052; x_wconf 88' lang='lat' dir='ltr'><strong>controversiarum</strong></span> <span class='ocrx_word' id='word_1_193' title='bbox 1685 3011 1739 3072; x_wconf 90' lang='lat' dir='ltr'><strong>ge-</strong></span> 
     </span>
     <span class='ocr_line' id='line_1_20' title="bbox 410 3080 1818 3163; baseline -0.002 -15"><span class='ocrx_word' id='word_1_194' title='bbox 410 3104 486 3149; x_wconf 89' lang='lat' dir='ltr'><strong>nera</strong></span> <span class='ocrx_word' id='word_1_195' title='bbox 508 3117 566 3155; x_wconf 91' lang='lat'><strong>-‚</strong></span> <span class='ocrx_word' id='word_1_196' title='bbox 588 3080 644 3143; x_wconf 90' lang='lat' dir='ltr'><strong>sed</strong></span> <span class='ocrx_word' id='word_1_197' title='bbox 666 3080 705 3143; x_wconf 90' lang='lat' dir='ltr'><strong>ad</strong></span> <span class='ocrx_word' id='word_1_198' title='bbox 729 3088 868 3163; x_wconf 88' lang='lat' dir='ltr'><strong>tempus,</strong></span> <span class='ocrx_word' id='word_1_199' title='bbox 891 3080 930 3142; x_wconf 91' lang='lat' dir='ltr'><strong>ad</strong></span> <span class='ocrx_word' id='word_1_200' title='bbox 948 3080 1181 3143; x_wconf 84' lang='lat' dir='ltr'><strong>coutroversiae</strong></span> <span class='ocrx_word' id='word_1_201' title='bbox 1197 3087 1358 3153; x_wconf 88' lang='lat' dir='ltr'><strong>naturam,</strong></span> <span class='ocrx_word' id='word_1_202' title='bbox 1381 3080 1420 3142; x_wconf 90' lang='lat' dir='ltr'><strong>ad</strong></span> <span class='ocrx_word' id='word_1_203' title='bbox 1436 3099 1601 3163; x_wconf 89' lang='lat' dir='ltr'><strong>personam</strong></span> <span class='ocrx_word' id='word_1_204' title='bbox 1616 3102 1739 3145; x_wconf 88' lang='lat' dir='ltr'><strong>accom-</strong></span> <span class='ocrx_word' id='word_1_205' title='bbox 1816 3095 1818 3099; x_wconf 83' lang='lat'>&#39;</span> 
     </span>
     <span class='ocr_line' id='line_1_21' title="bbox 385 3173 1776 3261; baseline 0 -18"><span class='ocrx_word' id='word_1_206' title='bbox 385 3249 390 3257; x_wconf 59' lang='grc'>,</span> <span class='ocrx_word' id='word_1_207' title='bbox 411 3178 592 3251; x_wconf 91' lang='lat' dir='ltr'><strong>modamus‚</strong></span> <span class='ocrx_word' id='word_1_208' title='bbox 615 3177 713 3239; x_wconf 90' lang='lat' dir='ltr'><strong>sicin</strong></span> <span class='ocrx_word' id='word_1_209' title='bbox 735 3175 930 3257; x_wconf 88' lang='lat' dir='ltr'><strong>aegritudine</strong></span> <span class='ocrx_word' id='word_1_210' title='bbox 953 3174 1100 3237; x_wconf 88' lang='lat' dir='ltr'><strong>lenienda</strong></span> <span class='ocrx_word' id='word_1_211' title='bbox 1116 3193 1210 3256; x_wconf 91' lang='lat' dir='ltr'><strong>quam</strong></span> <span class='ocrx_word' id='word_1_212' title='bbox 1227 3173 1365 3256; x_wconf 91' lang='lat' dir='ltr'><strong>quisque</strong></span> <span class='ocrx_word' id='word_1_213' title='bbox 1381 3176 1575 3238; x_wconf 90' lang='lat' dir='ltr'><strong>curationem</strong></span> <span class='ocrx_word' id='word_1_214' title='bbox 1597 3177 1776 3261; x_wconf 72' lang='lat' dir='ltr'><strong>reciperem</strong></span> 
     </span>
     <span class='ocr_line' id='line_1_22' title="bbox 411 3267 1739 3357; baseline 0 -22"><span class='ocrx_word' id='word_1_215' title='bbox 411 3272 513 3357; x_wconf 88' lang='lat' dir='ltr'><strong>possit</strong></span> <span class='ocrx_word' id='word_1_216' title='bbox 533 3270 705 3334; x_wconf 85' lang='lat' dir='ltr'><strong>videndum</strong></span> <span class='ocrx_word' id='word_1_217' title='bbox 729 3279 786 3333; x_wconf 91' lang='lat' dir='ltr'><strong>est.</strong></span> <span class='ocrx_word' id='word_1_218' title='bbox 820 3267 871 3331; x_wconf 88' lang='lat'><strong>80.</strong></span> <span class='ocrx_word' id='word_1_219' title='bbox 889 3268 950 3330; x_wconf 88' lang='lat' dir='ltr'><strong>Sed</strong></span> <span class='ocrx_word' id='word_1_220' title='bbox 966 3269 1073 3331; x_wconf 84' lang='lat' dir='ltr'><strong>nescio</strong></span> <span class='ocrx_word' id='word_1_221' title='bbox 1091 3286 1153 3350; x_wconf 93' lang='lat' dir='ltr'><strong>quo</strong></span> <span class='ocrx_word' id='word_1_222' title='bbox 1170 3276 1261 3350; x_wconf 89' lang='lat' dir='ltr'><strong>pacto</strong></span> <span class='ocrx_word' id='word_1_223' title='bbox 1277 3268 1379 3342; x_wconf 90' lang='lat' dir='ltr'><strong>abeo,</strong></span> <span class='ocrx_word' id='word_1_224' title='bbox 1403 3268 1488 3350; x_wconf 94' lang='lat' dir='ltr'><strong>quod</strong></span> <span class='ocrx_word' id='word_1_225' title='bbox 1505 3279 1571 3333; x_wconf 90' lang='lat' dir='ltr'><strong>erat</strong></span> <span class='ocrx_word' id='word_1_226' title='bbox 1585 3290 1604 3333; x_wconf 99' lang='lat' dir='ltr'><strong>a</strong></span> <span class='ocrx_word' id='word_1_227' title='bbox 1619 3280 1649 3334; x_wconf 90' lang='lat' dir='ltr'><strong>te</strong></span> <span class='ocrx_word' id='word_1_228' title='bbox 1664 3292 1739 3354; x_wconf 92' lang='lat' dir='ltr'><strong>pro·</strong></span> 
     </span>
     <span class='ocr_line' id='line_1_23' title="bbox 411 3362 1739 3450; baseline -0.002 -21"><span class='ocrx_word' id='word_1_229' title='bbox 411 3366 566 3450; x_wconf 90' lang='lat' dir='ltr'><strong>positum,</strong></span> <span class='ocrx_word' id='word_1_230' title='bbox 588 3365 744 3427; x_wconf 84' lang='lat' dir='ltr'><strong>aberravit</strong></span> <span class='ocrx_word' id='word_1_231' title='bbox 759 3364 870 3426; x_wconf 91' lang='lat' dir='ltr'><strong>oratio.</strong></span> <span class='ocrx_word' id='word_1_232' title='bbox 898 3364 945 3424; x_wconf 91' lang='lat' dir='ltr'><strong>Tu</strong></span> <span class='ocrx_word' id='word_1_233' title='bbox 962 3363 1044 3424; x_wconf 90' lang='lat' dir='ltr'><strong>enim</strong></span> <span class='ocrx_word' id='word_1_234' title='bbox 1061 3362 1101 3423; x_wconf 93' lang='lat' dir='ltr'><strong>de</strong></span> <span class='ocrx_word' id='word_1_235' title='bbox 1116 3363 1257 3443; x_wconf 89' lang='lat' dir='ltr'><strong>sapiente</strong></span> <span class='ocrx_word' id='word_1_236' title='bbox 1273 3363 1463 3444; x_wconf 89' lang='lat' dir='ltr'><strong>quaesieras,</strong></span> <span class='ocrx_word' id='word_1_237' title='bbox 1487 3362 1538 3425; x_wconf 93' lang='lat' dir='ltr'><strong>cui</strong></span> <span class='ocrx_word' id='word_1_238' title='bbox 1554 3365 1739 3428; x_wconf 88' lang='lat' dir='ltr'><strong>animalum</strong></span> 
     </span>
     <span class='ocr_line' id='line_1_24' title="bbox 411 3455 1867 3540; baseline 0 -18"><span class='ocrx_word' id='word_1_239' title='bbox 411 3460 511 3522; x_wconf 78' lang='lat' dir='ltr'><strong>videri</strong></span> <span class='ocrx_word' id='word_1_240' title='bbox 532 3458 657 3521; x_wconf 92' lang='lat' dir='ltr'><strong>nullum</strong></span> <span class='ocrx_word' id='word_1_241' title='bbox 680 3465 802 3540; x_wconf 91' lang='lat' dir='ltr'><strong>potest,</strong></span> <span class='ocrx_word' id='word_1_242' title='bbox 826 3455 910 3537; x_wconf 94' lang='lat' dir='ltr'><strong>quod</strong></span> <span class='ocrx_word' id='word_1_243' title='bbox 933 3465 1023 3519; x_wconf 85' lang='lat' dir='ltr'><strong>vacet</strong></span> <span class='ocrx_word' id='word_1_244' title='bbox 1044 3455 1257 3537; x_wconf 90' lang='lat' dir='ltr'><strong>turpitudine,</strong></span> <span class='ocrx_word' id='word_1_245' title='bbox 1279 3463 1334 3518; x_wconf 91' lang='lat' dir='ltr'><strong>aut</strong></span> <span class='ocrx_word' id='word_1_246' title='bbox 1348 3456 1390 3518; x_wconf 90' lang='lat' dir='ltr'><strong>ita</strong></span> <span class='ocrx_word' id='word_1_247' title='bbox 1410 3476 1538 3538; x_wconf 82' lang='lat' dir='ltr'><strong>parvum</strong></span> <span class='ocrx_word' id='word_1_248' title='bbox 1556 3458 1681 3533; x_wconf 90' lang='lat' dir='ltr'><strong>malum,</strong></span> <span class='ocrx_word' id='word_1_249' title='bbox 1704 3468 1740 3522; x_wconf 93' lang='lat' dir='ltr'><strong>ut</strong></span> <span class='ocrx_word' id='word_1_250' title='bbox 1862 3518 1867 3528; x_wconf 82' lang='lat'><strong>,</strong></span> 
     </span>
     <span class='ocr_line' id='line_1_25' title="bbox 412 3546 1853 3634; baseline -0.006 -19"><span class='ocrx_word' id='word_1_251' title='bbox 412 3554 445 3616; x_wconf 92' lang='lat' dir='ltr'><strong>id</strong></span> <span class='ocrx_word' id='word_1_252' title='bbox 472 3554 624 3617; x_wconf 87' lang='lat' dir='ltr'><strong>obruatur</strong></span> <span class='ocrx_word' id='word_1_253' title='bbox 650 3552 802 3633; x_wconf 87' lang='lat' dir='ltr'><strong>sapientia</strong></span> <span class='ocrx_word' id='word_1_254' title='bbox 831 3552 948 3634; x_wconf 88' lang='lat' dir='ltr'><strong>vixque</strong></span> <span class='ocrx_word' id='word_1_255' title='bbox 978 3558 1139 3633; x_wconf 89' lang='lat' dir='ltr'><strong>appareat,</strong></span> <span class='ocrx_word' id='word_1_256' title='bbox 1171 3550 1225 3632; x_wconf 90' lang='lat' dir='ltr'><strong>qui</strong></span> <span class='ocrx_word' id='word_1_257' title='bbox 1252 3546 1330 3611; x_wconf 90' lang='lat' dir='ltr'><strong>nihil</strong></span> <span class='ocrx_word' id='word_1_258' title='bbox 1354 3549 1505 3631; x_wconf 90' lang='lat' dir='ltr'><strong>opinione</strong></span> <span class='ocrx_word' id='word_1_259' title='bbox 1528 3548 1664 3633; x_wconf 88' lang='lat' dir='ltr'><strong>adfingat</strong></span> <span class='ocrx_word' id='word_1_260' title='bbox 1685 3553 1740 3613; x_wconf 88' lang='lat' dir='ltr'><strong>ad·</strong></span> <span class='ocrx_word' id='word_1_261' title='bbox 1851 3604 1853 3607; x_wconf 11' lang='grc' dir='ltr'><em>Α</em></span> 
     </span>
     <span class='ocr_line' id='line_1_26' title="bbox 414 3645 1777 3729; baseline 0.001 -20"><span class='ocrx_word' id='word_1_262' title='bbox 414 3655 580 3729; x_wconf 87' lang='lat' dir='ltr'><strong>sumatque</strong></span> <span class='ocrx_word' id='word_1_263' title='bbox 603 3646 642 3708; x_wconf 87' lang='lat' dir='ltr'><strong>ad</strong></span> <span class='ocrx_word' id='word_1_264' title='bbox 665 3645 910 3727; x_wconf 91' lang='lat' dir='ltr'><strong>aegritudinem,</strong></span> <span class='ocrx_word' id='word_1_265' title='bbox 935 3665 992 3707; x_wconf 92' lang='lat' dir='ltr'><strong>nec</strong></span> <span class='ocrx_word' id='word_1_266' title='bbox 1013 3645 1046 3706; x_wconf 94' lang='lat' dir='ltr'><strong>id</strong></span> <span class='ocrx_word' id='word_1_267' title='bbox 1068 3650 1158 3727; x_wconf 91' lang='lat' dir='ltr'><strong>putet</strong></span> <span class='ocrx_word' id='word_1_268' title='bbox 1180 3663 1249 3704; x_wconf 89' lang='lat' dir='ltr'><strong>esse</strong></span> <span class='ocrx_word' id='word_1_269' title='bbox 1272 3650 1406 3714; x_wconf 89' lang='lat' dir='ltr'><strong>rectum,</strong></span> <span class='ocrx_word' id='word_1_270' title='bbox 1430 3664 1463 3705; x_wconf 92' lang='lat' dir='ltr'><strong>se</strong></span> <span class='ocrx_word' id='word_1_271' title='bbox 1486 3664 1581 3724; x_wconf 90' lang='lat' dir='ltr'><strong>quam</strong></span> <span class='ocrx_word' id='word_1_272' title='bbox 1604 3646 1777 3715; x_wconf 72' lang='lat' dir='ltr'><strong>maximese</strong></span> 
     </span>
     <span class='ocr_line' id='line_1_27' title="bbox 413 3736 1739 3822; baseline -0.002 -18"><span class='ocrx_word' id='word_1_273' title='bbox 413 3742 586 3804; x_wconf 85' lang='lat' dir='ltr'><strong>excruciari</strong></span> <span class='ocrx_word' id='word_1_274' title='bbox 607 3741 756 3821; x_wconf 92' lang='lat' dir='ltr'><strong>luctuque</strong></span> <span class='ocrx_word' id='word_1_275' title='bbox 780 3736 907 3811; x_wconf 86' lang='lat' dir='ltr'><strong>confici,</strong></span> <span class='ocrx_word' id='word_1_276' title='bbox 931 3760 995 3822; x_wconf 93' lang='lat' dir='ltr'><strong>quo</strong></span> <span class='ocrx_word' id='word_1_277' title='bbox 1017 3738 1146 3821; x_wconf 89' lang='lat' dir='ltr'><strong>pravius</strong></span> <span class='ocrx_word' id='word_1_278' title='bbox 1168 3737 1245 3799; x_wconf 89' lang='lat' dir='ltr'><strong>nihil</strong></span> <span class='ocrx_word' id='word_1_279' title='bbox 1262 3756 1331 3799; x_wconf 91' lang='lat' dir='ltr'><strong>esse</strong></span> <span class='ocrx_word' id='word_1_280' title='bbox 1346 3736 1455 3819; x_wconf 88' lang='lat' dir='ltr'><strong>possit.</strong></span> <span class='ocrx_word' id='word_1_281' title='bbox 1485 3738 1621 3802; x_wconf 88' lang='lat' dir='ltr'><strong>Edocuit</strong></span> <span class='ocrx_word' id='word_1_282' title='bbox 1635 3747 1739 3802; x_wconf 88' lang='lat' dir='ltr'><strong>tamen</strong></span> 
     </span>
     <span class='ocr_line' id='line_1_28' title="bbox 412 3832 1741 3917; baseline -0.001 -19"><span class='ocrx_word' id='word_1_283' title='bbox 412 3835 505 3907; x_wconf 86' lang='lat' dir='ltr'><strong>ratio,</strong></span> <span class='ocrx_word' id='word_1_284' title='bbox 528 3840 563 3897; x_wconf 91' lang='lat' dir='ltr'><strong>ut</strong></span> <span class='ocrx_word' id='word_1_285' title='bbox 583 3834 660 3896; x_wconf 91' lang='lat' dir='ltr'><strong>mihi</strong></span> <span class='ocrx_word' id='word_1_286' title='bbox 684 3832 813 3917; x_wconf 91' lang='lat' dir='ltr'><strong>quidem</strong></span> <span class='ocrx_word' id='word_1_287' title='bbox 836 3833 974 3907; x_wconf 88' lang='lat' dir='ltr'><strong>videtur,</strong></span> <span class='ocrx_word' id='word_1_288' title='bbox 1004 3854 1072 3895; x_wconf 89' lang='lat' dir='ltr'><strong>cum</strong></span> <span class='ocrx_word' id='word_1_289' title='bbox 1096 3832 1156 3894; x_wconf 90' lang='lat' dir='ltr'><strong>boc</strong></span> <span class='ocrx_word' id='word_1_290' title='bbox 1178 3832 1281 3913; x_wconf 90' lang='lat' dir='ltr'><strong>ipsum</strong></span> <span class='ocrx_word' id='word_1_291' title='bbox 1304 3832 1429 3914; x_wconf 87' lang='lat' dir='ltr'><strong>proprie</strong></span> <span class='ocrx_word' id='word_1_292' title='bbox 1452 3852 1514 3894; x_wconf 91' lang='lat' dir='ltr'><strong>non</strong></span> <span class='ocrx_word' id='word_1_293' title='bbox 1537 3844 1741 3915; x_wconf 89' lang='lat' dir='ltr'><strong>quaereretur</strong></span> 
     </span>
     <span class='ocr_line' id='line_1_29' title="bbox 413 3923 1740 4011; baseline 0 -20"><span class='ocrx_word' id='word_1_294' title='bbox 413 3925 470 3991; x_wconf 88' lang='lat' dir='ltr'><strong>boc</strong></span> <span class='ocrx_word' id='word_1_295' title='bbox 493 3936 651 4010; x_wconf 92' lang='lat' dir='ltr'><strong>tempore,</strong></span> <span class='ocrx_word' id='word_1_296' title='bbox 679 3949 753 3989; x_wconf 91' lang='lat' dir='ltr'><strong>num</strong></span> <span class='ocrx_word' id='word_1_297' title='bbox 777 3928 853 4009; x_wconf 93' lang='lat' dir='ltr'><strong>quid</strong></span> <span class='ocrx_word' id='word_1_298' title='bbox 877 3935 959 3989; x_wconf 91' lang='lat' dir='ltr'><strong>esset</strong></span> <span class='ocrx_word' id='word_1_299' title='bbox 987 3927 1103 3988; x_wconf 87' lang='lat' dir='ltr'><strong>malum</strong></span> <span class='ocrx_word' id='word_1_300' title='bbox 1127 3926 1187 3986; x_wconf 92' lang='lat' dir='ltr'><strong>nisi</strong></span> <span class='ocrx_word' id='word_1_301' title='bbox 1211 3924 1296 4007; x_wconf 93' lang='lat' dir='ltr'><strong>quod</strong></span> <span class='ocrx_word' id='word_1_302' title='bbox 1319 3923 1404 3986; x_wconf 93' lang='lat' dir='ltr'><strong>idem</strong></span> <span class='ocrx_word' id='word_1_303' title='bbox 1427 3925 1490 3988; x_wconf 92' lang='lat' dir='ltr'><strong>dici</strong></span> <span class='ocrx_word' id='word_1_304' title='bbox 1511 3934 1601 4010; x_wconf 93' lang='lat' dir='ltr'><strong>turpe</strong></span> <span class='ocrx_word' id='word_1_305' title='bbox 1623 3936 1740 4011; x_wconf 90' lang='lat' dir='ltr'><strong>posset,</strong></span> 
     </span>
     <span class='ocr_line' id='line_1_30' title="bbox 413 4018 1789 4104; baseline 0.001 -20"><span class='ocrx_word' id='word_1_306' title='bbox 413 4029 516 4084; x_wconf 87' lang='lat' dir='ltr'><strong>tamen</strong></span> <span class='ocrx_word' id='word_1_307' title='bbox 539 4028 575 4082; x_wconf 90' lang='lat' dir='ltr'><strong>ut</strong></span> <span class='ocrx_word' id='word_1_308' title='bbox 597 4019 791 4094; x_wconf 87' lang='lat' dir='ltr'><strong>videremus,</strong></span> <span class='ocrx_word' id='word_1_309' title='bbox 815 4020 967 4104; x_wconf 90' lang='lat' dir='ltr'><strong>quicquid</strong></span> <span class='ocrx_word' id='word_1_310' title='bbox 991 4028 1075 4082; x_wconf 91' lang='lat' dir='ltr'><strong>esset</strong></span> <span class='ocrx_word' id='word_1_311' title='bbox 1097 4020 1128 4079; x_wconf 93' lang='lat' dir='ltr'><strong>in</strong></span> <span class='ocrx_word' id='word_1_312' title='bbox 1148 4018 1344 4099; x_wconf 89' lang='lat' dir='ltr'><strong>aegritudine</strong></span> <span class='ocrx_word' id='word_1_313' title='bbox 1360 4019 1449 4093; x_wconf 87' lang='lat' dir='ltr'><strong>rnali,</strong></span> <span class='ocrx_word' id='word_1_314' title='bbox 1472 4019 1504 4081; x_wconf 94' lang='lat' dir='ltr'><strong>id</strong></span> <span class='ocrx_word' id='word_1_315' title='bbox 1520 4039 1583 4081; x_wconf 93' lang='lat' dir='ltr'><strong>non</strong></span> <span class='ocrx_word' id='word_1_316' title='bbox 1598 4023 1740 4086; x_wconf 90' lang='lat' dir='ltr'><strong>naturale</strong></span> <span class='ocrx_word' id='word_1_317' title='bbox 1787 4037 1789 4042; x_wconf 84' lang='grc'><strong><em>·</em></strong></span> 
     </span>
     <span class='ocr_line' id='line_1_31' title="bbox 414 4111 1779 4196; baseline 0.003 -19"><span class='ocrx_word' id='word_1_318' title='bbox 414 4135 497 4189; x_wconf 86' lang='lat' dir='ltr'><strong>esse,</strong></span> <span class='ocrx_word' id='word_1_319' title='bbox 521 4113 578 4177; x_wconf 91' lang='lat' dir='ltr'><strong>sed</strong></span> <span class='ocrx_word' id='word_1_320' title='bbox 601 4112 779 4177; x_wconf 87' lang='lat' dir='ltr'><strong>voluntario</strong></span> <span class='ocrx_word' id='word_1_321' title='bbox 802 4116 919 4176; x_wconf 92' lang='lat' dir='ltr'><strong>iudicio</strong></span> <span class='ocrx_word' id='word_1_322' title='bbox 942 4122 972 4176; x_wconf 91' lang='lat' dir='ltr'><strong>et</strong></span> <span class='ocrx_word' id='word_1_323' title='bbox 995 4113 1153 4196; x_wconf 91' lang='lat' dir='ltr'><strong>opinionis</strong></span> <span class='ocrx_word' id='word_1_324' title='bbox 1176 4132 1282 4174; x_wconf 88' lang='lat' dir='ltr'><strong>errore</strong></span> <span class='ocrx_word' id='word_1_325' title='bbox 1305 4120 1507 4176; x_wconf 84' lang='lat' dir='ltr'><strong>contractum.</strong></span> <span class='ocrx_word' id='word_1_326' title='bbox 1541 4111 1591 4175; x_wconf 87' lang='lat' dir='ltr'><strong>8t.</strong></span> <span class='ocrx_word' id='word_1_327' title='bbox 1614 4117 1779 4181; x_wconf 76' lang='lat' dir='ltr'><strong>Tracta-to</strong></span> 
     </span>
     <span class='ocr_line' id='line_1_32' title="bbox 414 4206 1740 4289; baseline 0.002 -19"><span class='ocrx_word' id='word_1_328' title='bbox 414 4217 477 4271; x_wconf 90' lang='lat' dir='ltr'><strong>tum</strong></span> <span class='ocrx_word' id='word_1_329' title='bbox 509 4217 557 4271; x_wconf 90' lang='lat' dir='ltr'><strong>est</strong></span> <span class='ocrx_word' id='word_1_330' title='bbox 586 4217 688 4271; x_wconf 89' lang='lat' dir='ltr'><strong>autem</strong></span> <span class='ocrx_word' id='word_1_331' title='bbox 720 4209 849 4270; x_wconf 91' lang='lat' dir='ltr'><strong>anobis</strong></span> <span class='ocrx_word' id='word_1_332' title='bbox 878 4208 909 4270; x_wconf 92' lang='lat' dir='ltr'><strong>id</strong></span> <span class='ocrx_word' id='word_1_333' title='bbox 933 4229 1032 4288; x_wconf 90' lang='lat' dir='ltr'><strong>genus</strong></span> <span class='ocrx_word' id='word_1_334' title='bbox 1055 4206 1273 4288; x_wconf 87' lang='lat' dir='ltr'><strong>aegritudinis,</strong></span> <span class='ocrx_word' id='word_1_335' title='bbox 1304 4206 1388 4289; x_wconf 94' lang='lat' dir='ltr'><strong>quod</strong></span> <span class='ocrx_word' id='word_1_336' title='bbox 1412 4228 1509 4270; x_wconf 93' lang='lat' dir='ltr'><strong>uuum</strong></span> <span class='ocrx_word' id='word_1_337' title='bbox 1532 4217 1579 4270; x_wconf 92' lang='lat' dir='ltr'><strong>est</strong></span> <span class='ocrx_word' id='word_1_338' title='bbox 1601 4211 1740 4274; x_wconf 90' lang='lat' dir='ltr'><strong>omnium</strong></span> 
     </span>
     <span class='ocr_line' id='line_1_33' title="bbox 414 4299 1741 4385; baseline 0.003 -22"><span class='ocrx_word' id='word_1_339' title='bbox 414 4323 611 4373; x_wconf 80' lang='lat' dir='ltr'><strong>maxumum,</strong></span> <span class='ocrx_word' id='word_1_340' title='bbox 634 4312 669 4364; x_wconf 93' lang='lat' dir='ltr'><strong>ut</strong></span> <span class='ocrx_word' id='word_1_341' title='bbox 691 4324 729 4364; x_wconf 91' lang='lat' dir='ltr'><strong>eo</strong></span> <span class='ocrx_word' id='word_1_342' title='bbox 751 4302 872 4365; x_wconf 90' lang='lat' dir='ltr'><strong>sublato</strong></span> <span class='ocrx_word' id='word_1_343' title='bbox 895 4304 1091 4385; x_wconf 89' lang='lat' dir='ltr'><strong>reliquorum</strong></span> <span class='ocrx_word' id='word_1_344' title='bbox 1111 4299 1249 4362; x_wconf 88' lang='lat' dir='ltr'><strong>remedia</strong></span> <span class='ocrx_word' id='word_1_345' title='bbox 1265 4321 1304 4362; x_wconf 91' lang='lat' dir='ltr'><strong>ne</strong></span> <span class='ocrx_word' id='word_1_346' title='bbox 1321 4320 1433 4382; x_wconf 87' lang='lat' dir='ltr'><strong>magno</strong></span> <span class='ocrx_word' id='word_1_347' title='bbox 1450 4322 1545 4384; x_wconf 90' lang='lat' dir='ltr'><strong>opere</strong></span> <span class='ocrx_word' id='word_1_348' title='bbox 1561 4302 1741 4385; x_wconf 86' lang='lat' dir='ltr'><strong>quaerenda</strong></span> 
     </span>
     <span class='ocr_line' id='line_1_34' title="bbox 415 4397 646 4459; baseline -0.009 -1"><span class='ocrx_word' id='word_1_349' title='bbox 415 4397 646 4459; x_wconf 91' lang='lat' dir='ltr'><strong>arbitraremur.</strong></span> 
     </span>
    </p>

    <p class='ocr_par' dir='ltr' id='par_1_5' title="bbox 413 4490 1778 5043">
     <span class='ocr_line' id='line_1_35' title="bbox 495 4490 1742 4575; baseline 0.006 -24"><span class='ocrx_word' id='word_1_350' title='bbox 495 4491 644 4552; x_wconf 81' lang='lat' dir='ltr'><strong>XXXIV.</strong></span> <span class='ocrx_word' id='word_1_351' title='bbox 674 4491 753 4553; x_wconf 87' lang='lat' dir='ltr'><strong>Sunt</strong></span> <span class='ocrx_word' id='word_1_352' title='bbox 780 4492 862 4553; x_wconf 90' lang='lat' dir='ltr'><strong>enim</strong></span> <span class='ocrx_word' id='word_1_353' title='bbox 890 4500 974 4554; x_wconf 91' lang='lat' dir='ltr'><strong>certa</strong></span> <span class='ocrx_word' id='word_1_354' title='bbox 1003 4510 1084 4573; x_wconf 87' lang='lat' dir='ltr'><strong>quae</strong></span> <span class='ocrx_word' id='word_1_355' title='bbox 1116 4490 1154 4552; x_wconf 93' lang='lat' dir='ltr'><strong>de</strong></span> <span class='ocrx_word' id='word_1_356' title='bbox 1183 4495 1379 4572; x_wconf 90' lang='lat' dir='ltr'><strong>paupertate,</strong></span> <span class='ocrx_word' id='word_1_357' title='bbox 1407 4499 1490 4553; x_wconf 87' lang='lat' dir='ltr'><strong>certa</strong></span> <span class='ocrx_word' id='word_1_358' title='bbox 1512 4512 1594 4575; x_wconf 92' lang='lat' dir='ltr'><strong>quae</strong></span> <span class='ocrx_word' id='word_1_359' title='bbox 1617 4493 1656 4556; x_wconf 93' lang='lat' dir='ltr'><strong>de</strong></span> <span class='ocrx_word' id='word_1_360' title='bbox 1679 4496 1742 4558; x_wconf 87' lang='lat' dir='ltr'><strong>vita</strong></span> 
     </span>
     <span class='ocr_line' id='line_1_36' title="bbox 414 4583 1778 4666; baseline 0.004 -21"><span class='ocrx_word' id='word_1_361' title='bbox 414 4583 601 4647; x_wconf 83' lang='lat' dir='ltr'><strong>inhonorata</strong></span> <span class='ocrx_word' id='word_1_362' title='bbox 616 4592 647 4646; x_wconf 93' lang='lat' dir='ltr'><strong>et</strong></span> <span class='ocrx_word' id='word_1_363' title='bbox 661 4584 793 4666; x_wconf 88' lang='lat' dir='ltr'><strong>ingloria</strong></span> <span class='ocrx_word' id='word_1_364' title='bbox 810 4585 871 4646; x_wconf 88' lang='lat' dir='ltr'><strong>dici</strong></span> <span class='ocrx_word' id='word_1_365' title='bbox 888 4585 1027 4659; x_wconf 81' lang='lat' dir='ltr'><strong>soleant3</strong></span> <span class='ocrx_word' id='word_1_366' title='bbox 1048 4584 1216 4666; x_wconf 88' lang='lat' dir='ltr'><strong>separatim</strong></span> <span class='ocrx_word' id='word_1_367' title='bbox 1233 4591 1337 4646; x_wconf 90' lang='lat' dir='ltr'><strong>certae</strong></span> <span class='ocrx_word' id='word_1_368' title='bbox 1352 4584 1477 4647; x_wconf 87' lang='lat' dir='ltr'><strong>scholae</strong></span> <span class='ocrx_word' id='word_1_369' title='bbox 1493 4595 1566 4648; x_wconf 91' lang='lat' dir='ltr'><strong>sunt</strong></span> <span class='ocrx_word' id='word_1_370' title='bbox 1581 4586 1619 4649; x_wconf 90' lang='lat' dir='ltr'><strong>de</strong></span> <span class='ocrx_word' id='word_1_371' title='bbox 1635 4587 1778 4663; x_wconf 68' lang='lat' dir='ltr'><strong>exilium</strong></span> 
     </span>
     <span class='ocr_line' id='line_1_37' title="bbox 416 4677 1739 4760; baseline 0.002 -18"><span class='ocrx_word' id='word_1_372' title='bbox 416 4677 454 4742; x_wconf 90' lang='lat' dir='ltr'><strong>de</strong></span> <span class='ocrx_word' id='word_1_373' title='bbox 481 4679 613 4741; x_wconf 90' lang='lat' dir='ltr'><strong>interitu</strong></span> <span class='ocrx_word' id='word_1_374' title='bbox 644 4680 783 4760; x_wconf 91' lang='lat' dir='ltr'><strong>patriae,</strong></span> <span class='ocrx_word' id='word_1_375' title='bbox 814 4678 852 4742; x_wconf 91' lang='lat' dir='ltr'><strong>de</strong></span> <span class='ocrx_word' id='word_1_376' title='bbox 878 4680 1046 4751; x_wconf 88' lang='lat' dir='ltr'><strong>servituto,</strong></span> <span class='ocrx_word' id='word_1_377' title='bbox 1077 4679 1115 4740; x_wconf 92' lang='lat' dir='ltr'><strong>de</strong></span> <span class='ocrx_word' id='word_1_378' title='bbox 1139 4677 1314 4749; x_wconf 87' lang='lat' dir='ltr'><strong>debilitate,</strong></span> <span class='ocrx_word' id='word_1_379' title='bbox 1338 4677 1377 4740; x_wconf 91' lang='lat' dir='ltr'><strong>de</strong></span> <span class='ocrx_word' id='word_1_380' title='bbox 1400 4680 1564 4752; x_wconf 81' lang='lat' dir='ltr'><strong>caecitate,</strong></span> <span class='ocrx_word' id='word_1_381' title='bbox 1591 4682 1630 4743; x_wconf 91' lang='lat' dir='ltr'><strong>de</strong></span> <span class='ocrx_word' id='word_1_382' title='bbox 1653 4683 1739 4745; x_wconf 91' lang='lat' dir='ltr'><strong>omni</strong></span> 
     </span>
     <span class='ocr_line' id='line_1_38' title="bbox 415 4772 1741 4859; baseline 0.003 -24"><span class='ocrx_word' id='word_1_383' title='bbox 415 4791 505 4846; x_wconf 70' lang='lat' dir='ltr'><strong>usu,</strong></span> <span class='ocrx_word' id='word_1_384' title='bbox 538 4774 572 4834; x_wconf 91' lang='lat' dir='ltr'><strong>in</strong></span> <span class='ocrx_word' id='word_1_385' title='bbox 605 4792 668 4854; x_wconf 93' lang='lat' dir='ltr'><strong>quo</strong></span> <span class='ocrx_word' id='word_1_386' title='bbox 697 4793 812 4835; x_wconf 90' lang='lat' dir='ltr'><strong>nomen</strong></span> <span class='ocrx_word' id='word_1_387' title='bbox 845 4774 919 4855; x_wconf 88' lang='lat' dir='ltr'><strong>poni</strong></span> <span class='ocrx_word' id='word_1_388' title='bbox 949 4773 1027 4835; x_wconf 88' lang='lat' dir='ltr'><strong>solet</strong></span> <span class='ocrx_word' id='word_1_389' title='bbox 1055 4772 1252 4834; x_wconf 88' lang='lat' dir='ltr'><strong>calamitatis.</strong></span> <span class='ocrx_word' id='word_1_390' title='bbox 1293 4772 1378 4834; x_wconf 90' lang='lat' dir='ltr'><strong>llaec</strong></span> <span class='ocrx_word' id='word_1_391' title='bbox 1408 4773 1517 4836; x_wconf 89' lang='lat' dir='ltr'><strong>Graeci</strong></span> <span class='ocrx_word' id='word_1_392' title='bbox 1547 4774 1578 4835; x_wconf 92' lang='lat' dir='ltr'><strong>in</strong></span> <span class='ocrx_word' id='word_1_393' title='bbox 1602 4776 1741 4859; x_wconf 86' lang='lat' dir='ltr'><strong>singulas</strong></span> 
     </span>
     <span class='ocr_line' id='line_1_39' title="bbox 415 4865 1742 4954; baseline 0.004 -26"><span class='ocrx_word' id='word_1_394' title='bbox 415 4865 540 4929; x_wconf 83' lang='lat' dir='ltr'><strong>scholas</strong></span> <span class='ocrx_word' id='word_1_395' title='bbox 565 4865 643 4927; x_wconf 91' lang='lat' dir='ltr'><strong>etin</strong></span> <span class='ocrx_word' id='word_1_396' title='bbox 660 4866 802 4948; x_wconf 89' lang='lat' dir='ltr'><strong>singulos</strong></span> <span class='ocrx_word' id='word_1_397' title='bbox 819 4868 913 4930; x_wconf 91' lang='lat' dir='ltr'><strong>libros</strong></span> <span class='ocrx_word' id='word_1_398' title='bbox 931 4868 1138 4949; x_wconf 87' lang='lat' dir='ltr'><strong>dispertiunt;</strong></span> <span class='ocrx_word' id='word_1_399' title='bbox 1161 4885 1241 4947; x_wconf 89' lang='lat' dir='ltr'><strong>opus</strong></span> <span class='ocrx_word' id='word_1_400' title='bbox 1257 4865 1339 4926; x_wconf 86' lang='lat' dir='ltr'><strong>enirn</strong></span> <span class='ocrx_word' id='word_1_401' title='bbox 1358 4875 1527 4949; x_wconf 81' lang='lat' dir='ltr'><strong>quaerunt3</strong></span> <span class='ocrx_word' id='word_1_402' title='bbox 1551 4888 1742 4954; x_wconf 88' lang='lat' dir='ltr'><strong>quamquam</strong></span> 
     </span>
     <span class='ocr_line' id='line_1_40' title="bbox 413 4955 1742 5043; baseline 0.003 -22"><span class='ocrx_word' id='word_1_403' title='bbox 413 4960 526 5042; x_wconf 89' lang='lat' dir='ltr'><strong>plenae</strong></span> <span class='ocrx_word' id='word_1_404' title='bbox 557 4959 787 5043; x_wconf 88' lang='lat' dir='ltr'><strong>disputationes</strong></span> <span class='ocrx_word' id='word_1_405' title='bbox 819 4961 1037 5023; x_wconf 83' lang='lat' dir='ltr'><strong>delectationis</strong></span> <span class='ocrx_word' id='word_1_406' title='bbox 1068 4969 1151 5023; x_wconf 87' lang='lat' dir='ltr'><strong>sunt.</strong></span> <span class='ocrx_word' id='word_1_407' title='bbox 1195 4955 1246 5021; x_wconf 68' lang='lat'><strong>82.</strong></span> <span class='ocrx_word' id='word_1_408' title='bbox 1274 4960 1315 5022; x_wconf 89' lang='lat' dir='ltr'><strong>Et</strong></span> <span class='ocrx_word' id='word_1_409' title='bbox 1340 4968 1444 5023; x_wconf 90' lang='lat' dir='ltr'><strong>tamen</strong></span> <span class='ocrx_word' id='word_1_410' title='bbox 1470 4971 1505 5024; x_wconf 96' lang='lat' dir='ltr'><strong>ut</strong></span> <span class='ocrx_word' id='word_1_411' title='bbox 1532 4962 1645 5025; x_wconf 86' lang='lat' dir='ltr'><strong>medici</strong></span> <span class='ocrx_word' id='word_1_412' title='bbox 1674 4971 1742 5026; x_wconf 93' lang='lat' dir='ltr'><strong>toto</strong></span> 
     </span>
    </p>
   </div>
   <div class='ocr_carea' id='block_1_4' title="bbox 412 5257 1745 5982">
    <p class='ocr_par' dir='ltr' id='par_1_6' title="bbox 412 5257 1745 5982">
     <span class='ocr_line' id='line_1_41' title="bbox 478 5257 1743 5322; baseline 0.004 -15"><span class='ocrx_word' id='word_1_413' title='bbox 478 5257 503 5307; x_wconf 76' lang='lat'><strong>2.</strong></span> <span class='ocrx_word' id='word_1_414' title='bbox 522 5257 668 5307; x_wconf 85' lang='lat' dir='ltr'><strong>baiolumC</strong></span> <span class='ocrx_word' id='word_1_415' title='bbox 690 5283 715 5293; x_wconf 94' lang='lat'>-</span> <span class='ocrx_word' id='word_1_416' title='bbox 740 5260 764 5307; x_wconf 80' lang='lat'><strong>5.</strong></span> <span class='ocrx_word' id='word_1_417' title='bbox 783 5257 852 5322; x_wconf 83' lang='lat' dir='ltr'><strong>num]</strong></span> <span class='ocrx_word' id='word_1_418' title='bbox 870 5264 922 5307; x_wconf 89' lang='lat' dir='ltr'><strong>tum</strong></span> <span class='ocrx_word' id='word_1_419' title='bbox 941 5259 959 5307; x_wconf 90' lang='lat' dir='ltr'>C</span> <span class='ocrx_word' id='word_1_420' title='bbox 981 5282 1006 5293; x_wconf 92' lang='lat'><em>—</em></span> <span class='ocrx_word' id='word_1_421' title='bbox 1027 5259 1208 5321; x_wconf 68' lang='lat' dir='ltr'><strong>aegritudinem</strong></span> <span class='ocrx_word' id='word_1_422' title='bbox 1226 5259 1274 5306; x_wconf 80' lang='lat' dir='ltr'><strong>ott</strong></span> <span class='ocrx_word' id='word_1_423' title='bbox 1297 5284 1322 5294; x_wconf 89' lang='lat'>-</span> <span class='ocrx_word' id='word_1_424' title='bbox 1342 5258 1511 5308; x_wconf 82' lang='lat' dir='ltr'><strong>utcibicdcuB</strong></span> <span class='ocrx_word' id='word_1_425' title='bbox 1527 5288 1553 5296; x_wconf 96' lang='lat'><em>-</em></span> <span class='ocrx_word' id='word_1_426' title='bbox 1573 5261 1597 5311; x_wconf 82' lang='lat' dir='ltr'><strong>o.</strong></span> <span class='ocrx_word' id='word_1_427' title='bbox 1615 5262 1743 5322; x_wconf 75' lang='lat' dir='ltr'><strong>iyccutsG</strong></span> 
     </span>
     <span class='ocr_line' id='line_1_42' title="bbox 416 5330 1741 5395; baseline 0.003 -13"><span class='ocrx_word' id='word_1_428' title='bbox 416 5356 444 5369; x_wconf 91' lang='lat'><em>—</em></span> <span class='ocrx_word' id='word_1_429' title='bbox 463 5334 525 5395; x_wconf 81' lang='lat' dir='ltr'><strong>quta</strong></span> <span class='ocrx_word' id='word_1_430' title='bbox 542 5333 724 5395; x_wconf 73' lang='lat' dir='ltr'><strong>aspritudinem</strong></span> <span class='ocrx_word' id='word_1_431' title='bbox 741 5334 791 5382; x_wconf 83' lang='lat' dir='ltr'><strong>GR</strong></span> <span class='ocrx_word' id='word_1_432' title='bbox 811 5360 838 5369; x_wconf 96' lang='lat'>-</span> <span class='ocrx_word' id='word_1_433' title='bbox 857 5334 881 5382; x_wconf 83' lang='lat'><strong>7.</strong></span> <span class='ocrx_word' id='word_1_434' title='bbox 899 5347 949 5382; x_wconf 87' lang='lat' dir='ltr'><strong>uou</strong></span> <span class='ocrx_word' id='word_1_435' title='bbox 967 5335 1046 5383; x_wconf 84' lang='lat' dir='ltr'><strong>animi</strong></span> <span class='ocrx_word' id='word_1_436' title='bbox 1062 5335 1125 5382; x_wconf 85' lang='lat' dir='ltr'><strong>mati</strong></span> <span class='ocrx_word' id='word_1_437' title='bbox 1143 5333 1161 5383; x_wconf 93' lang='lat' dir='ltr'>C</span> <span class='ocrx_word' id='word_1_438' title='bbox 1183 5358 1208 5370; x_wconf 93' lang='lat'><em>-</em></span> <span class='ocrx_word' id='word_1_439' title='bbox 1235 5333 1274 5385; x_wconf 71' lang='lat' dir='ltr'><strong>ii.</strong></span> <span class='ocrx_word' id='word_1_440' title='bbox 1294 5333 1359 5381; x_wconf 84' lang='lat' dir='ltr'><strong>euim</strong></span> <span class='ocrx_word' id='word_1_441' title='bbox 1375 5347 1428 5383; x_wconf 92' lang='lat' dir='ltr'><strong>om.</strong></span> <span class='ocrx_word' id='word_1_442' title='bbox 1448 5330 1477 5383; x_wconf 71' lang='grc' dir='ltr'><strong>(ἱ1</strong></span> <span class='ocrx_word' id='word_1_443' title='bbox 1497 5362 1525 5372; x_wconf 92' lang='grc'>-</span> <span class='ocrx_word' id='word_1_444' title='bbox 1544 5337 1582 5385; x_wconf 80' lang='lat' dir='ltr'><strong>to.</strong></span> <span class='ocrx_word' id='word_1_445' title='bbox 1602 5349 1663 5385; x_wconf 82' lang='lat' dir='ltr'><strong>onus</strong></span> <span class='ocrx_word' id='word_1_446' title='bbox 1679 5337 1698 5386; x_wconf 92' lang='lat' dir='ltr'>C</span> <span class='ocrx_word' id='word_1_447' title='bbox 1714 5362 1741 5371; x_wconf 93' lang='lat'>-</span> 
     </span>
     <span class='ocr_line' id='line_1_43' title="bbox 413 5406 1744 5473; baseline 0.002 -16"><span class='ocrx_word' id='word_1_448' title='bbox 413 5406 455 5459; x_wconf 84' lang='grc'><strong>48.</strong></span> <span class='ocrx_word' id='word_1_449' title='bbox 474 5408 639 5470; x_wconf 78' lang='lat' dir='ltr'><strong>appellamus]</strong></span> <span class='ocrx_word' id='word_1_450' title='bbox 657 5406 722 5456; x_wconf 88' lang='lat' dir='ltr'><strong>Vide</strong></span> <span class='ocrx_word' id='word_1_451' title='bbox 740 5407 773 5455; x_wconf 91' lang='lat' dir='ltr'><strong>ad</strong></span> <span class='ocrx_word' id='word_1_452' title='bbox 791 5409 825 5456; x_wconf 82' lang='lat' dir='ltr'><strong>lv</strong></span> <span class='ocrx_word' id='word_1_453' title='bbox 842 5407 856 5471; x_wconf 74' lang='lat' dir='ltr'>S</span> <span class='ocrx_word' id='word_1_454' title='bbox 876 5409 915 5457; x_wconf 68' lang='lat' dir='ltr'><strong>it.</strong></span> <span class='ocrx_word' id='word_1_455' title='bbox 930 5434 957 5443; x_wconf 97' lang='lat'><em>-</em></span> <span class='ocrx_word' id='word_1_456' title='bbox 977 5410 1017 5457; x_wconf 76' lang='lat'><strong>20.</strong></span> <span class='ocrx_word' id='word_1_457' title='bbox 1031 5409 1153 5457; x_wconf 80' lang='lat' dir='ltr'><strong>lenienda.</strong></span> <span class='ocrx_word' id='word_1_458' title='bbox 1172 5420 1232 5455; x_wconf 82' lang='lat' dir='ltr'><strong>uum</strong></span> <span class='ocrx_word' id='word_1_459' title='bbox 1243 5408 1350 5466; x_wconf 80' lang='lat' dir='ltr'><strong>quamC</strong></span> <span class='ocrx_word' id='word_1_460' title='bbox 1366 5434 1392 5443; x_wconf 95' lang='lat'><em>-</em></span> <span class='ocrx_word' id='word_1_461' title='bbox 1406 5408 1447 5459; x_wconf 74' lang='lat' dir='ltr'><strong>il.</strong></span> <span class='ocrx_word' id='word_1_462' title='bbox 1466 5410 1571 5473; x_wconf 68' lang='lat' dir='ltr'><strong>Mttuqit</strong></span> <span class='ocrx_word' id='word_1_463' title='bbox 1587 5411 1744 5469; x_wconf 80' lang='lat' dir='ltr'><strong>udusmitque</strong></span> 
     </span>
     <span class='ocr_line' id='line_1_44' title="bbox 412 5480 1744 5547; baseline 0 -16"><span class='ocrx_word' id='word_1_464' title='bbox 412 5487 672 5547; x_wconf 84' lang='lat' dir='ltr'><strong>··putct·-potest</strong></span> <span class='ocrx_word' id='word_1_465' title='bbox 695 5483 764 5531; x_wconf 81' lang='lat' dir='ltr'><strong>Bake</strong></span> <span class='ocrx_word' id='word_1_466' title='bbox 791 5480 843 5531; x_wconf 93' lang='grc'><strong>4.1.</strong></span> <span class='ocrx_word' id='word_1_467' title='bbox 863 5496 888 5546; x_wconf 91' lang='lat' dir='ltr'><strong>p.</strong></span> <span class='ocrx_word' id='word_1_468' title='bbox 908 5483 948 5532; x_wconf 77' lang='lat'><strong>96.</strong></span> <span class='ocrx_word' id='word_1_469' title='bbox 969 5507 997 5519; x_wconf 95' lang='lat'><em>-</em></span> <span class='ocrx_word' id='word_1_470' title='bbox 1022 5482 1062 5531; x_wconf 78' lang='lat' dir='ltr'><strong>st.</strong></span> <span class='ocrx_word' id='word_1_471' title='bbox 1079 5482 1200 5544; x_wconf 84' lang='lat' dir='ltr'><strong>proprius</strong></span> <span class='ocrx_word' id='word_1_472' title='bbox 1221 5481 1240 5530; x_wconf 87' lang='lat' dir='ltr'><strong>lt</strong></span> <span class='ocrx_word' id='word_1_473' title='bbox 1264 5482 1290 5529; x_wconf 91' lang='lat' dir='ltr'><strong>et</strong></span> <span class='ocrx_word' id='word_1_474' title='bbox 1313 5495 1330 5529; x_wconf 89' lang='lat' dir='ltr'><strong>u</strong></span> <span class='ocrx_word' id='word_1_475' title='bbox 1347 5480 1433 5531; x_wconf 86' lang='lat' dir='ltr'><strong>deleta</strong></span> <span class='ocrx_word' id='word_1_476' title='bbox 1452 5485 1471 5531; x_wconf 87' lang='lat' dir='ltr'>G</span> <span class='ocrx_word' id='word_1_477' title='bbox 1491 5509 1517 5518; x_wconf 89' lang='lat'><em>-</em></span> <span class='ocrx_word' id='word_1_478' title='bbox 1537 5484 1577 5533; x_wconf 75' lang='lat'><strong>28.</strong></span> <span class='ocrx_word' id='word_1_479' title='bbox 1596 5498 1662 5533; x_wconf 82' lang='lat' dir='ltr'><strong>nuuc</strong></span> <span class='ocrx_word' id='word_1_480' title='bbox 1678 5484 1744 5545; x_wconf 85' lang='lat' dir='ltr'><strong>quod</strong></span> 
     </span>
     <span class='ocr_line' id='line_1_45' title="bbox 414 5556 1742 5622; baseline -0.002 -14"><span class='ocrx_word' id='word_1_481' title='bbox 414 5559 451 5615; x_wconf 86' lang='lat' dir='ltr'><strong>C;</strong></span> <span class='ocrx_word' id='word_1_482' title='bbox 470 5572 530 5606; x_wconf 83' lang='lat' dir='ltr'><strong>num</strong></span> <span class='ocrx_word' id='word_1_483' title='bbox 547 5558 613 5619; x_wconf 82' lang='lat' dir='ltr'><strong>quod</strong></span> <span class='ocrx_word' id='word_1_484' title='bbox 630 5559 659 5606; x_wconf 84' lang='grc' dir='ltr'><strong>Ο.</strong></span> <span class='ocrx_word' id='word_1_485' title='bbox 687 5556 876 5607; x_wconf 85' lang='lat' dir='ltr'><strong>·Scribendum</strong></span> <span class='ocrx_word' id='word_1_486' title='bbox 899 5561 938 5607; x_wconf 92' lang='lat' dir='ltr'><strong>est</strong></span> <span class='ocrx_word' id='word_1_487' title='bbox 961 5571 1021 5606; x_wconf 82' lang='lat' dir='ltr'><strong>uum</strong></span> <span class='ocrx_word' id='word_1_488' title='bbox 1044 5557 1112 5617; x_wconf 85' lang='lat' dir='ltr'><strong>quid.</strong></span> <span class='ocrx_word' id='word_1_489' title='bbox 1141 5558 1230 5605; x_wconf 88' lang='lat' dir='ltr'><strong>Latine</strong></span> <span class='ocrx_word' id='word_1_490' title='bbox 1248 5557 1343 5605; x_wconf 91' lang='lat' dir='ltr'><strong>dicitur</strong></span> <span class='ocrx_word' id='word_1_491' title='bbox 1364 5560 1408 5606; x_wconf 91' lang='lat' dir='ltr'><strong>aut</strong></span> <span class='ocrx_word' id='word_1_492' title='bbox 1429 5558 1511 5606; x_wconf 80' lang='lat' dir='ltr'><strong>uitii</strong></span> <span class='ocrx_word' id='word_1_493' title='bbox 1529 5564 1563 5607; x_wconf 84' lang='lat' dir='ltr'><strong>ssi</strong></span> <span class='ocrx_word' id='word_1_494' title='bbox 1581 5559 1623 5620; x_wconf 86' lang='lat' dir='ltr'><strong>(est</strong></span> <span class='ocrx_word' id='word_1_495' title='bbox 1640 5556 1742 5622; x_wconf 80' lang='lat' dir='ltr'><strong>copula)</strong></span> 
     </span>
     <span class='ocr_line' id='line_1_46' title="bbox 412 5630 1741 5694; baseline 0 -12"><span class='ocrx_word' id='word_1_496' title='bbox 412 5634 510 5682; x_wconf 78' lang='lat' dir='ltr'><strong>matun</strong></span> <span class='ocrx_word' id='word_1_497' title='bbox 526 5633 575 5681; x_wconf 84' lang='lat' dir='ltr'><strong>nisi</strong></span> <span class='ocrx_word' id='word_1_498' title='bbox 593 5630 635 5693; x_wconf 87' lang='lat' dir='ltr'><strong>tid)</strong></span> <span class='ocrx_word' id='word_1_499' title='bbox 654 5634 720 5692; x_wconf 83' lang='lat' dir='ltr'><strong>quod</strong></span> <span class='ocrx_word' id='word_1_500' title='bbox 743 5638 813 5694; x_wconf 79' lang='lat' dir='ltr'><strong>turpe</strong></span> <span class='ocrx_word' id='word_1_501' title='bbox 833 5638 867 5681; x_wconf 85' lang='lat' dir='ltr'><strong>est</strong></span> <span class='ocrx_word' id='word_1_502' title='bbox 886 5634 927 5693; x_wconf 83' lang='lat' dir='ltr'><strong>(ct.</strong></span> <span class='ocrx_word' id='word_1_503' title='bbox 946 5634 976 5691; x_wconf 88' lang='grc'><strong>44,</strong></span> <span class='ocrx_word' id='word_1_504' title='bbox 996 5632 1036 5680; x_wconf 82' lang='lat' dir='ltr'><strong>ts.</strong></span> <span class='ocrx_word' id='word_1_505' title='bbox 1056 5632 1096 5681; x_wconf 80' lang='lat'><strong>30.</strong></span> <span class='ocrx_word' id='word_1_506' title='bbox 1116 5631 1147 5687; x_wconf 86' lang='lat' dir='ltr'><strong>V,</strong></span> <span class='ocrx_word' id='word_1_507' title='bbox 1166 5631 1205 5680; x_wconf 88' lang='grc'><strong>48.</strong></span> <span class='ocrx_word' id='word_1_508' title='bbox 1225 5631 1265 5680; x_wconf 68' lang='lat' dir='ltr'><strong>tt.</strong></span> <span class='ocrx_word' id='word_1_509' title='bbox 1284 5631 1324 5680; x_wconf 79' lang='lat' dir='ltr'><strong>st.</strong></span> <span class='ocrx_word' id='word_1_510' title='bbox 1343 5631 1423 5680; x_wconf 82' lang='lat' dir='ltr'><strong>Acad.</strong></span> <span class='ocrx_word' id='word_1_511' title='bbox 1443 5633 1473 5690; x_wconf 88' lang='lat' dir='ltr'><strong>il,</strong></span> <span class='ocrx_word' id='word_1_512' title='bbox 1494 5633 1548 5682; x_wconf 83' lang='grc'><strong>430.</strong></span> <span class='ocrx_word' id='word_1_513' title='bbox 1569 5633 1621 5681; x_wconf 88' lang='lat' dir='ltr'><strong>Ftn.</strong></span> <span class='ocrx_word' id='word_1_514' title='bbox 1640 5633 1682 5692; x_wconf 85' lang='lat' dir='ltr'><strong>iv,</strong></span> <span class='ocrx_word' id='word_1_515' title='bbox 1701 5631 1741 5682; x_wconf 81' lang='grc'><strong>54.</strong></span> 
     </span>
     <span class='ocr_line' id='line_1_47' title="bbox 413 5706 1741 5767; baseline 0.004 -14"><span class='ocrx_word' id='word_1_516' title='bbox 413 5707 446 5767; x_wconf 79' lang='lat' dir='ltr'><strong>V,</strong></span> <span class='ocrx_word' id='word_1_517' title='bbox 464 5706 504 5766; x_wconf 77' lang='lat'><strong>831</strong></span> <span class='ocrx_word' id='word_1_518' title='bbox 531 5710 576 5755; x_wconf 90' lang='lat' dir='ltr'><strong>ant</strong></span> <span class='ocrx_word' id='word_1_519' title='bbox 598 5707 713 5755; x_wconf 78' lang='lat' dir='ltr'><strong>auitum</strong></span> <span class='ocrx_word' id='word_1_520' title='bbox 735 5713 769 5755; x_wconf 81' lang='lat' dir='ltr'><strong>est</strong></span> <span class='ocrx_word' id='word_1_521' title='bbox 793 5711 824 5765; x_wconf 84' lang='lat' dir='ltr'><strong>tv.</strong></span> <span class='ocrx_word' id='word_1_522' title='bbox 849 5706 1053 5766; x_wconf 87' lang='lat' dir='ltr'><strong>substantivum)</strong></span> <span class='ocrx_word' id='word_1_523' title='bbox 1070 5707 1165 5754; x_wconf 87' lang='lat' dir='ltr'><strong>muium</strong></span> <span class='ocrx_word' id='word_1_524' title='bbox 1184 5710 1316 5767; x_wconf 83' lang='lat' dir='ltr'><strong>praeter</strong></span> <span class='ocrx_word' id='word_1_525' title='bbox 1335 5707 1512 5767; x_wconf 71' lang='lat' dir='ltr'><strong>turpitudinem</strong></span> <span class='ocrx_word' id='word_1_526' title='bbox 1531 5706 1572 5767; x_wconf 83' lang='lat' dir='ltr'><strong>(ci.</strong></span> <span class='ocrx_word' id='word_1_527' title='bbox 1591 5706 1622 5766; x_wconf 82' lang='lat' dir='ltr'><strong>V,</strong></span> <span class='ocrx_word' id='word_1_528' title='bbox 1641 5708 1681 5755; x_wconf 78' lang='lat' dir='ltr'><strong>st.</strong></span> <span class='ocrx_word' id='word_1_529' title='bbox 1701 5707 1741 5759; x_wconf 76' lang='lat'><strong>29.</strong></span> 
     </span>
     <span class='ocr_line' id='line_1_48' title="bbox 413 5779 1743 5844; baseline 0.001 -14"><span class='ocrx_word' id='word_1_530' title='bbox 413 5779 505 5830; x_wconf 78' lang='lat' dir='ltr'><strong>Famtt.</strong></span> <span class='ocrx_word' id='word_1_531' title='bbox 526 5781 557 5840; x_wconf 87' lang='lat' dir='ltr'><strong>lt,</strong></span> <span class='ocrx_word' id='word_1_532' title='bbox 576 5781 617 5842; x_wconf 84' lang='grc'><strong>46,</strong></span> <span class='ocrx_word' id='word_1_533' title='bbox 637 5782 660 5829; x_wconf 89' lang='grc'><strong>4.</strong></span> <span class='ocrx_word' id='word_1_534' title='bbox 681 5782 734 5830; x_wconf 86' lang='lat' dir='ltr'><strong>Fin.</strong></span> <span class='ocrx_word' id='word_1_535' title='bbox 754 5783 784 5839; x_wconf 88' lang='lat' dir='ltr'><strong>ll,</strong></span> <span class='ocrx_word' id='word_1_536' title='bbox 803 5783 826 5829; x_wconf 80' lang='lat'><strong>7.</strong></span> <span class='ocrx_word' id='word_1_537' title='bbox 846 5782 876 5840; x_wconf 80' lang='lat' dir='ltr'><strong>V,</strong></span> <span class='ocrx_word' id='word_1_538' title='bbox 890 5782 957 5843; x_wconf 66' lang='lat' dir='ltr'><strong>tii.»</strong></span> <span class='ocrx_word' id='word_1_539' title='bbox 976 5783 1017 5831; x_wconf 91' lang='lat' dir='ltr'><strong>W.</strong></span> <span class='ocrx_word' id='word_1_540' title='bbox 1035 5809 1059 5817; x_wconf 99' lang='lat'><em>-</em></span> <span class='ocrx_word' id='word_1_541' title='bbox 1081 5782 1121 5830; x_wconf 70' lang='lat'><strong>32.</strong></span> <span class='ocrx_word' id='word_1_542' title='bbox 1141 5794 1180 5829; x_wconf 85' lang='lat' dir='ltr'><strong>eos</strong></span> <span class='ocrx_word' id='word_1_543' title='bbox 1198 5784 1270 5830; x_wconf 71' lang='grc'><strong>64-</strong></span> <span class='ocrx_word' id='word_1_544' title='bbox 1286 5782 1506 5844; x_wconf 75' lang='lat' dir='ltr'><strong>magnoperec-</strong></span> <span class='ocrx_word' id='word_1_545' title='bbox 1526 5781 1566 5830; x_wconf 80' lang='grc'><strong>35.</strong></span> <span class='ocrx_word' id='word_1_546' title='bbox 1585 5782 1661 5830; x_wconf 78' lang='lat' dir='ltr'><strong>soient</strong></span> <span class='ocrx_word' id='word_1_547' title='bbox 1674 5782 1743 5831; x_wconf 84' lang='lat' dir='ltr'><strong>Bake</strong></span> 
     </span>
     <span class='ocr_line' id='line_1_49' title="bbox 413 5853 1745 5920; baseline 0.001 -15"><span class='ocrx_word' id='word_1_548' title='bbox 413 5854 433 5905; x_wconf 94' lang='grc'><strong>1.</strong></span> <span class='ocrx_word' id='word_1_549' title='bbox 451 5853 469 5904; x_wconf 93' lang='lat' dir='ltr'><strong>l.</strong></span> <span class='ocrx_word' id='word_1_550' title='bbox 489 5869 515 5920; x_wconf 91' lang='lat' dir='ltr'><strong>p.</strong></span> <span class='ocrx_word' id='word_1_551' title='bbox 534 5856 574 5904; x_wconf 79' lang='lat'><strong>97.</strong></span> <span class='ocrx_word' id='word_1_552' title='bbox 595 5881 622 5891; x_wconf 91' lang='lat'><em>-</em></span> <span class='ocrx_word' id='word_1_553' title='bbox 641 5856 723 5904; x_wconf 85' lang='lat' dir='ltr'><strong>scotus</strong></span> <span class='ocrx_word' id='word_1_554' title='bbox 739 5858 787 5905; x_wconf 83' lang='lat' dir='ltr'><strong>ou</strong></span> <span class='ocrx_word' id='word_1_555' title='bbox 808 5883 835 5893; x_wconf 93' lang='lat'>-</span> <span class='ocrx_word' id='word_1_556' title='bbox 855 5855 895 5905; x_wconf 85' lang='grc'><strong>36.</strong></span> <span class='ocrx_word' id='word_1_557' title='bbox 914 5856 1033 5906; x_wconf 73' lang='lat' dir='ltr'><strong>dibilitate</strong></span> <span class='ocrx_word' id='word_1_558' title='bbox 1051 5854 1078 5906; x_wconf 83' lang='lat' dir='ltr'><strong>it¹</strong></span> <span class='ocrx_word' id='word_1_559' title='bbox 1095 5883 1120 5893; x_wconf 90' lang='lat'><strong>·-</strong></span> <span class='ocrx_word' id='word_1_560' title='bbox 1139 5855 1180 5906; x_wconf 78' lang='lat'><strong>38.</strong></span> <span class='ocrx_word' id='word_1_561' title='bbox 1199 5858 1278 5907; x_wconf 83' lang='lat' dir='ltr'><strong>scotus</strong></span> <span class='ocrx_word' id='word_1_562' title='bbox 1295 5858 1384 5906; x_wconf 88' lang='lat' dir='ltr'><strong>Git-</strong></span> <span class='ocrx_word' id='word_1_563' title='bbox 1404 5856 1443 5907; x_wconf 84' lang='grc'><strong>39.</strong></span> <span class='ocrx_word' id='word_1_564' title='bbox 1458 5855 1553 5918; x_wconf 83' lang='lat' dir='ltr'><strong>piuuuc</strong></span> <span class='ocrx_word' id='word_1_565' title='bbox 1569 5857 1745 5919; x_wconf 78' lang='lat' dir='ltr'><strong>disputationis</strong></span> 
     </span>
     <span class='ocr_line' id='line_1_50' title="bbox 414 5930 793 5982; baseline 0.005 -2"><span class='ocrx_word' id='word_1_566' title='bbox 414 5931 436 5980; x_wconf 86' lang='lat' dir='ltr'>C</span> <span class='ocrx_word' id='word_1_567' title='bbox 456 5956 482 5966; x_wconf 96' lang='lat'><em>-</em></span> <span class='ocrx_word' id='word_1_568' title='bbox 501 5936 559 5979; x_wconf 78' lang='lat' dir='ltr'><strong>sunt</strong></span> <span class='ocrx_word' id='word_1_569' title='bbox 576 5930 743 5982; x_wconf 75' lang='lat' dir='ltr'><strong>detectotiouis</strong></span> <span class='ocrx_word' id='word_1_570' title='bbox 760 5931 793 5982; x_wconf 91' lang='lat'><strong>0.</strong></span> 
     </span>
    </p>
   </div>
   <div class='ocr_carea' id='block_1_5' title="bbox 0 0 2189 7459">
    <p class='ocr_par' dir='ltr' id='par_1_7' title="bbox 0 0 2189 7459">
     <span class='ocr_line' id='line_1_51' title="bbox 0 0 2189 7459; baseline 0 0"><span class='ocrx_word' id='word_1_571' title='bbox 0 0 2189 7459; x_wconf 95' lang='lat' dir='ltr'><strong> </strong></span> 
     </span>
    </p>
   </div>
  </div>
 </body>
</html>
