4342 7459
707 1234 822 1315 nnn
850 1233 1156 1300 mnu-nnn.
1182 1227 1441 1322 §sigo-nr.
1682 1228 1746 1296 aso

415 1397 500 1466 dicio
527 1416 568 1472 ne
594 1395 707 1474 beatos
729 1392 870 1478 quidem.
912 1392 995 1456 XLl.
1017 1390 1091 1455 itt.
1111 1396 1153 1458 At
1173 1392 1285 1457 dolore
1307 1398 1430 1456 vacant.
1469 1392 1559 1456 Satin
1582 1399 1630 1458 ast
1650 1392 1683 1457 id
1706 1391 1746 1456 ad

412 1490 501 1562 illam
522 1489 736 1554 abundantem
757 1487 850 1550 bouis
874 1487 970 1554 vitam
991 1488 1230 1552 beatissimam?
1264 1486 1402 1568 Cogitat,
1424 1485 1591 1569 inquiunt,
1613 1486 1745 1554 adsidue

410 1582 540 1650 beatum
562 1602 634 1654 esse
657 1602 711 1658 se;
734 1581 831 1645 habet
853 1582 937 1644 enim
960 1581 1039 1646 nibil
1062 1582 1166 1657 aliud,
1189 1581 1276 1665 quod
1298 1580 1444 1663 agitatio
1460 1585 1576 1644 mente.
1605 1579 1746 1662 Conpre-

410 1675 516 1742 hende
551 1676 649 1760 igitur
675 1674 782 1742 animo
811 1680 844 1735 et
870 1693 1015 1757 propone
1042 1685 1116 1739 ante
1139 1675 1249 1740 oculos
1272 1674 1366 1737 deum
1388 1674 1471 1738 nibil
1492 1672 1579 1737 aliud
1602 1672 1635 1736 in
1658 1673 1745 1738 omni

409 1769 599 1833 aeternitate
620 1769 683 1838 nisi
705 1767 825 1832 «Mihi
846 1768 1019 1849 pulchre
1038 1778 1125 1833 ests
1150 1777 1182 1832 et
1205 1770 1310 1851 «Ego
1326 1769 1464 1833 beatus
1480 1789 1586 1831 sums
1603 1768 1770 1852 cogitant

410 1873 486 1928 tem.
523 1865 590 1928 Nee
612 1872 718 1927 tamen
739 1861 852 1935 video,
874 1882 938 1945 quo
966 1864 1061 1930 modo
1088 1884 1153 1927 non
1178 1870 1289 1945 pereat
1317 1865 1378 1925 isto
1404 1862 1483 1926 deus
1511 1863 1641 1934 beatus,
1674 1882 1747 1925 cum

409 1958 480 2030 sine
501 1956 568 2020 ulla
595 1956 832 2020 intermissione
853 1956 999 2038 pulsetur
1020 1957 1221 2041 agiteturque
1251 1964 1428 2019 atomorum
1453 1956 1636 2020 incursione
1664 1975 1747 2024 sem·

408 2050 536 2133 piterna
565 2070 704 2133 cumque
732 2071 774 2113 cx
801 2050 873 2133 ipso
899 2048 1053 2133 imagines
1081 2069 1209 2132 semper
1237 2048 1379 2116 affluant.
1415 2049 1463 2115 lta
1485 2069 1544 2116 nec
1565 2048 1676 2116 beatus
1698 2053 1748 2112 est

410 2152 517 2208 vester
537 2143 616 2208 deus
639 2164 699 2206 nec
721 2152 879 2208 aeternus.
937 2224 940 2228 y

498 2233 569 2300 lib.
592 2240 633 2299 At
654 2237 750 2301 etiam
772 2238 812 2306 de
835 2237 1018 2312 sanctitate,
1041 2238 1081 2300 de
1103 2237 1221 2320 pietate
1242 2237 1395 2302 adversus
1410 2236 1487 2301 deos
1507 2235 1607 2300 libros
1621 2234 1748 2317 scripsit
1756 2244 1785 2292 ⁴⁰

408 2332 577 2415 Epicuros.
613 2333 655 2395 At
683 2351 749 2414 quo
779 2332 874 2394 modo
903 2332 937 2395 in
966 2330 1018 2395 bis
1047 2330 1215 2415 loquitur?
1246 2330 1287 2396 Ut
1315 2332 1361 2394 rt.
1384 2329 1616 2395 Coruncanium
1636 2338 1693 2394 aut
1713 2331 1747 2396 P.

406 2425 614 2499 Scaevolam,
637 2424 804 2508 pontifices
820 2427 990 2500 maximos,
1013 2433 1044 2487 te
1060 2424 1172 2489 audiie
1187 2425 1292 2499 dicas,
1313 2445 1379 2489 non
1400 2444 1490 2502 eum,
1512 2424 1570 2508 qui
1584 2423 1749 2492 sustulerit

409 2539 536 2588 omnam
558 2518 703 2588 [unditus
717 2519 921 2601 religionem,
942 2540 1003 2583 neo
1018 2518 1172 2594 manibus,
1194 2525 1231 2582 ut
1244 2517 1385 2593 Xerxes,
1407 2517 1464 2582 sed
1479 2517 1658 2584 rationibus
1671 2517 1749 2589 deos

409 2634 481 2677 rum
503 2612 719 2677 inmortalium
741 2612 861 2696 templa
882 2621 915 2676 et
935 2633 1006 2678 aras
1028 2613 1186 2677 everterit.
1224 2611 1310 2688 Quid
1332 2620 1382 2677 est
1403 2612 1504 2687 enim,
1530 2632 1588 2676 cur
1608 2610 1687 2677 tleos
1706 2610 1748 2682 ab

409 2704 594 2770 bominibus
615 2704 769 2771 colendos
791 2706 897 2782 dicas,
918 2728 990 2770 cum
1013 2708 1066 2771 dei
1088 2727 1154 2772 non
1174 2708 1271 2770 modo
1293 2704 1439 2772 homines
1460 2728 1526 2772 non
1547 2707 1668 2784 colant,
1691 2706 1786 2772 retis

410 2799 541 2862 omnino
563 2799 644 2862 nibil
667 2808 793 2873 curent,
822 2800 901 2862 nibil
930 2805 1054 2882 agant?
1099 2796 1171 2863 lib.
1193 2805 1233 2864 At
1253 2809 1302 2867 est
1323 2821 1433 2868 eorum
1454 2801 1570 2867 eximia
1591 2801 1748 2885 quaedem

409 2902 640 2977 praestansque
670 2902 801 2970 natura,
829 2903 866 2958 ut
888 2915 926 2958 ea
948 2894 1064 2958 debeat
1084 2896 1154 2978 ipsa
1174 2914 1234 2977 per
1255 2915 1291 2960 se
1312 2895 1353 2960 ad
1376 2914 1410 2960 se
1433 2894 1597 2964 colendam
1620 2894 1747 2958 allicere

408 2988 596 3070 sapientem.
640 2990 690 3050 An
721 2989 892 3072 quicquam
921 2987 1073 3052 eximium
1102 2995 1300 3071 potestesse
1322 2988 1356 3050 in
1378 2995 1562 3061 sanatura,
1585 3006 1748 3071 quassus

409 3082 575 3164 voluptate
598 3080 720 3146 laetans
743 3082 823 3148 nibil
845 3102 904 3145 nec
927 3091 1035 3146 actura
1056 3082 1098 3145 sit
1119 3101 1270 3166 umquam
1291 3101 1399 3166 neque
1420 3089 1493 3163 agat
1506 3100 1611 3163 oeque
1626 3082 1746 3166 egegitl

410 3174 500 3252 Quae
523 3194 619 3256 porro
641 3176 743 3258 pietas
766 3175 796 3237 ei
820 3175 970 3249 debetur,
993 3195 1012 3237 a
1034 3194 1098 3257 quo
1120 3173 1199 3236 nibil
1221 3175 1406 3256 acceperis?
1428 3181 1483 3244 aut
1505 3172 1583 3255 quid
1606 3177 1786 3250 omninum

408 3266 501 3332 cuius
523 3266 647 3341 nullum
668 3268 816 3332 meritum
839 3269 898 3342 sit,
921 3268 950 3332 ei
973 3267 1082 3334 deberi
1103 3269 1234 3351 potest?
1265 3268 1324 3331 Est
1339 3267 1425 3334 mim
1440 3267 1541 3351 pictas
1555 3268 1677 3334 iustitia
1691 3268 1748 3331 ad·

408 3380 535 3426 versum
558 3359 650 3435 deos,
673 3382 745 3425 cum
767 3361 885 3444 quibus
908 3360 984 3445 quid
1007 3370 1112 3443 potest
1126 3360 1220 3426 nobis
1235 3381 1306 3426 esse
1321 3362 1417 3436 iuris,
1437 3382 1509 3425 cum
1523 3360 1645 3428 bomini
1660 3362 1748 3428 nulla

409 3474 482 3534 corp
505 3452 566 3519 deo
587 3456 630 3530 sit
651 3455 886 3520 communitas?
919 3455 1076 3520 Sanctitas
1099 3464 1205 3521 autem
1227 3462 1277 3519 est
1298 3456 1434 3521 scientia
1448 3455 1656 3524 colendorum
1671 3457 1748 3526 deo

408 3569 494 3624 rum,
517 3548 572 3632 qui
596 3569 693 3632 quam
715 3550 756 3614 ob
778 3571 844 3613 rem
866 3548 993 3614 colendi
1015 3553 1080 3615 sint
1101 3571 1166 3615 non
1187 3549 1340 3634 intellego
1361 3549 1452 3615 nullu
1474 3569 1534 3614 nec
1554 3558 1685 3635 accepto
1706 3549 1747 3616 ab

409 3643 457 3708 eis
479 3662 540 3706 nec
562 3652 688 3728 sperato
711 3646 804 3710 bono.
1755 3651 1785 3706 tt

492 3736 591 3799 xllt.
614 3732 686 3800 tt7.
716 3739 803 3814 Quid
831 3748 879 3803 est
906 3746 1011 3803 autem
1034 3738 1121 3822 quud
1144 3738 1222 3801 deos
1243 3758 1434 3803 veneremur
1459 3742 1591 3822 propter
1612 3735 1747 3806 admira·

406 3829 528 3898 tionem
550 3830 620 3895 eius
643 3840 788 3908 naturae,
812 3833 846 3897 in
868 3854 932 3918 qua
951 3832 1114 3915 egregium
1130 3831 1210 3894 nihil
1225 3831 1391 3896 uidemust
1412 3832 1492 3894 Nam
1510 3830 1747 3914 superstitione,

408 3923 497 4007 quoti
518 3923 648 4005 gloriari
670 3925 797 4003 soletis,
819 3926 912 3991 facile
934 3934 983 3990 est
1004 3925 1149 4001 liberari,
1171 3946 1245 3990 cum
1267 3925 1435 3990 sustuleris
1450 3945 1579 3990 omnem
1592 3926 1657 3990 rim
1671 3924 1748 3994 deo·

407 4037 498 4091 rum,
520 4017 583 4081 nisi
606 4017 686 4083 sorte
709 4021 879 4102 Diagoram
901 4029 955 4085 aut
977 4020 1197 4095 Theodorum,
1228 4021 1284 4105 qui
1306 4021 1437 4084 omniuo
1458 4021 1536 4085 deos
1558 4039 1630 4084 esse
1651 4036 1747 4101 negt·

407 4110 501 4185 bant,
531 4132 642 4175 censes
669 4114 909 4195 superstitiosos
937 4134 1007 4177 esse
1036 4115 1188 4198 potuisse.
1219 4115 1288 4197 Ego
1310 4134 1351 4177 ne
1373 4116 1575 4196 Protagoram
1598 4112 1787 4197 quidenna

408 4204 461 4267 cui
485 4214 633 4271 neutrum
656 4206 794 4281 licuerit,
819 4229 877 4271 nec
894 4228 962 4271 esse
979 4209 1056 4274 deos
1071 4228 1130 4272 neo
1146 4228 1211 4271 non
1227 4229 1308 4273 esse.
1332 4208 1452 4273 Horum
1468 4208 1554 4271 enirn
1569 4206 1746 4290 sententiae

474 4497 499 4545 t.
518 4498 546 4544 ut
563 4495 613 4544 lc
632 4497 655 4557 tt
671 4495 698 4544 in
715 4508 769 4546 ras.
787 4496 839 4557 Al:
865 4509 882 4544 c
899 4496 948 4547 BE
966 4523 993 4532 -
1018 4498 1045 4546 id
1065 4498 1100 4546 od
1119 4510 1151 4547 ex
1171 4497 1339 4548 correctione
1358 4498 1386 4548 in
1403 4509 1496 4548 rasura
1513 4498 1535 4546 Α
1550 4521 1577 4532 -
1605 4497 1629 4549 3.
1647 4495 1748 4548 nauseet

408 4572 443 4626 Α;
460 4567 559 4619 babebit
575 4582 644 4620 corr.
664 4583 696 4619 er
714 4570 786 4619 babet
802 4570 821 4619 B
840 4596 867 4606 -
892 4572 956 4622 aliut
972 4576 1006 4632 Α;
1025 4574 1091 4622 item
1108 4586 1134 4621 v.
1153 4568 1177 4621 l.
1198 4596 1224 4606 -
1244 4572 1269 4623 6.
1285 4571 1389 4632 contre
1406 4573 1455 4621 C2:
1477 4572 1567 4633 putero
1584 4574 1619 4630 Α.
1641 4571 1747 4634 pulchro

408 4645 498 4696 ΒΘΗ
518 4669 553 4683 -
573 4644 849 4707 b.perect--bect1ss
866 4658 931 4696 nos:
955 4645 1219 4696 uersatur--beotns
1239 4650 1277 4704 Ας
1300 4646 1580 4697 monentur--beotus
1603 4647 1670 4706 CE;
1698 4658 1746 4697 ne·

407 4727 521 4770 masr-
533 4719 659 4779 -beotns,
681 4732 713 4768 ne
733 4721 839 4768 intereat
863 4720 920 4770 Bo.
947 4723 1025 4770 «Non
1043 4724 1097 4771 tam
1118 4723 1204 4783 agitur
1222 4719 1257 4770 de
1277 4720 1372 4769 timore
1393 4721 1514 4771 interitus
1534 4734 1616 4783 quem
1634 4721 1670 4771 de
1686 4722 1747 4786 ipso

408 4797 526 4846 interitu.
554 4796 646 4857 Neque
664 4796 735 4844 enim
754 4795 825 4857 quud
843 4797 965 4859 sequitur
980 4811 1024 4845 nec
1041 4795 1125 4845 beatos
1142 4795 1175 4844 ad
1193 4796 1265 4845 bunc
1286 4796 1409 4845 timorem
1430 4796 1553 4859 pertinet.
1575 4797 1632 4846 Non
1649 4795 1745 4846 beatus

408 4873 450 4920 est
467 4871 548 4932 deus,
568 4869 640 4933 quod
659 4868 721 4917 nihil
740 4870 801 4931 agit,
822 4883 874 4919 non
893 4875 1027 4931 aeternus,
1046 4870 1119 4935 quod
1136 4872 1290 4921 conteritur.
1318 4872 1409 4922 Fuitne
1427 4873 1479 4922 Nee
1495 4877 1578 4922 tomen
1593 4873 1664 4922 video
1681 4885 1745 4934 quo-

407 4947 481 4996 nsodo
498 4960 548 4995 non
565 4948 760 4994 conteretur
775 4945 821 4994 istc
841 4946 900 4994 deus
916 4947 975 5008 (nie
990 4961 1018 4997 er
1034 4949 1089 4997 dem
1104 4947 1236 5010 Ausreiben
1253 4949 1395 5011 entpebtl‘t·
1415 4949 1524 5000 Minuta.
1540 4972 1569 4985 -
1586 4947 1611 4996 t.
1630 4946 1746 4998 nurne-

406 5021 518 5070 nonen
543 5045 570 5055 -
594 5018 736 5068 incursione
752 5025 895 5068 otonwmm
911 5021 931 5069 0
950 5047 983 5057 —
1000 5022 1024 5073 8.
1042 5023 1147 5087 qfluont
1167 5023 1187 5072 0
1208 5047 1236 5058 -
1259 5024 1299 5072 ⁴0.
1318 5028 1345 5071 ot
1362 5036 1432 5073 corr.
1449 5036 1481 5072 er
1499 5022 1570 5071 udB
1593 5047 1621 5058 -
1643 5023 1686 5077 tt,
1707 5020 1742 5072 Ti.

409 5092 596 5156 Heindortius:
617 5106 670 5143 om.
690 5090 750 5144 ito.
770 5093 873 5143 Excidit
890 5101 899 5144 t
916 5096 978 5158 (qua
996 5110 1047 5146 una
1064 5110 1147 5160 saepe
1165 5095 1251 5147 littera
1268 5099 1349 5147 etiam
1366 5096 1454 5147 Tiberii
1471 5109 1637 5160 praenomen
1653 5097 1680 5147 in
1697 5110 1743 5148 eo·

407 5167 515 5217 dicibus
527 5167 699 5231 significatur,
714 5168 746 5219 cl.
757 5170 790 5219 lll
802 5170 817 5233 S
830 5170 854 5218 5.
868 5169 902 5218 dc
915 5170 997 5220 domo
1009 5185 1057 5222 sua
1070 5173 1085 5235 5
1099 5172 1139 5223 39.
1158 5173 1294 5222 Onomast.
1308 5170 1371 5223 Tull.
1384 5174 1406 5223 ll
1424 5185 1450 5236 p.
1465 5172 1520 5234 tes)
1538 5174 1608 5222 inter
1623 5170 1723 5221 litterae
1735 5176 1746 5221 t

409 5246 436 5293 et
452 5258 474 5293 c.
499 5270 521 5280 -
544 5245 741 5293 corruncanium
759 5248 798 5303 Α,
817 5247 1007 5295 cummunioni
1025 5247 1061 5305 C,
1080 5250 1250 5295 comutononr
1267 5246 1287 5296 Ε
1307 5272 1333 5283 -
1351 5247 1378 5297 Ρ.
1397 5246 1545 5297 &molem
1561 5243 1743 5296 Heindoriius:

406 5315 577 5379 pnueuotonri
594 5321 630 5373 Α;
653 5320 815 5381 nonuncium
833 5322 877 5382 tp.
895 5322 920 5370 in
938 5321 1039 5383 rasura)
1052 5322 1087 5374 C:
1106 5320 1239 5370 scoeuoion
1251 5320 1358 5384 (omisso
1376 5319 1558 5385 praenomine)
1576 5318 1622 5378 li¹;
1640 5332 1745 5371 acoeno-

407 5394 496 5444 taninn
513 5395 559 5451 1³²3
578 5394 738 5443 mencionem
756 5395 793 5452 Ες
812 5395 959 5445 Scaeuolam
976 5396 1005 5446 0.
1024 5396 1100 5446 Errat
1111 5395 1315 5445 Schoemannus
1326 5394 1431 5459 sibique
1443 5396 1492 5459 ipsi
1504 5393 1668 5452 contradicit.
1687 5391 1743 5443 b.l.

408 5468 443 5519 de
463 5470 556 5533 &into
574 5468 702 5520 Scaevola
721 5473 847 5534 cogitans.
867 5471 925 5522 Vid.
940 5472 972 5521 lli
990 5470 1041 5535 55.
1056 5495 1083 5506 -
1104 5471 1143 5519 ta.
1157 5470 1283 5519 mncimos
1293 5481 1347 5518 om.
1362 5470 1381 5519 C
1395 5494 1422 5504 -
1436 5468 1476 5518 43.
1487 5471 1587 5531 penitus
1597 5473 1742 5533 (superaus.

407 5546 612 5594 recentiorem.
631 5545 751 5607 funditus)
771 5547 790 5596 C
810 5572 837 5583 -
860 5551 994 5595 mesenus
1015 5546 1103 5607 (tertia
1119 5543 1203 5594 littera
1223 5543 1363 5607 expuncta)
1381 5545 1416 5600 Ας
1444 5543 1543 5593 litteras
1560 5549 1590 5593 to
1606 5545 1632 5593 in
1649 5555 1745 5594 rasura

406 5618 479 5670 babet
496 5620 534 5677 ῦς
552 5625 581 5670 nt
598 5634 696 5670 censes
714 5622 751 5678 (ῖς
772 5620 831 5671 tort.
849 5623 886 5671 nti
901 5622 1004 5672 Xerses
1026 5648 1053 5656 —
1073 5618 1113 5669 tt.
1132 5619 1245 5668 colendos
1261 5617 1294 5667 ob
1309 5617 1448 5667 bominibus
1465 5619 1525 5668 (1-
1545 5618 1586 5668 to.
1605 5618 1642 5668 nil
1657 5622 1746 5668 nense

407 5696 438 5745 A·
459 5720 485 5729 —
505 5700 532 5742 ut
550 5706 620 5744 corr.
634 5708 666 5743 ex
683 5695 753 5744 odit
774 5721 799 5730 -
820 5696 860 5744 ⁴7.
878 5696 966 5745 elicere
982 5692 1005 5746 ot
1023 5696 1059 5757 (in
1077 5694 1097 5744 li
1115 5694 1200 5758 prima
1218 5691 1303 5744 littera
1316 5696 1357 5743 est
1369 5706 1401 5743 ex
1414 5694 1586 5754 correctione)
1601 5719 1627 5729 -
1643 5694 1683 5743 49.
1695 5706 1744 5744 no·

408 5767 543 5822 masii
565 5796 589 5804 -
615 5771 657 5821 at.
676 5776 712 5821 en
732 5771 798 5820 enim
815 5772 897 5832 pistos
913 5770 1061 5822 estiuatitio
1079 5770 1098 5819 C
1119 5796 1146 5804 -
1171 5767 1212 5817 2³.
1231 5772 1265 5817 est
1283 5767 1319 5817 E:
1343 5768 1461 5818 senec
1481 5793 1508 5802 -
1533 5766 1574 5817 ab.
1593 5767 1682 5817 eisc:
1705 5767 1745 5819 bis

407 5846 503 5904 ΑΒΕς
523 5845 593 5896 iis0
614 5871 641 5881 -
659 5859 704 5896 nec
721 5850 822 5909 rperoto
839 5845 871 5894 cb
888 5846 923 5895 eis
940 5845 960 5895 C
979 5870 1006 5880 -
1025 5845 1067 5895 at.
1084 5843 1215 5893 omorio
1231 5842 1377 5907 Madvigius
1395 5842 1437 5906 tad
1455 5843 1510 5894 Cio.
1524 5841 1558 5892 de
1576 5843 1630 5894 Fin.
1646 5855 1672 5909 p.
1685 5842 1742 5908 tos)

406 5917 467 5971 coll.
487 5919 520 5986 81
536 5920 569 5971 sc
587 5923 614 5970 et
631 5919 691 5971 tte.
710 5943 738 5955 -
756 5919 797 5970 28.
815 5917 923 5970 liberare
938 5917 1028 5972 n1t¹c
1047 5942 1074 5955 —
1094 5917 1135 5970 ³0.
1150 5918 1248 5981 aaron
1263 5922 1294 5969 Δ.
