<?xml version="1.0" encoding="UTF-8"?>
<!DOCTYPE html PUBLIC "-//W3C//DTD XHTML 1.0 Transitional//EN"
    "http://www.w3.org/TR/xhtml1/DTD/xhtml1-transitional.dtd">
<html xmlns="http://www.w3.org/1999/xhtml" xml:lang="en" lang="en">
 <head>
  <title>
</title>
<meta http-equiv="Content-Type" content="text/html;charset=utf-8" />
  <meta name='ocr-system' content='tesseract 3.04.00' />
  <meta name='ocr-capabilities' content='ocr_page ocr_carea ocr_par ocr_line ocrx_word'/>
</head>
<body>
  <div class='ocr_page' id='page_1' title='image "./operaquaesupers00halmgoog/operaquaesupers00halmgoog_0102.png"; bbox 0 0 4342 7459; ppageno 0'>
   <div class='ocr_carea' id='block_1_1' title="bbox 438 1273 1475 1344">
    <p class='ocr_par' dir='ltr' id='par_1_1' title="bbox 438 1273 1475 1344">
     <span class='ocr_line' id='line_1_1' title="bbox 438 1273 1475 1344; baseline 0.002 -4"><span class='ocrx_word' id='word_1_1' title='bbox 438 1273 480 1340; x_wconf 81' lang='lat'><strong>86</strong></span> <span class='ocrx_word' id='word_1_2' title='bbox 725 1279 779 1344; x_wconf 83' lang='lat' dir='ltr'><strong>DE</strong></span> <span class='ocrx_word' id='word_1_3' title='bbox 801 1277 957 1343; x_wconf 73' lang='lat' dir='ltr'><strong>amians</strong></span> <span class='ocrx_word' id='word_1_4' title='bbox 979 1277 1177 1343; x_wconf 79' lang='lat' dir='ltr'><strong>BONORUM</strong></span> <span class='ocrx_word' id='word_1_5' title='bbox 1198 1278 1252 1342; x_wconf 88' lang='grc' dir='ltr'><strong>ΕΤ</strong></span> <span class='ocrx_word' id='word_1_6' title='bbox 1272 1274 1475 1343; x_wconf 79' lang='lat' dir='ltr'>MALORUM</span> 
     </span>
    </p>
   </div>
   <div class='ocr_carea' id='block_1_2' title="bbox 403 1443 1830 4813">
    <p class='ocr_par' dir='ltr' id='par_1_2' title="bbox 403 1443 1830 4813">
     <span class='ocr_line' id='line_1_2' title="bbox 440 1443 1766 1533; baseline -0.002 -19"><span class='ocrx_word' id='word_1_7' title='bbox 440 1451 557 1533; x_wconf 78' lang='lat' dir='ltr'><strong>cipitur</strong></span> <span class='ocrx_word' id='word_1_8' title='bbox 577 1450 663 1514; x_wconf 79' lang='lat' dir='ltr'><strong>omiti</strong></span> <span class='ocrx_word' id='word_1_9' title='bbox 686 1449 798 1513; x_wconf 88' lang='lat' dir='ltr'><strong>dolore</strong></span> <span class='ocrx_word' id='word_1_10' title='bbox 820 1447 970 1512; x_wconf 90' lang='lat' dir='ltr'><strong>detracto.</strong></span> <span class='ocrx_word' id='word_1_11' title='bbox 1005 1449 1084 1510; x_wconf 90' lang='lat' dir='ltr'><strong>Nam</strong></span> <span class='ocrx_word' id='word_1_12' title='bbox 1105 1447 1272 1530; x_wconf 92' lang='lat' dir='ltr'><strong>quoniam,</strong></span> <span class='ocrx_word' id='word_1_13' title='bbox 1295 1459 1366 1510; x_wconf 88' lang='lat' dir='ltr'><strong>cum</strong></span> <span class='ocrx_word' id='word_1_14' title='bbox 1381 1446 1542 1529; x_wconf 74' lang='lat' dir='ltr'>privamur</span> <span class='ocrx_word' id='word_1_15' title='bbox 1555 1443 1675 1520; x_wconf 89' lang='lat' dir='ltr'><strong>dolore,</strong></span> <span class='ocrx_word' id='word_1_16' title='bbox 1698 1446 1766 1531; x_wconf 89' lang='lat' dir='ltr'><strong>ipsa</strong></span> 
     </span>
     <span class='ocr_line' id='line_1_3' title="bbox 440 1538 1766 1624; baseline -0.002 -17"><span class='ocrx_word' id='word_1_17' title='bbox 440 1545 628 1609; x_wconf 90' lang='lat' dir='ltr'><strong>liberatione</strong></span> <span class='ocrx_word' id='word_1_18' title='bbox 650 1552 683 1608; x_wconf 93' lang='lat' dir='ltr'><strong>et</strong></span> <span class='ocrx_word' id='word_1_19' title='bbox 704 1543 859 1607; x_wconf 80' lang='lat' dir='ltr'><strong>vacuitate</strong></span> <span class='ocrx_word' id='word_1_20' title='bbox 880 1541 982 1605; x_wconf 90' lang='lat' dir='ltr'><strong>omnis</strong></span> <span class='ocrx_word' id='word_1_21' title='bbox 1004 1541 1170 1605; x_wconf 79' lang='lat' dir='ltr'><strong>molestiae</strong></span> <span class='ocrx_word' id='word_1_22' title='bbox 1189 1540 1378 1622; x_wconf 84' lang='lat' dir='ltr'><strong>gaudemus,</strong></span> <span class='ocrx_word' id='word_1_23' title='bbox 1400 1557 1495 1602; x_wconf 92' lang='lat' dir='ltr'><strong>omne</strong></span> <span class='ocrx_word' id='word_1_24' title='bbox 1509 1546 1614 1602; x_wconf 84' lang='lat' dir='ltr'><strong>autem</strong></span> <span class='ocrx_word' id='word_1_25' title='bbox 1629 1538 1680 1614; x_wconf 93' lang='lat' dir='ltr'><strong>id,</strong></span> <span class='ocrx_word' id='word_1_26' title='bbox 1702 1561 1766 1624; x_wconf 89' lang='lat' dir='ltr'><strong>quo</strong></span> 
     </span>
     <span class='ocr_line' id='line_1_4' title="bbox 439 1632 1767 1723; baseline -0.005 -19"><span class='ocrx_word' id='word_1_27' title='bbox 439 1640 629 1723; x_wconf 90' lang='lat' dir='ltr'><strong>gaudemus,</strong></span> <span class='ocrx_word' id='word_1_28' title='bbox 651 1637 797 1718; x_wconf 86' lang='lat' dir='ltr'><strong>voluptas</strong></span> <span class='ocrx_word' id='word_1_29' title='bbox 821 1643 883 1709; x_wconf 88' lang='lat' dir='ltr'><strong>eet,</strong></span> <span class='ocrx_word' id='word_1_30' title='bbox 906 1640 941 1698; x_wconf 93' lang='lat' dir='ltr'><strong>ut</strong></span> <span class='ocrx_word' id='word_1_31' title='bbox 958 1654 1068 1709; x_wconf 87' lang='lat' dir='ltr'><strong>omne,</strong></span> <span class='ocrx_word' id='word_1_32' title='bbox 1092 1653 1156 1717; x_wconf 95' lang='lat' dir='ltr'><strong>quo</strong></span> <span class='ocrx_word' id='word_1_33' title='bbox 1171 1635 1378 1707; x_wconf 77' lang='lat' dir='ltr'><strong>offendimur,</strong></span> <span class='ocrx_word' id='word_1_34' title='bbox 1401 1632 1507 1707; x_wconf 91' lang='lat' dir='ltr'><strong>dolor,</strong></span> <span class='ocrx_word' id='word_1_35' title='bbox 1529 1632 1648 1699; x_wconf 82' lang='lat' dir='ltr'><strong>doloris</strong></span> <span class='ocrx_word' id='word_1_36' title='bbox 1663 1635 1767 1698; x_wconf 87' lang='lat' dir='ltr'><strong>omnis</strong></span> 
     </span>
     <span class='ocr_line' id='line_1_5' title="bbox 438 1726 1767 1817; baseline -0.005 -20"><span class='ocrx_word' id='word_1_37' title='bbox 438 1733 575 1817; x_wconf 77' lang='lat' dir='ltr'><strong>privatio</strong></span> <span class='ocrx_word' id='word_1_38' title='bbox 597 1737 682 1795; x_wconf 81' lang='lat' dir='ltr'><strong>recte</strong></span> <span class='ocrx_word' id='word_1_39' title='bbox 702 1728 865 1792; x_wconf 88' lang='lat' dir='ltr'><strong>nominata</strong></span> <span class='ocrx_word' id='word_1_40' title='bbox 879 1734 928 1790; x_wconf 89' lang='lat' dir='ltr'><strong>est</strong></span> <span class='ocrx_word' id='word_1_41' title='bbox 943 1728 1099 1811; x_wconf 85' lang='lat' dir='ltr'><strong>voluptas.</strong></span> <span class='ocrx_word' id='word_1_42' title='bbox 1129 1728 1169 1790; x_wconf 91' lang='lat' dir='ltr'><strong>Ut</strong></span> <span class='ocrx_word' id='word_1_43' title='bbox 1183 1730 1281 1803; x_wconf 89' lang='lat' dir='ltr'><strong>enim,</strong></span> <span class='ocrx_word' id='word_1_44' title='bbox 1304 1748 1376 1791; x_wconf 91' lang='lat' dir='ltr'><strong>cum</strong></span> <span class='ocrx_word' id='word_1_45' title='bbox 1391 1727 1462 1790; x_wconf 93' lang='lat' dir='ltr'><strong>cibo</strong></span> <span class='ocrx_word' id='word_1_46' title='bbox 1478 1733 1510 1790; x_wconf 90' lang='lat' dir='ltr'><strong>et</strong></span> <span class='ocrx_word' id='word_1_47' title='bbox 1524 1726 1653 1810; x_wconf 89' lang='lat' dir='ltr'><strong>potione</strong></span> <span class='ocrx_word' id='word_1_48' title='bbox 1667 1727 1767 1791; x_wconf 77' lang='lat' dir='ltr'><strong>fames</strong></span> 
     </span>
     <span class='ocr_line' id='line_1_6' title="bbox 414 1821 1768 1909; baseline -0.004 -19"><span class='ocrx_word' id='word_1_49' title='bbox 414 1826 576 1909; x_wconf 69' lang='lat' dir='ltr'><strong>editisque</strong></span> <span class='ocrx_word' id='word_1_50' title='bbox 598 1822 730 1907; x_wconf 88' lang='lat' dir='ltr'><strong>depulsa</strong></span> <span class='ocrx_word' id='word_1_51' title='bbox 752 1829 815 1896; x_wconf 88' lang='lat' dir='ltr'><strong>est,</strong></span> <span class='ocrx_word' id='word_1_52' title='bbox 837 1821 905 1905; x_wconf 90' lang='lat' dir='ltr'><strong>ipsa</strong></span> <span class='ocrx_word' id='word_1_53' title='bbox 928 1821 1078 1884; x_wconf 82' lang='lat' dir='ltr'><strong>detractio</strong></span> <span class='ocrx_word' id='word_1_54' title='bbox 1102 1821 1266 1884; x_wconf 79' lang='lat' dir='ltr'><strong>molestiae</strong></span> <span class='ocrx_word' id='word_1_55' title='bbox 1288 1821 1545 1885; x_wconf 86' lang='lat' dir='ltr'><strong>consecutionem</strong></span> <span class='ocrx_word' id='word_1_56' title='bbox 1567 1821 1661 1885; x_wconf 87' lang='lat' dir='ltr'><strong>aliert</strong></span> <span class='ocrx_word' id='word_1_57' title='bbox 1678 1821 1768 1886; x_wconf 88' lang='lat' dir='ltr'><strong>volu·</strong></span> 
     </span>
     <span class='ocr_line' id='line_1_7' title="bbox 438 1914 1768 2003; baseline -0.003 -21"><span class='ocrx_word' id='word_1_58' title='bbox 438 1919 552 2003; x_wconf 89' lang='lat' dir='ltr'><strong>ptatis,</strong></span> <span class='ocrx_word' id='word_1_59' title='bbox 580 1921 626 1982; x_wconf 90' lang='lat' dir='ltr'><strong>sic</strong></span> <span class='ocrx_word' id='word_1_60' title='bbox 654 1919 688 1980; x_wconf 92' lang='lat' dir='ltr'><strong>in</strong></span> <span class='ocrx_word' id='word_1_61' title='bbox 716 1916 801 1980; x_wconf 90' lang='lat' dir='ltr'><strong>omni</strong></span> <span class='ocrx_word' id='word_1_62' title='bbox 832 1935 868 1978; x_wconf 93' lang='lat' dir='ltr'><strong>re</strong></span> <span class='ocrx_word' id='word_1_63' title='bbox 898 1915 1016 1978; x_wconf 84' lang='lat' dir='ltr'><strong>doloris</strong></span> <span class='ocrx_word' id='word_1_64' title='bbox 1045 1916 1163 1978; x_wconf 89' lang='lat' dir='ltr'><strong>amotio</strong></span> <span class='ocrx_word' id='word_1_65' title='bbox 1196 1916 1428 1979; x_wconf 80' lang='lat' dir='ltr'><strong>successionem</strong></span> <span class='ocrx_word' id='word_1_66' title='bbox 1457 1914 1555 1979; x_wconf 80' lang='lat' dir='ltr'><strong>efficit</strong></span> <span class='ocrx_word' id='word_1_67' title='bbox 1586 1915 1768 1998; x_wconf 85' lang='lat' dir='ltr'><strong>voluptatis.</strong></span> 
     </span>
     <span class='ocr_line' id='line_1_8' title="bbox 438 2007 1769 2097; baseline 0 -23"><span class='ocrx_word' id='word_1_68' title='bbox 438 2010 491 2075; x_wconf 88' lang='lat'><strong>38.</strong></span> <span class='ocrx_word' id='word_1_69' title='bbox 512 2015 624 2097; x_wconf 91' lang='lat' dir='ltr'><strong>ltaque</strong></span> <span class='ocrx_word' id='word_1_70' title='bbox 644 2033 711 2075; x_wconf 95' lang='lat' dir='ltr'><strong>non</strong></span> <span class='ocrx_word' id='word_1_71' title='bbox 732 2010 852 2094; x_wconf 82' lang='lat' dir='ltr'><strong>placuit</strong></span> <span class='ocrx_word' id='word_1_72' title='bbox 872 2010 1011 2092; x_wconf 86' lang='lat' dir='ltr'><strong>Epicuro</strong></span> <span class='ocrx_word' id='word_1_73' title='bbox 1039 2008 1179 2073; x_wconf 89' lang='lat' dir='ltr'><strong>medium</strong></span> <span class='ocrx_word' id='word_1_74' title='bbox 1200 2030 1271 2073; x_wconf 91' lang='lat' dir='ltr'><strong>esse</strong></span> <span class='ocrx_word' id='word_1_75' title='bbox 1293 2007 1444 2093; x_wconf 80' lang='lat' dir='ltr'><strong>quiddam</strong></span> <span class='ocrx_word' id='word_1_76' title='bbox 1466 2010 1550 2074; x_wconf 88' lang='lat' dir='ltr'><strong>iuter</strong></span> <span class='ocrx_word' id='word_1_77' title='bbox 1571 2010 1714 2075; x_wconf 91' lang='lat' dir='ltr'><strong>dolorem</strong></span> <span class='ocrx_word' id='word_1_78' title='bbox 1737 2015 1769 2074; x_wconf 89' lang='lat' dir='ltr'><strong>et</strong></span> 
     </span>
     <span class='ocr_line' id='line_1_9' title="bbox 439 2102 1768 2191; baseline -0.003 -20"><span class='ocrx_word' id='word_1_79' title='bbox 439 2108 651 2191; x_wconf 84' lang='lat' dir='ltr'><strong>voluptatem:</strong></span> <span class='ocrx_word' id='word_1_80' title='bbox 687 2103 768 2168; x_wconf 90' lang='lat' dir='ltr'><strong>illud</strong></span> <span class='ocrx_word' id='word_1_81' title='bbox 808 2104 892 2166; x_wconf 90' lang='lat' dir='ltr'><strong>enim</strong></span> <span class='ocrx_word' id='word_1_82' title='bbox 931 2104 1050 2185; x_wconf 91' lang='lat' dir='ltr'><strong>ipsum,</strong></span> <span class='ocrx_word' id='word_1_83' title='bbox 1079 2103 1166 2185; x_wconf 94' lang='lat' dir='ltr'><strong>quod</strong></span> <span class='ocrx_word' id='word_1_84' title='bbox 1199 2103 1388 2187; x_wconf 90' lang='lat' dir='ltr'><strong>quibusdam</strong></span> <span class='ocrx_word' id='word_1_85' title='bbox 1426 2102 1565 2168; x_wconf 87' lang='lat' dir='ltr'><strong>medium</strong></span> <span class='ocrx_word' id='word_1_86' title='bbox 1598 2104 1768 2180; x_wconf 90' lang='lat' dir='ltr'><strong>videretur,</strong></span> 
     </span>
     <span class='ocr_line' id='line_1_10' title="bbox 440 2197 1769 2282; baseline -0.002 -19"><span class='ocrx_word' id='word_1_87' title='bbox 440 2220 512 2264; x_wconf 90' lang='lat' dir='ltr'><strong>eum</strong></span> <span class='ocrx_word' id='word_1_88' title='bbox 533 2202 620 2264; x_wconf 91' lang='lat' dir='ltr'><strong>omni</strong></span> <span class='ocrx_word' id='word_1_89' title='bbox 641 2200 751 2264; x_wconf 89' lang='lat' dir='ltr'><strong>dolore</strong></span> <span class='ocrx_word' id='word_1_90' title='bbox 772 2204 909 2271; x_wconf 90' lang='lat' dir='ltr'><strong>careret,</strong></span> <span class='ocrx_word' id='word_1_91' title='bbox 931 2217 996 2259; x_wconf 90' lang='lat' dir='ltr'><strong>non</strong></span> <span class='ocrx_word' id='word_1_92' title='bbox 1019 2197 1114 2260; x_wconf 92' lang='lat' dir='ltr'><strong>modo</strong></span> <span class='ocrx_word' id='word_1_93' title='bbox 1135 2197 1327 2282; x_wconf 91' lang='lat' dir='ltr'><strong>voluptatem</strong></span> <span class='ocrx_word' id='word_1_94' title='bbox 1341 2217 1425 2271; x_wconf 87' lang='lat' dir='ltr'><strong>esse,</strong></span> <span class='ocrx_word' id='word_1_95' title='bbox 1447 2218 1556 2263; x_wconf 90' lang='lat' dir='ltr'><strong>verum</strong></span> <span class='ocrx_word' id='word_1_96' title='bbox 1571 2199 1667 2262; x_wconf 90' lang='lat' dir='ltr'><strong>etiam</strong></span> <span class='ocrx_word' id='word_1_97' title='bbox 1682 2219 1769 2261; x_wconf 85' lang='lat' dir='ltr'><strong>sum·</strong></span> 
     </span>
     <span class='ocr_line' id='line_1_11' title="bbox 403 2290 1769 2378; baseline -0.001 -20"><span class='ocrx_word' id='word_1_98' title='bbox 403 2307 522 2358; x_wconf 82' lang='lat' dir='ltr'><strong>tomam</strong></span> <span class='ocrx_word' id='word_1_99' title='bbox 550 2294 756 2378; x_wconf 87' lang='lat' dir='ltr'><strong>voluptatem.</strong></span> <span class='ocrx_word' id='word_1_100' title='bbox 793 2291 946 2374; x_wconf 82' lang='lat' dir='ltr'><strong>Quisquis</strong></span> <span class='ocrx_word' id='word_1_101' title='bbox 975 2291 1060 2354; x_wconf 91' lang='lat' dir='ltr'><strong>enim</strong></span> <span class='ocrx_word' id='word_1_102' title='bbox 1088 2290 1198 2366; x_wconf 88' lang='lat' dir='ltr'><strong>sentit,</strong></span> <span class='ocrx_word' id='word_1_103' title='bbox 1227 2311 1322 2374; x_wconf 92' lang='lat' dir='ltr'><strong>quem</strong></span> <span class='ocrx_word' id='word_1_104' title='bbox 1351 2291 1391 2354; x_wconf 90' lang='lat' dir='ltr'><strong>ad</strong></span> <span class='ocrx_word' id='word_1_105' title='bbox 1413 2291 1547 2354; x_wconf 90' lang='lat' dir='ltr'><strong>modum</strong></span> <span class='ocrx_word' id='word_1_106' title='bbox 1567 2293 1608 2356; x_wconf 85' lang='lat' dir='ltr'><strong>sit</strong></span> <span class='ocrx_word' id='word_1_107' title='bbox 1629 2292 1769 2368; x_wconf 77' lang='lat' dir='ltr'><strong>affectus,</strong></span> 
     </span>
     <span class='ocr_line' id='line_1_12' title="bbox 440 2383 1770 2469; baseline -0.001 -18"><span class='ocrx_word' id='word_1_108' title='bbox 440 2408 512 2452; x_wconf 89' lang='lat' dir='ltr'><strong>eum</strong></span> <span class='ocrx_word' id='word_1_109' title='bbox 533 2400 666 2452; x_wconf 82' lang='lat' dir='ltr'><strong>necesse</strong></span> <span class='ocrx_word' id='word_1_110' title='bbox 688 2393 810 2450; x_wconf 86' lang='lat' dir='ltr'><strong>estant</strong></span> <span class='ocrx_word' id='word_1_111' title='bbox 831 2385 865 2447; x_wconf 91' lang='lat' dir='ltr'><strong>iu</strong></span> <span class='ocrx_word' id='word_1_112' title='bbox 886 2385 1047 2468; x_wconf 92' lang='lat' dir='ltr'><strong>voluptate</strong></span> <span class='ocrx_word' id='word_1_113' title='bbox 1069 2405 1139 2448; x_wconf 91' lang='lat' dir='ltr'><strong>esse</strong></span> <span class='ocrx_word' id='word_1_114' title='bbox 1161 2389 1215 2448; x_wconf 93' lang='lat' dir='ltr'><strong>aut</strong></span> <span class='ocrx_word' id='word_1_115' title='bbox 1235 2385 1268 2447; x_wconf 92' lang='lat' dir='ltr'><strong>in</strong></span> <span class='ocrx_word' id='word_1_116' title='bbox 1287 2384 1407 2447; x_wconf 86' lang='lat' dir='ltr'><strong>dolore.</strong></span> <span class='ocrx_word' id='word_1_117' title='bbox 1444 2383 1556 2448; x_wconf 84' lang='lat' dir='ltr'><strong>Omnis</strong></span> <span class='ocrx_word' id='word_1_118' title='bbox 1578 2395 1684 2450; x_wconf 91' lang='lat' dir='ltr'><strong>autem</strong></span> <span class='ocrx_word' id='word_1_119' title='bbox 1705 2387 1770 2469; x_wconf 89' lang='lat' dir='ltr'><strong>pri·</strong></span> 
     </span>
     <span class='ocr_line' id='line_1_13' title="bbox 440 2479 1770 2565; baseline -0.002 -19"><span class='ocrx_word' id='word_1_120' title='bbox 440 2484 566 2546; x_wconf 83' lang='lat' dir='ltr'><strong>vatione</strong></span> <span class='ocrx_word' id='word_1_121' title='bbox 587 2482 706 2547; x_wconf 80' lang='lat' dir='ltr'><strong>doloris</strong></span> <span class='ocrx_word' id='word_1_122' title='bbox 728 2485 817 2565; x_wconf 89' lang='lat' dir='ltr'><strong>putat</strong></span> <span class='ocrx_word' id='word_1_123' title='bbox 837 2480 993 2563; x_wconf 86' lang='lat' dir='ltr'><strong>Epicurus</strong></span> <span class='ocrx_word' id='word_1_124' title='bbox 1017 2479 1179 2542; x_wconf 89' lang='lat' dir='ltr'><strong>terminari</strong></span> <span class='ocrx_word' id='word_1_125' title='bbox 1203 2498 1356 2542; x_wconf 89' lang='lat' dir='ltr'><strong>summam</strong></span> <span class='ocrx_word' id='word_1_126' title='bbox 1371 2479 1580 2562; x_wconf 90' lang='lat' dir='ltr'><strong>voluptatem,</strong></span> <span class='ocrx_word' id='word_1_127' title='bbox 1601 2488 1638 2543; x_wconf 95' lang='lat' dir='ltr'><strong>ut</strong></span> <span class='ocrx_word' id='word_1_128' title='bbox 1658 2487 1770 2564; x_wconf 89' lang='lat' dir='ltr'><strong>postea</strong></span> 
     </span>
     <span class='ocr_line' id='line_1_14' title="bbox 439 2570 1769 2656; baseline -0.002 -18"><span class='ocrx_word' id='word_1_129' title='bbox 439 2575 556 2639; x_wconf 84' lang='lat' dir='ltr'><strong>variari</strong></span> <span class='ocrx_word' id='word_1_130' title='bbox 582 2574 729 2656; x_wconf 85' lang='lat' dir='ltr'><strong>voluptas</strong></span> <span class='ocrx_word' id='word_1_131' title='bbox 757 2571 974 2655; x_wconf 78' lang='lat' dir='ltr'><strong>distinguique</strong></span> <span class='ocrx_word' id='word_1_132' title='bbox 1003 2572 1121 2656; x_wconf 89' lang='lat' dir='ltr'><strong>possit,</strong></span> <span class='ocrx_word' id='word_1_133' title='bbox 1153 2573 1261 2655; x_wconf 90' lang='lat' dir='ltr'><strong>augeri</strong></span> <span class='ocrx_word' id='word_1_134' title='bbox 1290 2570 1538 2655; x_wconf 88' lang='lat' dir='ltr'><strong>amplificarique</strong></span> <span class='ocrx_word' id='word_1_135' title='bbox 1563 2588 1629 2635; x_wconf 93' lang='lat' dir='ltr'><strong>non</strong></span> <span class='ocrx_word' id='word_1_136' title='bbox 1657 2574 1769 2656; x_wconf 82' lang='lat' dir='ltr'><strong>possit.</strong></span> 
     </span>
     <span class='ocr_line' id='line_1_15' title="bbox 440 2665 1768 2747; baseline 0 -17"><span class='ocrx_word' id='word_1_137' title='bbox 440 2665 492 2732; x_wconf 84' lang='lat'><strong>39.</strong></span> <span class='ocrx_word' id='word_1_138' title='bbox 518 2672 560 2732; x_wconf 79' lang='lat' dir='ltr'><strong>At</strong></span> <span class='ocrx_word' id='word_1_139' title='bbox 588 2669 684 2732; x_wconf 86' lang='lat' dir='ltr'><strong>etiam</strong></span> <span class='ocrx_word' id='word_1_140' title='bbox 712 2665 861 2740; x_wconf 82' lang='lat' dir='ltr'><strong>Athenis,</strong></span> <span class='ocrx_word' id='word_1_141' title='bbox 895 2673 930 2728; x_wconf 89' lang='lat' dir='ltr'><strong>ut</strong></span> <span class='ocrx_word' id='word_1_142' title='bbox 959 2684 977 2728; x_wconf 91' lang='lat' dir='ltr'><strong>a</strong></span> <span class='ocrx_word' id='word_1_143' title='bbox 1000 2675 1089 2747; x_wconf 92' lang='lat' dir='ltr'><strong>patre</strong></span> <span class='ocrx_word' id='word_1_144' title='bbox 1111 2666 1296 2740; x_wconf 85' lang='lat' dir='ltr'><strong>audiebam,</strong></span> <span class='ocrx_word' id='word_1_145' title='bbox 1326 2666 1429 2729; x_wconf 81' lang='lat' dir='ltr'><strong>tacete</strong></span> <span class='ocrx_word' id='word_1_146' title='bbox 1452 2673 1483 2728; x_wconf 90' lang='lat' dir='ltr'><strong>et</strong></span> <span class='ocrx_word' id='word_1_147' title='bbox 1503 2666 1623 2729; x_wconf 88' lang='lat' dir='ltr'><strong>urbane</strong></span> <span class='ocrx_word' id='word_1_148' title='bbox 1644 2667 1768 2730; x_wconf 88' lang='lat' dir='ltr'><strong>Stoicos</strong></span> 
     </span>
     <span class='ocr_line' id='line_1_16' title="bbox 403 2759 1768 2845; baseline -0.003 -18"><span class='ocrx_word' id='word_1_149' title='bbox 403 2764 607 2838; x_wconf 78' lang='lat' dir='ltr'><strong>tuirridente,</strong></span> <span class='ocrx_word' id='word_1_150' title='bbox 629 2769 732 2826; x_wconf 87' lang='lat' dir='ltr'><strong>statua</strong></span> <span class='ocrx_word' id='word_1_151' title='bbox 754 2768 802 2824; x_wconf 88' lang='lat' dir='ltr'><strong>est</strong></span> <span class='ocrx_word' id='word_1_152' title='bbox 823 2760 857 2823; x_wconf 95' lang='lat' dir='ltr'><strong>in</strong></span> <span class='ocrx_word' id='word_1_153' title='bbox 873 2760 1035 2824; x_wconf 87' lang='lat' dir='ltr'><strong>Ceramico</strong></span> <span class='ocrx_word' id='word_1_154' title='bbox 1052 2760 1221 2845; x_wconf 84' lang='lat' dir='ltr'><strong>Chrysippi</strong></span> <span class='ocrx_word' id='word_1_155' title='bbox 1238 2759 1378 2823; x_wconf 86' lang='lat' dir='ltr'><strong>sedentis</strong></span> <span class='ocrx_word' id='word_1_156' title='bbox 1393 2767 1538 2842; x_wconf 89' lang='lat' dir='ltr'><strong>porrecta</strong></span> <span class='ocrx_word' id='word_1_157' title='bbox 1552 2778 1663 2835; x_wconf 93' lang='lat' dir='ltr'><strong>manu,</strong></span> <span class='ocrx_word' id='word_1_158' title='bbox 1687 2780 1768 2841; x_wconf 88' lang='lat' dir='ltr'><strong>queo</strong></span> 
     </span>
     <span class='ocr_line' id='line_1_17' title="bbox 440 2853 1769 2940; baseline -0.005 -18"><span class='ocrx_word' id='word_1_159' title='bbox 440 2879 552 2922; x_wconf 82' lang='lat' dir='ltr'><strong>manua</strong></span> <span class='ocrx_word' id='word_1_160' title='bbox 574 2853 729 2940; x_wconf 82' lang='lat' dir='ltr'><strong>significet</strong></span> <span class='ocrx_word' id='word_1_161' title='bbox 749 2855 839 2918; x_wconf 91' lang='lat' dir='ltr'><strong>illum</strong></span> <span class='ocrx_word' id='word_1_162' title='bbox 861 2854 896 2916; x_wconf 94' lang='lat' dir='ltr'><strong>in</strong></span> <span class='ocrx_word' id='word_1_163' title='bbox 916 2853 975 2917; x_wconf 88' lang='lat' dir='ltr'><strong>hac</strong></span> <span class='ocrx_word' id='word_1_164' title='bbox 991 2873 1062 2917; x_wconf 88' lang='lat' dir='ltr'><strong>esee</strong></span> <span class='ocrx_word' id='word_1_165' title='bbox 1076 2856 1298 2936; x_wconf 79' lang='lat' dir='ltr'><strong>rogatiuncula</strong></span> <span class='ocrx_word' id='word_1_166' title='bbox 1314 2853 1519 2917; x_wconf 86' lang='lat' dir='ltr'><strong>delectatum:</strong></span> <span class='ocrx_word' id='word_1_167' title='bbox 1542 2855 1636 2916; x_wconf 90' lang='lat' dir='ltr'><strong>Num</strong></span> <span class='ocrx_word' id='word_1_168' title='bbox 1659 2853 1769 2937; x_wconf 90' lang='lat' dir='ltr'><strong>quid·</strong></span> 
     </span>
     <span class='ocr_line' id='line_1_18' title="bbox 440 2945 1769 3030; baseline -0.002 -16"><span class='ocrx_word' id='word_1_169' title='bbox 440 2971 527 3014; x_wconf 89' lang='lat' dir='ltr'><strong>nam</strong></span> <span class='ocrx_word' id='word_1_170' title='bbox 556 2968 692 3014; x_wconf 87' lang='lat' dir='ltr'><strong>manus</strong></span> <span class='ocrx_word' id='word_1_171' title='bbox 721 2956 785 3012; x_wconf 90' lang='lat' dir='ltr'><strong>tua</strong></span> <span class='ocrx_word' id='word_1_172' title='bbox 814 2948 871 3011; x_wconf 91' lang='lat' dir='ltr'><strong>sic</strong></span> <span class='ocrx_word' id='word_1_173' title='bbox 897 2946 1062 3020; x_wconf 80' lang='lat' dir='ltr'><strong>aflecta,</strong></span> <span class='ocrx_word' id='word_1_174' title='bbox 1091 2968 1206 3030; x_wconf 91' lang='lat' dir='ltr'><strong>quem</strong></span> <span class='ocrx_word' id='word_1_175' title='bbox 1232 2947 1279 3012; x_wconf 93' lang='lat' dir='ltr'><strong>ad</strong></span> <span class='ocrx_word' id='word_1_176' title='bbox 1309 2947 1463 3010; x_wconf 91' lang='lat' dir='ltr'><strong>modurn</strong></span> <span class='ocrx_word' id='word_1_177' title='bbox 1492 2945 1643 3011; x_wconf 80' lang='lat' dir='ltr'><strong>aflecta</strong></span> <span class='ocrx_word' id='word_1_178' title='bbox 1665 2969 1769 3012; x_wconf 91' lang='lat' dir='ltr'><strong>nunc</strong></span> 
     </span>
     <span class='ocr_line' id='line_1_19' title="bbox 441 3040 1769 3124; baseline 0.001 -19"><span class='ocrx_word' id='word_1_179' title='bbox 441 3052 519 3119; x_wconf 83' lang='lat' dir='ltr'><strong>est,</strong></span> <span class='ocrx_word' id='word_1_180' title='bbox 553 3043 783 3107; x_wconf 79' lang='lat' dir='ltr'><strong>desiderati</strong></span> <span class='ocrx_word' id='word_1_181' title='bbox 816 3040 927 3105; x_wconf 89' lang='lat' dir='ltr'><strong>Nihil</strong></span> <span class='ocrx_word' id='word_1_182' title='bbox 957 3061 1058 3104; x_wconf 88' lang='lat' dir='ltr'><strong>eane.</strong></span> <span class='ocrx_word' id='word_1_183' title='bbox 1093 3043 1156 3116; x_wconf 79' lang='lat' dir='ltr'><strong>At,</strong></span> <span class='ocrx_word' id='word_1_184' title='bbox 1190 3041 1225 3104; x_wconf 91' lang='lat' dir='ltr'><strong>si</strong></span> <span class='ocrx_word' id='word_1_185' title='bbox 1257 3041 1441 3124; x_wconf 87' lang='lat' dir='ltr'><strong>voluptas</strong></span> <span class='ocrx_word' id='word_1_186' title='bbox 1470 3048 1582 3104; x_wconf 88' lang='lat' dir='ltr'><strong>esset</strong></span> <span class='ocrx_word' id='word_1_187' title='bbox 1610 3042 1769 3116; x_wconf 91' lang='lat' dir='ltr'><strong>bonum,</strong></span> 
     </span>
     <span class='ocr_line' id='line_1_20' title="bbox 441 3135 1830 3218; baseline -0.001 -17"><span class='ocrx_word' id='word_1_188' title='bbox 441 3138 719 3201; x_wconf 73' lang='lat' dir='ltr'><strong>desideraret?</strong></span> <span class='ocrx_word' id='word_1_189' title='bbox 741 3138 798 3199; x_wconf 89' lang='lat' dir='ltr'><strong>lta</strong></span> <span class='ocrx_word' id='word_1_190' title='bbox 819 3136 952 3198; x_wconf 87' lang='lat' dir='ltr'><strong>credo.</strong></span> <span class='ocrx_word' id='word_1_191' title='bbox 987 3137 1072 3198; x_wconf 91' lang='lat' dir='ltr'><strong>Non</strong></span> <span class='ocrx_word' id='word_1_192' title='bbox 1095 3142 1155 3198; x_wconf 87' lang='lat' dir='ltr'><strong>est</strong></span> <span class='ocrx_word' id='word_1_193' title='bbox 1176 3135 1512 3218; x_wconf 90' lang='lat' dir='ltr'><strong>igiturvoluptas</strong></span> <span class='ocrx_word' id='word_1_194' title='bbox 1533 3135 1678 3198; x_wconf 91' lang='lat' dir='ltr'><strong>bonum.</strong></span> <span class='ocrx_word' id='word_1_195' title='bbox 1700 3136 1770 3201; x_wconf 82' lang='lat' dir='ltr'><strong>Hoc</strong></span> <span class='ocrx_word' id='word_1_196' title='bbox 1827 3163 1830 3170; x_wconf 95' lang='lat'>·</span> 
     </span>
     <span class='ocr_line' id='line_1_21' title="bbox 403 3229 1769 3314; baseline -0.002 -18"><span class='ocrx_word' id='word_1_197' title='bbox 403 3247 484 3296; x_wconf 75' lang='lat' dir='ltr'><strong>sone</strong></span> <span class='ocrx_word' id='word_1_198' title='bbox 510 3238 645 3295; x_wconf 86' lang='lat' dir='ltr'><strong>statuam</strong></span> <span class='ocrx_word' id='word_1_199' title='bbox 668 3231 799 3314; x_wconf 86' lang='lat' dir='ltr'><strong>quide&#39;rn</strong></span> <span class='ocrx_word' id='word_1_200' title='bbox 820 3229 973 3293; x_wconf 87' lang='lat' dir='ltr'><strong>dicturam</strong></span> <span class='ocrx_word' id='word_1_201' title='bbox 999 3238 1091 3312; x_wconf 89' lang='lat' dir='ltr'><strong>pater</strong></span> <span class='ocrx_word' id='word_1_202' title='bbox 1111 3230 1231 3305; x_wconf 88' lang='lat' dir='ltr'><strong>aiebat,</strong></span> <span class='ocrx_word' id='word_1_203' title='bbox 1260 3231 1287 3293; x_wconf 89' lang='lat' dir='ltr'><strong>si</strong></span> <span class='ocrx_word' id='word_1_204' title='bbox 1314 3230 1404 3313; x_wconf 91' lang='lat' dir='ltr'><strong>loqui</strong></span> <span class='ocrx_word' id='word_1_205' title='bbox 1431 3237 1556 3312; x_wconf 81' lang='lat' dir='ltr'><strong>posset3</strong></span> <span class='ocrx_word' id='word_1_206' title='bbox 1585 3230 1769 3293; x_wconf 84' lang='lat' dir='ltr'><strong>conclusum</strong></span> 
     </span>
     <span class='ocr_line' id='line_1_22' title="bbox 441 3323 1769 3408; baseline -0.002 -19"><span class='ocrx_word' id='word_1_207' title='bbox 441 3332 490 3389; x_wconf 85' lang='lat' dir='ltr'><strong>eet</strong></span> <span class='ocrx_word' id='word_1_208' title='bbox 511 3325 597 3389; x_wconf 88' lang='lat' dir='ltr'><strong>enim</strong></span> <span class='ocrx_word' id='word_1_209' title='bbox 619 3332 728 3390; x_wconf 88' lang='lat' dir='ltr'><strong>eontra</strong></span> <span class='ocrx_word' id='word_1_210' title='bbox 750 3323 940 3408; x_wconf 82' lang='lat' dir='ltr'><strong>Cyrenaicos</strong></span> <span class='ocrx_word' id='word_1_211' title='bbox 962 3324 1038 3386; x_wconf 86' lang='lat' dir='ltr'><strong>satis</strong></span> <span class='ocrx_word' id='word_1_212' title='bbox 1060 3333 1169 3399; x_wconf 89' lang='lat' dir='ltr'><strong>acute,</strong></span> <span class='ocrx_word' id='word_1_213' title='bbox 1198 3324 1279 3387; x_wconf 93' lang='lat' dir='ltr'><strong>nihil</strong></span> <span class='ocrx_word' id='word_1_214' title='bbox 1303 3323 1343 3387; x_wconf 93' lang='lat' dir='ltr'><strong>ad</strong></span> <span class='ocrx_word' id='word_1_215' title='bbox 1365 3325 1546 3406; x_wconf 83' lang='lat' dir='ltr'><strong>Epicurum.</strong></span> <span class='ocrx_word' id='word_1_216' title='bbox 1581 3323 1660 3386; x_wconf 89' lang='lat' dir='ltr'><strong>Nam</strong></span> <span class='ocrx_word' id='word_1_217' title='bbox 1683 3324 1710 3388; x_wconf 89' lang='lat' dir='ltr'><strong>si</strong></span> <span class='ocrx_word' id='word_1_218' title='bbox 1732 3343 1769 3387; x_wconf 91' lang='lat' dir='ltr'><strong>ea</strong></span> 
     </span>
     <span class='ocr_line' id='line_1_23' title="bbox 441 3415 1770 3502; baseline -0.002 -20"><span class='ocrx_word' id='word_1_219' title='bbox 441 3420 508 3484; x_wconf 89' lang='lat' dir='ltr'><strong>sola</strong></span> <span class='ocrx_word' id='word_1_220' title='bbox 528 3420 677 3502; x_wconf 88' lang='lat' dir='ltr'><strong>voluptas</strong></span> <span class='ocrx_word' id='word_1_221' title='bbox 699 3425 798 3492; x_wconf 85' lang='lat' dir='ltr'><strong>esset,</strong></span> <span class='ocrx_word' id='word_1_222' title='bbox 821 3437 903 3500; x_wconf 92' lang='lat' dir='ltr'><strong>quae</strong></span> <span class='ocrx_word' id='word_1_223' title='bbox 926 3418 1017 3501; x_wconf 86' lang='lat' dir='ltr'><strong>quasi</strong></span> <span class='ocrx_word' id='word_1_224' title='bbox 1039 3418 1183 3482; x_wconf 89' lang='lat' dir='ltr'><strong>titillaret</strong></span> <span class='ocrx_word' id='word_1_225' title='bbox 1205 3437 1332 3491; x_wconf 89' lang='lat' dir='ltr'><strong>sensus,</strong></span> <span class='ocrx_word' id='word_1_226' title='bbox 1353 3425 1389 3480; x_wconf 93' lang='lat' dir='ltr'><strong>ut</strong></span> <span class='ocrx_word' id='word_1_227' title='bbox 1409 3417 1455 3480; x_wconf 94' lang='lat' dir='ltr'><strong>ita</strong></span> <span class='ocrx_word' id='word_1_228' title='bbox 1477 3417 1590 3491; x_wconf 87' lang='lat' dir='ltr'><strong>dicam,</strong></span> <span class='ocrx_word' id='word_1_229' title='bbox 1611 3415 1697 3480; x_wconf 87' lang='lat' dir='ltr'><strong>etad</strong></span> <span class='ocrx_word' id='word_1_230' title='bbox 1713 3436 1770 3480; x_wconf 81' lang='lat' dir='ltr'><strong>eoa</strong></span> 
     </span>
     <span class='ocr_line' id='line_1_24' title="bbox 441 3510 1770 3594; baseline -0.002 -17"><span class='ocrx_word' id='word_1_231' title='bbox 441 3533 513 3576; x_wconf 87' lang='lat' dir='ltr'><strong>oum</strong></span> <span class='ocrx_word' id='word_1_232' title='bbox 541 3514 694 3577; x_wconf 86' lang='lat' dir='ltr'><strong>suavitate</strong></span> <span class='ocrx_word' id='word_1_233' title='bbox 721 3511 866 3575; x_wconf 83' lang='lat' dir='ltr'><strong>afflueret</strong></span> <span class='ocrx_word' id='word_1_234' title='bbox 892 3517 923 3573; x_wconf 95' lang='lat' dir='ltr'><strong>et</strong></span> <span class='ocrx_word' id='word_1_235' title='bbox 951 3510 1150 3586; x_wconf 82' lang='lat' dir='ltr'><strong>illaberetur,</strong></span> <span class='ocrx_word' id='word_1_236' title='bbox 1178 3526 1238 3575; x_wconf 88' lang='lat' dir='ltr'><strong>nec</strong></span> <span class='ocrx_word' id='word_1_237' title='bbox 1265 3531 1376 3575; x_wconf 85' lang='lat' dir='ltr'><strong>manue</strong></span> <span class='ocrx_word' id='word_1_238' title='bbox 1398 3531 1467 3573; x_wconf 91' lang='lat' dir='ltr'><strong>esse</strong></span> <span class='ocrx_word' id='word_1_239' title='bbox 1490 3518 1640 3574; x_wconf 90' lang='lat' dir='ltr'><strong>contenta</strong></span> <span class='ocrx_word' id='word_1_240' title='bbox 1660 3517 1770 3594; x_wconf 86' lang='lat' dir='ltr'><strong>posset</strong></span> 
     </span>
     <span class='ocr_line' id='line_1_25' title="bbox 441 3604 1768 3691; baseline -0.001 -22"><span class='ocrx_word' id='word_1_241' title='bbox 441 3623 501 3671; x_wconf 88' lang='lat' dir='ltr'><strong>nec</strong></span> <span class='ocrx_word' id='word_1_242' title='bbox 521 3607 588 3671; x_wconf 91' lang='lat' dir='ltr'><strong>ulla</strong></span> <span class='ocrx_word' id='word_1_243' title='bbox 608 3625 681 3691; x_wconf 84' lang='lat' dir='ltr'><strong>pars</strong></span> <span class='ocrx_word' id='word_1_244' title='bbox 703 3605 862 3669; x_wconf 80' lang='lat' dir='ltr'><strong>vacuitate</strong></span> <span class='ocrx_word' id='word_1_245' title='bbox 883 3604 1002 3667; x_wconf 87' lang='lat' dir='ltr'><strong>doloris</strong></span> <span class='ocrx_word' id='word_1_246' title='bbox 1024 3606 1094 3668; x_wconf 91' lang='lat' dir='ltr'><strong>sine</strong></span> <span class='ocrx_word' id='word_1_247' title='bbox 1117 3606 1255 3670; x_wconf 90' lang='lat' dir='ltr'><strong>iucundo</strong></span> <span class='ocrx_word' id='word_1_248' title='bbox 1276 3616 1363 3670; x_wconf 91' lang='lat' dir='ltr'><strong>motu</strong></span> <span class='ocrx_word' id='word_1_249' title='bbox 1385 3606 1573 3689; x_wconf 84' lang='lat' dir='ltr'><strong>voluptatis:</strong></span> <span class='ocrx_word' id='word_1_250' title='bbox 1595 3605 1768 3669; x_wconf 85' lang='lat' dir='ltr'><strong>sinautem</strong></span> 
     </span>
     <span class='ocr_line' id='line_1_26' title="bbox 404 3699 1768 3784; baseline -0.001 -20"><span class='ocrx_word' id='word_1_251' title='bbox 404 3718 564 3764; x_wconf 80' lang='lat' dir='ltr'><strong>aesumma</strong></span> <span class='ocrx_word' id='word_1_252' title='bbox 586 3700 729 3782; x_wconf 90' lang='lat' dir='ltr'><strong>voluptas</strong></span> <span class='ocrx_word' id='word_1_253' title='bbox 752 3707 814 3774; x_wconf 93' lang='lat' dir='ltr'><strong>est,</strong></span> <span class='ocrx_word' id='word_1_254' title='bbox 836 3707 872 3761; x_wconf 91' lang='lat' dir='ltr'><strong>ut</strong></span> <span class='ocrx_word' id='word_1_255' title='bbox 893 3699 1031 3781; x_wconf 86' lang='lat' dir='ltr'><strong>Epicuro</strong></span> <span class='ocrx_word' id='word_1_256' title='bbox 1052 3701 1169 3784; x_wconf 92' lang='lat' dir='ltr'><strong>placet,</strong></span> <span class='ocrx_word' id='word_1_257' title='bbox 1191 3701 1271 3764; x_wconf 92' lang='lat' dir='ltr'><strong>nihil</strong></span> <span class='ocrx_word' id='word_1_258' title='bbox 1293 3701 1417 3776; x_wconf 88' lang='lat' dir='ltr'><strong>dolere,</strong></span> <span class='ocrx_word' id='word_1_259' title='bbox 1439 3700 1573 3784; x_wconf 72' lang='lat' dir='ltr'><strong>primun</strong></span> <span class='ocrx_word' id='word_1_260' title='bbox 1594 3700 1652 3763; x_wconf 89' lang='lat' dir='ltr'><strong>tibi</strong></span> <span class='ocrx_word' id='word_1_261' title='bbox 1673 3707 1768 3774; x_wconf 89' lang='lat' dir='ltr'><strong>recte,</strong></span> 
     </span>
     <span class='ocr_line' id='line_1_27' title="bbox 443 3793 1767 3876; baseline -0.001 -19"><span class='ocrx_word' id='word_1_262' title='bbox 443 3794 633 3876; x_wconf 79' lang='lat' dir='ltr'><strong>Chrysippo,</strong></span> <span class='ocrx_word' id='word_1_263' title='bbox 656 3812 842 3856; x_wconf 83' lang='lat' dir='ltr'><strong>concessum</strong></span> <span class='ocrx_word' id='word_1_264' title='bbox 865 3800 923 3868; x_wconf 91' lang='lat' dir='ltr'><strong>est,</strong></span> <span class='ocrx_word' id='word_1_265' title='bbox 946 3793 1023 3855; x_wconf 89' lang='lat' dir='ltr'><strong>nihil</strong></span> <span class='ocrx_word' id='word_1_266' title='bbox 1048 3793 1228 3857; x_wconf 90' lang='lat' dir='ltr'><strong>desiderare</strong></span> <span class='ocrx_word' id='word_1_267' title='bbox 1246 3814 1383 3869; x_wconf 90' lang='lat' dir='ltr'><strong>manum,</strong></span> <span class='ocrx_word' id='word_1_268' title='bbox 1405 3813 1476 3856; x_wconf 91' lang='lat' dir='ltr'><strong>curn</strong></span> <span class='ocrx_word' id='word_1_269' title='bbox 1490 3795 1534 3856; x_wconf 92' lang='lat' dir='ltr'><strong>ita</strong></span> <span class='ocrx_word' id='word_1_270' title='bbox 1549 3801 1633 3856; x_wconf 87' lang='lat' dir='ltr'><strong>esset</strong></span> <span class='ocrx_word' id='word_1_271' title='bbox 1647 3795 1767 3867; x_wconf 77' lang='lat' dir='ltr'><strong>abacta,</strong></span> 
     </span>
     <span class='ocr_line' id='line_1_28' title="bbox 441 3886 1768 3970; baseline -0.001 -19"><span class='ocrx_word' id='word_1_272' title='bbox 441 3887 614 3952; x_wconf 89' lang='lat' dir='ltr'><strong>secundum</strong></span> <span class='ocrx_word' id='word_1_273' title='bbox 635 3907 701 3950; x_wconf 90' lang='lat' dir='ltr'><strong>non</strong></span> <span class='ocrx_word' id='word_1_274' title='bbox 722 3895 821 3961; x_wconf 88' lang='lat' dir='ltr'><strong>recte,</strong></span> <span class='ocrx_word' id='word_1_275' title='bbox 844 3888 871 3950; x_wconf 92' lang='lat' dir='ltr'><strong>si</strong></span> <span class='ocrx_word' id='word_1_276' title='bbox 890 3888 1034 3970; x_wconf 89' lang='lat' dir='ltr'><strong>voluptas</strong></span> <span class='ocrx_word' id='word_1_277' title='bbox 1056 3896 1142 3951; x_wconf 88' lang='lat' dir='ltr'><strong>esset</strong></span> <span class='ocrx_word' id='word_1_278' title='bbox 1162 3889 1297 3963; x_wconf 91' lang='lat' dir='ltr'><strong>bouum,</strong></span> <span class='ocrx_word' id='word_1_279' title='bbox 1318 3888 1415 3951; x_wconf 81' lang='lat' dir='ltr'><strong>luisse</strong></span> <span class='ocrx_word' id='word_1_280' title='bbox 1430 3886 1698 3964; x_wconf 72' lang='lat' dir='ltr'><strong>desideraturum</strong></span> <span class='ocrx_word' id='word_1_281' title='bbox 1719 3887 1768 3950; x_wconf 86' lang='lat' dir='ltr'><strong>id-</strong></span> 
     </span>
     <span class='ocr_line' id='line_1_29' title="bbox 441 3980 1767 4065; baseline -0.001 -20"><span class='ocrx_word' id='word_1_282' title='bbox 441 3982 523 4045; x_wconf 91' lang='lat' dir='ltr'><strong>cireo</strong></span> <span class='ocrx_word' id='word_1_283' title='bbox 546 3981 630 4045; x_wconf 90' lang='lat' dir='ltr'><strong>enim</strong></span> <span class='ocrx_word' id='word_1_284' title='bbox 651 4002 716 4045; x_wconf 91' lang='lat' dir='ltr'><strong>non</strong></span> <span class='ocrx_word' id='word_1_285' title='bbox 737 3980 945 4055; x_wconf 89' lang='lat' dir='ltr'><strong>desideraret,</strong></span> <span class='ocrx_word' id='word_1_286' title='bbox 968 3981 1059 4064; x_wconf 91' lang='lat' dir='ltr'><strong>quia,</strong></span> <span class='ocrx_word' id='word_1_287' title='bbox 1082 3982 1169 4065; x_wconf 91' lang='lat' dir='ltr'><strong>quod</strong></span> <span class='ocrx_word' id='word_1_288' title='bbox 1191 3983 1301 4046; x_wconf 91' lang='lat' dir='ltr'><strong>dolore</strong></span> <span class='ocrx_word' id='word_1_289' title='bbox 1315 3990 1413 4056; x_wconf 89' lang='lat' dir='ltr'><strong>caret,</strong></span> <span class='ocrx_word' id='word_1_290' title='bbox 1436 3981 1468 4043; x_wconf 94' lang='lat' dir='ltr'><strong>id</strong></span> <span class='ocrx_word' id='word_1_291' title='bbox 1483 3981 1517 4043; x_wconf 93' lang='lat' dir='ltr'><strong>in</strong></span> <span class='ocrx_word' id='word_1_292' title='bbox 1531 3981 1695 4064; x_wconf 91' lang='lat' dir='ltr'><strong>voluptate</strong></span> <span class='ocrx_word' id='word_1_293' title='bbox 1710 3988 1767 4044; x_wconf 85' lang='lat' dir='ltr'><strong>est.</strong></span> 
     </span>
     <span class='ocr_line' id='line_1_30' title="bbox 525 4072 1768 4159; baseline -0.001 -20"><span class='ocrx_word' id='word_1_294' title='bbox 525 4076 596 4139; x_wconf 85' lang='lat' dir='ltr'><strong>Xll.</strong></span> <span class='ocrx_word' id='word_1_295' title='bbox 618 4072 671 4136; x_wconf 73' lang='lat'><strong>40.</strong></span> <span class='ocrx_word' id='word_1_296' title='bbox 700 4076 884 4137; x_wconf 81' lang='lat' dir='ltr'><strong>Extremum</strong></span> <span class='ocrx_word' id='word_1_297' title='bbox 913 4082 1018 4138; x_wconf 90' lang='lat' dir='ltr'><strong>autem</strong></span> <span class='ocrx_word' id='word_1_298' title='bbox 1047 4093 1118 4138; x_wconf 89' lang='lat' dir='ltr'><strong>esse</strong></span> <span class='ocrx_word' id='word_1_299' title='bbox 1140 4075 1295 4139; x_wconf 92' lang='lat' dir='ltr'><strong>bonorum</strong></span> <span class='ocrx_word' id='word_1_300' title='bbox 1318 4076 1513 4159; x_wconf 88' lang='lat' dir='ltr'><strong>voluptatem</strong></span> <span class='ocrx_word' id='word_1_301' title='bbox 1536 4084 1577 4137; x_wconf 81' lang='lat' dir='ltr'><strong>e‘x</strong></span> <span class='ocrx_word' id='word_1_302' title='bbox 1598 4075 1660 4138; x_wconf 94' lang='lat' dir='ltr'><strong>hoc</strong></span> <span class='ocrx_word' id='word_1_303' title='bbox 1679 4075 1768 4138; x_wconf 80' lang='lat' dir='ltr'><strong>tacil-</strong></span> 
     </span>
     <span class='ocr_line' id='line_1_31' title="bbox 403 4168 1768 4254; baseline 0 -22"><span class='ocrx_word' id='word_1_304' title='bbox 403 4169 516 4234; x_wconf 84' lang='lat' dir='ltr'><strong>eelime</strong></span> <span class='ocrx_word' id='word_1_305' title='bbox 547 4168 684 4254; x_wconf 87' lang='lat' dir='ltr'><strong>perspici</strong></span> <span class='ocrx_word' id='word_1_306' title='bbox 714 4176 828 4250; x_wconf 79' lang='lat' dir='ltr'><strong>potest</strong></span> <span class='ocrx_word' id='word_1_307' title='bbox 866 4168 1100 4233; x_wconf 90' lang='lat' dir='ltr'><strong>Constituamus</strong></span> <span class='ocrx_word' id='word_1_308' title='bbox 1123 4171 1262 4252; x_wconf 88' lang='lat' dir='ltr'><strong>aliquem</strong></span> <span class='ocrx_word' id='word_1_309' title='bbox 1288 4173 1427 4253; x_wconf 90' lang='lat' dir='ltr'><strong>magnis,</strong></span> <span class='ocrx_word' id='word_1_310' title='bbox 1457 4168 1578 4243; x_wconf 86' lang='lat' dir='ltr'><strong>multis,</strong></span> <span class='ocrx_word' id='word_1_311' title='bbox 1606 4170 1768 4252; x_wconf 88' lang='lat' dir='ltr'><strong>perpetuis</strong></span> 
     </span>
     <span class='ocr_line' id='line_1_32' title="bbox 440 4263 1769 4347; baseline 0.001 -21"><span class='ocrx_word' id='word_1_312' title='bbox 440 4264 598 4328; x_wconf 83' lang='lat' dir='ltr'><strong>fruentem</strong></span> <span class='ocrx_word' id='word_1_313' title='bbox 621 4270 652 4325; x_wconf 94' lang='lat' dir='ltr'><strong>et</strong></span> <span class='ocrx_word' id='word_1_314' title='bbox 673 4263 778 4325; x_wconf 88' lang='lat' dir='ltr'><strong>auimo</strong></span> <span class='ocrx_word' id='word_1_315' title='bbox 801 4269 834 4325; x_wconf 89' lang='lat' dir='ltr'><strong>et</strong></span> <span class='ocrx_word' id='word_1_316' title='bbox 855 4281 987 4344; x_wconf 90' lang='lat' dir='ltr'><strong>corpore</strong></span> <span class='ocrx_word' id='word_1_317' title='bbox 1009 4263 1240 4347; x_wconf 90' lang='lat' dir='ltr'><strong>voluptatibus,</strong></span> <span class='ocrx_word' id='word_1_318' title='bbox 1263 4264 1352 4327; x_wconf 93' lang='lat' dir='ltr'><strong>nullo</strong></span> <span class='ocrx_word' id='word_1_319' title='bbox 1376 4264 1485 4328; x_wconf 94' lang='lat' dir='ltr'><strong>dolore</strong></span> <span class='ocrx_word' id='word_1_320' title='bbox 1501 4283 1560 4326; x_wconf 91' lang='lat' dir='ltr'><strong>nec</strong></span> <span class='ocrx_word' id='word_1_321' title='bbox 1575 4264 1769 4347; x_wconf 88' lang='lat' dir='ltr'><strong>impediente</strong></span> 
     </span>
     <span class='ocr_line' id='line_1_33' title="bbox 441 4355 1769 4439; baseline -0.002 -18"><span class='ocrx_word' id='word_1_322' title='bbox 441 4377 500 4421; x_wconf 91' lang='lat' dir='ltr'><strong>nec</strong></span> <span class='ocrx_word' id='word_1_323' title='bbox 521 4355 741 4439; x_wconf 89' lang='lat' dir='ltr'><strong>impendente,</strong></span> <span class='ocrx_word' id='word_1_324' title='bbox 765 4375 860 4438; x_wconf 92' lang='lat' dir='ltr'><strong>quem</strong></span> <span class='ocrx_word' id='word_1_325' title='bbox 882 4357 1010 4419; x_wconf 89' lang='lat' dir='ltr'><strong>tandem</strong></span> <span class='ocrx_word' id='word_1_326' title='bbox 1032 4357 1094 4420; x_wconf 93' lang='lat' dir='ltr'><strong>hoc</strong></span> <span class='ocrx_word' id='word_1_327' title='bbox 1116 4364 1200 4420; x_wconf 91' lang='lat' dir='ltr'><strong>statu</strong></span> <span class='ocrx_word' id='word_1_328' title='bbox 1221 4357 1494 4439; x_wconf 84' lang='lat' dir='ltr'><strong>praestabiliorem</strong></span> <span class='ocrx_word' id='word_1_329' title='bbox 1515 4364 1571 4419; x_wconf 90' lang='lat' dir='ltr'><strong>aut</strong></span> <span class='ocrx_word' id='word_1_330' title='bbox 1592 4356 1692 4438; x_wconf 89' lang='lat' dir='ltr'><strong>magis</strong></span> <span class='ocrx_word' id='word_1_331' title='bbox 1714 4377 1769 4419; x_wconf 84' lang='lat' dir='ltr'><strong>ex-</strong></span> 
     </span>
     <span class='ocr_line' id='line_1_34' title="bbox 441 4448 1770 4534; baseline -0.001 -20"><span class='ocrx_word' id='word_1_332' title='bbox 441 4449 613 4534; x_wconf 92' lang='lat' dir='ltr'><strong>petendum</strong></span> <span class='ocrx_word' id='word_1_333' title='bbox 635 4449 794 4532; x_wconf 88' lang='lat' dir='ltr'><strong>possimus</strong></span> <span class='ocrx_word' id='word_1_334' title='bbox 819 4448 946 4511; x_wconf 80' lang='lat' dir='ltr'><strong>diceret</strong></span> <span class='ocrx_word' id='word_1_335' title='bbox 978 4450 1084 4514; x_wconf 83' lang='lat' dir='ltr'><strong>Inesse</strong></span> <span class='ocrx_word' id='word_1_336' title='bbox 1110 4453 1195 4514; x_wconf 91' lang='lat' dir='ltr'><strong>enim</strong></span> <span class='ocrx_word' id='word_1_337' title='bbox 1218 4470 1349 4514; x_wconf 86' lang='lat' dir='ltr'><strong>neeesse</strong></span> <span class='ocrx_word' id='word_1_338' title='bbox 1372 4452 1474 4513; x_wconf 88' lang='lat' dir='ltr'><strong>estin</strong></span> <span class='ocrx_word' id='word_1_339' title='bbox 1496 4470 1554 4525; x_wconf 92' lang='lat' dir='ltr'><strong>eo,</strong></span> <span class='ocrx_word' id='word_1_340' title='bbox 1584 4449 1639 4533; x_wconf 89' lang='lat' dir='ltr'><strong>qui</strong></span> <span class='ocrx_word' id='word_1_341' title='bbox 1662 4451 1708 4513; x_wconf 93' lang='lat' dir='ltr'><strong>ita</strong></span> <span class='ocrx_word' id='word_1_342' title='bbox 1729 4452 1770 4513; x_wconf 86' lang='lat' dir='ltr'><strong>sit</strong></span> 
     </span>
     <span class='ocr_line' id='line_1_35' title="bbox 441 4539 1768 4628; baseline -0.001 -21"><span class='ocrx_word' id='word_1_343' title='bbox 441 4546 588 4619; x_wconf 84' lang='lat' dir='ltr'><strong>allectus,</strong></span> <span class='ocrx_word' id='word_1_344' title='bbox 618 4551 649 4606; x_wconf 86' lang='lat' dir='ltr'><strong>et</strong></span> <span class='ocrx_word' id='word_1_345' title='bbox 679 4539 858 4605; x_wconf 89' lang='lat' dir='ltr'><strong>firmitatem</strong></span> <span class='ocrx_word' id='word_1_346' title='bbox 887 4543 984 4605; x_wconf 90' lang='lat' dir='ltr'><strong>animi</strong></span> <span class='ocrx_word' id='word_1_347' title='bbox 1012 4563 1072 4607; x_wconf 90' lang='lat' dir='ltr'><strong>nec</strong></span> <span class='ocrx_word' id='word_1_348' title='bbox 1095 4553 1227 4609; x_wconf 87' lang='lat' dir='ltr'><strong>mortem</strong></span> <span class='ocrx_word' id='word_1_349' title='bbox 1249 4565 1308 4608; x_wconf 91' lang='lat' dir='ltr'><strong>nec</strong></span> <span class='ocrx_word' id='word_1_350' title='bbox 1332 4544 1473 4607; x_wconf 92' lang='lat' dir='ltr'><strong>dolorem</strong></span> <span class='ocrx_word' id='word_1_351' title='bbox 1496 4545 1654 4618; x_wconf 87' lang='lat' dir='ltr'><strong>timentis,</strong></span> <span class='ocrx_word' id='word_1_352' title='bbox 1681 4544 1768 4628; x_wconf 92' lang='lat' dir='ltr'><strong>quod</strong></span> 
     </span>
     <span class='ocr_line' id='line_1_36' title="bbox 403 4636 1769 4722; baseline 0.001 -22"><span class='ocrx_word' id='word_1_353' title='bbox 403 4653 528 4702; x_wconf 79' lang='lat' dir='ltr'><strong>aemors</strong></span> <span class='ocrx_word' id='word_1_354' title='bbox 549 4656 646 4700; x_wconf 87' lang='lat' dir='ltr'><strong>sensu</strong></span> <span class='ocrx_word' id='word_1_355' title='bbox 668 4642 787 4711; x_wconf 89' lang='lat' dir='ltr'><strong>careat,</strong></span> <span class='ocrx_word' id='word_1_356' title='bbox 811 4636 902 4700; x_wconf 93' lang='lat' dir='ltr'><strong>dolor</strong></span> <span class='ocrx_word' id='word_1_357' title='bbox 922 4638 954 4700; x_wconf 94' lang='lat' dir='ltr'><strong>in</strong></span> <span class='ocrx_word' id='word_1_358' title='bbox 976 4638 1209 4722; x_wconf 78' lang='lat' dir='ltr'><strong>longinquitate</strong></span> <span class='ocrx_word' id='word_1_359' title='bbox 1225 4639 1313 4713; x_wconf 86' lang='lat' dir='ltr'><strong>levis,</strong></span> <span class='ocrx_word' id='word_1_360' title='bbox 1335 4639 1368 4701; x_wconf 93' lang='lat' dir='ltr'><strong>in</strong></span> <span class='ocrx_word' id='word_1_361' title='bbox 1383 4640 1534 4720; x_wconf 87' lang='lat' dir='ltr'><strong>gravitate</strong></span> <span class='ocrx_word' id='word_1_362' title='bbox 1547 4639 1654 4702; x_wconf 83' lang='lat' dir='ltr'><strong>breris</strong></span> <span class='ocrx_word' id='word_1_363' title='bbox 1668 4639 1769 4702; x_wconf 87' lang='lat' dir='ltr'><strong>soleat</strong></span> 
     </span>
     <span class='ocr_line' id='line_1_37' title="bbox 441 4730 1767 4813; baseline 0.002 -21"><span class='ocrx_word' id='word_1_364' title='bbox 441 4746 526 4804; x_wconf 84' lang='lat' dir='ltr'><strong>esse,</strong></span> <span class='ocrx_word' id='word_1_365' title='bbox 549 4738 586 4793; x_wconf 92' lang='lat' dir='ltr'><strong>ut</strong></span> <span class='ocrx_word' id='word_1_366' title='bbox 607 4730 675 4794; x_wconf 86' lang='lat' dir='ltr'><strong>eius</strong></span> <span class='ocrx_word' id='word_1_367' title='bbox 697 4731 946 4813; x_wconf 88' lang='lat' dir='ltr'><strong>magnitudinem</strong></span> <span class='ocrx_word' id='word_1_368' title='bbox 969 4733 1128 4807; x_wconf 87' lang='lat' dir='ltr'><strong>celeritas,</strong></span> <span class='ocrx_word' id='word_1_369' title='bbox 1152 4733 1389 4795; x_wconf 87' lang='lat' dir='ltr'><strong>diuturnitatem</strong></span> <span class='ocrx_word' id='word_1_370' title='bbox 1410 4732 1558 4795; x_wconf 89' lang='lat' dir='ltr'><strong>allevatio</strong></span> <span class='ocrx_word' id='word_1_371' title='bbox 1576 4733 1767 4799; x_wconf 88' lang='lat' dir='ltr'><strong>consoletur.</strong></span> 
     </span>
    </p>
   </div>
   <div class='ocr_carea' id='block_1_3' title="bbox 402 4819 1769 5194">
    <p class='ocr_par' dir='ltr' id='par_1_3' title="bbox 402 4819 1769 5194">
     <span class='ocr_line' id='line_1_38' title="bbox 440 4819 1767 4910; baseline 0.004 -26"><span class='ocrx_word' id='word_1_372' title='bbox 440 4819 492 4887; x_wconf 76' lang='lat' dir='ltr'><strong>ll.</strong></span> <span class='ocrx_word' id='word_1_373' title='bbox 513 4825 562 4888; x_wconf 80' lang='lat' dir='ltr'><strong>ad</strong></span> <span class='ocrx_word' id='word_1_374' title='bbox 584 4844 623 4888; x_wconf 85' lang='lat' dir='ltr'><strong>ea</strong></span> <span class='ocrx_word' id='word_1_375' title='bbox 644 4844 715 4887; x_wconf 91' lang='lat' dir='ltr'><strong>cum</strong></span> <span class='ocrx_word' id='word_1_376' title='bbox 737 4825 873 4899; x_wconf 89' lang='lat' dir='ltr'><strong>accedit,</strong></span> <span class='ocrx_word' id='word_1_377' title='bbox 896 4834 931 4887; x_wconf 94' lang='lat' dir='ltr'><strong>ut</strong></span> <span class='ocrx_word' id='word_1_378' title='bbox 952 4845 1057 4910; x_wconf 89' lang='lat' dir='ltr'><strong>neque</strong></span> <span class='ocrx_word' id='word_1_379' title='bbox 1079 4826 1220 4889; x_wconf 90' lang='lat' dir='ltr'><strong>divinum</strong></span> <span class='ocrx_word' id='word_1_380' title='bbox 1235 4846 1353 4889; x_wconf 89' lang='lat' dir='ltr'><strong>numen</strong></span> <span class='ocrx_word' id='word_1_381' title='bbox 1367 4826 1494 4889; x_wconf 89' lang='lat' dir='ltr'><strong>horreat</strong></span> <span class='ocrx_word' id='word_1_382' title='bbox 1508 4845 1567 4888; x_wconf 92' lang='lat' dir='ltr'><strong>nec</strong></span> <span class='ocrx_word' id='word_1_383' title='bbox 1581 4827 1767 4909; x_wconf 90' lang='lat' dir='ltr'><strong>praeteritas</strong></span> 
     </span>
     <span class='ocr_line' id='line_1_39' title="bbox 439 4917 1768 5004; baseline 0.002 -24"><span class='ocrx_word' id='word_1_384' title='bbox 439 4917 620 4999; x_wconf 84' lang='lat' dir='ltr'><strong>voluptates</strong></span> <span class='ocrx_word' id='word_1_385' title='bbox 643 4917 774 4981; x_wconf 84' lang='lat' dir='ltr'><strong>effluere</strong></span> <span class='ocrx_word' id='word_1_386' title='bbox 794 4920 933 5002; x_wconf 88' lang='lat' dir='ltr'><strong>patiatur</strong></span> <span class='ocrx_word' id='word_1_387' title='bbox 955 4940 1128 5004; x_wconf 89' lang='lat' dir='ltr'><strong>earumque</strong></span> <span class='ocrx_word' id='word_1_388' title='bbox 1143 4921 1272 4984; x_wconf 87' lang='lat' dir='ltr'><strong>assidua</strong></span> <span class='ocrx_word' id='word_1_389' title='bbox 1286 4921 1503 4984; x_wconf 88' lang='lat' dir='ltr'><strong>recordatione</strong></span> <span class='ocrx_word' id='word_1_390' title='bbox 1518 4920 1666 4996; x_wconf 87' lang='lat' dir='ltr'><strong>laetetur,</strong></span> <span class='ocrx_word' id='word_1_391' title='bbox 1689 4919 1768 5004; x_wconf 91' lang='lat' dir='ltr'><strong>quid</strong></span> 
     </span>
     <span class='ocr_line' id='line_1_40' title="bbox 441 5012 1768 5097; baseline 0.002 -23"><span class='ocrx_word' id='word_1_392' title='bbox 441 5012 598 5095; x_wconf 87' lang='lat' dir='ltr'><strong>estquod</strong></span> <span class='ocrx_word' id='word_1_393' title='bbox 619 5012 682 5076; x_wconf 93' lang='lat' dir='ltr'><strong>huc</strong></span> <span class='ocrx_word' id='word_1_394' title='bbox 704 5013 821 5095; x_wconf 84' lang='lat' dir='ltr'><strong>possit,</strong></span> <span class='ocrx_word' id='word_1_395' title='bbox 844 5013 931 5097; x_wconf 93' lang='lat' dir='ltr'><strong>quod</strong></span> <span class='ocrx_word' id='word_1_396' title='bbox 953 5015 1065 5078; x_wconf 87' lang='lat' dir='ltr'><strong>melius</strong></span> <span class='ocrx_word' id='word_1_397' title='bbox 1089 5016 1148 5087; x_wconf 88' lang='lat' dir='ltr'><strong>sit,</strong></span> <span class='ocrx_word' id='word_1_398' title='bbox 1170 5016 1343 5079; x_wconf 80' lang='lat' dir='ltr'><strong>accederet</strong></span> <span class='ocrx_word' id='word_1_399' title='bbox 1378 5017 1486 5078; x_wconf 88' lang='lat' dir='ltr'><strong>Statue</strong></span> <span class='ocrx_word' id='word_1_400' title='bbox 1501 5022 1612 5077; x_wconf 89' lang='lat' dir='ltr'><strong>contra</strong></span> <span class='ocrx_word' id='word_1_401' title='bbox 1629 5014 1768 5097; x_wconf 91' lang='lat' dir='ltr'><strong>aliquem</strong></span> 
     </span>
     <span class='ocr_line' id='line_1_41' title="bbox 402 5103 1769 5194; baseline 0.001 -26"><span class='ocrx_word' id='word_1_402' title='bbox 402 5103 619 5168; x_wconf 78' lang='lat' dir='ltr'><strong>tooonfectum</strong></span> <span class='ocrx_word' id='word_1_403' title='bbox 650 5107 745 5170; x_wconf 88' lang='lat' dir='ltr'><strong>tantis</strong></span> <span class='ocrx_word' id='word_1_404' title='bbox 774 5107 871 5169; x_wconf 91' lang='lat' dir='ltr'><strong>animi</strong></span> <span class='ocrx_word' id='word_1_405' title='bbox 898 5110 1106 5192; x_wconf 87' lang='lat' dir='ltr'><strong>corporisque</strong></span> <span class='ocrx_word' id='word_1_406' title='bbox 1130 5109 1305 5183; x_wconf 90' lang='lat' dir='ltr'><strong>doloribus,</strong></span> <span class='ocrx_word' id='word_1_407' title='bbox 1334 5108 1443 5194; x_wconf 90' lang='lat' dir='ltr'><strong>quanti</strong></span> <span class='ocrx_word' id='word_1_408' title='bbox 1466 5108 1681 5170; x_wconf 91' lang='lat' dir='ltr'><strong>inhominem</strong></span> <span class='ocrx_word' id='word_1_409' title='bbox 1704 5126 1769 5170; x_wconf 89' lang='lat' dir='ltr'><strong>ma-</strong></span> 
     </span>
    </p>
   </div>
   <div class='ocr_carea' id='block_1_4' title="bbox 437 5367 1771 6022">
    <p class='ocr_par' dir='ltr' id='par_1_4' title="bbox 437 5367 1771 6022">
     <span class='ocr_line' id='line_1_42' title="bbox 506 5367 1767 5434; baseline 0.003 -18"><span class='ocrx_word' id='word_1_410' title='bbox 506 5367 530 5416; x_wconf 88' lang='lat' dir='ltr'><strong>t.</strong></span> <span class='ocrx_word' id='word_1_411' title='bbox 549 5367 669 5429; x_wconf 72' lang='lat' dir='ltr'><strong>quonium</strong></span> <span class='ocrx_word' id='word_1_412' title='bbox 685 5380 739 5418; x_wconf 92' lang='lat' dir='ltr'><strong>om.</strong></span> <span class='ocrx_word' id='word_1_413' title='bbox 757 5369 777 5418; x_wconf 90' lang='grc' dir='ltr'><em>Β</em></span> <span class='ocrx_word' id='word_1_414' title='bbox 797 5394 823 5404; x_wconf 95' lang='grc'>-</span> <span class='ocrx_word' id='word_1_415' title='bbox 843 5369 935 5434; x_wconf 76' lang='lat' dir='ltr'><strong>dobre]</strong></span> <span class='ocrx_word' id='word_1_416' title='bbox 953 5371 1021 5420; x_wconf 80' lang='lat' dir='ltr'><strong>omni</strong></span> <span class='ocrx_word' id='word_1_417' title='bbox 1037 5370 1122 5421; x_wconf 82' lang='lat' dir='ltr'><strong>dolore</strong></span> <span class='ocrx_word' id='word_1_418' title='bbox 1139 5372 1158 5420; x_wconf 87' lang='lat' dir='ltr'>B</span> <span class='ocrx_word' id='word_1_419' title='bbox 1178 5397 1202 5407; x_wconf 86' lang='lat'>-</span> <span class='ocrx_word' id='word_1_420' title='bbox 1225 5372 1249 5420; x_wconf 72' lang='grc' dir='ltr'><strong>Β.</strong></span> <span class='ocrx_word' id='word_1_421' title='bbox 1268 5376 1352 5420; x_wconf 83' lang='lat' dir='ltr'><strong>eutem</strong></span> <span class='ocrx_word' id='word_1_422' title='bbox 1369 5383 1422 5420; x_wconf 87' lang='lat' dir='ltr'><strong>om.</strong></span> <span class='ocrx_word' id='word_1_423' title='bbox 1440 5371 1459 5421; x_wconf 90' lang='grc' dir='ltr'><strong>Β</strong></span> <span class='ocrx_word' id='word_1_424' title='bbox 1479 5396 1506 5407; x_wconf 91' lang='grc'><strong>-</strong></span> <span class='ocrx_word' id='word_1_425' title='bbox 1525 5369 1549 5419; x_wconf 92' lang='grc'><strong>3.</strong></span> <span class='ocrx_word' id='word_1_426' title='bbox 1568 5369 1612 5434; x_wconf 82' lang='lat' dir='ltr'><strong>eat]</strong></span> <span class='ocrx_word' id='word_1_427' title='bbox 1630 5374 1690 5420; x_wconf 82' lang='lat' dir='ltr'><strong>cavet</strong></span> <span class='ocrx_word' id='word_1_428' title='bbox 1707 5371 1726 5420; x_wconf 82' lang='lat'><strong>13</strong></span> <span class='ocrx_word' id='word_1_429' title='bbox 1740 5395 1767 5404; x_wconf 93' lang='lat'>-</span> 
     </span>
     <span class='ocr_line' id='line_1_43' title="bbox 439 5443 1771 5508; baseline 0.001 -15"><span class='ocrx_word' id='word_1_430' title='bbox 439 5445 463 5493; x_wconf 89' lang='lat' dir='ltr'><strong>o.</strong></span> <span class='ocrx_word' id='word_1_431' title='bbox 475 5443 511 5493; x_wconf 85' lang='lat' dir='ltr'><strong>aie</strong></span> <span class='ocrx_word' id='word_1_432' title='bbox 526 5443 554 5492; x_wconf 81' lang='lat' dir='ltr'><strong>in</strong></span> <span class='ocrx_word' id='word_1_433' title='bbox 569 5443 636 5493; x_wconf 79' lang='lat' dir='ltr'><strong>omni</strong></span> <span class='ocrx_word' id='word_1_434' title='bbox 647 5469 684 5481; x_wconf 94' lang='lat'><strong>--</strong></span> <span class='ocrx_word' id='word_1_435' title='bbox 693 5443 829 5505; x_wconf 77' lang='lat' dir='ltr'><strong>uoluptatis</strong></span> <span class='ocrx_word' id='word_1_436' title='bbox 844 5459 897 5496; x_wconf 90' lang='lat' dir='ltr'><strong>om.</strong></span> <span class='ocrx_word' id='word_1_437' title='bbox 912 5447 931 5496; x_wconf 92' lang='grc' dir='ltr'>Β</span> <span class='ocrx_word' id='word_1_438' title='bbox 944 5446 1035 5506; x_wconf 81' lang='lat' dir='ltr'><strong>(babet</strong></span> <span class='ocrx_word' id='word_1_439' title='bbox 1046 5447 1074 5506; x_wconf 89' lang='grc' dir='ltr'><strong>Ε)</strong></span> <span class='ocrx_word' id='word_1_440' title='bbox 1089 5472 1116 5481; x_wconf 96' lang='grc'><strong>-</strong></span> <span class='ocrx_word' id='word_1_441' title='bbox 1137 5447 1161 5496; x_wconf 82' lang='lat'><strong>7.</strong></span> <span class='ocrx_word' id='word_1_442' title='bbox 1176 5447 1295 5508; x_wconf 83' lang='lat' dir='ltr'><strong>quiddam</strong></span> <span class='ocrx_word' id='word_1_443' title='bbox 1306 5450 1341 5496; x_wconf 77' lang='lat' dir='ltr'><strong>A:</strong></span> <span class='ocrx_word' id='word_1_444' title='bbox 1361 5447 1485 5508; x_wconf 79' lang='lat' dir='ltr'><strong>quoddam</strong></span> <span class='ocrx_word' id='word_1_445' title='bbox 1496 5447 1515 5496; x_wconf 91' lang='grc' dir='ltr'>Β</span> <span class='ocrx_word' id='word_1_446' title='bbox 1526 5446 1546 5495; x_wconf 94' lang='lat' dir='ltr'>O</span> <span class='ocrx_word' id='word_1_447' title='bbox 1559 5473 1587 5482; x_wconf 88' lang='lat'><em>-</em></span> <span class='ocrx_word' id='word_1_448' title='bbox 1606 5447 1630 5496; x_wconf 90' lang='lat'><strong>8.</strong></span> <span class='ocrx_word' id='word_1_449' title='bbox 1643 5447 1771 5495; x_wconf 80' lang='lat' dir='ltr'><strong>uideretur</strong></span> 
     </span>
     <span class='ocr_line' id='line_1_44' title="bbox 438 5517 1770 5583; baseline -0.002 -14"><span class='ocrx_word' id='word_1_450' title='bbox 438 5519 560 5569; x_wconf 83' lang='lat' dir='ltr'><strong>Rathiue:</strong></span> <span class='ocrx_word' id='word_1_451' title='bbox 577 5519 677 5568; x_wconf 70' lang='lat' dir='ltr'><strong>oidetw</strong></span> <span class='ocrx_word' id='word_1_452' title='bbox 693 5517 772 5569; x_wconf 88' lang='lat' dir='ltr'><strong>codd.</strong></span> <span class='ocrx_word' id='word_1_453' title='bbox 786 5522 812 5568; x_wconf 92' lang='lat' dir='ltr'><strong>et</strong></span> <span class='ocrx_word' id='word_1_454' title='bbox 824 5520 844 5569; x_wconf 95' lang='lat'>0</span> <span class='ocrx_word' id='word_1_455' title='bbox 857 5547 884 5558; x_wconf 89' lang='lat'><em>-</em></span> <span class='ocrx_word' id='word_1_456' title='bbox 904 5521 928 5571; x_wconf 81' lang='lat'><strong>9.</strong></span> <span class='ocrx_word' id='word_1_457' title='bbox 942 5535 998 5570; x_wconf 84' lang='lat' dir='ltr'><strong>com</strong></span> <span class='ocrx_word' id='word_1_458' title='bbox 1016 5521 1083 5570; x_wconf 85' lang='lat' dir='ltr'><strong>omui</strong></span> <span class='ocrx_word' id='word_1_459' title='bbox 1100 5522 1124 5569; x_wconf 86' lang='lat' dir='ltr'><strong>d.</strong></span> <span class='ocrx_word' id='word_1_460' title='bbox 1142 5523 1249 5583; x_wconf 86' lang='lat' dir='ltr'><strong>careret]</strong></span> <span class='ocrx_word' id='word_1_461' title='bbox 1266 5521 1334 5570; x_wconf 80' lang='lat' dir='ltr'><strong>omni</strong></span> <span class='ocrx_word' id='word_1_462' title='bbox 1351 5522 1374 5569; x_wconf 92' lang='lat' dir='ltr'><strong>d.</strong></span> <span class='ocrx_word' id='word_1_463' title='bbox 1388 5526 1485 5569; x_wconf 87' lang='lat' dir='ltr'><strong>cureret</strong></span> <span class='ocrx_word' id='word_1_464' title='bbox 1497 5522 1558 5582; x_wconf 86' lang='lat' dir='ltr'><strong>(om.</strong></span> <span class='ocrx_word' id='word_1_465' title='bbox 1571 5522 1637 5581; x_wconf 73' lang='lat' dir='ltr'><strong>mim)</strong></span> <span class='ocrx_word' id='word_1_466' title='bbox 1649 5521 1684 5578; x_wconf 69' lang='grc' dir='ltr'><strong>ὓς</strong></span> <span class='ocrx_word' id='word_1_467' title='bbox 1702 5519 1770 5568; x_wconf 83' lang='lat' dir='ltr'><strong>omni</strong></span> 
     </span>
     <span class='ocr_line' id='line_1_45' title="bbox 438 5591 1771 5659; baseline 0 -17"><span class='ocrx_word' id='word_1_468' title='bbox 438 5593 463 5644; x_wconf 92' lang='lat' dir='ltr'><strong>d.</strong></span> <span class='ocrx_word' id='word_1_469' title='bbox 476 5605 564 5643; x_wconf 76' lang='lat' dir='ltr'><strong>curm</strong></span> <span class='ocrx_word' id='word_1_470' title='bbox 579 5591 688 5643; x_wconf 79' lang='lat' dir='ltr'><strong>Morelio</strong></span> <span class='ocrx_word' id='word_1_471' title='bbox 705 5595 814 5643; x_wconf 89' lang='lat' dir='ltr'><strong>auctore</strong></span> <span class='ocrx_word' id='word_1_472' title='bbox 826 5596 846 5644; x_wconf 94' lang='lat'>0</span> <span class='ocrx_word' id='word_1_473' title='bbox 858 5621 884 5630; x_wconf 86' lang='lat'>-</span> <span class='ocrx_word' id='word_1_474' title='bbox 904 5596 944 5645; x_wconf 82' lang='lat' dir='ltr'><strong>to.</strong></span> <span class='ocrx_word' id='word_1_475' title='bbox 959 5599 1057 5659; x_wconf 77' lang='lat' dir='ltr'><strong>effectos</strong></span> <span class='ocrx_word' id='word_1_476' title='bbox 1069 5596 1114 5645; x_wconf 87' lang='lat' dir='ltr'><strong>BE</strong></span> <span class='ocrx_word' id='word_1_477' title='bbox 1130 5621 1157 5630; x_wconf 90' lang='lat'>-</span> <span class='ocrx_word' id='word_1_478' title='bbox 1178 5596 1218 5645; x_wconf 91' lang='lat' dir='ltr'><strong>tt.</strong></span> <span class='ocrx_word' id='word_1_479' title='bbox 1233 5597 1311 5644; x_wconf 78' lang='lat' dir='ltr'><strong>monis</strong></span> <span class='ocrx_word' id='word_1_480' title='bbox 1322 5594 1459 5645; x_wconf 74' lang='lat' dir='ltr'><strong>Metellus:</strong></span> <span class='ocrx_word' id='word_1_481' title='bbox 1479 5596 1546 5644; x_wconf 82' lang='lat' dir='ltr'><strong>omui</strong></span> <span class='ocrx_word' id='word_1_482' title='bbox 1558 5593 1637 5644; x_wconf 92' lang='lat' dir='ltr'><strong>codd.</strong></span> <span class='ocrx_word' id='word_1_483' title='bbox 1651 5620 1678 5631; x_wconf 91' lang='lat'><em>-</em></span> <span class='ocrx_word' id='word_1_484' title='bbox 1699 5593 1739 5645; x_wconf 84' lang='lat' dir='ltr'><strong>tl.</strong></span> <span class='ocrx_word' id='word_1_485' title='bbox 1752 5606 1771 5642; x_wconf 85' lang='lat' dir='ltr'><strong>u</strong></span> 
     </span>
     <span class='ocr_line' id='line_1_46' title="bbox 438 5667 1770 5729; baseline 0.001 -12"><span class='ocrx_word' id='word_1_486' title='bbox 438 5668 474 5717; x_wconf 75' lang='lat' dir='ltr'><strong>A:</strong></span> <span class='ocrx_word' id='word_1_487' title='bbox 493 5681 506 5718; x_wconf 93' lang='lat' dir='ltr'><strong>e</strong></span> <span class='ocrx_word' id='word_1_488' title='bbox 522 5667 594 5717; x_wconf 87' lang='grc' dir='ltr'><strong>ΒΕΟ</strong></span> <span class='ocrx_word' id='word_1_489' title='bbox 607 5692 634 5703; x_wconf 94' lang='grc'><strong>-</strong></span> <span class='ocrx_word' id='word_1_490' title='bbox 653 5669 693 5717; x_wconf 76' lang='lat' dir='ltr'><strong>lb.</strong></span> <span class='ocrx_word' id='word_1_491' title='bbox 712 5669 832 5719; x_wconf 68' lang='lat' dir='ltr'><strong>ira-idente</strong></span> <span class='ocrx_word' id='word_1_492' title='bbox 848 5671 992 5721; x_wconf 80' lang='lat' dir='ltr'><strong>Manutius:</strong></span> <span class='ocrx_word' id='word_1_493' title='bbox 1012 5671 1139 5720; x_wconf 81' lang='lat' dir='ltr'><strong>arridente</strong></span> <span class='ocrx_word' id='word_1_494' title='bbox 1154 5671 1217 5729; x_wconf 80' lang='lat' dir='ltr'><strong>lt133</strong></span> <span class='ocrx_word' id='word_1_495' title='bbox 1235 5671 1331 5719; x_wconf 78' lang='lat' dir='ltr'><strong>ridente</strong></span> <span class='ocrx_word' id='word_1_496' title='bbox 1347 5671 1401 5720; x_wconf 81' lang='lat' dir='ltr'><strong>no</strong></span> <span class='ocrx_word' id='word_1_497' title='bbox 1414 5696 1441 5705; x_wconf 93' lang='lat'><em>-</em></span> <span class='ocrx_word' id='word_1_498' title='bbox 1463 5670 1501 5720; x_wconf 79' lang='grc'><strong>49.</strong></span> <span class='ocrx_word' id='word_1_499' title='bbox 1515 5671 1667 5720; x_wconf 73' lang='lat' dir='ltr'><strong>desiderum</strong></span> <span class='ocrx_word' id='word_1_500' title='bbox 1677 5694 1714 5705; x_wconf 95' lang='lat'><strong>--</strong></span> <span class='ocrx_word' id='word_1_501' title='bbox 1725 5667 1770 5718; x_wconf 88' lang='lat' dir='ltr'><strong>bo-</strong></span> 
     </span>
     <span class='ocr_line' id='line_1_47' title="bbox 437 5743 1770 5810; baseline -0.001 -17"><span class='ocrx_word' id='word_1_502' title='bbox 437 5756 500 5792; x_wconf 73' lang='lat' dir='ltr'><strong>am</strong></span> <span class='ocrx_word' id='word_1_503' title='bbox 515 5756 568 5793; x_wconf 91' lang='lat' dir='ltr'><strong>om.</strong></span> <span class='ocrx_word' id='word_1_504' title='bbox 589 5743 608 5793; x_wconf 85' lang='lat' dir='ltr'>E</span> <span class='ocrx_word' id='word_1_505' title='bbox 627 5766 654 5779; x_wconf 90' lang='lat'><em>-</em></span> <span class='ocrx_word' id='word_1_506' title='bbox 678 5744 752 5792; x_wconf 86' lang='lat' dir='ltr'><strong>credo</strong></span> <span class='ocrx_word' id='word_1_507' title='bbox 768 5745 805 5793; x_wconf 77' lang='lat' dir='ltr'><strong>tto</strong></span> <span class='ocrx_word' id='word_1_508' title='bbox 821 5745 840 5793; x_wconf 95' lang='grc' dir='ltr'>Β</span> <span class='ocrx_word' id='word_1_509' title='bbox 860 5771 887 5780; x_wconf 94' lang='lat'><em>-</em></span> <span class='ocrx_word' id='word_1_510' title='bbox 911 5746 952 5795; x_wconf 75' lang='lat'><strong>20.</strong></span> <span class='ocrx_word' id='word_1_511' title='bbox 972 5745 1079 5810; x_wconf 76' lang='lat' dir='ltr'><strong>quiden]</strong></span> <span class='ocrx_word' id='word_1_512' title='bbox 1097 5759 1175 5806; x_wconf 83' lang='lat' dir='ltr'><strong>quum</strong></span> <span class='ocrx_word' id='word_1_513' title='bbox 1191 5745 1210 5794; x_wconf 94' lang='grc' dir='ltr'>Β</span> <span class='ocrx_word' id='word_1_514' title='bbox 1231 5771 1257 5779; x_wconf 98' lang='lat'>-</span> <span class='ocrx_word' id='word_1_515' title='bbox 1281 5744 1322 5795; x_wconf 73' lang='lat' dir='ltr'><strong>tl.</strong></span> <span class='ocrx_word' id='word_1_516' title='bbox 1340 5758 1385 5794; x_wconf 84' lang='lat' dir='ltr'><strong>nec</strong></span> <span class='ocrx_word' id='word_1_517' title='bbox 1401 5745 1455 5794; x_wconf 83' lang='lat' dir='ltr'><strong>ulto</strong></span> <span class='ocrx_word' id='word_1_518' title='bbox 1468 5759 1520 5807; x_wconf 85' lang='lat' dir='ltr'><strong>par</strong></span> <span class='ocrx_word' id='word_1_519' title='bbox 1536 5749 1571 5800; x_wconf 74' lang='grc' dir='ltr'><strong>Ας</strong></span> <span class='ocrx_word' id='word_1_520' title='bbox 1596 5750 1624 5794; x_wconf 76' lang='lat' dir='ltr'><strong>et</strong></span> <span class='ocrx_word' id='word_1_521' title='bbox 1639 5744 1770 5805; x_wconf 79' lang='lat' dir='ltr'><strong>ottupars</strong></span> 
     </span>
     <span class='ocr_line' id='line_1_48' title="bbox 438 5818 1769 5884; baseline 0.002 -17"><span class='ocrx_word' id='word_1_522' title='bbox 438 5818 504 5876; x_wconf 75' lang='lat' dir='ltr'><strong>Bc,</strong></span> <span class='ocrx_word' id='word_1_523' title='bbox 521 5818 611 5868; x_wconf 78' lang='lat' dir='ltr'><strong>elluo</strong></span> <span class='ocrx_word' id='word_1_524' title='bbox 631 5844 658 5854; x_wconf 96' lang='lat'>-</span> <span class='ocrx_word' id='word_1_525' title='bbox 681 5818 734 5868; x_wconf 79' lang='lat' dir='ltr'><strong>siue</strong></span> <span class='ocrx_word' id='word_1_526' title='bbox 749 5819 854 5869; x_wconf 82' lang='lat' dir='ltr'><strong>iocando</strong></span> <span class='ocrx_word' id='word_1_527' title='bbox 870 5821 890 5869; x_wconf 90' lang='lat' dir='ltr'>B</span> <span class='ocrx_word' id='word_1_528' title='bbox 908 5845 935 5854; x_wconf 94' lang='lat'><em>-</em></span> <span class='ocrx_word' id='word_1_529' title='bbox 961 5821 1001 5870; x_wconf 77' lang='lat'><strong>26.</strong></span> <span class='ocrx_word' id='word_1_530' title='bbox 1020 5824 1107 5884; x_wconf 70' lang='lat' dir='ltr'><strong>effecto</strong></span> <span class='ocrx_word' id='word_1_531' title='bbox 1124 5821 1143 5870; x_wconf 90' lang='lat' dir='ltr'>E</span> <span class='ocrx_word' id='word_1_532' title='bbox 1169 5845 1196 5856; x_wconf 94' lang='lat'><em>-</em></span> <span class='ocrx_word' id='word_1_533' title='bbox 1220 5820 1261 5870; x_wconf 77' lang='lat'><strong>27.</strong></span> <span class='ocrx_word' id='word_1_534' title='bbox 1278 5822 1301 5869; x_wconf 82' lang='lat' dir='ltr'><strong>si</strong></span> <span class='ocrx_word' id='word_1_535' title='bbox 1316 5835 1367 5870; x_wconf 78' lang='lat' dir='ltr'><strong>ooo</strong></span> <span class='ocrx_word' id='word_1_536' title='bbox 1382 5827 1448 5871; x_wconf 85' lang='lat' dir='ltr'><strong>recte</strong></span> <span class='ocrx_word' id='word_1_537' title='bbox 1466 5821 1485 5871; x_wconf 88' lang='grc' dir='ltr'>Ε</span> <span class='ocrx_word' id='word_1_538' title='bbox 1505 5847 1532 5857; x_wconf 88' lang='grc'>-</span> <span class='ocrx_word' id='word_1_539' title='bbox 1556 5818 1597 5869; x_wconf 82' lang='lat' dir='ltr'><strong>et.</strong></span> <span class='ocrx_word' id='word_1_540' title='bbox 1614 5833 1660 5870; x_wconf 77' lang='lat' dir='ltr'><strong>nec</strong></span> <span class='ocrx_word' id='word_1_541' title='bbox 1677 5831 1730 5870; x_wconf 90' lang='lat' dir='ltr'><strong>om.</strong></span> <span class='ocrx_word' id='word_1_542' title='bbox 1749 5818 1769 5868; x_wconf 87' lang='grc' dir='ltr'>Ε</span> 
     </span>
     <span class='ocr_line' id='line_1_49' title="bbox 440 5891 1768 5959; baseline 0.002 -18"><span class='ocrx_word' id='word_1_543' title='bbox 440 5915 469 5928; x_wconf 95' lang='lat'>-</span> <span class='ocrx_word' id='word_1_544' title='bbox 488 5891 529 5942; x_wconf 90' lang='grc'><strong>33.</strong></span> <span class='ocrx_word' id='word_1_545' title='bbox 549 5893 672 5955; x_wconf 74' lang='lat' dir='ltr'><strong>poscimus</strong></span> <span class='ocrx_word' id='word_1_546' title='bbox 688 5893 722 5942; x_wconf 79' lang='lat' dir='ltr'><strong>A:</strong></span> <span class='ocrx_word' id='word_1_547' title='bbox 743 5906 874 5955; x_wconf 77' lang='lat' dir='ltr'><strong>pessumus</strong></span> <span class='ocrx_word' id='word_1_548' title='bbox 891 5893 973 5944; x_wconf 87' lang='lat' dir='ltr'><strong>Bth</strong></span> <span class='ocrx_word' id='word_1_549' title='bbox 992 5920 1020 5929; x_wconf 95' lang='lat'><em>-</em></span> <span class='ocrx_word' id='word_1_550' title='bbox 1039 5895 1154 5955; x_wconf 72' lang='lat' dir='ltr'><strong>deicito</strong></span> <span class='ocrx_word' id='word_1_551' title='bbox 1170 5895 1189 5945; x_wconf 93' lang='grc' dir='ltr'>Β</span> <span class='ocrx_word' id='word_1_552' title='bbox 1210 5917 1237 5930; x_wconf 95' lang='lat'><em>-</em></span> <span class='ocrx_word' id='word_1_553' title='bbox 1256 5896 1296 5945; x_wconf 80' lang='lat'><strong>35.</strong></span> <span class='ocrx_word' id='word_1_554' title='bbox 1315 5895 1376 5945; x_wconf 78' lang='lat' dir='ltr'><strong>leuis</strong></span> <span class='ocrx_word' id='word_1_555' title='bbox 1392 5897 1414 5945; x_wconf 76' lang='grc' dir='ltr'><strong>Α</strong></span> <span class='ocrx_word' id='word_1_556' title='bbox 1433 5922 1459 5930; x_wconf 95' lang='grc'>-</span> <span class='ocrx_word' id='word_1_557' title='bbox 1479 5894 1520 5945; x_wconf 87' lang='grc'><strong>36.</strong></span> <span class='ocrx_word' id='word_1_558' title='bbox 1538 5895 1574 5959; x_wconf 84' lang='lat' dir='ltr'><strong>ut]</strong></span> <span class='ocrx_word' id='word_1_559' title='bbox 1592 5900 1616 5945; x_wconf 89' lang='lat' dir='ltr'><strong>et</strong></span> <span class='ocrx_word' id='word_1_560' title='bbox 1631 5896 1653 5945; x_wconf 87' lang='lat' dir='ltr'>B</span> <span class='ocrx_word' id='word_1_561' title='bbox 1671 5920 1699 5930; x_wconf 91' lang='lat'>-</span> <span class='ocrx_word' id='word_1_562' title='bbox 1718 5893 1768 5944; x_wconf 86' lang='lat' dir='ltr'><strong>ele·</strong></span> 
     </span>
     <span class='ocr_line' id='line_1_50' title="bbox 439 5967 1668 6022; baseline -0.001 0"><span class='ocrx_word' id='word_1_563' title='bbox 439 5969 513 6022; x_wconf 68' lang='lat' dir='ltr'><strong>uodo</strong></span> <span class='ocrx_word' id='word_1_564' title='bbox 528 5969 549 6022; x_wconf 84' lang='lat' dir='ltr'>B</span> <span class='ocrx_word' id='word_1_565' title='bbox 566 5996 600 6007; x_wconf 94' lang='lat'>-</span> <span class='ocrx_word' id='word_1_566' title='bbox 616 5968 656 6021; x_wconf 82' lang='grc'><strong>37.</strong></span> <span class='ocrx_word' id='word_1_567' title='bbox 674 5983 763 6021; x_wconf 72' lang='lat' dir='ltr'><strong>nomm</strong></span> <span class='ocrx_word' id='word_1_568' title='bbox 779 5970 828 6022; x_wconf 86' lang='lat' dir='ltr'><strong>BE</strong></span> <span class='ocrx_word' id='word_1_569' title='bbox 848 5997 874 6007; x_wconf 94' lang='lat'>-</span> <span class='ocrx_word' id='word_1_570' title='bbox 893 5970 934 6021; x_wconf 83' lang='grc'><strong>39.</strong></span> <span class='ocrx_word' id='word_1_571' title='bbox 953 5970 1066 6020; x_wconf 81' lang='lat' dir='ltr'><strong>occidere</strong></span> <span class='ocrx_word' id='word_1_572' title='bbox 1081 5969 1101 6020; x_wconf 92' lang='grc' dir='ltr'>Β</span> <span class='ocrx_word' id='word_1_573' title='bbox 1120 5995 1148 6005; x_wconf 90' lang='lat'>-</span> <span class='ocrx_word' id='word_1_574' title='bbox 1167 5967 1209 6020; x_wconf 79' lang='lat' dir='ltr'><strong>ld.</strong></span> <span class='ocrx_word' id='word_1_575' title='bbox 1226 5969 1290 6020; x_wconf 79' lang='lat' dir='ltr'><strong>tosti</strong></span> <span class='ocrx_word' id='word_1_576' title='bbox 1306 5970 1385 6020; x_wconf 78' lang='lat' dir='ltr'><strong>ocimi</strong></span> <span class='ocrx_word' id='word_1_577' title='bbox 1401 5970 1450 6020; x_wconf 90' lang='grc' dir='ltr'><strong>ΒΕ</strong></span> <span class='ocrx_word' id='word_1_578' title='bbox 1464 5995 1490 6009; x_wconf 94' lang='grc'>-</span> <span class='ocrx_word' id='word_1_579' title='bbox 1509 5970 1623 6022; x_wconf 71' lang='lat' dir='ltr'><strong>metm</strong></span> <span class='ocrx_word' id='word_1_580' title='bbox 1638 5971 1668 6021; x_wconf 90' lang='grc' dir='ltr'><strong>Β.</strong></span> 
     </span>
    </p>
   </div>
   <div class='ocr_carea' id='block_1_5' title="bbox 0 0 2179 7459">
    <p class='ocr_par' dir='ltr' id='par_1_5' title="bbox 0 0 2179 7459">
     <span class='ocr_line' id='line_1_51' title="bbox 0 0 2179 7459; baseline 0 0"><span class='ocrx_word' id='word_1_581' title='bbox 0 0 2179 7459; x_wconf 95' lang='lat' dir='ltr'><strong> </strong></span> 
     </span>
    </p>
   </div>
  </div>
 </body>
</html>
