4342 7459
447 1211 509 1277 att
942 1215 997 1278 DE
1019 1214 1285 1280 DIVINATIONE

446 1394 546 1439 necne
574 1373 651 1457 quid
680 1372 802 1436 referti
844 1373 931 1436 Nihil
958 1373 998 1437 ad
1026 1374 1189 1457 auspicia;
1223 1376 1279 1439 sed
1300 1377 1391 1462 qnia,
1422 1397 1494 1440 cum
1516 1387 1698 1461 pascuntur,
1721 1400 1778 1444 ne·

446 1489 534 1533 cesse
563 1476 611 1532 est
641 1465 762 1551 aliquid
794 1487 835 1530 ex
862 1487 917 1530 ore
947 1468 1061 1532 eadere
1092 1478 1124 1532 et
1145 1477 1259 1534 terram
1282 1470 1409 1553 pavire,
1438 1473 1640 1557 terripavium
1662 1474 1777 1557 primo,

447 1571 519 1645 post
539 1560 746 1642 terripudium
768 1560 886 1625 dictum
908 1570 977 1636 est;
1009 1563 1071 1625 hoc
1094 1562 1224 1644 quidem
1247 1566 1309 1626 iam
1331 1564 1504 1649 tripudium
1526 1566 1651 1630 dicitur.
1695 1567 1775 1631 Cum

444 1656 542 1739 igitur
569 1657 632 1720 olla
660 1655 774 1718 cecidit
803 1674 844 1718 ex
871 1675 926 1718 ore
955 1656 1055 1740 pulli,
1087 1664 1154 1719 tum
1183 1658 1360 1741 auspicanti
1386 1660 1560 1743 tripudium
1587 1660 1777 1726 solistimum

421 1751 616 1813 enuntiatur.

530 1844 661 1907 XXXV.
693 1840 745 1905 73.
777 1844 862 1926 Ergo
889 1842 951 1907 hoc
978 1845 1156 1925 auspicium
1184 1844 1283 1909 divini
1317 1847 1485 1930 quicquam
1514 1848 1630 1912 hahere
1658 1857 1776 1933 potest,

444 1937 531 2023 qnod
559 1948 623 2001 tam
651 1940 692 2001 sit
718 1948 861 2003 eoactum
889 1947 921 2001 et
948 1941 1158 2021 expressum?
1190 1960 1256 2024 quo
1279 1942 1529 2024 antiquissumos
1552 1962 1688 2026 augures
1710 1964 1777 2009 nors

444 2052 515 2098 esse
536 2052 612 2096 usos
633 2039 821 2115 argumento
844 2040 901 2105 est,
924 2034 1010 2115 quod
1032 2029 1194 2095 decretum
1217 2034 1345 2117 collegii
1367 2043 1458 2098 vetus
1479 2036 1633 2100 hahemus
1648 2057 1776 2101 omnem

443 2146 533 2190 avem
564 2125 735 2208 tripudium
762 2124 867 2188 lacere
896 2144 1002 2208 posse.
1046 2127 1129 2189 Tum
1157 2127 1255 2209 igitur
1280 2136 1366 2191 esset
1393 2130 1592 2212 auspicium,
1621 2132 1649 2195 si
1680 2132 1776 2196 modo

406 2229 528 2287 coesset
555 2221 585 2284 ei
613 2220 746 2282 liberum
770 2238 805 2281 se
826 2219 1023 2293 ostendisse;
1053 2229 1121 2283 tum
1143 2221 1211 2283 avis
1233 2221 1289 2285 illa
1310 2222 1411 2287 rideri
1434 2232 1542 2307 posset
1564 2225 1721 2308 interpres
1744 2233 1778 2289 et

443 2314 571 2380 satelles
593 2314 686 2377 Iovis.
729 2314 820 2375 Nunc
848 2333 924 2377 voro
953 2313 1075 2377 inclusa
1103 2314 1136 2377 in
1163 2333 1260 2378 cavea
1280 2323 1315 2378 et
1334 2314 1417 2379 lame
1439 2325 1550 2380 enecta
1573 2319 1600 2381 si
1623 2318 1656 2380 in
1679 2319 1775 2383 ollam

441 2410 539 2495 pultis
566 2408 688 2472 invadit
716 2414 749 2469 et
776 2407 803 2469 si
828 2405 952 2490 aliquid
979 2426 1020 2469 ex
1048 2408 1117 2471 eius
1145 2427 1201 2470 ore
1223 2409 1352 2483 assidit,
1380 2410 1439 2473 hoc
1462 2418 1496 2472 tu
1519 2412 1698 2496 auspicium
1720 2418 1777 2474 aut

442 2500 503 2566 hoc
524 2503 619 2567 modo
634 2500 803 2563 Romulum
825 2502 983 2584 auspicari
1006 2500 1134 2564 solitum
1156 2505 1270 2583 putast
1313 2498 1364 2564 Il.
1387 2503 1453 2566 Iam
1475 2504 1516 2567 de
1537 2505 1624 2568 caelo
1647 2524 1776 2569 semare

441 2616 508 2661 non
529 2598 616 2679 Ipsos
639 2613 750 2657 censes
773 2593 894 2668 solitos,
916 2594 972 2678 qui
987 2594 1256 2676 auspicabantur?
1279 2615 1363 2659 nunc
1377 2596 1535 2679 imperant
1548 2597 1702 2681 pullario,
1718 2597 1775 2661 ille

405 2707 434 2755 sa
442 2690 611 2755 renuntiat.
655 2688 788 2751 Fulmen
810 2689 973 2751 sinistrum
995 2688 1169 2771 auspicium
1190 2697 1355 2771 optumum
1377 2690 1531 2755 hebenus
1545 2690 1586 2756 sd
1601 2691 1704 2755 omnis
1720 2710 1773 2755 ras

441 2793 663 2869 praeterquam
685 2780 725 2844 ad
747 2782 893 2857 eomitis3
915 2780 1003 2865 qnod
1025 2782 1155 2865 quidem
1178 2782 1357 2846 institutum
1379 2785 1426 2848 rei
1443 2784 1589 2867 publicae
1603 2805 1699 2850 caum
1714 2793 1774 2861 est,¹

441 2888 483 2945 ut,
498 2876 696 2941 comitiorum
725 2876 775 2938 rel
801 2876 835 2938 in
863 2876 989 2939 iudiciis
1017 2875 1128 2959 populi
1150 2877 1200 2940 vel
1222 2878 1256 2940 in
1277 2879 1346 2941 iure
1367 2879 1474 2961 legum
1496 2879 1547 2942 rel
1568 2879 1609 2957 in
1624 2879 1773 2944 creandis

440 2971 676 3056 magistratibus
697 2970 856 3054 principes
876 2970 1010 3033 civitatis
1032 2978 1141 3033 essent
1153 2970 1353 3054 interpretes.
1385 2974 1426 3035 At
1440 2973 1490 3036 Ti.
1505 2973 1639 3036 Gracchi
1654 2974 1772 3037 litteris

441 3066 549 3148 Scipio
563 3074 595 3127 et
609 3064 740 3146 Figulus
754 3063 916 3138 consules,
932 3084 1002 3126 cum
1018 3082 1156 3146 augures
1170 3064 1364 3128 iudicassent
1377 3085 1432 3129 eos
1448 3066 1524 3130 vitio
1546 3074 1669 3130 creatos
1692 3084 1773 3139 esse,

402 3160 624 3243 ”magistratu
640 3178 674 3221 se
688 3158 926 3221 abdicaverunt
960 3157 1039 3233 Quis
1061 3165 1155 3239 negat
1175 3177 1330 3240 augurum
1353 3157 1553 3241 disciplinam
1576 3162 1670 3223 esset
1692 3159 1774 3224 divi·

440 3255 604 3319 nationem
626 3272 719 3336 nego.
761 3255 803 3314 At
825 3250 1011 3335 haruspices
1033 3250 1159 3325 divini3
1189 3272 1363 3336 quoscum
1387 3253 1435 3315 Ti.
1458 3252 1616 3316 Gracchus
1644 3262 1773 3337 propter

440 3356 575 3412 mortem
598 3346 796 3428 repentinam
818 3346 901 3419 eius,
924 3346 980 3429 qui
1002 3347 1034 3407 ln
1057 3346 1277 3429 praerogativa
1298 3343 1464 3409 reserenda
1486 3346 1592 3410 subito
1614 3346 1773 3411 concidis·

441 3451 504 3520 set,
533 3445 566 3507 in
588 3449 732 3506 senatum
753 3439 1002 3512 introduxisset,
1031 3458 1096 3503 non
1123 3439 1243 3502 iustum
1271 3447 1449 3522 rogatorem
1476 3440 1576 3504 luisse
1605 3439 1769 3504 diaerunt.

440 3535 493 3601 75.
516 3538 654 3600 Primum
676 3532 750 3595 vide
772 3553 812 3595 ne
834 3533 867 3593 in
890 3552 961 3595 eum
985 3531 1141 3607 dixerint,
1171 3534 1228 3617 qui
1250 3542 1378 3616 rogator
1397 3535 1558 3598 centuriae
1579 3532 1711 3607 luisset3
1742 3534 1771 3598 is

403 3634 525 3697 monim
548 3637 617 3693 erat
637 3635 796 3701 mortuum
818 3626 851 3687 id
873 3634 976 3689 autern
999 3627 1069 3688 sine
1089 3627 1282 3690 divinatione
1298 3630 1476 3691 coniectura
1491 3634 1639 3710 poterant
1653 3627 1770 3691 dicere.

440 3724 562 3790 Deinde
583 3723 718 3785 formose
739 3738 826 3792 casn,
849 3719 905 3802 qui
927 3719 1015 3783 nullo
1037 3721 1131 3784 modo
1152 3731 1201 3784 est
1223 3740 1263 3783 ex
1277 3721 1340 3786 hoc
1354 3740 1472 3805 genero
1487 3720 1659 3785 tollendus.
1682 3718 1770 3797 Quid

441 3822 524 3884 enim
550 3819 633 3881 scire
658 3814 784 3878 Etrusci
813 3812 997 3896 haruspices
1024 3821 1079 3876 aut
1109 3814 1149 3878 de
1175 3815 1379 3879 tabernaculo
1406 3824 1493 3879 recte
1521 3824 1615 3898 capto
1643 3823 1700 3878 aut
1728 3813 1770 3878 de

439 3912 573 3998 pomerii
600 3912 669 3974 iure
696 3909 892 3991 potnerunt?
928 3906 1087 3989 Equidem
1115 3909 1276 3972 adsentior
1303 3909 1335 3971 C.
1358 3908 1508 3972 Marcello
1538 3909 1642 3990 potius
1672 3928 1769 3992 quam

440 4012 521 4092 App.
536 4004 678 4077 Claudio,
701 4002 756 4086 qui
777 4001 871 4065 ambo
893 4002 954 4064 mei
976 4002 1118 4085 collegae
1139 4002 1277 4076 luerunt,
1300 4004 1511 4086 existimoque
1532 4003 1584 4066 ius
1598 4022 1768 4085 augurum,

401 4104 498 4165 motai
529 4098 735 4163 divinationis
767 4096 918 4179 opinione
948 4096 1104 4179 priucipio
1133 4098 1343 4160 constitutum
1370 4098 1426 4171 sit,
1454 4105 1560 4160 tamen
1588 4106 1699 4180 postea
1720 4096 1768 4160 rei

437 4196 583 4280 publicae
605 4212 700 4255 causa
722 4201 942 4253 conservatum
964 4209 1000 4252 ac
1022 4200 1189 4253 retentum.

524 4288 671 4351 XXXVI.
700 4284 753 4347 76.
781 4283 843 4346 Sed
870 4283 910 4346 de
932 4286 992 4346 hoc
1015 4285 1084 4347 loco
1107 4284 1196 4366 plura
1218 4285 1251 4346 in
1273 4283 1361 4358 aliis,
1388 4303 1473 4347 nnnc
1494 4284 1659 4348 hactenus.
1705 4285 1769 4346 Ex·

438 4392 527 4447 terna
550 4383 634 4444 enim
656 4380 805 4462 auguria,
836 4398 918 4461 quae
948 4388 1021 4442 sunt
1047 4398 1111 4440 non
1140 4388 1202 4440 tam
1225 4375 1394 4440 artiticiosa
1417 4398 1511 4461 quam
1534 4378 1768 4460 superstitiosa,

438 4478 614 4540 videamus.
654 4469 808 4536 Omnibus
830 4471 896 4534 lere
917 4473 1028 4535 avibus
1051 4480 1190 4545 utuntur,
1213 4491 1271 4534 nos
1293 4471 1462 4535 admodum
1479 4474 1602 4557 paucis;
1625 4473 1688 4536 alia
1704 4473 1769 4536 illis

400 4572 564 4635 sasinistrn
593 4577 682 4641 sunt,
711 4567 772 4629 alia
795 4566 922 4628 nostris.
967 4566 1095 4629 Solebat
1122 4586 1163 4628 ex
1190 4585 1239 4627 me
1261 4567 1428 4628 Deiotarus
1457 4568 1636 4648 percontari
1667 4566 1768 4629 nostri

438 4664 561 4747 augurii
584 4661 794 4745 disciplinam,
818 4679 877 4742 ego
900 4680 941 4722 ex
963 4660 1017 4721 illo
1041 4660 1108 4721 sui:
1130 4657 1163 4722 di
1183 4659 1383 4721 inmortalesl
1407 4669 1559 4744 quantum
1581 4660 1765 4724 differebat!

438 4766 474 4821 ut
496 4758 651 4842 quaedam
673 4765 780 4818 essent
801 4756 894 4817 etiam
916 4753 1081 4817 contraria.
1119 4757 1223 4836 Atque
1245 4753 1299 4816 ille
1321 4754 1358 4816 iis
1382 4774 1505 4837 semper
1521 4754 1682 4830 utebatur,
1697 4776 1767 4831 uos,

437 4852 500 4916 nisi
523 4851 598 4915 dum
620 4871 638 4914 a
659 4850 779 4935 populo
801 4848 945 4930 auspicia
966 4856 1095 4932 accepta
1115 4848 1284 4921 habemus,
1307 4868 1403 4931 qnam
1425 4848 1559 4911 multum
1574 4847 1613 4911 iis
1629 4849 1767 4912 utimurl

502 5191 526 5240 3.
546 5190 684 5239 disiisset
713 5213 738 5223 -
766 5187 859 5249 hocque
875 5186 940 5236 iden
955 5186 1009 5235 tum
1026 5186 1148 5236 Davisius
1172 5210 1199 5221 -
1221 5183 1315 5233 dicitur
1330 5195 1384 5233 om.
1403 5181 1425 5231 V
1450 5208 1477 5219 -
1501 5181 1526 5234 l.
1545 5183 1691 5234 saltatim
1707 5182 1766 5234 AV:

435 5267 590 5317 sollistimum
608 5266 667 5323 u0;
691 5262 829 5326 otissa
853 5289 879 5298 -
906 5262 930 5311 a.
949 5261 1101 5311 nominatV
1125 5286 1152 5297 -
1182 5260 1344 5309 amasses
1362 5259 1400 5318 V¹,
1424 5271 1481 5308 usos
1497 5272 1548 5309 esse
1565 5257 1597 5308 V¹
1613 5283 1641 5295 -
1668 5259 1769 5321 coltoqit

436 5344 477 5401 Al,
492 5330 588 5403 'coltiqii
604 5342 636 5389 A·
654 5365 680 5375 —
701 5339 740 5387 40.
760 5341 782 5387 si
800 5338 835 5386 C:
853 5338 897 5387 uos'
915 5337 1083 5400 llottingerue
1102 5360 1129 5370 -·
1149 5336 1189 5384 ti.
1207 5337 1302 5383 iuuant
1319 5334 1440 5384 Devictus
1459 5358 1487 5371 -
1508 5334 1548 5385 ⁴³.
1560 5331 1766 5397 seruas-evulgo:

435 5418 536 5467 ”niori
553 5417 572 5466 C
591 5440 618 5450 -
639 5412 899 5476 stampensium
918 5436 945 5447 -
964 5411 1038 5475 nanc]
1049 5409 1133 5459 aonV
1151 5434 1178 5445 ·-
1199 5409 1239 5459 lh.
1257 5409 1375 5459 memus
1392 5410 1505 5460 Marsus:
1525 5410 1592 5472 quod
1607 5408 1724 5459 holmus
1736 5408 1766 5468 C,

436 5489 744 5556 qutasmiatsmoscod.
764 5488 887 5538 Pithoeus
904 5486 972 5538 alter
998 5513 1025 5524 -
1052 5498 1136 5535 omnes
1152 5484 1231 5534 BVO
1250 5509 1277 5520 -
1306 5485 1345 5533 ⁴7.
1364 5485 1548 5534 meren
1564 5482 1595 5534 Αι
1614 5509 1641 5520 -
1660 5484 1687 5531 is
1703 5485 1767 5532 anta

434 5568 491 5617 turs
508 5579 561 5616 om.
581 5567 600 5615 Β
623 5591 651 5603 -
674 5564 714 5615 ⁴8.
732 5564 846 5613 maumas
861 5559 893 5611 Αι
916 5588 942 5596 -
967 5558 1139 5627 ctlocA¹-
1164 5554 1358 5623 49.oqo10sa¹
1377 5585 1404 5596 -
1422 5556 1686 5624 conalqsosAV-
1708 5570 1767 5607 cass

435 5644 456 5692 Α
479 5642 504 5692 ln
523 5654 575 5692 ras.
594 5639 677 5691 hahet
702 5662 729 5676 -—
755 5639 866 5687 aitiost
895 5662 921 5672 -
948 5637 989 5686 lt.
1007 5649 1070 5700 neqo
1088 5634 1156 5685 lines
1174 5636 1326 5683 transversa
1350 5632 1440 5684 delli
1468 5658 1496 5671 -
1523 5633 1558 5698 ot]
1574 5637 1620 5682 out
1636 5632 1657 5680 V
1675 5656 1703 5668 -
1722 5632 1764 5683 aa.

433 5715 618 5779 poterstv-
644 5712 907 5776 ihpomosrilo-
934 5710 1228 5761 C.corr.inG.A·
1254 5708 1554 5771 saepissume
1575 5731 1601 5745 -
1627 5708 1766 5771 comasii

435 5789 528 5839 maluit
544 5789 668 5852 Orellius,
690 5801 752 5840 cnm
774 5789 808 5837 tta
825 5786 953 5849 scriptum
971 5786 1006 5834 sit
1028 5786 1049 5834 11
1068 5784 1127 5847 suo
1149 5808 1177 5817 -
1207 5782 1248 5833 ³0.
1266 5784 1287 5832 ss·
1304 5790 1388 5834 tomas
1403 5781 1435 5834 ΑΙ
1462 5809 1489 5821 -
1516 5784 1557 5835 32.
1576 5784 1715 5834 misma
1734 5807 1761 5818 -
