4342 7459
437 1236 500 1304 uto
582 1198 604 1264 ·’
921 1243 974 1307 nr,
994 1242 1261 1309 nrvmlnroua

437 1410 565 1489 praeter
589 1409 734 1466 naturam
759 1409 865 1467 tamen
890 1424 954 1468 non
975 1405 1076 1487 possit
1097 1406 1244 1479 existere.
1294 1404 1427 1469 Causam
1453 1405 1551 1488 igitur
1576 1406 1766 1489 investigato

438 1500 473 1562 in
495 1519 529 1561 re
551 1517 633 1561 nora
655 1505 751 1581 atque
773 1498 960 1572 admirabili,
983 1501 1009 1562 si
1032 1500 1166 1581 poterim
1188 1500 1215 1563 si
1238 1499 1358 1562 nullam
1380 1501 1535 1583 reperies,
1558 1500 1638 1565 illud
1660 1509 1765 1565 tamen

438 1590 635 1676 exploratum
649 1590 764 1655 habeto
778 1592 857 1655 nihil
872 1592 940 1656 lieri
955 1593 1098 1677 potuisse
1113 1594 1181 1655 sine
1197 1612 1308 1666 causa,
1331 1614 1470 1678 eumque
1485 1601 1655 1671 terrorem,
1669 1616 1766 1680 quem

437 1687 493 1751 tibi
522 1687 568 1749 rei
597 1687 721 1750 novitas
748 1688 905 1763 attulerit,
934 1696 1065 1751 naturae
1094 1688 1215 1750 ratione
1242 1687 1404 1772 depellite.
1448 1689 1497 1752 lta
1521 1696 1552 1751 te
1577 1709 1636 1753 nee
1663 1699 1767 1753 terrae

413 1778 580 1843 airemitas
602 1799 660 1843 nee
683 1782 762 1845 caeli
784 1782 943 1846 discessus
966 1802 1025 1845 nec
1047 1780 1192 1864 lapideus
1214 1789 1268 1844 aut
1289 1782 1482 1863 sanguineus
1505 1782 1607 1845 imber
1625 1803 1684 1847 nec
1703 1792 1768 1848 tra-

437 1873 533 1937 iectio
556 1873 665 1937 stellae
686 1896 745 1939 nec
766 1876 852 1940 iaces
874 1877 962 1939 visae
984 1875 1157 1938 terrebunt.
1202 1869 1252 1935 dl.
1277 1874 1420 1949 Quorum
1442 1876 1583 1940 omnium
1605 1897 1716 1943 causas
1740 1880 1768 1943 si

436 1964 647 2051 aChrysippo
667 1989 840 2053 quaeram,
865 1971 933 2055 ipse
959 1970 1014 2033 ille
1042 1969 1246 2033 divinationis
1273 1976 1383 2031 auctor
1406 1989 1578 2054 numquam
1604 1970 1660 2036 illa
1681 1972 1770 2037 dicet

436 2059 519 2127 iacta
546 2060 676 2127 iortnito
707 2064 947 2147 naturalemque
976 2064 1129 2126 rationem
1152 2063 1293 2126 omnium
1316 2060 1439 2124 reddet.
1482 2062 1568 2127 Nihil
1590 2066 1770 2135 enimtieri

438 2155 506 2220 sine
534 2177 630 2221 causa
659 2166 783 2241 potest,
813 2178 872 2221 nee
895 2159 1064 2242 quicquam
1087 2153 1137 2231 lit,
1167 2156 1253 2240 quod
1277 2153 1344 2219 lieri
1365 2177 1429 2219 non
1451 2166 1572 2241 potest3
1603 2180 1662 2224 nec
1684 2163 1712 2225 si
1734 2160 1768 2224 id

401 2249 552 2315 temetum
576 2261 638 2327 est,
660 2253 746 2337 quod
769 2253 873 2336 potuit
894 2249 979 2324 fieri,
1003 2258 1183 2334 portentum
1207 2251 1303 2314 debet
1323 2249 1440 2313 videri:
1470 2251 1556 2316 nulla
1578 2253 1675 2336 igitar
1695 2274 1771 2339 por·

438 2352 524 2408 tenta
545 2354 629 2409 sunt.
673 2350 751 2411 Nam
775 2348 811 2421 si,
834 2348 921 2431 qnod
943 2366 1014 2409 raro
1036 2346 1082 2418 tit,
1106 2345 1138 2407 id
1163 2353 1342 2428 portentum
1366 2345 1538 2427 putandum
1561 2356 1620 2421 est,
1642 2349 1771 2433 sapien·

438 2446 501 2502 tem
529 2459 599 2504 esse
626 2450 807 2525 portentum
831 2450 899 2514 est3
930 2440 1058 2523 saepius
1080 2440 1166 2502 enim
1189 2438 1305 2502 mulam
1328 2439 1490 2522 peperisse
1512 2441 1649 2505 arbitror
1671 2462 1768 2526 qnam

438 2533 613 2615 rapientem
635 2536 745 2600 faisse.
791 2536 848 2598 Illa
869 2535 966 2615 igitur
986 2534 1065 2596 ratio
1089 2532 1302 2606 concluditur,
1329 2552 1387 2597 nec
1409 2532 1459 2606 id,
1482 2534 1568 2617 quod
1590 2556 1655 2599 non
1677 2545 1771 2621 potu·

438 2630 498 2691 erit
517 2628 602 2703 lieri,
624 2630 740 2694 lactum
763 2650 913 2713 umquam
936 2649 1025 2702 esse,
1054 2649 1113 2691 nce
1128 2628 1221 2711 ,qnod
1244 2629 1397 2711 potuerit,
1419 2628 1451 2690 id
1474 2638 1655 2712 portentum
1678 2651 1769 2696 esse:

401 2720 482 2784 ttita
507 2724 637 2786 omnino
663 2723 782 2788 nullum
810 2744 880 2787 esse
906 2731 1098 2806 portentum.
1141 2718 1193 2784 62.
1218 2722 1312 2797 Quod
1335 2725 1430 2787 etiam
1453 2726 1615 2789 coniector
1637 2726 1770 2809 quidam

437 2824 470 2880 et
489 2816 645 2899 interpres
667 2826 883 2901 portentorum
904 2838 968 2880 non
989 2819 1102 2881 inscite
1117 2816 1319 2900 respondisse
1335 2816 1452 2882 dicitur
1466 2817 1489 2898 †
1504 2819 1553 2894 el,
1569 2821 1624 2904 qui
1640 2820 1769 2885 eumad

437 2930 510 2974 eum
532 2911 693 2975 retulisset
720 2913 811 2996 quasi
840 2920 1017 2987 ostentum,
1048 2910 1134 2995 quod
1157 2910 1270 2993 anguis
1292 2911 1378 2973 domi
1401 2920 1524 2976 vectem
1547 2914 1770 2979 circumiectus

437 3002 566 3069 inisset:
595 3012 683 3070 «tum
706 3014 826 3080 esset»,
848 3006 953 3089 inquit
982 3013 1185 3078 «ostentum,
1213 3005 1240 3068 si
1261 3023 1397 3088 anguem
1423 3007 1522 3070 vectis
1550 3009 1772 3091 circumplica-

437 3102 567 3164 risseta.
610 3100 679 3164 Hoc
698 3100 753 3163 ille
774 3119 927 3183 responso
950 3100 1026 3163 satis
1047 3106 1157 3182 aperte
1181 3097 1370 3173 declaravit,
1392 3098 1470 3163 nihil
1488 3096 1670 3165 habendum
1688 3122 1771 3177 esse,

398 3195 526 3277 ”qaod
548 3190 615 3258 lieri
639 3203 763 3276 posset,
790 3201 960 3257 ostentum.

303 3285 306 3290 ’
521 3290 639 3352 XXlX.
663 3288 697 3352 C.
712 3287 872 3352 Gracchus
887 3286 927 3350 ad
942 3288 984 3350 ld.
1001 3288 1208 3370 Pomponium
1230 3286 1355 3368 scripsit
1370 3286 1494 3351 duobus
1509 3290 1667 3373 anguibus
1683 3288 1771 3352 domi

438 3384 665 3467 conprehensis
687 3382 871 3465 haruspices
893 3401 911 3444 a
934 3390 1024 3465 patre
1046 3388 1243 3444 convocatos.
1285 3380 1347 3456 Qut
1371 3381 1471 3464 magis
1492 3383 1650 3465 anguibus
1675 3401 1771 3466 quam

437 3477 581 3552 lacertis,
612 3496 707 3560 quam
729 3472 898 3539 muribus?
942 3475 1024 3551 Quia
1047 3482 1121 3537 sant
1141 3476 1219 3537 baec
1248 3474 1424 3548 cotidiana,
1453 3495 1573 3560 angues
1595 3497 1659 3541 non
1682 3478 1770 3539 itcm.

439 3571 538 3647 Quasi
561 3590 636 3634 vero
658 3569 790 3642 referat,
819 3570 905 3654 qaod
928 3566 994 3631 fieri
1019 3575 1140 3649 potest,
1170 3588 1265 3651 quam
1288 3568 1320 3630 id
1343 3589 1439 3651 saepe
1461 3567 1524 3633 liat.
1568 3570 1637 3653 Ego
1662 3578 1770 3634 umen

400 3666 546 3738 ”miron
568 3665 595 3727 si
618 3665 747 3727 emissio
769 3663 905 3727 feminae
924 3663 1036 3746 anguis
1056 3671 1188 3725 mortem
1209 3661 1373 3726 adferebat
1394 3664 1442 3727 Ti.
1458 3663 1615 3738 Graccho,
1637 3664 1769 3727 emissio

438 3767 543 3822 antem
564 3759 659 3821 maris
681 3758 793 3840 anguis
816 3766 883 3820 erat
905 3757 1064 3821 mortifera
1080 3755 1263 3830 Corneliae,
1282 3777 1340 3820 car
1354 3756 1485 3821 alteram
1500 3766 1602 3822 utram
1618 3758 1770 3821 emiserit.

437 3850 521 3915 Nihil
544 3852 628 3914 enim
651 3853 763 3915 scribit
783 3851 985 3936 respondisse
1007 3847 1203 3932 haruspices,
1227 3852 1253 3912 si
1269 3859 1381 3914 neuter
1395 3851 1509 3933 anguis
1524 3851 1659 3914 emissus
1675 3860 1771 3927 asset,

439 3944 515 4028 quid
543 3954 628 4008 esset
654 3945 803 4008 laturam.
848 3949 888 4008 At
916 3964 1001 4008 mors
1027 3946 1171 4008 insecuta
1195 3945 1370 4008 Gracchum
1399 3954 1456 4008 est.
1503 3945 1605 4009 Causa
1627 3947 1770 4031 quidem,

439 4038 545 4110 credo,
567 4038 675 4122 aliqua
697 4040 797 4102 morbi
813 4039 981 4117 gravioris,
997 4059 1059 4102 non
1077 4039 1248 4102 emissione
1263 4039 1438 4121 serpentis3
1463 4059 1567 4123 neque
1583 4040 1667 4104 enim
1683 4049 1771 4105 tanta

401 4140 487 4197 mast
508 4132 676 4195 infelicitas
699 4134 917 4215 haruspicum,
939 4144 975 4197 ut
996 4155 1036 4197 nc
1059 4152 1134 4195 casa
1158 4133 1285 4216 quidem
1308 4152 1458 4215 umquam
1482 4133 1554 4208 liat,
1576 4136 1662 4219 quod
1686 4135 1772 4199 luta·

439 4247 508 4289 rum
532 4226 577 4289 illi
599 4248 669 4290 esse
691 4228 839 4289 dixerint

524 4322 626 4383 XXX.
657 4320 708 4383 63.
735 4324 813 4384 Nam
841 4322 920 4384 illud
951 4323 1098 4395 mirarer,
1127 4323 1152 4384 si
1177 4320 1353 4394 crederem,
1382 4322 1468 4403 quod
1490 4322 1573 4405 apud
1597 4323 1771 4386 Homerum

440 4414 642 4479 Calchantem
665 4417 774 4478 dixisti
797 4436 835 4479 ex
861 4436 1022 4499 passerum
1045 4408 1177 4478 aumer'o
1201 4413 1275 4477 belli
1292 4416 1420 4477 Troiani
1444 4435 1545 4479 annos
1560 4425 1769 4498 auguratum

440 4508 480 4571 de
502 4510 591 4572 cuius
613 4512 792 4574 coniectura
814 4513 860 4573 sic
881 4510 965 4594 apud
987 4510 1178 4583 Homerum,
1207 4517 1242 4571 ut
1264 4528 1323 4570 nos
1346 4510 1439 4571 otiosi
1463 4510 1694 4581 convertimus,
1725 4509 1771 4572 lo-

401 4604 547 4687 ³⁵quitur
567 4607 801 4686 Agamemnon:
1203 4647 1207 4654 -

566 4699 701 4772 Ferte,
732 4700 834 4772 viri,
866 4708 905 4762 et
934 4700 1054 4762 duros
1084 4699 1220 4761 animo
1249 4698 1428 4760 tolerate
1457 4697 1637 4772 labores,

567 4795 746 4874 Auguris
775 4802 817 4855 ut
845 4793 976 4855 nostri
1009 4792 1242 4855 Calchantis
1273 4792 1355 4854 lata
1384 4811 1571 4875 queamus

567 4889 675 4951 Scire
705 4896 874 4949 ratosne
903 4886 1079 4949 habeant
1109 4906 1155 4948 aa
1187 4905 1316 4947 vanos
1348 4887 1528 4967 pectoris
1560 4905 1686 4949 orsus.

566 4984 725 5064 Namque
755 5002 883 5044 omnes
912 4983 1071 5044 memori
1095 4988 1314 5064 portentum
1338 4989 1465 5043 mente
1488 4988 1707 5055 retentant,

504 5281 529 5329 a.
547 5279 706 5341 repperiesli
734 5302 762 5315 -
789 5277 813 5327 3.
833 5285 953 5327 terrorem
973 5278 1132 5329 Lambinus:
1160 5279 1308 5329 erroremC
1334 5304 1361 5313 -
1389 5276 1414 5328 l.
1434 5279 1536 5328 arma
1562 5303 1588 5312 -
1620 5278 1643 5327 6.
1664 5292 1772 5341 quoram

439 5354 551 5407 salisb:
576 5353 722 5416 quemme
748 5378 774 5387 -
802 5353 826 5401 7.
846 5367 964 5415 quaeram
981 5354 1021 5413 Ψ,
1043 5367 1191 5417 quaererem
1209 5353 1240 5401 V²
1259 5379 1284 5389 -
1306 5355 1361 5415 ipsa
1378 5355 1409 5403 Α1
1429 5383 1455 5392 -
1481 5354 1504 5403 9.
1525 5354 1661 5414 quidquam
1679 5355 1723 5404 ΒΟ
1743 5382 1770 5393 -

440 5432 479 5483 ta.
498 5431 542 5493 qui
557 5443 614 5479 aum
631 5433 664 5488 Α,
683 5429 805 5480 sedeam
822 5431 848 5479 in
866 5443 929 5480 ras:
949 5431 992 5491 qui
1008 5432 1118 5490 quodam
1136 5431 1273 5492 (quoddam
1289 5429 1370 5491 corr.)
1388 5429 1425 5486 V;
1448 5430 1491 5491 qui
1508 5431 1635 5491 quondam
1651 5431 1712 5489 (aut
1729 5430 1772 5493 qut

439 5520 492 5557 om.
505 5508 569 5565 euml
587 5507 655 5556 coni.
671 5507 778 5560 Dantem
798 5507 890 5555 dicitur
906 5519 963 5554 cum
980 5507 1084 5567 quidam
1101 5508 1169 5556 coni.
1187 5504 1260 5555 Halm
1275 5531 1301 5540 -
1321 5505 1361 5554 20.
1375 5517 1425 5553 esra
1441 5505 1507 5566 quod
1522 5505 1578 5567 tier-i
1592 5509 1674 5565 posset
1690 5510 1772 5554 ostan-

438 5589 492 5632 tum
508 5583 563 5639 ΑΒ,
582 5583 631 5632 atsi
649 5581 720 5644 qnod
739 5580 796 5630 inii
814 5587 935 5629 ostentum
951 5594 1009 5644 sup.
1031 5581 1074 5631 lin.
1093 5581 1212 5631 additum
1231 5584 1288 5631 est:
1307 5594 1356 5630 esse
1373 5582 1439 5640 quod
1454 5582 1510 5643 fieri
1525 5586 1605 5641 posset
1622 5580 1653 5639 V,
1673 5580 1772 5643 quibus

439 5657 529 5707 verbis
546 5659 571 5706 in
591 5657 709 5718 margine
727 5656 861 5705 adiectum
881 5659 921 5705 est
934 5662 1092 5719 portentum,
1111 5670 1162 5705 esse
1176 5662 1327 5718 portentum,
1347 5657 1412 5717 quod
1427 5656 1483 5719 fleri
1497 5654 1613 5717 porreto
1638 5679 1664 5688 —
1690 5654 1772 5704 2t.G

439 5733 490 5792 ΑΒ,
509 5733 557 5783 sed
576 5734 601 5782 in
621 5734 637 5782 Β
656 5745 714 5795 sap.
727 5731 783 5790 lin,
802 5745 855 5782 om.
869 5732 892 5780 V
905 5757 932 5768 -
951 5733 1089 5794 praebuet}
1104 5759 1131 5768 -
1150 5732 1235 5781 scribit
1247 5730 1276 5782 tt¹
1291 5760 1317 5769 -
1337 5733 1377 5781 ii.
1392 5732 1539 5793 quotidiana
1552 5732 1572 5781 0
1584 5756 1612 5767 ·-
1631 5728 1671 5779 ll.
1683 5730 1771 5794 potest]

437 5814 493 5870 post
509 5807 539 5858 Α1
557 5834 584 5844 -
604 5809 644 5858 ati.
666 5808 700 5858 Ti.
715 5806 809 5871 vulgo:
835 5808 879 5856 tito
897 5808 916 5857 C
937 5832 963 5844 -
990 5808 1030 5857 26.
1050 5809 1200 5857 alterutram
1218 5808 1249 5857 tt²
1267 5832 1295 5843 -
1318 5808 1358 5856 27.
1377 5810 1467 5857 missus
1484 5806 1529 5855 AB
1551 5831 1577 5841 -
1603 5805 1644 5855 28.
1664 5805 1771 5855 Gracchi

440 5884 561 5934 Desistas
575 5909 601 5920 -
620 5882 661 5933 30.
674 5883 768 5947 mirrea
786 5884 804 5932 B
821 5910 847 5919 -
866 5882 906 5933 at.
919 5885 991 5933 muas
1002 5879 1046 5933 V‘:
1065 5885 1154 5945 quoius
1171 5881 1252 5934 tov¹
1264 5911 1296 5921 -
1313 5883 1354 5934 ³5.
1366 5884 1520 5947 Apamemao
1537 5882 1566 5941 0.
1586 5881 1685 5935 Utinam
1702 5882 1771 5933 haec

440 5958 511 6024 apud
529 5959 675 6010 llomeram
692 5957 720 6010 ll.
739 5958 759 6008 B
777 5971 802 6009 r.
815 5958 863 6010 299
880 5971 940 6024 sqq.
959 5958 1031 6024 loqui
1048 5958 1113 6009 vidit
1130 5956 1290 6015 Politisnas;
1308 5958 1342 6010 cl.
1361 5958 1398 6021 11,
1411 5956 1466 6022 582
1485 5982 1512 5994 —
1532 5956 1573 6009 ii.
1586 5956 1695 6007 tolerare
1705 5957 1737 6009 Α.
