<?xml version="1.0" encoding="UTF-8"?>
<!DOCTYPE html PUBLIC "-//W3C//DTD XHTML 1.0 Transitional//EN"
    "http://www.w3.org/TR/xhtml1/DTD/xhtml1-transitional.dtd">
<html xmlns="http://www.w3.org/1999/xhtml" xml:lang="en" lang="en">
 <head>
  <title>
</title>
<meta http-equiv="Content-Type" content="text/html;charset=utf-8" />
  <meta name='ocr-system' content='tesseract 3.04.00' />
  <meta name='ocr-capabilities' content='ocr_page ocr_carea ocr_par ocr_line ocrx_word'/>
</head>
<body>
  <div class='ocr_page' id='page_1' title='image "./operaquaesupers00halmgoog/operaquaesupers00halmgoog_0242.png"; bbox 0 0 4342 7459; ppageno 0'>
   <div class='ocr_carea' id='block_1_1' title="bbox 445 1222 1451 1304">
    <p class='ocr_par' dir='ltr' id='par_1_1' title="bbox 445 1222 1451 1304">
     <span class='ocr_line' id='line_1_1' title="bbox 445 1222 1451 1304; baseline 0.001 -12"><span class='ocrx_word' id='word_1_1' title='bbox 445 1222 509 1292; x_wconf 72' lang='lat'>226</span> <span class='ocrx_word' id='word_1_2' title='bbox 777 1226 1100 1304; x_wconf 72' lang='lat' dir='ltr'>Tusculanarum</span> <span class='ocrx_word' id='word_1_3' title='bbox 1121 1227 1451 1294; x_wconf 79' lang='lat' dir='ltr'>DlSPUTATIONUM</span> 
     </span>
    </p>
   </div>
   <div class='ocr_carea' id='block_1_2' title="bbox 400 1386 1782 3909">
    <p class='ocr_par' dir='ltr' id='par_1_2' title="bbox 420 1386 1782 2129">
     <span class='ocr_line' id='line_1_2' title="bbox 445 1386 1777 1471; baseline -0.002 -16"><span class='ocrx_word' id='word_1_4' title='bbox 445 1398 519 1455; x_wconf 93' lang='lat' dir='ltr'>tone</span> <span class='ocrx_word' id='word_1_5' title='bbox 541 1396 573 1453; x_wconf 92' lang='lat' dir='ltr'>et</span> <span class='ocrx_word' id='word_1_6' title='bbox 595 1389 725 1452; x_wconf 88' lang='lat' dir='ltr'>Socrate</span> <span class='ocrx_word' id='word_1_7' title='bbox 746 1394 779 1451; x_wconf 93' lang='lat' dir='ltr'>et</span> <span class='ocrx_word' id='word_1_8' title='bbox 799 1388 839 1450; x_wconf 91' lang='lat' dir='ltr'>ab</span> <span class='ocrx_word' id='word_1_9' title='bbox 862 1407 900 1451; x_wconf 94' lang='lat' dir='ltr'>ea</span> <span class='ocrx_word' id='word_1_10' title='bbox 921 1386 1040 1451; x_wconf 79' lang='lat' dir='ltr'>familia</span> <span class='ocrx_word' id='word_1_11' title='bbox 1062 1386 1234 1463; x_wconf 79' lang='lat' dir='ltr'>dissident,</span> <span class='ocrx_word' id='word_1_12' title='bbox 1257 1387 1439 1471; x_wconf 93' lang='lat' dir='ltr'>appellandi</span> <span class='ocrx_word' id='word_1_13' title='bbox 1460 1387 1609 1453; x_wconf 88' lang='lat' dir='ltr'>videntur</span> <span class='ocrx_word' id='word_1_14' title='bbox 1630 1422 1689 1465; x_wconf 89' lang='lat'>-,</span> <span class='ocrx_word' id='word_1_15' title='bbox 1712 1408 1777 1453; x_wconf 88' lang='lat' dir='ltr'>uon</span> 
     </span>
     <span class='ocr_line' id='line_1_3' title="bbox 445 1480 1779 1569; baseline 0 -21"><span class='ocrx_word' id='word_1_16' title='bbox 445 1482 541 1548; x_wconf 93' lang='lat' dir='ltr'>modo</span> <span class='ocrx_word' id='word_1_17' title='bbox 562 1482 642 1546; x_wconf 88' lang='lat' dir='ltr'>nihil</span> <span class='ocrx_word' id='word_1_18' title='bbox 661 1501 812 1564; x_wconf 88' lang='lat' dir='ltr'>umquam</span> <span class='ocrx_word' id='word_1_19' title='bbox 827 1489 891 1545; x_wconf 91' lang='lat' dir='ltr'>tam</span> <span class='ocrx_word' id='word_1_20' title='bbox 906 1482 1068 1564; x_wconf 77' lang='lat' dir='ltr'>eleganter</span> <span class='ocrx_word' id='word_1_21' title='bbox 1082 1482 1301 1565; x_wconf 86' lang='lat' dir='ltr'>explicabunt,</span> <span class='ocrx_word' id='word_1_22' title='bbox 1324 1480 1379 1545; x_wconf 91' lang='lat' dir='ltr'>sed</span> <span class='ocrx_word' id='word_1_23' title='bbox 1394 1502 1435 1545; x_wconf 94' lang='lat' dir='ltr'>ne</span> <span class='ocrx_word' id='word_1_24' title='bbox 1449 1482 1512 1546; x_wconf 89' lang='lat' dir='ltr'>hoc</span> <span class='ocrx_word' id='word_1_25' title='bbox 1528 1482 1657 1566; x_wconf 89' lang='lat' dir='ltr'>quidem</span> <span class='ocrx_word' id='word_1_26' title='bbox 1673 1483 1779 1569; x_wconf 88' lang='lat' dir='ltr'>ipsum</span> 
     </span>
     <span class='ocr_line' id='line_1_4' title="bbox 445 1576 1779 1663; baseline 0.001 -22"><span class='ocrx_word' id='word_1_27' title='bbox 445 1598 542 1663; x_wconf 80' lang='lat' dir='ltr'>quam</span> <span class='ocrx_word' id='word_1_28' title='bbox 571 1576 729 1660; x_wconf 76' lang='lat' dir='ltr'>suptiliter</span> <span class='ocrx_word' id='word_1_29' title='bbox 757 1576 944 1639; x_wconf 90' lang='lat' dir='ltr'>conclusum</span> <span class='ocrx_word' id='word_1_30' title='bbox 965 1576 1006 1638; x_wconf 92' lang='lat' dir='ltr'>sit</span> <span class='ocrx_word' id='word_1_31' title='bbox 1033 1576 1227 1659; x_wconf 69' lang='lat' dir='ltr'>intellegent.</span> <span class='ocrx_word' id='word_1_32' title='bbox 1264 1576 1367 1637; x_wconf 84' lang='lat' dir='ltr'>Sentit</span> <span class='ocrx_word' id='word_1_33' title='bbox 1388 1576 1483 1658; x_wconf 90' lang='lat' dir='ltr'>igitur</span> <span class='ocrx_word' id='word_1_34' title='bbox 1505 1577 1630 1643; x_wconf 90' lang='lat' dir='ltr'>animus</span> <span class='ocrx_word' id='word_1_35' title='bbox 1652 1597 1689 1645; x_wconf 86' lang='lat' dir='ltr'>se</span> <span class='ocrx_word' id='word_1_36' title='bbox 1711 1596 1779 1642; x_wconf 89' lang='lat' dir='ltr'>mo·</span> 
     </span>
     <span class='ocr_line' id='line_1_5' title="bbox 445 1668 1780 1754; baseline 0 -18"><span class='ocrx_word' id='word_1_37' title='bbox 445 1673 530 1736; x_wconf 85' lang='lat' dir='ltr'>veri:</span> <span class='ocrx_word' id='word_1_38' title='bbox 558 1668 647 1754; x_wconf 85' lang='lat' dir='ltr'>quod</span> <span class='ocrx_word' id='word_1_39' title='bbox 669 1689 741 1733; x_wconf 92' lang='lat' dir='ltr'>cum</span> <span class='ocrx_word' id='word_1_40' title='bbox 763 1669 874 1744; x_wconf 92' lang='lat' dir='ltr'>sentit,</span> <span class='ocrx_word' id='word_1_41' title='bbox 901 1668 980 1732; x_wconf 93' lang='lat' dir='ltr'>illud</span> <span class='ocrx_word' id='word_1_42' title='bbox 1003 1689 1068 1732; x_wconf 89' lang='lat' dir='ltr'>una</span> <span class='ocrx_word' id='word_1_43' title='bbox 1089 1670 1202 1744; x_wconf 85' lang='lat' dir='ltr'>sentit,</span> <span class='ocrx_word' id='word_1_44' title='bbox 1228 1689 1263 1733; x_wconf 90' lang='lat' dir='ltr'>se</span> <span class='ocrx_word' id='word_1_45' title='bbox 1285 1668 1316 1731; x_wconf 90' lang='lat' dir='ltr'>vi</span> <span class='ocrx_word' id='word_1_46' title='bbox 1338 1689 1412 1742; x_wconf 90' lang='lat' dir='ltr'>sua,</span> <span class='ocrx_word' id='word_1_47' title='bbox 1434 1689 1498 1733; x_wconf 90' lang='lat' dir='ltr'>non</span> <span class='ocrx_word' id='word_1_48' title='bbox 1519 1668 1625 1734; x_wconf 86' lang='lat' dir='ltr'>aliena</span> <span class='ocrx_word' id='word_1_49' title='bbox 1646 1674 1780 1746; x_wconf 80' lang='lat' dir='ltr'>moveri,</span> 
     </span>
     <span class='ocr_line' id='line_1_6' title="bbox 420 1760 1781 1847; baseline 0.003 -23"><span class='ocrx_word' id='word_1_50' title='bbox 420 1779 503 1830; x_wconf 81' lang='lat' dir='ltr'>onec</span> <span class='ocrx_word' id='word_1_51' title='bbox 531 1764 675 1830; x_wconf 84' lang='lat' dir='ltr'>accidere</span> <span class='ocrx_word' id='word_1_52' title='bbox 700 1782 794 1847; x_wconf 91' lang='lat' dir='ltr'>posse</span> <span class='ocrx_word' id='word_1_53' title='bbox 821 1770 859 1826; x_wconf 92' lang='lat' dir='ltr'>ut</span> <span class='ocrx_word' id='word_1_54' title='bbox 885 1763 954 1846; x_wconf 92' lang='lat' dir='ltr'>ipse</span> <span class='ocrx_word' id='word_1_55' title='bbox 981 1782 1135 1847; x_wconf 90' lang='lat' dir='ltr'>umquam</span> <span class='ocrx_word' id='word_1_56' title='bbox 1163 1782 1182 1826; x_wconf 92' lang='lat' dir='ltr'>a</span> <span class='ocrx_word' id='word_1_57' title='bbox 1209 1783 1244 1826; x_wconf 91' lang='lat' dir='ltr'>se</span> <span class='ocrx_word' id='word_1_58' title='bbox 1274 1763 1446 1826; x_wconf 88' lang='lat' dir='ltr'>deseratur.</span> <span class='ocrx_word' id='word_1_59' title='bbox 1483 1764 1533 1826; x_wconf 85' lang='lat' dir='ltr'>Ex</span> <span class='ocrx_word' id='word_1_60' title='bbox 1556 1782 1621 1847; x_wconf 87' lang='lat' dir='ltr'>quo</span> <span class='ocrx_word' id='word_1_61' title='bbox 1644 1760 1781 1830; x_wconf 82' lang='lat' dir='ltr'>efficitur</span> 
     </span>
     <span class='ocr_line' id='line_1_7' title="bbox 444 1853 1782 1943; baseline -0.003 -17"><span class='ocrx_word' id='word_1_62' title='bbox 444 1859 631 1926; x_wconf 84' lang='lat' dir='ltr'>aeternitas:</span> <span class='ocrx_word' id='word_1_63' title='bbox 658 1858 717 1922; x_wconf 90' lang='lat' dir='ltr'>nisi</span> <span class='ocrx_word' id='word_1_64' title='bbox 740 1857 819 1941; x_wconf 92' lang='lat' dir='ltr'>quid</span> <span class='ocrx_word' id='word_1_65' title='bbox 840 1856 939 1920; x_wconf 87' lang='lat' dir='ltr'>babes</span> <span class='ocrx_word' id='word_1_66' title='bbox 961 1858 1001 1920; x_wconf 89' lang='lat' dir='ltr'>ad</span> <span class='ocrx_word' id='word_1_67' title='bbox 1022 1858 1112 1920; x_wconf 89' lang='lat' dir='ltr'>haec.</span> <span class='ocrx_word' id='word_1_68' title='bbox 1148 1857 1186 1919; x_wconf 77' lang='grc' dir='ltr'>Α.</span> <span class='ocrx_word' id='word_1_69' title='bbox 1207 1858 1276 1939; x_wconf 86' lang='lat' dir='ltr'>Ego</span> <span class='ocrx_word' id='word_1_70' title='bbox 1298 1876 1376 1920; x_wconf 86' lang='lat' dir='ltr'>vero</span> <span class='ocrx_word' id='word_1_71' title='bbox 1398 1853 1491 1920; x_wconf 84' lang='lat' dir='ltr'>facile</span> <span class='ocrx_word' id='word_1_72' title='bbox 1514 1877 1721 1943; x_wconf 78' lang='lat' dir='ltr'>eompassus</span> <span class='ocrx_word' id='word_1_73' title='bbox 1740 1877 1782 1922; x_wconf 91' lang='lat' dir='ltr'>ne</span> 
     </span>
     <span class='ocr_line' id='line_1_8' title="bbox 444 1950 1780 2035; baseline 0 -18"><span class='ocrx_word' id='word_1_74' title='bbox 444 1954 478 2018; x_wconf 89' lang='lat' dir='ltr'>in</span> <span class='ocrx_word' id='word_1_75' title='bbox 500 1962 637 2017; x_wconf 86' lang='lat' dir='ltr'>mentem</span> <span class='ocrx_word' id='word_1_76' title='bbox 660 1950 789 2035; x_wconf 90' lang='lat' dir='ltr'>quidem</span> <span class='ocrx_word' id='word_1_77' title='bbox 811 1951 892 2015; x_wconf 91' lang='lat' dir='ltr'>mibi</span> <span class='ocrx_word' id='word_1_78' title='bbox 913 1950 1035 2035; x_wconf 91' lang='lat' dir='ltr'>aliquid</span> <span class='ocrx_word' id='word_1_79' title='bbox 1058 1958 1169 2014; x_wconf 90' lang='lat' dir='ltr'>contra</span> <span class='ocrx_word' id='word_1_80' title='bbox 1191 1951 1316 2014; x_wconf 87' lang='lat' dir='ltr'>venire:</span> <span class='ocrx_word' id='word_1_81' title='bbox 1340 1951 1384 2014; x_wconf 93' lang='lat' dir='ltr'>ita</span> <span class='ocrx_word' id='word_1_82' title='bbox 1406 1950 1459 2014; x_wconf 91' lang='lat' dir='ltr'>isti</span> <span class='ocrx_word' id='word_1_83' title='bbox 1482 1950 1573 2018; x_wconf 78' lang='lat' dir='ltr'>faveo</span> <span class='ocrx_word' id='word_1_84' title='bbox 1595 1951 1780 2017; x_wconf 81' lang='lat' dir='ltr'>sententiae.</span> 
     </span>
     <span class='ocr_line' id='line_1_9' title="bbox 528 2042 1782 2129; baseline 0.002 -19"><span class='ocrx_word' id='word_1_85' title='bbox 528 2046 645 2110; x_wconf 84' lang='lat' dir='ltr'>xxiv.</span> <span class='ocrx_word' id='word_1_86' title='bbox 666 2042 717 2109; x_wconf 75' lang='lat' dir='ltr'>to.</span> <span class='ocrx_word' id='word_1_87' title='bbox 746 2046 789 2109; x_wconf 83' lang='lat' dir='ltr'>M.</span> <span class='ocrx_word' id='word_1_88' title='bbox 812 2045 919 2121; x_wconf 83' lang='lat' dir='ltr'>Quidr</span> <span class='ocrx_word' id='word_1_89' title='bbox 950 2045 1006 2107; x_wconf 89' lang='lat' dir='ltr'>illa</span> <span class='ocrx_word' id='word_1_90' title='bbox 1027 2045 1156 2108; x_wconf 90' lang='lat' dir='ltr'>tandem</span> <span class='ocrx_word' id='word_1_91' title='bbox 1177 2066 1254 2108; x_wconf 94' lang='lat' dir='ltr'>num</span> <span class='ocrx_word' id='word_1_92' title='bbox 1276 2044 1397 2108; x_wconf 86' lang='lat' dir='ltr'>leviora</span> <span class='ocrx_word' id='word_1_93' title='bbox 1419 2065 1547 2119; x_wconf 89' lang='lat' dir='ltr'>censes,</span> <span class='ocrx_word' id='word_1_94' title='bbox 1570 2065 1654 2129; x_wconf 82' lang='lat' dir='ltr'>quac</span> <span class='ocrx_word' id='word_1_95' title='bbox 1676 2045 1782 2112; x_wconf 79' lang='lat' dir='ltr'>deols·</span> 
     </span>
    </p>

    <p class='ocr_par' dir='ltr' id='par_1_3' title="bbox 400 2137 1781 3909">
     <span class='ocr_line' id='line_1_10' title="bbox 442 2137 1780 2223; baseline -0.004 -16"><span class='ocrx_word' id='word_1_96' title='bbox 442 2149 514 2207; x_wconf 88' lang='lat' dir='ltr'>rant</span> <span class='ocrx_word' id='word_1_97' title='bbox 532 2143 638 2204; x_wconf 87' lang='lat' dir='ltr'>inesse</span> <span class='ocrx_word' id='word_1_98' title='bbox 661 2140 695 2203; x_wconf 93' lang='lat' dir='ltr'>in</span> <span class='ocrx_word' id='word_1_99' title='bbox 716 2140 831 2204; x_wconf 90' lang='lat' dir='ltr'>animis</span> <span class='ocrx_word' id='word_1_100' title='bbox 852 2139 1017 2202; x_wconf 87' lang='lat' dir='ltr'>bominum</span> <span class='ocrx_word' id='word_1_101' title='bbox 1039 2139 1147 2202; x_wconf 88' lang='lat' dir='ltr'>divina</span> <span class='ocrx_word' id='word_1_102' title='bbox 1163 2137 1343 2221; x_wconf 71' lang='lat' dir='ltr'>quaedam?</span> <span class='ocrx_word' id='word_1_103' title='bbox 1366 2139 1491 2221; x_wconf 88' lang='lat' dir='ltr'>quaesi</span> <span class='ocrx_word' id='word_1_104' title='bbox 1505 2157 1780 2223; x_wconf 85' lang='lat' dir='ltr'>cemeremquem</span> 
     </span>
     <span class='ocr_line' id='line_1_11' title="bbox 405 2230 1780 2316; baseline 0.003 -20"><span class='ocrx_word' id='word_1_105' title='bbox 405 2234 482 2299; x_wconf 84' lang='lat' dir='ltr'>mad</span> <span class='ocrx_word' id='word_1_106' title='bbox 511 2233 642 2300; x_wconf 92' lang='lat' dir='ltr'>modum</span> <span class='ocrx_word' id='word_1_107' title='bbox 670 2234 759 2298; x_wconf 89' lang='lat' dir='ltr'>nasci</span> <span class='ocrx_word' id='word_1_108' title='bbox 786 2240 933 2316; x_wconf 83' lang='lat' dir='ltr'>possent,</span> <span class='ocrx_word' id='word_1_109' title='bbox 962 2232 1055 2296; x_wconf 91' lang='lat' dir='ltr'>etiarn</span> <span class='ocrx_word' id='word_1_110' title='bbox 1085 2253 1179 2315; x_wconf 91' lang='lat' dir='ltr'>quem</span> <span class='ocrx_word' id='word_1_111' title='bbox 1207 2232 1246 2295; x_wconf 90' lang='lat' dir='ltr'>ad</span> <span class='ocrx_word' id='word_1_112' title='bbox 1275 2230 1403 2300; x_wconf 87' lang='lat' dir='ltr'>modum</span> <span class='ocrx_word' id='word_1_113' title='bbox 1433 2232 1602 2296; x_wconf 90' lang='lat' dir='ltr'>interirent</span> <span class='ocrx_word' id='word_1_114' title='bbox 1631 2233 1780 2299; x_wconf 79' lang='lat' dir='ltr'>viderem.</span> 
     </span>
     <span class='ocr_line' id='line_1_12' title="bbox 443 2326 1781 2413; baseline 0 -20"><span class='ocrx_word' id='word_1_115' title='bbox 443 2330 522 2393; x_wconf 89' lang='lat' dir='ltr'>Nam</span> <span class='ocrx_word' id='word_1_116' title='bbox 542 2328 745 2411; x_wconf 90' lang='lat' dir='ltr'>sanguinem,</span> <span class='ocrx_word' id='word_1_117' title='bbox 767 2327 881 2401; x_wconf 91' lang='lat' dir='ltr'>bilem,</span> <span class='ocrx_word' id='word_1_118' title='bbox 911 2326 1072 2409; x_wconf 82' lang='lat' dir='ltr'>pituitam,</span> <span class='ocrx_word' id='word_1_119' title='bbox 1096 2346 1185 2401; x_wconf 89' lang='lat' dir='ltr'>ossa,</span> <span class='ocrx_word' id='word_1_120' title='bbox 1207 2347 1336 2401; x_wconf 83' lang='lat' dir='ltr'>nervos,</span> <span class='ocrx_word' id='word_1_121' title='bbox 1358 2345 1468 2400; x_wconf 84' lang='lat' dir='ltr'>venas,</span> <span class='ocrx_word' id='word_1_122' title='bbox 1491 2346 1619 2391; x_wconf 87' lang='lat' dir='ltr'>omnem</span> <span class='ocrx_word' id='word_1_123' title='bbox 1641 2326 1781 2413; x_wconf 72' lang='lat' dir='ltr'>denique</span> 
     </span>
     <span class='ocr_line' id='line_1_13' title="bbox 442 2417 1780 2505; baseline 0.001 -19"><span class='ocrx_word' id='word_1_124' title='bbox 442 2423 657 2487; x_wconf 88' lang='lat' dir='ltr'>membrorum</span> <span class='ocrx_word' id='word_1_125' title='bbox 679 2428 713 2487; x_wconf 91' lang='lat' dir='ltr'>et</span> <span class='ocrx_word' id='word_1_126' title='bbox 733 2421 832 2485; x_wconf 89' lang='lat' dir='ltr'>totius</span> <span class='ocrx_word' id='word_1_127' title='bbox 854 2421 996 2505; x_wconf 91' lang='lat' dir='ltr'>corporis</span> <span class='ocrx_word' id='word_1_128' title='bbox 1018 2417 1149 2503; x_wconf 84' lang='lat' dir='ltr'>figuram</span> <span class='ocrx_word' id='word_1_129' title='bbox 1173 2420 1284 2483; x_wconf 89' lang='lat' dir='ltr'>videor</span> <span class='ocrx_word' id='word_1_130' title='bbox 1298 2440 1395 2502; x_wconf 91' lang='lat' dir='ltr'>posse</span> <span class='ocrx_word' id='word_1_131' title='bbox 1410 2420 1516 2484; x_wconf 82' lang='lat' dir='ltr'>dicere</span> <span class='ocrx_word' id='word_1_132' title='bbox 1531 2421 1616 2485; x_wconf 90' lang='lat' dir='ltr'>unde</span> <span class='ocrx_word' id='word_1_133' title='bbox 1632 2428 1780 2487; x_wconf 79' lang='lat' dir='ltr'>concreta</span> 
     </span>
     <span class='ocr_line' id='line_1_14' title="bbox 443 2508 1781 2599; baseline -0.001 -19"><span class='ocrx_word' id='word_1_134' title='bbox 443 2523 476 2580; x_wconf 87' lang='lat' dir='ltr'>et</span> <span class='ocrx_word' id='word_1_135' title='bbox 497 2508 560 2599; x_wconf 85' lang='lat' dir='ltr'>qud</span> <span class='ocrx_word' id='word_1_136' title='bbox 582 2514 678 2579; x_wconf 91' lang='lat' dir='ltr'>modo</span> <span class='ocrx_word' id='word_1_137' title='bbox 700 2512 790 2579; x_wconf 80' lang='lat' dir='ltr'>[acta</span> <span class='ocrx_word' id='word_1_138' title='bbox 806 2515 887 2578; x_wconf 83' lang='lat' dir='ltr'>sint:</span> <span class='ocrx_word' id='word_1_139' title='bbox 909 2514 1050 2576; x_wconf 90' lang='lat' dir='ltr'>animum</span> <span class='ocrx_word' id='word_1_140' title='bbox 1071 2515 1175 2596; x_wconf 90' lang='lat' dir='ltr'>ipsum</span> <span class='ocrx_word' id='word_1_141' title='bbox 1191 2514 1275 2577; x_wconf 91' lang='lat' dir='ltr'>-si</span> <span class='ocrx_word' id='word_1_142' title='bbox 1297 2513 1377 2577; x_wconf 90' lang='lat' dir='ltr'>nihil</span> <span class='ocrx_word' id='word_1_143' title='bbox 1393 2522 1478 2578; x_wconf 88' lang='lat' dir='ltr'>esset</span> <span class='ocrx_word' id='word_1_144' title='bbox 1491 2514 1523 2577; x_wconf 90' lang='lat' dir='ltr'>in</span> <span class='ocrx_word' id='word_1_145' title='bbox 1540 2533 1578 2579; x_wconf 94' lang='lat' dir='ltr'>eo</span> <span class='ocrx_word' id='word_1_146' title='bbox 1601 2516 1663 2580; x_wconf 91' lang='lat' dir='ltr'>nisi</span> <span class='ocrx_word' id='word_1_147' title='bbox 1679 2516 1723 2593; x_wconf 94' lang='lat' dir='ltr'>id,</span> <span class='ocrx_word' id='word_1_148' title='bbox 1744 2525 1781 2581; x_wconf 88' lang='lat' dir='ltr'>ut</span> 
     </span>
     <span class='ocr_line' id='line_1_15' title="bbox 441 2607 1780 2694; baseline 0.003 -21"><span class='ocrx_word' id='word_1_149' title='bbox 441 2630 500 2694; x_wconf 94' lang='lat' dir='ltr'>per</span> <span class='ocrx_word' id='word_1_150' title='bbox 521 2629 593 2673; x_wconf 87' lang='lat' dir='ltr'>eum</span> <span class='ocrx_word' id='word_1_151' title='bbox 614 2610 809 2683; x_wconf 81' lang='lat' dir='ltr'>viveremus,</span> <span class='ocrx_word' id='word_1_152' title='bbox 831 2616 895 2672; x_wconf 89' lang='lat' dir='ltr'>tam</span> <span class='ocrx_word' id='word_1_153' title='bbox 917 2614 1030 2671; x_wconf 91' lang='lat' dir='ltr'>natura</span> <span class='ocrx_word' id='word_1_154' title='bbox 1051 2614 1195 2690; x_wconf 89' lang='lat' dir='ltr'>putarem</span> <span class='ocrx_word' id='word_1_155' title='bbox 1218 2607 1355 2671; x_wconf 91' lang='lat' dir='ltr'>hominis</span> <span class='ocrx_word' id='word_1_156' title='bbox 1377 2607 1474 2670; x_wconf 84' lang='lat' dir='ltr'>vitam</span> <span class='ocrx_word' id='word_1_157' title='bbox 1496 2610 1668 2674; x_wconf 85' lang='lat' dir='ltr'>sustentari</span> <span class='ocrx_word' id='word_1_158' title='bbox 1684 2628 1780 2693; x_wconf 74' lang='lat' dir='ltr'>quam</span> 
     </span>
     <span class='ocr_line' id='line_1_16' title="bbox 404 2700 1780 2786; baseline 0.001 -22"><span class='ocrx_word' id='word_1_159' title='bbox 404 2703 528 2778; x_wconf 77' lang='lat' dir='ltr'>soritis,</span> <span class='ocrx_word' id='word_1_160' title='bbox 552 2722 649 2786; x_wconf 86' lang='lat' dir='ltr'>quam</span> <span class='ocrx_word' id='word_1_161' title='bbox 669 2703 811 2777; x_wconf 89' lang='lat' dir='ltr'>arboris;</span> <span class='ocrx_word' id='word_1_162' title='bbox 832 2702 912 2766; x_wconf 82' lang='lat' dir='ltr'>haec</span> <span class='ocrx_word' id='word_1_163' title='bbox 933 2702 1019 2764; x_wconf 92' lang='lat' dir='ltr'>enim</span> <span class='ocrx_word' id='word_1_164' title='bbox 1041 2702 1136 2765; x_wconf 89' lang='lat' dir='ltr'>etiam</span> <span class='ocrx_word' id='word_1_165' title='bbox 1158 2700 1293 2764; x_wconf 87' lang='lat' dir='ltr'>dicimus</span> <span class='ocrx_word' id='word_1_166' title='bbox 1317 2701 1434 2764; x_wconf 81' lang='lat' dir='ltr'>virere.</span> <span class='ocrx_word' id='word_1_167' title='bbox 1467 2702 1562 2776; x_wconf 89' lang='lat' dir='ltr'>Item,</span> <span class='ocrx_word' id='word_1_168' title='bbox 1584 2700 1611 2767; x_wconf 89' lang='lat' dir='ltr'>si</span> <span class='ocrx_word' id='word_1_169' title='bbox 1627 2701 1710 2768; x_wconf 82' lang='lat' dir='ltr'>nihil</span> <span class='ocrx_word' id='word_1_170' title='bbox 1723 2701 1780 2765; x_wconf 82' lang='lat' dir='ltr'>ba·</span> 
     </span>
     <span class='ocr_line' id='line_1_17' title="bbox 440 2792 1780 2878; baseline -0.001 -17"><span class='ocrx_word' id='word_1_171' title='bbox 440 2796 531 2861; x_wconf 89' lang='lat' dir='ltr'>beret</span> <span class='ocrx_word' id='word_1_172' title='bbox 552 2797 676 2860; x_wconf 83' lang='lat' dir='ltr'>animus</span> <span class='ocrx_word' id='word_1_173' title='bbox 697 2795 837 2860; x_wconf 91' lang='lat' dir='ltr'>hominis</span> <span class='ocrx_word' id='word_1_174' title='bbox 859 2796 922 2859; x_wconf 90' lang='lat' dir='ltr'>nisi</span> <span class='ocrx_word' id='word_1_175' title='bbox 944 2803 980 2859; x_wconf 91' lang='lat' dir='ltr'>ut</span> <span class='ocrx_word' id='word_1_176' title='bbox 1000 2801 1165 2878; x_wconf 91' lang='lat' dir='ltr'>appeteret</span> <span class='ocrx_word' id='word_1_177' title='bbox 1186 2802 1241 2858; x_wconf 91' lang='lat' dir='ltr'>aut</span> <span class='ocrx_word' id='word_1_178' title='bbox 1262 2792 1403 2877; x_wconf 83' lang='lat' dir='ltr'>lugeret,</span> <span class='ocrx_word' id='word_1_179' title='bbox 1434 2792 1466 2856; x_wconf 97' lang='lat' dir='ltr'>id</span> <span class='ocrx_word' id='word_1_180' title='bbox 1488 2813 1620 2878; x_wconf 85' lang='lat' dir='ltr'>quoque</span> <span class='ocrx_word' id='word_1_181' title='bbox 1642 2801 1730 2862; x_wconf 79' lang='lat' dir='ltr'>esset</span> <span class='ocrx_word' id='word_1_182' title='bbox 1749 2793 1780 2860; x_wconf 89' lang='lat' dir='ltr'>ei</span> 
     </span>
     <span class='ocr_line' id='line_1_18' title="bbox 439 2886 1780 2971; baseline 0 -16"><span class='ocrx_word' id='word_1_183' title='bbox 439 2908 609 2955; x_wconf 87' lang='lat' dir='ltr'>commune</span> <span class='ocrx_word' id='word_1_184' title='bbox 638 2910 711 2953; x_wconf 91' lang='lat' dir='ltr'>cum</span> <span class='ocrx_word' id='word_1_185' title='bbox 736 2889 859 2952; x_wconf 87' lang='lat' dir='ltr'>bestiis.</span> <span class='ocrx_word' id='word_1_186' title='bbox 898 2886 951 2953; x_wconf 80' lang='lat'>57.</span> <span class='ocrx_word' id='word_1_187' title='bbox 979 2888 1083 2953; x_wconf 83' lang='lat' dir='ltr'>Habet</span> <span class='ocrx_word' id='word_1_188' title='bbox 1109 2888 1247 2971; x_wconf 91' lang='lat' dir='ltr'>primum</span> <span class='ocrx_word' id='word_1_189' title='bbox 1274 2887 1457 2951; x_wconf 89' lang='lat' dir='ltr'>memoriam</span> <span class='ocrx_word' id='word_1_190' title='bbox 1478 2894 1511 2954; x_wconf 92' lang='lat' dir='ltr'>et</span> <span class='ocrx_word' id='word_1_191' title='bbox 1532 2906 1602 2952; x_wconf 87' lang='lat' dir='ltr'>eam</span> <span class='ocrx_word' id='word_1_192' title='bbox 1624 2888 1780 2954; x_wconf 75' lang='lat' dir='ltr'>infinitam</span> 
     </span>
     <span class='ocr_line' id='line_1_19' title="bbox 439 2980 1779 3066; baseline 0.001 -19"><span class='ocrx_word' id='word_1_193' title='bbox 439 3003 546 3048; x_wconf 85' lang='lat' dir='ltr'>rerum</span> <span class='ocrx_word' id='word_1_194' title='bbox 567 2982 864 3056; x_wconf 82' lang='lat' dir='ltr'>innumerabilium,</span> <span class='ocrx_word' id='word_1_195' title='bbox 887 3002 984 3066; x_wconf 90' lang='lat' dir='ltr'>quam</span> <span class='ocrx_word' id='word_1_196' title='bbox 1008 2982 1137 3066; x_wconf 90' lang='lat' dir='ltr'>quidem</span> <span class='ocrx_word' id='word_1_197' title='bbox 1160 2982 1247 3045; x_wconf 85' lang='lat' dir='ltr'>Plato</span> <span class='ocrx_word' id='word_1_198' title='bbox 1263 2980 1516 3045; x_wconf 79' lang='lat' dir='ltr'>recordationem</span> <span class='ocrx_word' id='word_1_199' title='bbox 1531 2999 1601 3045; x_wconf 92' lang='lat' dir='ltr'>esse</span> <span class='ocrx_word' id='word_1_200' title='bbox 1616 2983 1684 3047; x_wconf 84' lang='lat' dir='ltr'>volt</span> <span class='ocrx_word' id='word_1_201' title='bbox 1698 2984 1779 3048; x_wconf 80' lang='lat' dir='ltr'>vitae</span> 
     </span>
     <span class='ocr_line' id='line_1_20' title="bbox 439 3074 1779 3161; baseline -0.001 -20"><span class='ocrx_word' id='word_1_202' title='bbox 439 3078 624 3161; x_wconf 84' lang='lat' dir='ltr'>superioris.</span> <span class='ocrx_word' id='word_1_203' title='bbox 659 3079 738 3141; x_wconf 87' lang='lat' dir='ltr'>Nam</span> <span class='ocrx_word' id='word_1_204' title='bbox 766 3075 800 3139; x_wconf 90' lang='lat' dir='ltr'>in</span> <span class='ocrx_word' id='word_1_205' title='bbox 828 3076 884 3140; x_wconf 94' lang='lat' dir='ltr'>illo</span> <span class='ocrx_word' id='word_1_206' title='bbox 906 3076 1002 3151; x_wconf 90' lang='lat' dir='ltr'>libro,</span> <span class='ocrx_word' id='word_1_207' title='bbox 1032 3078 1087 3159; x_wconf 93' lang='lat' dir='ltr'>qui</span> <span class='ocrx_word' id='word_1_208' title='bbox 1110 3076 1293 3140; x_wconf 87' lang='lat' dir='ltr'>inscribitur</span> <span class='ocrx_word' id='word_1_209' title='bbox 1318 3077 1448 3149; x_wconf 82' lang='lat' dir='ltr'>Menon,</span> <span class='ocrx_word' id='word_1_210' title='bbox 1481 3074 1649 3158; x_wconf 88' lang='lat' dir='ltr'>pusionem</span> <span class='ocrx_word' id='word_1_211' title='bbox 1676 3096 1779 3160; x_wconf 87' lang='lat' dir='ltr'>quen·</span> 
     </span>
     <span class='ocr_line' id='line_1_21' title="bbox 400 3159 1780 3256; baseline 0 -20"><span class='ocrx_word' id='word_1_212' title='bbox 400 3171 512 3237; x_wconf 79' lang='lat' dir='ltr'>nodam</span> <span class='ocrx_word' id='word_1_213' title='bbox 538 3159 685 3256; x_wconf 78' lang='lat' dir='ltr'>Socrates</span> <span class='ocrx_word' id='word_1_214' title='bbox 712 3171 888 3252; x_wconf 86' lang='lat' dir='ltr'>interrogat</span> <span class='ocrx_word' id='word_1_215' title='bbox 916 3171 1073 3254; x_wconf 90' lang='lat' dir='ltr'>quaedam</span> <span class='ocrx_word' id='word_1_216' title='bbox 1103 3169 1295 3253; x_wconf 87' lang='lat' dir='ltr'>geometrica</span> <span class='ocrx_word' id='word_1_217' title='bbox 1323 3170 1362 3233; x_wconf 92' lang='lat' dir='ltr'>de</span> <span class='ocrx_word' id='word_1_218' title='bbox 1390 3169 1589 3233; x_wconf 89' lang='lat' dir='ltr'>dimensione</span> <span class='ocrx_word' id='word_1_219' title='bbox 1621 3169 1780 3253; x_wconf 88' lang='lat' dir='ltr'>quadrati.</span> 
     </span>
     <span class='ocr_line' id='line_1_22' title="bbox 438 3261 1780 3347; baseline 0.002 -20"><span class='ocrx_word' id='word_1_220' title='bbox 438 3264 488 3327; x_wconf 81' lang='lat' dir='ltr'>lid</span> <span class='ocrx_word' id='word_1_221' title='bbox 510 3284 548 3328; x_wconf 89' lang='lat' dir='ltr'>ea</span> <span class='ocrx_word' id='word_1_222' title='bbox 570 3265 692 3329; x_wconf 90' lang='lat' dir='ltr'>sicilie</span> <span class='ocrx_word' id='word_1_223' title='bbox 715 3264 902 3346; x_wconf 81' lang='lat' dir='ltr'>respondet,</span> <span class='ocrx_word' id='word_1_224' title='bbox 931 3273 967 3327; x_wconf 94' lang='lat' dir='ltr'>ut</span> <span class='ocrx_word' id='word_1_225' title='bbox 994 3284 1093 3347; x_wconf 91' lang='lat' dir='ltr'>puer,</span> <span class='ocrx_word' id='word_1_226' title='bbox 1124 3271 1156 3327; x_wconf 93' lang='lat' dir='ltr'>et</span> <span class='ocrx_word' id='word_1_227' title='bbox 1183 3271 1289 3327; x_wconf 89' lang='lat' dir='ltr'>tamen</span> <span class='ocrx_word' id='word_1_228' title='bbox 1319 3264 1363 3327; x_wconf 92' lang='lat' dir='ltr'>ita</span> <span class='ocrx_word' id='word_1_229' title='bbox 1384 3261 1495 3325; x_wconf 81' lang='lat' dir='ltr'>faciles</span> <span class='ocrx_word' id='word_1_230' title='bbox 1516 3262 1780 3345; x_wconf 76' lang='lat' dir='ltr'>interrogationes</span> 
     </span>
     <span class='ocr_line' id='line_1_23' title="bbox 438 3357 1780 3441; baseline 0.001 -20"><span class='ocrx_word' id='word_1_231' title='bbox 438 3364 529 3432; x_wconf 89' lang='lat' dir='ltr'>sunt,</span> <span class='ocrx_word' id='word_1_232' title='bbox 551 3365 587 3421; x_wconf 91' lang='lat' dir='ltr'>ut</span> <span class='ocrx_word' id='word_1_233' title='bbox 608 3358 761 3441; x_wconf 88' lang='lat' dir='ltr'>gradatim</span> <span class='ocrx_word' id='word_1_234' title='bbox 783 3357 979 3439; x_wconf 89' lang='lat' dir='ltr'>respondens</span> <span class='ocrx_word' id='word_1_235' title='bbox 1002 3358 1114 3421; x_wconf 92' lang='lat' dir='ltr'>eodem</span> <span class='ocrx_word' id='word_1_236' title='bbox 1139 3357 1321 3441; x_wconf 84' lang='lat' dir='ltr'>perveniat,</span> <span class='ocrx_word' id='word_1_237' title='bbox 1345 3375 1411 3440; x_wconf 90' lang='lat' dir='ltr'>quo</span> <span class='ocrx_word' id='word_1_238' title='bbox 1435 3357 1461 3419; x_wconf 91' lang='lat' dir='ltr'>si</span> <span class='ocrx_word' id='word_1_239' title='bbox 1483 3357 1677 3439; x_wconf 84' lang='lat' dir='ltr'>geometrica</span> <span class='ocrx_word' id='word_1_240' title='bbox 1697 3357 1780 3422; x_wconf 87' lang='lat' dir='ltr'>didi·</span> 
     </span>
     <span class='ocr_line' id='line_1_24' title="bbox 438 3446 1779 3534; baseline 0 -19"><span class='ocrx_word' id='word_1_241' title='bbox 438 3451 542 3515; x_wconf 88' lang='lat' dir='ltr'>cisset.</span> <span class='ocrx_word' id='word_1_242' title='bbox 578 3452 628 3515; x_wconf 80' lang='lat' dir='ltr'>Ex</span> <span class='ocrx_word' id='word_1_243' title='bbox 650 3471 714 3534; x_wconf 90' lang='lat' dir='ltr'>quo</span> <span class='ocrx_word' id='word_1_244' title='bbox 736 3446 817 3513; x_wconf 87' lang='lat' dir='ltr'>effici</span> <span class='ocrx_word' id='word_1_245' title='bbox 841 3449 907 3513; x_wconf 84' lang='lat' dir='ltr'>volt</span> <span class='ocrx_word' id='word_1_246' title='bbox 931 3451 1077 3514; x_wconf 87' lang='lat' dir='ltr'>Socrates</span> <span class='ocrx_word' id='word_1_247' title='bbox 1109 3460 1146 3514; x_wconf 89' lang='lat' dir='ltr'>ut</span> <span class='ocrx_word' id='word_1_248' title='bbox 1168 3450 1290 3515; x_wconf 92' lang='lat' dir='ltr'>discere</span> <span class='ocrx_word' id='word_1_249' title='bbox 1313 3449 1393 3513; x_wconf 90' lang='lat' dir='ltr'>nibil</span> <span class='ocrx_word' id='word_1_250' title='bbox 1415 3449 1504 3514; x_wconf 92' lang='lat' dir='ltr'>aliud</span> <span class='ocrx_word' id='word_1_251' title='bbox 1525 3449 1567 3515; x_wconf 86' lang='lat' dir='ltr'>sit</span> <span class='ocrx_word' id='word_1_252' title='bbox 1588 3450 1650 3515; x_wconf 91' lang='lat' dir='ltr'>nisi</span> <span class='ocrx_word' id='word_1_253' title='bbox 1672 3470 1779 3518; x_wconf 84' lang='lat' dir='ltr'>recor·</span> 
     </span>
     <span class='ocr_line' id='line_1_25' title="bbox 439 3543 1778 3628; baseline 0.001 -21"><span class='ocrx_word' id='word_1_254' title='bbox 439 3544 517 3609; x_wconf 87' lang='lat' dir='ltr'>dari.</span> <span class='ocrx_word' id='word_1_255' title='bbox 554 3545 658 3621; x_wconf 87' lang='lat' dir='ltr'>Quem</span> <span class='ocrx_word' id='word_1_256' title='bbox 679 3544 786 3607; x_wconf 91' lang='lat' dir='ltr'>locum</span> <span class='ocrx_word' id='word_1_257' title='bbox 809 3543 909 3608; x_wconf 91' lang='lat' dir='ltr'>multo</span> <span class='ocrx_word' id='word_1_258' title='bbox 931 3544 1025 3607; x_wconf 92' lang='lat' dir='ltr'>etiam</span> <span class='ocrx_word' id='word_1_259' title='bbox 1044 3544 1222 3606; x_wconf 87' lang='lat' dir='ltr'>accuratius</span> <span class='ocrx_word' id='word_1_260' title='bbox 1237 3544 1376 3627; x_wconf 83' lang='lat' dir='ltr'>explicat</span> <span class='ocrx_word' id='word_1_261' title='bbox 1391 3544 1425 3606; x_wconf 91' lang='lat' dir='ltr'>in</span> <span class='ocrx_word' id='word_1_262' title='bbox 1440 3562 1479 3608; x_wconf 96' lang='lat' dir='ltr'>eo</span> <span class='ocrx_word' id='word_1_263' title='bbox 1494 3563 1657 3619; x_wconf 88' lang='lat' dir='ltr'>sermone,</span> <span class='ocrx_word' id='word_1_264' title='bbox 1682 3564 1778 3628; x_wconf 89' lang='lat' dir='ltr'>quem</span> 
     </span>
     <span class='ocr_line' id='line_1_26' title="bbox 400 3634 1780 3722; baseline 0.001 -21"><span class='ocrx_word' id='word_1_265' title='bbox 400 3634 551 3707; x_wconf 78' lang='lat' dir='ltr'>rehabuit</span> <span class='ocrx_word' id='word_1_266' title='bbox 574 3657 612 3700; x_wconf 91' lang='lat' dir='ltr'>eo</span> <span class='ocrx_word' id='word_1_267' title='bbox 633 3638 704 3721; x_wconf 92' lang='lat' dir='ltr'>ipso</span> <span class='ocrx_word' id='word_1_268' title='bbox 727 3638 795 3712; x_wconf 92' lang='lat' dir='ltr'>die,</span> <span class='ocrx_word' id='word_1_269' title='bbox 819 3656 884 3721; x_wconf 90' lang='lat' dir='ltr'>quo</span> <span class='ocrx_word' id='word_1_270' title='bbox 908 3638 1044 3701; x_wconf 87' lang='lat' dir='ltr'>excessit</span> <span class='ocrx_word' id='word_1_271' title='bbox 1066 3657 1084 3699; x_wconf 92' lang='lat' dir='ltr'>e</span> <span class='ocrx_word' id='word_1_272' title='bbox 1106 3637 1188 3712; x_wconf 84' lang='lat' dir='ltr'>vita;</span> <span class='ocrx_word' id='word_1_273' title='bbox 1223 3637 1317 3700; x_wconf 91' lang='lat' dir='ltr'>docet</span> <span class='ocrx_word' id='word_1_274' title='bbox 1338 3637 1422 3700; x_wconf 94' lang='lat' dir='ltr'>enim</span> <span class='ocrx_word' id='word_1_275' title='bbox 1447 3638 1609 3722; x_wconf 83' lang='lat' dir='ltr'>quemvis,</span> <span class='ocrx_word' id='word_1_276' title='bbox 1632 3638 1689 3722; x_wconf 87' lang='lat' dir='ltr'>qui</span> <span class='ocrx_word' id='word_1_277' title='bbox 1712 3658 1780 3702; x_wconf 91' lang='lat' dir='ltr'>om·</span> 
     </span>
     <span class='ocr_line' id='line_1_27' title="bbox 438 3730 1781 3816; baseline 0.004 -23"><span class='ocrx_word' id='word_1_278' title='bbox 438 3732 528 3795; x_wconf 91' lang='lat' dir='ltr'>nium</span> <span class='ocrx_word' id='word_1_279' title='bbox 548 3750 655 3795; x_wconf 88' lang='lat' dir='ltr'>rerum</span> <span class='ocrx_word' id='word_1_280' title='bbox 676 3730 767 3794; x_wconf 90' lang='lat' dir='ltr'>rudis</span> <span class='ocrx_word' id='word_1_281' title='bbox 788 3750 860 3794; x_wconf 86' lang='lat' dir='ltr'>esse</span> <span class='ocrx_word' id='word_1_282' title='bbox 881 3730 1042 3805; x_wconf 82' lang='lat' dir='ltr'>rideatur,</span> <span class='ocrx_word' id='word_1_283' title='bbox 1072 3731 1153 3793; x_wconf 94' lang='lat' dir='ltr'>bene</span> <span class='ocrx_word' id='word_1_284' title='bbox 1176 3731 1382 3816; x_wconf 92' lang='lat' dir='ltr'>interroganti</span> <span class='ocrx_word' id='word_1_285' title='bbox 1405 3732 1650 3814; x_wconf 86' lang='lat' dir='ltr'>respondentem</span> <span class='ocrx_word' id='word_1_286' title='bbox 1673 3730 1781 3800; x_wconf 78' lang='lat' dir='ltr'>decla·</span> 
     </span>
     <span class='ocr_line' id='line_1_28' title="bbox 437 3822 1779 3909; baseline 0.001 -21"><span class='ocrx_word' id='word_1_287' title='bbox 437 3844 509 3889; x_wconf 88' lang='lat' dir='ltr'>rare</span> <span class='ocrx_word' id='word_1_288' title='bbox 530 3845 566 3890; x_wconf 92' lang='lat' dir='ltr'>se</span> <span class='ocrx_word' id='word_1_289' title='bbox 587 3845 651 3888; x_wconf 91' lang='lat' dir='ltr'>non</span> <span class='ocrx_word' id='word_1_290' title='bbox 674 3831 742 3889; x_wconf 91' lang='lat' dir='ltr'>tum</span> <span class='ocrx_word' id='word_1_291' title='bbox 762 3824 818 3887; x_wconf 89' lang='lat' dir='ltr'>illa</span> <span class='ocrx_word' id='word_1_292' title='bbox 841 3824 979 3899; x_wconf 88' lang='lat' dir='ltr'>discere,</span> <span class='ocrx_word' id='word_1_293' title='bbox 1005 3824 1062 3887; x_wconf 92' lang='lat' dir='ltr'>sed</span> <span class='ocrx_word' id='word_1_294' title='bbox 1089 3822 1323 3888; x_wconf 89' lang='lat' dir='ltr'>reminiscendo</span> <span class='ocrx_word' id='word_1_295' title='bbox 1344 3844 1591 3908; x_wconf 85' lang='lat' dir='ltr'>recognoscere,</span> <span class='ocrx_word' id='word_1_296' title='bbox 1619 3844 1680 3889; x_wconf 92' lang='lat' dir='ltr'>nec</span> <span class='ocrx_word' id='word_1_297' title='bbox 1701 3842 1779 3909; x_wconf 74' lang='lat' dir='ltr'>vero</span> 
     </span>
    </p>
   </div>
   <div class='ocr_carea' id='block_1_3' title="bbox 372 4120 1780 5989">
    <p class='ocr_par' dir='ltr' id='par_1_4' title="bbox 433 4120 1780 5238">
     <span class='ocr_line' id='line_1_29' title="bbox 503 4120 1777 4185; baseline 0.003 -12"><span class='ocrx_word' id='word_1_298' title='bbox 503 4122 528 4174; x_wconf 79' lang='lat' dir='ltr'>l.</span> <span class='ocrx_word' id='word_1_299' title='bbox 546 4123 617 4173; x_wconf 74' lang='lat' dir='ltr'>illeso</span> <span class='ocrx_word' id='word_1_300' title='bbox 634 4123 684 4173; x_wconf 84' lang='lat' dir='ltr'>Gli</span> <span class='ocrx_word' id='word_1_301' title='bbox 701 4125 728 4172; x_wconf 92' lang='lat' dir='ltr'>et</span> <span class='ocrx_word' id='word_1_302' title='bbox 746 4121 824 4184; x_wconf 85' lang='lat' dir='ltr'>(corr.</span> <span class='ocrx_word' id='word_1_303' title='bbox 844 4120 904 4172; x_wconf 88' lang='lat' dir='ltr'>sad.</span> <span class='ocrx_word' id='word_1_304' title='bbox 924 4134 960 4171; x_wconf 93' lang='lat' dir='ltr'>m.</span> <span class='ocrx_word' id='word_1_305' title='bbox 977 4121 1091 4184; x_wconf 71' lang='lat' dir='ltr'>inillud)</span> <span class='ocrx_word' id='word_1_306' title='bbox 1109 4123 1128 4171; x_wconf 87' lang='lat' dir='ltr'>B</span> <span class='ocrx_word' id='word_1_307' title='bbox 1149 4149 1175 4158; x_wconf 91' lang='lat'><em>-</em></span> <span class='ocrx_word' id='word_1_308' title='bbox 1195 4124 1219 4173; x_wconf 79' lang='lat'>5.</span> <span class='ocrx_word' id='word_1_309' title='bbox 1239 4122 1273 4173; x_wconf 86' lang='lat' dir='ltr'>od</span> <span class='ocrx_word' id='word_1_310' title='bbox 1289 4134 1314 4172; x_wconf 85' lang='lat' dir='ltr'>se</span> <span class='ocrx_word' id='word_1_311' title='bbox 1332 4120 1427 4184; x_wconf 86' lang='lat' dir='ltr'>(deleta</span> <span class='ocrx_word' id='word_1_312' title='bbox 1445 4120 1531 4185; x_wconf 68' lang='lat' dir='ltr'>litte)</span> <span class='ocrx_word' id='word_1_313' title='bbox 1550 4123 1569 4173; x_wconf 82' lang='lat' dir='ltr'>ll</span> <span class='ocrx_word' id='word_1_314' title='bbox 1590 4150 1617 4159; x_wconf 97' lang='lat'><em>-</em></span> <span class='ocrx_word' id='word_1_315' title='bbox 1636 4124 1661 4174; x_wconf 87' lang='lat' dir='ltr'>o.</span> <span class='ocrx_word' id='word_1_316' title='bbox 1680 4125 1729 4175; x_wconf 80' lang='lat' dir='ltr'>tim</span> <span class='ocrx_word' id='word_1_317' title='bbox 1740 4125 1777 4184; x_wconf 85' lang='lat' dir='ltr'>c;</span> 
     </span>
     <span class='ocr_line' id='line_1_30' title="bbox 437 4195 1780 4265; baseline 0.002 -20"><span class='ocrx_word' id='word_1_318' title='bbox 437 4198 525 4263; x_wconf 76' lang='lat' dir='ltr'>«quod</span> <span class='ocrx_word' id='word_1_319' title='bbox 542 4197 658 4249; x_wconf 85' lang='lat' dir='ltr'>illotrius</span> <span class='ocrx_word' id='word_1_320' title='bbox 678 4199 713 4248; x_wconf 89' lang='lat' dir='ltr'>ita</span> <span class='ocrx_word' id='word_1_321' title='bbox 737 4195 865 4262; x_wconf 81' lang='lat' dir='ltr'>explicat,</span> <span class='ocrx_word' id='word_1_322' title='bbox 890 4198 966 4261; x_wconf 88' lang='lat' dir='ltr'>quasi</span> <span class='ocrx_word' id='word_1_323' title='bbox 987 4199 1116 4261; x_wconf 90' lang='lat' dir='ltr'>scriptum</span> <span class='ocrx_word' id='word_1_324' title='bbox 1140 4201 1213 4249; x_wconf 89' lang='lat' dir='ltr'>esset</span> <span class='ocrx_word' id='word_1_325' title='bbox 1233 4212 1308 4249; x_wconf 85' lang='lat' dir='ltr'>essem</span> <span class='ocrx_word' id='word_1_326' title='bbox 1326 4212 1352 4260; x_wconf 91' lang='lat' dir='ltr'>p.</span> <span class='ocrx_word' id='word_1_327' title='bbox 1377 4197 1427 4260; x_wconf 79' lang='lat' dir='ltr'>(icit</span> <span class='ocrx_word' id='word_1_328' title='bbox 1447 4199 1535 4248; x_wconf 68' lang='lat' dir='ltr'>worda</span> <span class='ocrx_word' id='word_1_329' title='bbox 1555 4211 1580 4248; x_wconf 84' lang='lat' dir='ltr'>ss</span> <span class='ocrx_word' id='word_1_330' title='bbox 1596 4199 1664 4249; x_wconf 73' lang='lat' dir='ltr'>nieht</span> <span class='ocrx_word' id='word_1_331' title='bbox 1679 4213 1780 4265; x_wconf 69' lang='lat' dir='ltr'>anam</span> 
     </span>
     <span class='ocr_line' id='line_1_31' title="bbox 435 4271 1778 4338; baseline 0.001 -13"><span class='ocrx_word' id='word_1_332' title='bbox 435 4274 694 4338; x_wconf 71' lang='lat' dir='ltr'>persistebam,</span> <span class='ocrx_word' id='word_1_333' title='bbox 712 4286 787 4323; x_wconf 79' lang='lat' dir='ltr'>uem</span> <span class='ocrx_word' id='word_1_334' title='bbox 798 4297 836 4310; x_wconf 92' lang='lat'>·-</span> <span class='ocrx_word' id='word_1_335' title='bbox 848 4271 942 4335; x_wconf 69' lang='lat' dir='ltr'>murell</span> <span class='ocrx_word' id='word_1_336' title='bbox 962 4271 1123 4334; x_wconf 85' lang='lat' dir='ltr'>Tregderus,</span> <span class='ocrx_word' id='word_1_337' title='bbox 1134 4274 1238 4336; x_wconf 81' lang='lat' dir='ltr'>opinor,</span> <span class='ocrx_word' id='word_1_338' title='bbox 1257 4274 1448 4335; x_wconf 89' lang='lat' dir='ltr'>grammaticae</span> <span class='ocrx_word' id='word_1_339' title='bbox 1461 4285 1565 4324; x_wconf 90' lang='lat' dir='ltr'>memor</span> <span class='ocrx_word' id='word_1_340' title='bbox 1581 4273 1679 4326; x_wconf 89' lang='lat' dir='ltr'>eodem</span> <span class='ocrx_word' id='word_1_341' title='bbox 1696 4274 1778 4327; x_wconf 84' lang='lat' dir='ltr'>modo</span> 
     </span>
     <span class='ocr_line' id='line_1_32' title="bbox 436 4346 1777 4414; baseline 0.002 -15"><span class='ocrx_word' id='word_1_342' title='bbox 436 4349 488 4399; x_wconf 88' lang='lat' dir='ltr'>hoc</span> <span class='ocrx_word' id='word_1_343' title='bbox 505 4349 654 4414; x_wconf 89' lang='lat' dir='ltr'>perlectum</span> <span class='ocrx_word' id='word_1_344' title='bbox 671 4347 832 4398; x_wconf 85' lang='lat' dir='ltr'>coniunctivi</span> <span class='ocrx_word' id='word_1_345' title='bbox 848 4349 1000 4412; x_wconf 88' lang='lat' dir='ltr'>passivum,</span> <span class='ocrx_word' id='word_1_346' title='bbox 1020 4347 1092 4411; x_wconf 90' lang='lat' dir='ltr'>quod</span> <span class='ocrx_word' id='word_1_347' title='bbox 1106 4347 1251 4397; x_wconf 87' lang='lat' dir='ltr'>dubitativo</span> <span class='ocrx_word' id='word_1_348' title='bbox 1265 4346 1298 4397; x_wconf 93' lang='lat' dir='ltr'>illi</span> <span class='ocrx_word' id='word_1_349' title='bbox 1312 4351 1338 4398; x_wconf 89' lang='lat' dir='ltr'>et</span> <span class='ocrx_word' id='word_1_350' title='bbox 1351 4347 1486 4411; x_wconf 89' lang='lat' dir='ltr'>potentiali</span> <span class='ocrx_word' id='word_1_351' title='bbox 1499 4348 1587 4400; x_wconf 91' lang='lat' dir='ltr'>luturo</span> <span class='ocrx_word' id='word_1_352' title='bbox 1599 4352 1694 4401; x_wconf 80' lang='lat' dir='ltr'>exacto</span> <span class='ocrx_word' id='word_1_353' title='bbox 1705 4351 1777 4402; x_wconf 85' lang='lat' dir='ltr'>coni.</span> 
     </span>
     <span class='ocr_line' id='line_1_33' title="bbox 436 4421 1778 4488; baseline 0 -14"><span class='ocrx_word' id='word_1_354' title='bbox 436 4427 488 4477; x_wconf 88' lang='lat' dir='ltr'>act.</span> <span class='ocrx_word' id='word_1_355' title='bbox 507 4423 653 4488; x_wconf 89' lang='lat' dir='ltr'>respondet</span> <span class='ocrx_word' id='word_1_356' title='bbox 665 4421 716 4486; x_wconf 70' lang='lat' dir='ltr'>tol.</span> <span class='ocrx_word' id='word_1_357' title='bbox 736 4421 841 4485; x_wconf 83' lang='lat' dir='ltr'>iladvig</span> <span class='ocrx_word' id='word_1_358' title='bbox 858 4422 955 4486; x_wconf 86' lang='lat' dir='ltr'>opusc.</span> <span class='ocrx_word' id='word_1_359' title='bbox 975 4423 1056 4473; x_wconf 72' lang='lat' dir='ltr'>acad.</span> <span class='ocrx_word' id='word_1_360' title='bbox 1076 4424 1098 4472; x_wconf 96' lang='lat' dir='ltr'>ll</span> <span class='ocrx_word' id='word_1_361' title='bbox 1116 4436 1142 4486; x_wconf 86' lang='lat' dir='ltr'>p.</span> <span class='ocrx_word' id='word_1_362' title='bbox 1162 4423 1234 4482; x_wconf 76' lang='lat'>⁴09),</span> <span class='ocrx_word' id='word_1_363' title='bbox 1258 4421 1366 4486; x_wconf 89' lang='lat' dir='ltr'>intelligi</span> <span class='ocrx_word' id='word_1_364' title='bbox 1389 4421 1471 4472; x_wconf 88' lang='lat' dir='ltr'>voluit</span> <span class='ocrx_word' id='word_1_365' title='bbox 1486 4426 1567 4487; x_wconf 88' lang='lat' dir='ltr'>atque</span> <span class='ocrx_word' id='word_1_366' title='bbox 1584 4423 1600 4487; x_wconf 74' lang='lat' dir='ltr'>s</span> <span class='ocrx_word' id='word_1_367' title='bbox 1618 4424 1650 4475; x_wconf 82' lang='lat' dir='ltr'>ld</span> <span class='ocrx_word' id='word_1_368' title='bbox 1667 4438 1720 4477; x_wconf 75' lang='lat' dir='ltr'>uos</span> <span class='ocrx_word' id='word_1_369' title='bbox 1734 4426 1778 4474; x_wconf 82' lang='lat' dir='ltr'>lsr-</span> 
     </span>
     <span class='ocr_line' id='line_1_34' title="bbox 434 4497 1778 4562; baseline 0 -13"><span class='ocrx_word' id='word_1_370' title='bbox 434 4500 501 4549; x_wconf 81' lang='lat' dir='ltr'>or’tur</span> <span class='ocrx_word' id='word_1_371' title='bbox 516 4500 666 4550; x_wconf 64' lang='lat' dir='ltr'>mcum.</span> <span class='ocrx_word' id='word_1_372' title='bbox 693 4498 724 4558; x_wconf 89' lang='lat' dir='ltr'>V,</span> <span class='ocrx_word' id='word_1_373' title='bbox 743 4498 775 4548; x_wconf 75' lang='lat'>82</span> <span class='ocrx_word' id='word_1_374' title='bbox 791 4498 951 4561; x_wconf 59' lang='lat' dir='ltr'>inpetrarim</span> <span class='ocrx_word' id='word_1_375' title='bbox 967 4498 1081 4559; x_wconf 76' lang='lat' dir='ltr'>libenter,</span> <span class='ocrx_word' id='word_1_376' title='bbox 1100 4502 1128 4546; x_wconf 82' lang='lat' dir='ltr'>ut</span> <span class='ocrx_word' id='word_1_377' title='bbox 1150 4498 1187 4559; x_wconf 88' lang='grc'>(-</span> <span class='ocrx_word' id='word_1_378' title='bbox 1208 4497 1282 4547; x_wconf 89' lang='lat' dir='ltr'>dieas</span> <span class='ocrx_word' id='word_1_379' title='bbox 1298 4520 1328 4544; x_wconf 91' lang='lat'><strong><em>=</em></strong></span> <span class='ocrx_word' id='word_1_380' title='bbox 1345 4498 1371 4546; x_wconf 84' lang='lat' dir='ltr'>td</span> <span class='ocrx_word' id='word_1_381' title='bbox 1391 4497 1487 4547; x_wconf 81' lang='lat' dir='ltr'>celim</span> <span class='ocrx_word' id='word_1_382' title='bbox 1512 4497 1625 4562; x_wconf 75' lang='lat' dir='ltr'>audire),</span> <span class='ocrx_word' id='word_1_383' title='bbox 1652 4498 1669 4550; x_wconf 88' lang='lat' dir='ltr'>i.</span> <span class='ocrx_word' id='word_1_384' title='bbox 1691 4512 1715 4549; x_wconf 88' lang='lat' dir='ltr'>e.</span> <span class='ocrx_word' id='word_1_385' title='bbox 1737 4498 1778 4549; x_wconf 76' lang='lat' dir='ltr'>lot</span> 
     </span>
     <span class='ocr_line' id='line_1_35' title="bbox 435 4570 1776 4636; baseline 0 -12"><span class='ocrx_word' id='word_1_386' title='bbox 435 4573 553 4625; x_wconf 79' lang='lat' dir='ltr'>moclte</span> <span class='ocrx_word' id='word_1_387' title='bbox 566 4599 593 4609; x_wconf 91' lang='lat'>-</span> <span class='ocrx_word' id='word_1_388' title='bbox 606 4573 702 4623; x_wconf 78' lang='lat' dir='ltr'>seton.</span> <span class='ocrx_word' id='word_1_389' title='bbox 730 4570 796 4632; x_wconf 87' lang='lat' dir='ltr'>Sed,</span> <span class='ocrx_word' id='word_1_390' title='bbox 820 4574 850 4620; x_wconf 91' lang='lat' dir='ltr'>ut</span> <span class='ocrx_word' id='word_1_391' title='bbox 865 4572 987 4622; x_wconf 89' lang='lat' dir='ltr'>omittam</span> <span class='ocrx_word' id='word_1_392' title='bbox 1006 4571 1156 4635; x_wconf 88' lang='lat' dir='ltr'>perlectum</span> <span class='ocrx_word' id='word_1_393' title='bbox 1172 4572 1241 4621; x_wconf 87' lang='lat' dir='ltr'>coni.</span> <span class='ocrx_word' id='word_1_394' title='bbox 1255 4584 1327 4635; x_wconf 90' lang='lat' dir='ltr'>pass.</span> <span class='ocrx_word' id='word_1_395' title='bbox 1347 4572 1386 4622; x_wconf 86' lang='lat' dir='ltr'>sic</span> <span class='ocrx_word' id='word_1_396' title='bbox 1404 4572 1521 4636; x_wconf 88' lang='lat' dir='ltr'>positum</span> <span class='ocrx_word' id='word_1_397' title='bbox 1540 4584 1600 4624; x_wconf 89' lang='lat' dir='ltr'>esse</span> <span class='ocrx_word' id='word_1_398' title='bbox 1617 4586 1633 4622; x_wconf 85' lang='lat' dir='ltr'>a</span> <span class='ocrx_word' id='word_1_399' title='bbox 1650 4574 1776 4625; x_wconf 79' lang='lat' dir='ltr'>Terentio</span> 
     </span>
     <span class='ocr_line' id='line_1_36' title="bbox 436 4644 1778 4711; baseline 0.001 -14"><span class='ocrx_word' id='word_1_400' title='bbox 436 4647 526 4709; x_wconf 77' lang='lat' dir='ltr'>(Andr.</span> <span class='ocrx_word' id='word_1_401' title='bbox 545 4648 565 4708; x_wconf 91' lang='lat' dir='ltr'>l,</span> <span class='ocrx_word' id='word_1_402' title='bbox 583 4647 609 4707; x_wconf 73' lang='lat' dir='ltr'>t,</span> <span class='ocrx_word' id='word_1_403' title='bbox 628 4646 682 4708; x_wconf 73' lang='lat'>32),</span> <span class='ocrx_word' id='word_1_404' title='bbox 704 4647 786 4708; x_wconf 79' lang='lat' dir='ltr'>Liuio,</span> <span class='ocrx_word' id='word_1_405' title='bbox 805 4644 915 4708; x_wconf 87' lang='lat' dir='ltr'>Velleio,</span> <span class='ocrx_word' id='word_1_406' title='bbox 934 4660 948 4696; x_wconf 87' lang='lat' dir='ltr'>a</span> <span class='ocrx_word' id='word_1_407' title='bbox 967 4648 1107 4706; x_wconf 88' lang='lat' dir='ltr'>Cicerone,</span> <span class='ocrx_word' id='word_1_408' title='bbox 1132 4650 1161 4696; x_wconf 95' lang='lat' dir='ltr'>ut</span> <span class='ocrx_word' id='word_1_409' title='bbox 1176 4646 1291 4706; x_wconf 86' lang='lat' dir='ltr'>videtur,</span> <span class='ocrx_word' id='word_1_410' title='bbox 1314 4660 1366 4698; x_wconf 90' lang='lat' dir='ltr'>non</span> <span class='ocrx_word' id='word_1_411' title='bbox 1386 4649 1449 4698; x_wconf 89' lang='lat' dir='ltr'>item</span> <span class='ocrx_word' id='word_1_412' title='bbox 1471 4645 1548 4711; x_wconf 91' lang='lat' dir='ltr'>(nihil</span> <span class='ocrx_word' id='word_1_413' title='bbox 1570 4649 1611 4699; x_wconf 84' lang='lat' dir='ltr'>est</span> <span class='ocrx_word' id='word_1_414' title='bbox 1634 4648 1707 4700; x_wconf 91' lang='lat' dir='ltr'>euim</span> <span class='ocrx_word' id='word_1_415' title='bbox 1728 4660 1778 4699; x_wconf 86' lang='lat' dir='ltr'>our</span> 
     </span>
     <span class='ocr_line' id='line_1_37' title="bbox 435 4719 1777 4786; baseline 0.001 -14"><span class='ocrx_word' id='word_1_416' title='bbox 435 4734 489 4773; x_wconf 93' lang='lat' dir='ltr'>non</span> <span class='ocrx_word' id='word_1_417' title='bbox 506 4721 635 4786; x_wconf 90' lang='lat' dir='ltr'>potnerit,</span> <span class='ocrx_word' id='word_1_418' title='bbox 654 4722 700 4785; x_wconf 90' lang='lat' dir='ltr'>qul</span> <span class='ocrx_word' id='word_1_419' title='bbox 716 4725 854 4771; x_wconf 80' lang='lat' dir='ltr'>emamotrsr</span> <span class='ocrx_word' id='word_1_420' title='bbox 870 4733 906 4770; x_wconf 82' lang='lat' dir='ltr'>ne</span> <span class='ocrx_word' id='word_1_421' title='bbox 921 4722 968 4782; x_wconf 82' lang='lat' dir='ltr'>sis,</span> <span class='ocrx_word' id='word_1_422' title='bbox 986 4734 1023 4771; x_wconf 82' lang='lat' dir='ltr'>oc</span> <span class='ocrx_word' id='word_1_423' title='bbox 1040 4723 1073 4770; x_wconf 79' lang='lat' dir='ltr'>sis</span> <span class='ocrx_word' id='word_1_424' title='bbox 1090 4726 1254 4783; x_wconf 77' lang='lat' dir='ltr'>aspernatos,</span> <span class='ocrx_word' id='word_1_425' title='bbox 1273 4720 1322 4771; x_wconf 88' lang='lat' dir='ltr'>alia</span> <span class='ocrx_word' id='word_1_426' title='bbox 1340 4721 1434 4772; x_wconf 86' lang='lat' dir='ltr'>similia</span> <span class='ocrx_word' id='word_1_427' title='bbox 1449 4720 1565 4783; x_wconf 77' lang='lat' dir='ltr'>dixerit),</span> <span class='ocrx_word' id='word_1_428' title='bbox 1585 4722 1658 4772; x_wconf 87' lang='lat' dir='ltr'>notio</span> <span class='ocrx_word' id='word_1_429' title='bbox 1674 4719 1718 4773; x_wconf 88' lang='lat' dir='ltr'>illa</span> <span class='ocrx_word' id='word_1_430' title='bbox 1734 4721 1777 4773; x_wconf 90' lang='lat' dir='ltr'>lu·</span> 
     </span>
     <span class='ocr_line' id='line_1_38' title="bbox 435 4793 1777 4861; baseline 0.003 -16"><span class='ocrx_word' id='word_1_431' title='bbox 435 4797 487 4845; x_wconf 85' lang='lat' dir='ltr'>turi</span> <span class='ocrx_word' id='word_1_432' title='bbox 505 4796 633 4859; x_wconf 81' lang='lat' dir='ltr'>temporis</span> <span class='ocrx_word' id='word_1_433' title='bbox 649 4796 676 4846; x_wconf 90' lang='lat' dir='ltr'>lo</span> <span class='ocrx_word' id='word_1_434' title='bbox 694 4807 822 4859; x_wconf 85' lang='lat' dir='ltr'>praesens</span> <span class='ocrx_word' id='word_1_435' title='bbox 840 4793 989 4846; x_wconf 89' lang='lat' dir='ltr'>inclinantis</span> <span class='ocrx_word' id='word_1_436' title='bbox 1007 4797 1132 4846; x_wconf 89' lang='lat' dir='ltr'>convenit</span> <span class='ocrx_word' id='word_1_437' title='bbox 1148 4797 1174 4846; x_wconf 87' lang='lat' dir='ltr'>in</span> <span class='ocrx_word' id='word_1_438' title='bbox 1186 4797 1375 4848; x_wconf 85' lang='lat' dir='ltr'>Terentianum</span> <span class='ocrx_word' id='word_1_439' title='bbox 1388 4795 1476 4847; x_wconf 90' lang='lat' dir='ltr'>locum</span> <span class='ocrx_word' id='word_1_440' title='bbox 1489 4799 1658 4861; x_wconf 82' lang='lat' dir='ltr'>ceterosque,</span> <span class='ocrx_word' id='word_1_441' title='bbox 1677 4795 1712 4847; x_wconf 87' lang='lat' dir='ltr'>ab</span> <span class='ocrx_word' id='word_1_442' title='bbox 1724 4796 1777 4849; x_wconf 80' lang='lat' dir='ltr'>boo</span> 
     </span>
     <span class='ocr_line' id='line_1_39' title="bbox 436 4869 1777 4935; baseline 0.001 -14"><span class='ocrx_word' id='word_1_443' title='bbox 436 4870 572 4921; x_wconf 87' lang='lat' dir='ltr'>Ciceronis</span> <span class='ocrx_word' id='word_1_444' title='bbox 589 4869 732 4930; x_wconf 85' lang='lat' dir='ltr'>abhorret,</span> <span class='ocrx_word' id='word_1_445' title='bbox 751 4871 797 4934; x_wconf 88' lang='lat' dir='ltr'>qui</span> <span class='ocrx_word' id='word_1_446' title='bbox 814 4869 1031 4921; x_wconf 89' lang='lat' dir='ltr'>interlocutorem</span> <span class='ocrx_word' id='word_1_447' title='bbox 1048 4871 1082 4921; x_wconf 93' lang='lat' dir='ltr'>ad</span> <span class='ocrx_word' id='word_1_448' title='bbox 1099 4872 1149 4921; x_wconf 79' lang='lat' dir='ltr'>nisi</span> <span class='ocrx_word' id='word_1_449' title='bbox 1165 4873 1227 4932; x_wconf 77' lang='lat' dir='ltr'>quid</span> <span class='ocrx_word' id='word_1_450' title='bbox 1242 4873 1336 4923; x_wconf 79' lang='lat' dir='ltr'>tubes</span> <span class='ocrx_word' id='word_1_451' title='bbox 1353 4874 1378 4934; x_wconf 75' lang='lat' dir='ltr'>[i.</span> <span class='ocrx_word' id='word_1_452' title='bbox 1398 4885 1421 4921; x_wconf 87' lang='lat' dir='ltr'>e.</span> <span class='ocrx_word' id='word_1_453' title='bbox 1440 4874 1494 4922; x_wconf 91' lang='lat' dir='ltr'>iarn</span> <span class='ocrx_word' id='word_1_454' title='bbox 1513 4873 1647 4935; x_wconf 85' lang='lat' dir='ltr'>invenisti)</span> <span class='ocrx_word' id='word_1_455' title='bbox 1663 4871 1700 4922; x_wconf 82' lang='lat' dir='ltr'>od</span> <span class='ocrx_word' id='word_1_456' title='bbox 1714 4871 1777 4923; x_wconf 76' lang='lat' dir='ltr'>boec</span> 
     </span>
     <span class='ocr_line' id='line_1_40' title="bbox 435 4942 1776 5011; baseline 0 -15"><span class='ocrx_word' id='word_1_457' title='bbox 435 4958 488 4996; x_wconf 90' lang='lat' dir='ltr'>nou</span> <span class='ocrx_word' id='word_1_458' title='bbox 507 4943 570 4995; x_wconf 89' lang='lat' dir='ltr'>illud</span> <span class='ocrx_word' id='word_1_459' title='bbox 587 4946 798 5009; x_wconf 88' lang='lat' dir='ltr'>respondentem</span> <span class='ocrx_word' id='word_1_460' title='bbox 815 4946 904 4997; x_wconf 89' lang='lat' dir='ltr'>iacere</span> <span class='ocrx_word' id='word_1_461' title='bbox 922 4947 1050 5010; x_wconf 91' lang='lat' dir='ltr'>potuerit,</span> <span class='ocrx_word' id='word_1_462' title='bbox 1072 4960 1102 4997; x_wconf 91' lang='lat' dir='ltr'>se</span> <span class='ocrx_word' id='word_1_463' title='bbox 1119 4952 1173 4996; x_wconf 87' lang='lat' dir='ltr'>tum</span> <span class='ocrx_word' id='word_1_464' title='bbox 1190 4947 1336 5011; x_wconf 84' lang='lat' dir='ltr'>proclivem</span> <span class='ocrx_word' id='word_1_465' title='bbox 1353 4961 1403 4998; x_wconf 81' lang='lat' dir='ltr'>erm</span> <span class='ocrx_word' id='word_1_466' title='bbox 1420 4947 1453 4997; x_wconf 91' lang='lat' dir='ltr'>ad</span> <span class='ocrx_word' id='word_1_467' title='bbox 1472 4946 1626 5011; x_wconf 86' lang='lat' dir='ltr'>patiendum</span> <span class='ocrx_word' id='word_1_468' title='bbox 1644 4942 1708 4996; x_wconf 91' lang='lat' dir='ltr'>nihil</span> <span class='ocrx_word' id='word_1_469' title='bbox 1724 4943 1776 4998; x_wconf 82' lang='lat' dir='ltr'>sibl</span> 
     </span>
     <span class='ocr_line' id='line_1_41' title="bbox 435 5018 1777 5085; baseline 0.001 -15"><span class='ocrx_word' id='word_1_470' title='bbox 435 5022 463 5071; x_wconf 87' lang='lat' dir='ltr'>in</span> <span class='ocrx_word' id='word_1_471' title='bbox 480 5023 599 5072; x_wconf 88' lang='lat' dir='ltr'>mentem</span> <span class='ocrx_word' id='word_1_472' title='bbox 617 5023 709 5071; x_wconf 87' lang='lat' dir='ltr'>contra</span> <span class='ocrx_word' id='word_1_473' title='bbox 725 5023 835 5083; x_wconf 87' lang='lat' dir='ltr'>venire,</span> <span class='ocrx_word' id='word_1_474' title='bbox 859 5021 909 5072; x_wconf 87' lang='lat' dir='ltr'>sed</span> <span class='ocrx_word' id='word_1_475' title='bbox 926 5021 990 5070; x_wconf 88' lang='lat' dir='ltr'>hoc:</span> <span class='ocrx_word' id='word_1_476' title='bbox 1014 5021 1069 5085; x_wconf 78' lang='lat' dir='ltr'>ligo</span> <span class='ocrx_word' id='word_1_477' title='bbox 1085 5035 1146 5072; x_wconf 86' lang='lat' dir='ltr'>cero</span> <span class='ocrx_word' id='word_1_478' title='bbox 1163 5035 1213 5072; x_wconf 82' lang='lat' dir='ltr'>non</span> <span class='ocrx_word' id='word_1_479' title='bbox 1229 5024 1302 5074; x_wconf 88' lang='lat' dir='ltr'>modo</span> <span class='ocrx_word' id='word_1_480' title='bbox 1318 5023 1380 5072; x_wconf 73' lang='lat' dir='ltr'>oibd</span> <span class='ocrx_word' id='word_1_481' title='bbox 1395 5022 1488 5082; x_wconf 80' lang='lat' dir='ltr'>tabeo,</span> <span class='ocrx_word' id='word_1_482' title='bbox 1512 5022 1579 5084; x_wconf 82' lang='lat' dir='ltr'>quod</span> <span class='ocrx_word' id='word_1_483' title='bbox 1595 5021 1630 5071; x_wconf 85' lang='lat' dir='ltr'>ad</span> <span class='ocrx_word' id='word_1_484' title='bbox 1644 5020 1707 5071; x_wconf 77' lang='lat' dir='ltr'>lose</span> <span class='ocrx_word' id='word_1_485' title='bbox 1723 5018 1777 5084; x_wconf 77' lang='lat' dir='ltr'>(rs-</span> 
     </span>
     <span class='ocr_line' id='line_1_42' title="bbox 433 5093 1777 5161; baseline -0.001 -15"><span class='ocrx_word' id='word_1_486' title='bbox 433 5094 564 5159; x_wconf 73' lang='lat' dir='ltr'>mosam)</span> <span class='ocrx_word' id='word_1_487' title='bbox 585 5095 661 5146; x_wconf 73' lang='lat' dir='ltr'>verm</span> <span class='ocrx_word' id='word_1_488' title='bbox 677 5095 719 5158; x_wconf 86' lang='lat' dir='ltr'>(cl.</span> <span class='ocrx_word' id='word_1_489' title='bbox 737 5096 770 5156; x_wconf 94' lang='lat' dir='ltr'>ll,</span> <span class='ocrx_word' id='word_1_490' title='bbox 788 5095 830 5147; x_wconf 80' lang='lat' dir='ltr'>ta.</span> <span class='ocrx_word' id='word_1_491' title='bbox 849 5097 903 5146; x_wconf 77' lang='lat' dir='ltr'>lin.</span> <span class='ocrx_word' id='word_1_492' title='bbox 921 5096 942 5156; x_wconf 86' lang='lat'>1,</span> <span class='ocrx_word' id='word_1_493' title='bbox 960 5094 1016 5156; x_wconf 72' lang='lat'>28),</span> <span class='ocrx_word' id='word_1_494' title='bbox 1040 5096 1095 5157; x_wconf 85' lang='lat' dir='ltr'>sed,</span> <span class='ocrx_word' id='word_1_495' title='bbox 1120 5098 1186 5157; x_wconf 77' lang='lat' dir='ltr'>qaod</span> <span class='ocrx_word' id='word_1_496' title='bbox 1206 5099 1281 5160; x_wconf 69' lang='lat' dir='ltr'>suctu</span> <span class='ocrx_word' id='word_1_497' title='bbox 1297 5112 1362 5148; x_wconf 79' lang='lat' dir='ltr'>som</span> <span class='ocrx_word' id='word_1_498' title='bbox 1376 5111 1492 5161; x_wconf 80' lang='lat' dir='ltr'>possum,</span> <span class='ocrx_word' id='word_1_499' title='bbox 1521 5103 1587 5158; x_wconf 84' lang='lat' dir='ltr'>tum,</span> <span class='ocrx_word' id='word_1_500' title='bbox 1612 5108 1670 5146; x_wconf 82' lang='lat' dir='ltr'>cum</span> <span class='ocrx_word' id='word_1_501' title='bbox 1686 5099 1716 5145; x_wconf 84' lang='lat' dir='ltr'>trs</span> <span class='ocrx_word' id='word_1_502' title='bbox 1729 5093 1777 5145; x_wconf 79' lang='lat' dir='ltr'>ills</span> 
     </span>
     <span class='ocr_line' id='line_1_43' title="bbox 434 5168 1777 5238; baseline 0.001 -19"><span class='ocrx_word' id='word_1_503' title='bbox 434 5168 595 5232; x_wconf 55' lang='lat' dir='ltr'>disputem</span> <span class='ocrx_word' id='word_1_504' title='bbox 619 5183 651 5221; x_wconf 82' lang='lat' dir='ltr'>m</span> <span class='ocrx_word' id='word_1_505' title='bbox 666 5170 694 5219; x_wconf 82' lang='lat' dir='ltr'>ta</span> <span class='ocrx_word' id='word_1_506' title='bbox 708 5174 815 5220; x_wconf 75' lang='lat' dir='ltr'>mmtem</span> <span class='ocrx_word' id='word_1_507' title='bbox 831 5170 1066 5231; x_wconf 68' lang='lat' dir='ltr'>gemm-omit.</span> <span class='ocrx_word' id='word_1_508' title='bbox 1086 5171 1134 5233; x_wconf 81' lang='lat' dir='ltr'>(cl.</span> <span class='ocrx_word' id='word_1_509' title='bbox 1153 5172 1168 5235; x_wconf 66' lang='grc' dir='ltr'><strong>ἓ</strong></span> <span class='ocrx_word' id='word_1_510' title='bbox 1185 5172 1232 5223; x_wconf 78' lang='grc' dir='ltr'>84ι</span> <span class='ocrx_word' id='word_1_511' title='bbox 1256 5173 1311 5238; x_wconf 77' lang='lat' dir='ltr'>Ego</span> <span class='ocrx_word' id='word_1_512' title='bbox 1326 5186 1386 5224; x_wconf 83' lang='lat' dir='ltr'>cero</span> <span class='ocrx_word' id='word_1_513' title='bbox 1402 5174 1621 5233; x_wconf 80' lang='lat' dir='ltr'>memineram,</span> <span class='ocrx_word' id='word_1_514' title='bbox 1646 5170 1689 5220; x_wconf 83' lang='lat' dir='ltr'>ted</span> <span class='ocrx_word' id='word_1_515' title='bbox 1705 5174 1777 5220; x_wconf 81' lang='lat' dir='ltr'>ta·-</span> 
     </span>
    </p>

    <p class='ocr_par' dir='ltr' id='par_1_5' title="bbox 372 5243 1775 5989">
     <span class='ocr_line' id='line_1_44' title="bbox 372 5243 1775 5311; baseline 0 -16"><span class='ocrx_word' id='word_1_516' title='bbox 372 5254 378 5263; x_wconf 89' lang='lat'><em>·</em></span> <span class='ocrx_word' id='word_1_517' title='bbox 434 5246 587 5296; x_wconf 78' lang='lat' dir='ltr'>dicentem</span> <span class='ocrx_word' id='word_1_518' title='bbox 610 5243 732 5296; x_wconf 65' lang='lat' dir='ltr'>oboram</span> <span class='ocrx_word' id='word_1_519' title='bbox 748 5260 766 5296; x_wconf 87' lang='lat' dir='ltr'>c</span> <span class='ocrx_word' id='word_1_520' title='bbox 780 5247 907 5309; x_wconf 81' lang='lat' dir='ltr'>proposito</span> <span class='ocrx_word' id='word_1_521' title='bbox 924 5245 998 5307; x_wconf 72' lang='lat' dir='ltr'>sceda</span> <span class='ocrx_word' id='word_1_522' title='bbox 1011 5245 1188 5308; x_wconf 80' lang='lat' dir='ltr'>patiebar.)</span> <span class='ocrx_word' id='word_1_523' title='bbox 1209 5248 1302 5311; x_wconf 84' lang='lat' dir='ltr'>Neque</span> <span class='ocrx_word' id='word_1_524' title='bbox 1320 5248 1391 5298; x_wconf 89' lang='lat' dir='ltr'>enim</span> <span class='ocrx_word' id='word_1_525' title='bbox 1409 5249 1466 5297; x_wconf 92' lang='lat' dir='ltr'>tum</span> <span class='ocrx_word' id='word_1_526' title='bbox 1484 5246 1608 5307; x_wconf 86' lang='lat' dir='ltr'>demum,</span> <span class='ocrx_word' id='word_1_527' title='bbox 1631 5258 1695 5297; x_wconf 89' lang='lat' dir='ltr'>oum</span> <span class='ocrx_word' id='word_1_528' title='bbox 1711 5256 1775 5310; x_wconf 86' lang='lat' dir='ltr'>per-</span> 
     </span>
     <span class='ocr_line' id='line_1_45' title="bbox 435 5319 1774 5386; baseline 0.001 -16"><span class='ocrx_word' id='word_1_529' title='bbox 435 5324 541 5371; x_wconf 87' lang='lat' dir='ltr'>oratum</span> <span class='ocrx_word' id='word_1_530' title='bbox 558 5323 613 5383; x_wconf 89' lang='lat' dir='ltr'>est,</span> <span class='ocrx_word' id='word_1_531' title='bbox 638 5320 688 5371; x_wconf 88' lang='lat' dir='ltr'>sed</span> <span class='ocrx_word' id='word_1_532' title='bbox 704 5321 758 5371; x_wconf 87' lang='lat' dir='ltr'>iam</span> <span class='ocrx_word' id='word_1_533' title='bbox 775 5322 845 5372; x_wconf 87' lang='lat' dir='ltr'>inter</span> <span class='ocrx_word' id='word_1_534' title='bbox 861 5320 1025 5372; x_wconf 89' lang='lat' dir='ltr'>audiendum</span> <span class='ocrx_word' id='word_1_535' title='bbox 1042 5332 1185 5371; x_wconf 89' lang='lat' dir='ltr'>occurrere</span> <span class='ocrx_word' id='word_1_536' title='bbox 1203 5320 1303 5383; x_wconf 91' lang='lat' dir='ltr'>solent,</span> <span class='ocrx_word' id='word_1_537' title='bbox 1329 5335 1398 5385; x_wconf 90' lang='lat' dir='ltr'>quae</span> <span class='ocrx_word' id='word_1_538' title='bbox 1417 5323 1509 5371; x_wconf 88' lang='lat' dir='ltr'>contra</span> <span class='ocrx_word' id='word_1_539' title='bbox 1526 5320 1580 5371; x_wconf 92' lang='lat' dir='ltr'>dici</span> <span class='ocrx_word' id='word_1_540' title='bbox 1596 5320 1708 5386; x_wconf 80' lang='lat' dir='ltr'>possint</span> <span class='ocrx_word' id='word_1_541' title='bbox 1735 5319 1774 5371; x_wconf 79' lang='lat' dir='ltr'>De</span> 
     </span>
     <span class='ocr_line' id='line_1_46' title="bbox 436 5395 1772 5462; baseline -0.001 -15"><span class='ocrx_word' id='word_1_542' title='bbox 436 5410 519 5462; x_wconf 86' lang='lat' dir='ltr'>parvo</span> <span class='ocrx_word' id='word_1_543' title='bbox 536 5396 683 5461; x_wconf 71' lang='lat' dir='ltr'>archetypi</span> <span class='ocrx_word' id='word_1_544' title='bbox 700 5409 792 5447; x_wconf 89' lang='lat' dir='ltr'>erroro</span> <span class='ocrx_word' id='word_1_545' title='bbox 810 5396 843 5447; x_wconf 89' lang='lat' dir='ltr'>cl.</span> <span class='ocrx_word' id='word_1_546' title='bbox 862 5396 894 5457; x_wconf 85' lang='lat' dir='ltr'>v,</span> <span class='ocrx_word' id='word_1_547' title='bbox 914 5396 957 5445; x_wconf 76' lang='lat' dir='ltr'>tit</span> <span class='ocrx_word' id='word_1_548' title='bbox 979 5395 1092 5458; x_wconf 78' lang='lat' dir='ltr'>(mmm).</span> <span class='ocrx_word' id='word_1_549' title='bbox 1112 5396 1155 5455; x_wconf 93' lang='lat' dir='ltr'>lll,</span> <span class='ocrx_word' id='word_1_550' title='bbox 1173 5396 1189 5445; x_wconf 84' lang='lat' dir='ltr'>o</span> <span class='ocrx_word' id='word_1_551' title='bbox 1206 5395 1292 5461; x_wconf 85' lang='lat' dir='ltr'>(mm).</span> <span class='ocrx_word' id='word_1_552' title='bbox 1312 5397 1355 5457; x_wconf 82' lang='lat' dir='ltr'>iv,</span> <span class='ocrx_word' id='word_1_553' title='bbox 1373 5397 1400 5446; x_wconf 75' lang='lat' dir='ltr'>bt</span> <span class='ocrx_word' id='word_1_554' title='bbox 1423 5399 1450 5446; x_wconf 87' lang='lat' dir='ltr'>et</span> <span class='ocrx_word' id='word_1_555' title='bbox 1466 5395 1497 5456; x_wconf 85' lang='lat' dir='ltr'>V,</span> <span class='ocrx_word' id='word_1_556' title='bbox 1517 5395 1548 5446; x_wconf 79' lang='lat' dir='ltr'>ac</span> <span class='ocrx_word' id='word_1_557' title='bbox 1565 5395 1662 5462; x_wconf 66' lang='lat' dir='ltr'>santi.»</span> <span class='ocrx_word' id='word_1_558' title='bbox 1679 5395 1724 5447; x_wconf 78' lang='lat' dir='ltr'>W.</span> <span class='ocrx_word' id='word_1_559' title='bbox 1744 5419 1772 5431; x_wconf 93' lang='lat'><em>-</em></span> 
     </span>
     <span class='ocr_line' id='line_1_47' title="bbox 435 5469 1772 5532; baseline -0.002 -10"><span class='ocrx_word' id='word_1_560' title='bbox 435 5471 665 5523; x_wconf 65' lang='lat' dir='ltr'>samotra</span> <span class='ocrx_word' id='word_1_561' title='bbox 685 5498 713 5508; x_wconf 94' lang='lat'><em>-</em></span> <span class='ocrx_word' id='word_1_562' title='bbox 740 5469 780 5521; x_wconf 83' lang='lat' dir='ltr'>tt.</span> <span class='ocrx_word' id='word_1_563' title='bbox 799 5471 957 5521; x_wconf 78' lang='lat' dir='ltr'>uoturomC</span> <span class='ocrx_word' id='word_1_564' title='bbox 981 5497 1009 5506; x_wconf 91' lang='lat'><em>-</em></span> <span class='ocrx_word' id='word_1_565' title='bbox 1037 5470 1078 5520; x_wconf 83' lang='grc'>49.</span> <span class='ocrx_word' id='word_1_566' title='bbox 1096 5482 1185 5520; x_wconf 81' lang='lat' dir='ltr'>menon</span> <span class='ocrx_word' id='word_1_567' title='bbox 1208 5472 1243 5523; x_wconf 86' lang='lat' dir='ltr'>C:</span> <span class='ocrx_word' id='word_1_568' title='bbox 1273 5473 1345 5522; x_wconf 84' lang='lat' dir='ltr'>limo</span> <span class='ocrx_word' id='word_1_569' title='bbox 1367 5471 1387 5521; x_wconf 93' lang='lat'>0</span> <span class='ocrx_word' id='word_1_570' title='bbox 1411 5496 1438 5507; x_wconf 89' lang='lat'><em>-</em></span> <span class='ocrx_word' id='word_1_571' title='bbox 1466 5469 1654 5532; x_wconf 63' lang='lat' dir='ltr'>tempestat</span> <span class='ocrx_word' id='word_1_572' title='bbox 1674 5470 1724 5519; x_wconf 80' lang='lat' dir='ltr'>Gli</span> <span class='ocrx_word' id='word_1_573' title='bbox 1744 5493 1772 5505; x_wconf 92' lang='lat'><em>-</em></span> 
     </span>
     <span class='ocr_line' id='line_1_48' title="bbox 434 5542 1772 5611; baseline -0.004 -13"><span class='ocrx_word' id='word_1_574' title='bbox 434 5547 475 5598; x_wconf 74' lang='lat'>22.</span> <span class='ocrx_word' id='word_1_575' title='bbox 493 5547 632 5611; x_wconf 75' lang='lat' dir='ltr'>gradatum</span> <span class='ocrx_word' id='word_1_576' title='bbox 648 5547 668 5597; x_wconf 88' lang='lat' dir='ltr'>ll</span> <span class='ocrx_word' id='word_1_577' title='bbox 686 5572 714 5584; x_wconf 92' lang='lat'><em>-</em></span> <span class='ocrx_word' id='word_1_578' title='bbox 738 5560 787 5609; x_wconf 77' lang='lat' dir='ltr'>quo</span> <span class='ocrx_word' id='word_1_579' title='bbox 803 5547 833 5611; x_wconf 84' lang='lat' dir='ltr'>si]</span> <span class='ocrx_word' id='word_1_580' title='bbox 851 5547 959 5609; x_wconf 70' lang='lat' dir='ltr'>puerili</span> <span class='ocrx_word' id='word_1_581' title='bbox 982 5572 1015 5581; x_wconf 98' lang='lat'>-</span> <span class='ocrx_word' id='word_1_582' title='bbox 1035 5546 1077 5597; x_wconf 77' lang='lat'>26.</span> <span class='ocrx_word' id='word_1_583' title='bbox 1096 5547 1241 5609; x_wconf 84' lang='lat' dir='ltr'>respondem</span> <span class='ocrx_word' id='word_1_584' title='bbox 1265 5546 1315 5595; x_wconf 85' lang='lat' dir='ltr'>Gli</span> <span class='ocrx_word' id='word_1_585' title='bbox 1335 5572 1362 5582; x_wconf 96' lang='lat'>-</span> <span class='ocrx_word' id='word_1_586' title='bbox 1384 5545 1425 5596; x_wconf 69' lang='lat'>27.</span> <span class='ocrx_word' id='word_1_587' title='bbox 1444 5558 1591 5609; x_wconf 73' lang='lat' dir='ltr'>cognoscem</span> <span class='ocrx_word' id='word_1_588' title='bbox 1611 5542 1772 5607; x_wconf 69' lang='lat' dir='ltr'>magnaeus.</span> 
     </span>
     <span class='ocr_line' id='line_1_49' title="bbox 435 5618 1775 5687; baseline 0.003 -20"><span class='ocrx_word' id='word_1_589' title='bbox 435 5624 535 5686; x_wconf 79' lang='lat' dir='ltr'>«Negat</span> <span class='ocrx_word' id='word_1_590' title='bbox 551 5622 701 5686; x_wconf 83' lang='lat' dir='ltr'>Tregderus</span> <span class='ocrx_word' id='word_1_591' title='bbox 717 5635 893 5687; x_wconf 74' lang='lat' dir='ltr'>recognoscere</span> <span class='ocrx_word' id='word_1_592' title='bbox 909 5633 1038 5686; x_wconf 88' lang='lat' dir='ltr'>umquam</span> <span class='ocrx_word' id='word_1_593' title='bbox 1057 5623 1130 5673; x_wconf 91' lang='lat' dir='ltr'>idem</span> <span class='ocrx_word' id='word_1_594' title='bbox 1147 5635 1207 5673; x_wconf 91' lang='lat' dir='ltr'>esse</span> <span class='ocrx_word' id='word_1_595' title='bbox 1224 5624 1304 5686; x_wconf 87' lang='lat' dir='ltr'>atque</span> <span class='ocrx_word' id='word_1_596' title='bbox 1322 5634 1456 5686; x_wconf 73' lang='lat' dir='ltr'>agnoscere</span> <span class='ocrx_word' id='word_1_597' title='bbox 1472 5634 1494 5673; x_wconf 89' lang='lat' dir='ltr'>s.</span> <span class='ocrx_word' id='word_1_598' title='bbox 1507 5632 1655 5687; x_wconf 78' lang='lat' dir='ltr'>cognoscem</span> <span class='ocrx_word' id='word_1_599' title='bbox 1671 5618 1775 5685; x_wconf 58' lang='lat' dir='ltr'>(tow</span> 
     </span>
     <span class='ocr_line' id='line_1_50' title="bbox 435 5692 1774 5764; baseline -0.001 -17"><span class='ocrx_word' id='word_1_600' title='bbox 435 5696 585 5761; x_wconf 70' lang='lat' dir='ltr'>emm),</span> <span class='ocrx_word' id='word_1_601' title='bbox 603 5696 653 5747; x_wconf 89' lang='lat' dir='ltr'>sed</span> <span class='ocrx_word' id='word_1_602' title='bbox 669 5710 781 5763; x_wconf 89' lang='lat' dir='ltr'>semper</span> <span class='ocrx_word' id='word_1_603' title='bbox 796 5710 857 5750; x_wconf 87' lang='lat' dir='ltr'>esse</span> <span class='ocrx_word' id='word_1_604' title='bbox 875 5710 1001 5749; x_wconf 79' lang='lat' dir='ltr'>recensere</span> <span class='ocrx_word' id='word_1_605' title='bbox 1017 5697 1226 5764; x_wconf 69' lang='lat' dir='ltr'>(doratensem)</span> <span class='ocrx_word' id='word_1_606' title='bbox 1248 5700 1318 5748; x_wconf 91' lang='lat' dir='ltr'>sicut</span> <span class='ocrx_word' id='word_1_607' title='bbox 1334 5711 1367 5748; x_wconf 88' lang='lat' dir='ltr'>ex</span> <span class='ocrx_word' id='word_1_608' title='bbox 1384 5696 1510 5749; x_wconf 90' lang='lat' dir='ltr'>omnibus</span> <span class='ocrx_word' id='word_1_609' title='bbox 1527 5696 1592 5749; x_wconf 89' lang='lat' dir='ltr'>iocis</span> <span class='ocrx_word' id='word_1_610' title='bbox 1609 5710 1625 5748; x_wconf 88' lang='lat' dir='ltr'>a</span> <span class='ocrx_word' id='word_1_611' title='bbox 1642 5692 1774 5747; x_wconf 80' lang='lat' dir='ltr'>Freandio</span> 
     </span>
     <span class='ocr_line' id='line_1_51' title="bbox 435 5770 1771 5839; baseline 0 -18"><span class='ocrx_word' id='word_1_612' title='bbox 435 5770 522 5824; x_wconf 88' lang='lat' dir='ltr'>allatis</span> <span class='ocrx_word' id='word_1_613' title='bbox 538 5774 612 5823; x_wconf 87' lang='lat' dir='ltr'>recte</span> <span class='ocrx_word' id='word_1_614' title='bbox 629 5772 769 5825; x_wconf 85' lang='lat' dir='ltr'>intellectis</span> <span class='ocrx_word' id='word_1_615' title='bbox 786 5775 925 5839; x_wconf 73' lang='lat' dir='ltr'>appareat,</span> <span class='ocrx_word' id='word_1_616' title='bbox 946 5773 1019 5836; x_wconf 90' lang='lat' dir='ltr'>quod</span> <span class='ocrx_word' id='word_1_617' title='bbox 1036 5773 1070 5825; x_wconf 92' lang='lat' dir='ltr'>de</span> <span class='ocrx_word' id='word_1_618' title='bbox 1089 5774 1186 5824; x_wconf 87' lang='lat' dir='ltr'>ceteris</span> <span class='ocrx_word' id='word_1_619' title='bbox 1203 5773 1293 5836; x_wconf 85' lang='lat' dir='ltr'>(etiam</span> <span class='ocrx_word' id='word_1_620' title='bbox 1310 5772 1420 5838; x_wconf 84' lang='lat' dir='ltr'>Philipp.</span> <span class='ocrx_word' id='word_1_621' title='bbox 1439 5774 1482 5834; x_wconf 87' lang='lat' dir='ltr'>Vl,</span> <span class='ocrx_word' id='word_1_622' title='bbox 1500 5773 1525 5835; x_wconf 84' lang='lat'>6,</span> <span class='ocrx_word' id='word_1_623' title='bbox 1543 5772 1583 5835; x_wconf 81' lang='lat' dir='ltr'>rs)</span> <span class='ocrx_word' id='word_1_624' title='bbox 1607 5782 1705 5822; x_wconf 86' lang='lat' dir='ltr'>verum</span> <span class='ocrx_word' id='word_1_625' title='bbox 1720 5770 1771 5831; x_wconf 84' lang='lat' dir='ltr'>est,</span> 
     </span>
     <span class='ocr_line' id='line_1_52' title="bbox 433 5844 1773 5913; baseline -0.003 -15"><span class='ocrx_word' id='word_1_626' title='bbox 433 5845 528 5899; x_wconf 84' lang='lat' dir='ltr'>lslrum</span> <span class='ocrx_word' id='word_1_627' title='bbox 546 5847 580 5899; x_wconf 88' lang='lat' dir='ltr'>de</span> <span class='ocrx_word' id='word_1_628' title='bbox 598 5861 662 5911; x_wconf 90' lang='lat' dir='ltr'>uno,</span> <span class='ocrx_word' id='word_1_629' title='bbox 680 5850 757 5901; x_wconf 80' lang='lat' dir='ltr'>verr.</span> <span class='ocrx_word' id='word_1_630' title='bbox 770 5849 792 5911; x_wconf 93' lang='lat'>1,</span> <span class='ocrx_word' id='word_1_631' title='bbox 804 5850 845 5910; x_wconf 73' lang='lat' dir='ltr'>lt,</span> <span class='ocrx_word' id='word_1_632' title='bbox 859 5849 902 5900; x_wconf 78' lang='lat' dir='ltr'>at:</span> <span class='ocrx_word' id='word_1_633' title='bbox 922 5861 988 5911; x_wconf 78' lang='lat' dir='ltr'>pace</span> <span class='ocrx_word' id='word_1_634' title='bbox 1005 5846 1300 5913; x_wconf 75' lang='lat' dir='ltr'>(vermandolesceotia)</span> <span class='ocrx_word' id='word_1_635' title='bbox 1318 5849 1402 5913; x_wconf 71' lang='lat' dir='ltr'>quotu</span> <span class='ocrx_word' id='word_1_636' title='bbox 1416 5848 1508 5911; x_wconf 68' lang='lat' dir='ltr'>mett,</span> <span class='ocrx_word' id='word_1_637' title='bbox 1525 5851 1571 5898; x_wconf 78' lang='lat' dir='ltr'>cst</span> <span class='ocrx_word' id='word_1_638' title='bbox 1586 5844 1773 5897; x_wconf 74' lang='lat' dir='ltr'>meminirtts</span> 
     </span>
     <span class='ocr_line' id='line_1_53' title="bbox 434 5919 1773 5989; baseline -0.001 -16"><span class='ocrx_word' id='word_1_639' title='bbox 434 5926 481 5973; x_wconf 78' lang='lat' dir='ltr'>ost</span> <span class='ocrx_word' id='word_1_640' title='bbox 497 5935 536 5976; x_wconf 78' lang='lat' dir='ltr'>so</span> <span class='ocrx_word' id='word_1_641' title='bbox 551 5923 610 5988; x_wconf 75' lang='lat' dir='ltr'>tato,</span> <span class='ocrx_word' id='word_1_642' title='bbox 628 5937 701 5989; x_wconf 77' lang='lat' dir='ltr'>gum</span> <span class='ocrx_word' id='word_1_643' title='bbox 716 5924 757 5977; x_wconf 81' lang='lat' dir='ltr'>ml</span> <span class='ocrx_word' id='word_1_644' title='bbox 772 5923 969 5976; x_wconf 79' lang='lat' dir='ltr'>simillimum</span> <span class='ocrx_word' id='word_1_645' title='bbox 981 5924 1122 5988; x_wconf 69' lang='lat' dir='ltr'>modoad,</span> <span class='ocrx_word' id='word_1_646' title='bbox 1140 5935 1369 5989; x_wconf 76' lang='lat' dir='ltr'>recognoscere</span> <span class='ocrx_word' id='word_1_647' title='bbox 1381 5922 1499 5988; x_wconf 59' lang='lat' dir='ltr'>pomam·</span> <span class='ocrx_word' id='word_1_648' title='bbox 1520 5919 1586 5988; x_wconf 85' lang='lat' dir='ltr'>quid</span> <span class='ocrx_word' id='word_1_649' title='bbox 1602 5920 1676 5974; x_wconf 84' lang='lat' dir='ltr'>enlm</span> <span class='ocrx_word' id='word_1_650' title='bbox 1692 5930 1773 5987; x_wconf 79' lang='lat' dir='ltr'>aper·</span> 
     </span>
    </p>
   </div>
   <div class='ocr_carea' id='block_1_4' title="bbox 0 0 2176 7459">
    <p class='ocr_par' dir='ltr' id='par_1_6' title="bbox 0 0 2176 7459">
     <span class='ocr_line' id='line_1_54' title="bbox 0 0 2176 7459; baseline 0 0"><span class='ocrx_word' id='word_1_651' title='bbox 0 0 2176 7459; x_wconf 95' lang='lat' dir='ltr'> </span> 
     </span>
    </p>
   </div>
  </div>
 </body>
</html>
