4342 7459
439 1226 502 1293 5⁶24
931 1229 985 1292 DE
1007 1229 1275 1293 DIVINATIONE

439 1393 526 1456 nlam
555 1391 755 1477 philosophia
783 1387 963 1453 virbonus
993 1390 1131 1454 efficitur
1160 1399 1191 1455 et
1218 1390 1325 1466 fortis,
1354 1390 1430 1454 Cato
1458 1397 1567 1454 noster
1592 1394 1626 1457 in
1652 1392 1767 1457 horum

439 1488 592 1551 librorum
620 1505 751 1550 numero
778 1485 947 1569 ponendus
969 1492 1028 1548 est
1071 1482 1101 1547 l.
1126 1483 1269 1569 Cumque
1291 1485 1477 1548 Aristoteles
1499 1486 1641 1570 itemque
1663 1487 1768 1552 Theo·

438 1580 603 1664 phrastus,
633 1578 826 1643 excellentes
858 1580 916 1642 viri
946 1599 1017 1642 eum
1045 1580 1220 1643 subtilitate
1244 1586 1308 1643 tum
1331 1580 1442 1662 eopia,
1470 1598 1541 1642 enm
1563 1579 1769 1664 pbilosophIa

440 1673 564 1738 dicendi
594 1675 687 1737 etiam
716 1682 886 1758 praecepta
914 1673 1159 1747 coniunxerint,
1192 1673 1292 1736 nostri
1322 1692 1449 1756 qnoque
1478 1675 1606 1737 oratorii
1635 1675 1707 1739 libri
1735 1676 1768 1738 in

415 1767 576 1839 seundam
598 1768 747 1833 librorum
770 1788 937 1831 numerum
959 1767 1116 1832 referendi
1140 1768 1304 1832 videntur:
1325 1768 1369 1830 ita
1383 1775 1447 1832 tres
1462 1776 1556 1831 erunt
1569 1769 1609 1832 de
1625 1768 1770 1844 Oratore,

439 1872 568 1948 quartus
591 1864 719 1937 Brutus,
741 1862 871 1945 quintus
894 1861 1018 1925 Orator.

525 1958 564 2019 ll.
598 1956 710 2019 hdhuo
736 1955 815 2018 haee
842 1964 952 2030 erant;
987 1955 1027 2018 ad
1057 1956 1179 2039 reliqua
1208 1956 1303 2019 alacri
1330 1956 1538 2020 tendebamus
1564 1958 1690 2034 animo,
1723 1960 1769 2023 sie

438 2054 555 2138 parati,
576 2059 625 2124 ut,
647 2051 708 2114 nisi
732 2070 815 2134 quaa
830 2071 924 2114 eausa
939 2051 1067 2134 gravior
1080 2050 1272 2124 obstitisset,
1288 2051 1410 2115 nullum
1427 2051 1648 2134 philosophiae
1664 2053 1769 2116 lunum

439 2167 510 2210 asse
531 2155 728 2229 pateremur,
752 2146 808 2229 qui
829 2166 894 2208 non
909 2146 1029 2209 Latinis
1052 2146 1166 2209 litteris
1189 2144 1375 2208 inlustratus
1399 2153 1530 2228 pateret.
1567 2146 1662 2221 Quod
1684 2149 1770 2210 enim

402 2261 554 2307 tomunus
576 2240 622 2303 rei
646 2240 790 2323 publicae
813 2240 937 2303 adferre
962 2241 1063 2302 maius
1087 2240 1241 2303 meliusve
1264 2258 1449 2322 possumus,
1466 2260 1560 2323 quam
1577 2241 1603 2302 si
1618 2240 1770 2304 docemus

438 2344 535 2419 atque
558 2334 721 2397 erudimus
742 2334 963 2397 inventuteml
995 2335 1048 2397 his
1070 2335 1255 2417 praesertim
1279 2335 1420 2397 moribus
1442 2343 1537 2418 atque
1560 2334 1770 2417 temporibus,

439 2430 555 2514 quibus
577 2430 622 2492 ita
644 2428 793 2511 prolapsa
815 2438 873 2502 est,
896 2437 931 2492 ut
952 2430 1092 2491 omnium
1115 2428 1228 2510 opibus
1251 2427 1440 2491 refrenanda
1461 2448 1498 2490 ao
1521 2428 1696 2490 coercenda
1720 2430 1771 2491 sit.

439 2521 469 2586 5.
491 2525 556 2586 Nee
578 2543 653 2585 varo
675 2522 707 2584 id
732 2519 813 2585 ellici
836 2543 932 2605 posse
954 2521 1097 2596 conlido,
1128 2522 1212 2605 quod
1243 2542 1283 2584 ne
1310 2520 1534 2606 postulandum
1559 2521 1687 2603 quidem
1712 2530 1771 2596 est,

438 2627 474 2681 ut
504 2638 614 2680 omnes
642 2617 862 2681 adulescentes
891 2639 925 2680 so
955 2617 993 2680 ad
1022 2616 1100 2678 haec
1131 2614 1233 2677 studia
1261 2622 1458 2678 convertant.
1508 2615 1603 2678 Pauci
1628 2617 1768 2680 utinaml

402 2728 572 2796 aequorum
595 2720 699 2774 tamen
723 2712 756 2773 in
779 2732 813 2775 re
836 2712 963 2794 publica
985 2710 1049 2772 late
1073 2716 1180 2792 patere
1203 2710 1320 2790 poterit
1342 2708 1506 2771 industria.
1550 2711 1706 2795 Equidem
1730 2732 1771 2775 ex

439 2806 478 2868 iis
500 2806 595 2868 etiam
618 2805 752 2868 fructum
777 2807 867 2889 capio
891 2802 1008 2868 laboris
1031 2805 1113 2876 mei,
1145 2801 1198 2885 qui
1221 2803 1284 2867 iam
1306 2810 1409 2868 aetate
1434 2804 1573 2886 provecti
1597 2805 1630 2865 in
1653 2806 1771 2868 nostris

439 2898 530 2963 libris
551 2900 785 2983 adquiescunt3
809 2919 945 2983 quorum
968 2899 1074 2963 studio
1096 2897 1223 2979 legendi
1246 2917 1350 2960 meum
1373 2898 1531 2961 scribendi
1554 2898 1693 2962 studium
1716 2919 1771 2961 ve·

437 2992 617 3057 hamentius
640 2997 672 3055 in
696 2992 764 3056 dies
785 2994 950 3066 iucitatur,
973 3012 1054 3076 qnos
1077 2991 1205 3075 quidem
1228 2990 1354 3073 plures,
1376 3010 1471 3072 quam
1493 2991 1601 3065 rebar,
1623 3013 1695 3056 esse
1718 3012 1772 3056 eo·

438 3087 546 3170 gnari.
591 3087 793 3169 Magnificum
815 3087 897 3150 illud
927 3088 1022 3150 etiam
1045 3084 1259 3166 Romanisque
1291 3085 1475 3148 homiuibus
1507 3086 1702 3168 gloriosum,
1737 3095 1772 3151 ut

401 3182 567 3245 suGraeeis
590 3183 629 3244 de
653 3181 852 3265 philosophia
876 3183 990 3245 litteris
1013 3203 1076 3245 non
1099 3188 1223 3263 egeant.
1267 3178 1298 3243 6.
1322 3181 1414 3258 Quod
1438 3181 1598 3264 adsequar
1612 3181 1767 3263 prolecto,

439 3275 465 3338 si
488 3274 633 3339 instituta
656 3276 829 3357 perfecero.
867 3279 910 3339 Ac
934 3277 1010 3340 mihi
1034 3275 1164 3361 quidem
1179 3274 1387 3358 explicandae
1402 3276 1623 3358 philosophiae
1642 3295 1769 3340 cauum

438 3368 551 3432 adtulit
573 3389 663 3432 casus
686 3372 791 3451 gravis
813 3371 966 3446 civitatis,
989 3392 1059 3434 oum
1081 3371 1115 3433 in
1138 3372 1233 3433 armis
1255 3370 1401 3433 civilibus
1424 3390 1483 3433 nee
1499 3371 1579 3433 tueri
1595 3390 1667 3433 meo
1683 3391 1771 3435 more

438 3482 505 3526 rem
526 3463 681 3546 publicam
704 3483 762 3526 neo
777 3462 856 3527 nihil
872 3484 964 3546 agere
980 3475 1124 3547 poteram
1148 3464 1297 3548 neuquid
1313 3465 1437 3548 potius,
1461 3463 1545 3547 quod
1568 3466 1698 3549 quidem
1721 3486 1771 3529 me

438 3555 569 3639 dIgnum
592 3567 691 3632 esset,
714 3578 840 3640 agerem
863 3559 1068 3641 reperiebam.
1103 3559 1232 3622 Dabunt
1252 3559 1349 3639 Igitur
1363 3558 1441 3621 mihi
1456 3558 1581 3621 veniam
1602 3559 1771 3623 melcines

400 3651 489 3717 asvel
512 3651 642 3734 gratiam
665 3654 772 3735 potius
793 3654 971 3727 habebunt,
1005 3655 1111 3737 quod,
1141 3674 1211 3716 cum
1242 3660 1328 3715 esset
1356 3652 1389 3714 in
1418 3652 1513 3715 unius
1541 3660 1699 3735 potestate
1719 3674 1770 3717 res

439 3746 584 3828 publiea,
614 3766 718 3829 neque
747 3766 806 3829 ego
834 3767 884 3809 me
906 3747 1014 3810 abdidi
1046 3768 1151 3831 neque
1174 3746 1300 3809 deserui
1331 3767 1436 3830 neque
1459 3746 1567 3809 addixi
1599 3766 1705 3829 neque
1728 3749 1771 3812 ita

439 3841 533 3922 gessi,
555 3842 647 3922 quasi
669 3841 790 3904 homini
812 3850 868 3904 aut
889 3840 1084 3924 temporibus
1107 3842 1218 3914 iratus,
1242 3861 1346 3922 nequa
1369 3860 1463 3923 porro
1485 3840 1529 3901 ita
1553 3849 1609 3903 aut
1623 3840 1771 3905 adulatus

440 3940 495 3997 aut
515 3932 685 3996 admiratus
707 3933 864 3996 fortunam
887 3954 957 3997 sum
980 3934 1130 4008 alterius,
1158 3942 1194 3997 ut
1215 3954 1265 3996 me
1288 3953 1376 3996 meae
1400 3934 1583 4015 paeniteret.
1628 3936 1663 3997 ld
1686 3936 1770 3998 enim

438 4026 544 4110 ipsum
566 4027 729 4090 aVlatooe
752 4026 1020 4111 philosophIaque
1042 4027 1225 4101 didiceram,
1247 4029 1405 4091 naturales
1428 4049 1498 4091 esse
1521 4026 1674 4111 quasdam
1697 4049 1772 4092 eon·

401 4124 602 4186 adversiones
624 4142 728 4186 rerum
751 4122 963 4205 publicarum,
992 4130 1028 4184 ut
1051 4142 1107 4185 eae
1130 4130 1195 4184 tum
1218 4143 1235 4183 a
1259 4123 1457 4205 principibus
1480 4131 1681 4195 tenerentur,
1705 4132 1771 4184 tum

440 4237 457 4279 a
486 4217 632 4299 populis,
664 4216 836 4299 aliqnando
862 4236 880 4277 a
910 4216 1053 4298 singulis.
1098 4214 1127 4276 7.
1158 4215 1251 4290 Quod
1282 4237 1351 4279 oum
1380 4217 1547 4279 accidisset
1576 4226 1703 4278 nostrae
1726 4217 1771 4278 rei

439 4310 597 4394 publicae,
621 4319 685 4372 tum
710 4310 849 4393 pristinis
872 4309 972 4371 orbati
996 4310 1182 4372 muneribus
1205 4308 1283 4372 haee
1306 4310 1411 4371 studia
1427 4329 1579 4371 renovare
1597 4310 1771 4392 coepimus,

441 4413 476 4467 ut
505 4412 536 4466 et
566 4405 690 4468 animus
720 4405 873 4468 molestiis
904 4405 963 4466 hae
999 4405 1197 4488 potissimum
1228 4423 1261 4464 re
1294 4403 1454 4466 levaretur
1490 4411 1522 4466 et
1546 4403 1771 4486 prodessemus

440 4499 563 4562 cluibus
591 4500 727 4573 nostris,
761 4520 824 4581 qua
851 4519 884 4561 re
913 4517 1050 4580 cumque
1079 4517 1256 4580 possemus.
1299 4498 1335 4559 ln
1357 4495 1447 4559 libris
1470 4498 1553 4558 enlm
1581 4496 1770 4558 sententiam

401 4592 637 4666 sodicebamus,
665 4590 943 4665 contionabamur‚
973 4590 1203 4675 philosophiam
1219 4591 1320 4679 'nobis
1343 4612 1399 4673 pro
1422 4592 1467 4652 rei
1489 4590 1634 4673 publicae
1656 4610 1771 4673 procu,-

441 4689 563 4752 ratione
587 4689 788 4751 substitutam
819 4686 1015 4771 putabamus.
1059 4687 1149 4747 Nune
1181 4685 1332 4767 quonlam
1361 4684 1400 4746 de
1429 4705 1463 4746 re
1493 4684 1621 4766 publica
1648 4684 1770 4746 consuli

441 4784 545 4865 coepti
567 4802 692 4855 sumus,
715 4781 882 4845 tribuenda
905 4788 954 4843 est
976 4799 1071 4862 opera
1094 4780 1138 4841 rei
1160 4779 1325 4861 publicae,
1347 4779 1397 4841 rel
1421 4779 1525 4840 omnis
1547 4778 1653 4859 potius
1675 4779 1708 4840 in
1733 4798 1771 4841 ea

504 5052 528 5101 3.
547 5064 604 5099 eum
620 5048 756 5101 ABRV:
776 5056 828 5099 tum
846 5049 906 5099 v²0
931 5076 958 5087 ·-
982 5055 1047 5112 supt.
1067 5051 1088 5100 H
1109 5076 1135 5085 -
1161 5063 1217 5099 cum
1234 5051 1308 5111 coptu
1325 5050 1375 5098 BH
1400 5074 1426 5085 ·-
1450 5048 1474 5099 l.
1492 5050 1722 5099 cooluocoeera'oth
1742 5075 1768 5085 -

438 5130 463 5178 o.
483 5126 604 5177 librorum
627 5139 680 5174 om.
700 5126 779 5176 codd.
797 5126 862 5175 dett.
882 5126 977 5177 Moseri
995 5126 1027 5182 0,
1051 5125 1184 5172 eorundem
1201 5124 1323 5173 librorum
1345 5122 1436 5173 maluit
1455 5124 1591 5185 llottinger
1615 5150 1640 5158 -
1667 5137 1771 5172 auowro

439 5202 460 5251 ll
481 5228 507 5239 -
527 5201 551 5250 7.
571 5215 587 5250 o
604 5201 704 5262 reliquo
720 5199 750 5250 A¹
770 5228 796 5237 -
817 5202 841 5251 9.
857 5207 1008 5263 potaremur
1026 5197 1065 5260 V¹,
1082 5206 1229 5262 putaremus
1240 5196 1272 5246 V²
1285 5225 1311 5236 -
1333 5200 1371 5248 ta.
1392 5213 1454 5261 opus
1470 5198 1500 5249 h¹
1520 5226 1547 5234 -
1566 5199 1615 5247 hoo
1630 5200 1771 5248 cohoreudo

441 5277 469 5326 Β1
490 5304 516 5313 -
537 5276 576 5325 43.
595 5278 639 5337 qut
656 5277 721 5325 idem
738 5277 759 5326 ll
784 5303 810 5310 -
840 5274 878 5325 tl.
898 5276 1000 5325 odolo
1020 5298 1047 5310 ω
1073 5274 1159 5338 pauci]
1174 5275 1297 5337 pouorll
1321 5301 1348 5309 -
1377 5275 1416 5323 lh.
1434 5275 1516 5336 potuit
1533 5276 1553 5323 ll
1576 5302 1598 5311 —
1627 5275 1666 5324 lli.
1686 5287 1719 5324 ex
1735 5274 1771 5322 his

438 5353 468 5415 (is
479 5352 510 5413 V)
527 5354 602 5401 ettam
620 5354 653 5408 C,
672 5353 749 5400 etium
765 5365 798 5399 aa
814 5351 846 5399 its
863 5350 882 5399 0
903 5376 928 5387 -
950 5351 1010 5411 putu
1025 5352 1079 5399 tom
1097 5350 1117 5397 V
1138 5376 1164 5385 -
1186 5351 1224 5399 ⁴7.
1244 5352 1390 5411 aquiescuut
1407 5353 1442 5412 Α,
1462 5351 1625 5412 adquiescunt
1642 5350 1661 5399 B
1683 5376 1707 5385 -
1728 5349 1768 5398 ⁴8.

437 5428 609 5477 incitatore:
634 5428 729 5475 citatur
746 5426 858 5484 Nonius,
884 5423 972 5473 locum
990 5438 1012 5474 s.
1032 5438 1056 5472 v.
1076 5426 1156 5474 estora
1173 5426 1210 5487 (=
1219 5426 1325 5483 vocare)
1348 5426 1387 5474 sic
1405 5438 1430 5488 p.
1443 5425 1492 5474 265
1515 5424 1642 5475 afferens:
1663 5437 1770 5486 queam

435 5505 547 5553 studium
567 5503 663 5564 lepoudt
685 5515 735 5550 nou
755 5500 876 5548 scribendi
898 5500 1007 5548 studitam
1023 5501 1187 5549 vehementius
1207 5500 1234 5547 tu
1251 5501 1301 5548 dios
1318 5501 1396 5549 citant
1423 5526 1450 5536 -
1477 5501 1518 5549 30.
1537 5500 1626 5549 littoris
1643 5501 1676 5550 C:
1702 5499 1770 5546 libris

438 5578 530 5629 maluIt
547 5578 669 5636 balbius,
692 5588 761 5639 quae
779 5588 822 5625 rea
840 5573 921 5623 dubia
938 5576 994 5624 visa
1012 5578 1053 5625 est
1070 5574 1198 5636 lladvigio
1215 5574 1249 5623 ad
1268 5576 1322 5624 Cio.
1342 5574 1375 5624 de
1394 5575 1456 5624 finn.
1476 5589 1502 5638 p.
1516 5574 1547 5625 30
1575 5599 1602 5611 -
1629 5577 1671 5625 st.
1686 5575 1769 5638 philo-

436 5655 560 5717 soplu'oss
589 5680 615 5689 -
643 5651 878 5714 repraesentans
900 5650 1080 5700 LambinuaO
1107 5676 1134 5684 -
1163 5650 1202 5699 hl.
1221 5651 1410 5712 assetopareB
1438 5676 1465 5685 -
1491 5652 1532 5701 25.
1550 5664 1608 5700 cum
1624 5664 1678 5702 om.
1698 5651 1719 5700 ll
1739 5676 1766 5686 -

437 5731 479 5779 at.
498 5729 609 5778 rotusll
635 5754 662 5764 -
690 5728 726 5776 lto
740 5738 820 5793 porro
843 5740 874 5774 es
894 5724 953 5775 llbr.
972 5726 1037 5775 dett.
1056 5725 1215 5775 MoserusO
1243 5750 1270 5759 —
1298 5725 1338 5774 28.
1363 5726 1490 5775 ododmtr.
1514 5728 1548 5780 Α,
1577 5729 1678 5777 ommtr.
1697 5727 1720 5776 ll
1739 5752 1764 5762 -

438 5807 503 5867 sum]
521 5808 631 5854 mama
657 5829 683 5839 -
705 5804 842 5864 poeniteret
859 5805 894 5852 A:
915 5816 971 5863 pen.
993 5803 1030 5861 ll,
1051 5815 1124 5863 poen.
1145 5800 1216 5849 BVO
1236 5826 1263 5835 -
1288 5802 1355 5849 ldem
1371 5802 1413 5849 tro
1429 5803 1509 5863 ipsum
1526 5803 1547 5851 H
1567 5827 1593 5837 -
1619 5802 1660 5852 30.
1678 5808 1707 5851 ut
1722 5802 1767 5851 bos

440 5893 473 5929 ex
491 5893 559 5930 corr.
580 5881 601 5928 V
622 5906 648 5914 -
667 5878 729 5941 tum]
746 5892 803 5927 omn
821 5879 841 5928 Η
861 5902 888 5913 -
912 5878 952 5926 32.
971 5878 1033 5943 trun]
1049 5891 1108 5926 cum
1125 5878 1145 5926 ll
1164 5901 1190 5910 -
1211 5875 1251 5926 33.
1270 5878 1361 5926 animis
1377 5874 1409 5926 Ηι
1428 5904 1455 5912 -
1475 5878 1584 5928 molestis
1599 5876 1639 5939 A¹‚
1657 5892 1674 5927 a
1690 5878 1766 5929 mua

439 5956 492 6006 stts's
509 5956 541 6005 Η1
558 5980 585 5991 -
602 5955 758 6018 potuatmum
774 5954 967 6004 retaureturh
987 5980 1013 5989 -
1041 5953 1082 6003 33.
1101 5954 1213 6003 melon.
1232 5952 1279 6003 ΒΟ
1299 5979 1326 5989 -
1354 5953 1395 6003 33.
1413 5955 1537 6015 coepimus
1554 5953 1584 6004 V.
