4342 7459
784 1270 860 1335 cn».
882 1270 1125 1333 aua-mm.
1154 1266 1200 1351 44
1222 1263 1370 1332 40-44.
1674 1266 1738 1334 eso

408 1432 464 1516 qui
487 1436 594 1515 potest
614 1447 680 1493 uon
701 1449 811 1493 verum
834 1432 926 1492 esset
953 1430 1125 1494 Tenebitur
1145 1430 1241 1511 ipitor
1260 1427 1310 1503 id,
1332 1426 1420 1511 quod
1441 1447 1461 1490 a
1484 1426 1662 1513 Chrysippo
1683 1428 1740 1493 de·

406 1526 569 1589 tenditur:
599 1544 724 1589 omnem
748 1523 999 1587 enuntiationem
1027 1532 1082 1587 aot
1104 1543 1210 1587 veram
1239 1529 1293 1586 aut
1312 1522 1424 1585 falsam
1446 1541 1538 1597 esse;
1567 1523 1648 1587 ratio
1669 1524 1739 1606 ipsa

408 1627 499 1702 coget
520 1627 555 1682 et
576 1640 617 1683 ex
638 1619 825 1682 aeternitate
847 1619 1003 1702 quaedam
1026 1638 1097 1681 esse
1120 1636 1209 1691 vera,
1237 1625 1269 1680 et
1290 1636 1329 1680 ea
1351 1636 1415 1679 nou
1437 1636 1509 1679 esse
1530 1635 1614 1680 nexa
1635 1618 1738 1683 causis

407 1714 544 1778 aeternis
570 1722 602 1776 et
623 1732 643 1776 a
663 1712 720 1775 l'ati
743 1712 932 1775 necessitate
954 1731 1024 1774 esse
1046 1712 1155 1774 libera.

493 1808 591 1871 XVll.
624 1804 676 1868 39.
705 1811 749 1870 Ao
776 1806 854 1869 mibi
883 1805 1013 1888 quidem
1041 1806 1180 1881 videtur,
1211 1825 1282 1869 cum
1306 1804 1388 1870 duae
1409 1804 1585 1867 sententiae
1605 1804 1765 1869 fuisseots

407 1910 550 1966 veterum
574 1899 854 1984 pbilosophorum,
877 1920 940 1963 uua
962 1919 1091 1972 eorum,
1115 1899 1170 1982 qui
1193 1906 1358 1962 censerent
1378 1898 1484 1966 omnia
1506 1898 1550 1963 ita
1571 1898 1636 1963 isto
1658 1900 1738 1974 lieri,

406 2004 443 2059 ut
463 1996 496 2057 id
518 1995 616 2059 latum
639 1996 701 2057 vim
724 1995 922 2057 necessitatis
942 1991 1094 2067 adferret,
1111 1994 1143 2054 iu
1159 2012 1224 2076 qua
1238 1994 1395 2056 4004044444
1408 1992 1625 2068 Democritus,
1640 1993 1740 2058 liert·

407 2089 515 2163 clitus,
531 2090 755 2171 Empedocles,
770 2088 956 2150 Aristoteles
975 2088 1044 2162 luit,
1066 2088 1166 2149 altera
1187 2107 1307 2161 eorum,
1329 2087 1446 2171 quibus
1467 2084 1652 2151 viderentur
1668 2088 1739 2151 siue
1789 2148 1791 2152 .

407 2183 473 2246 ullo
495 2183 560 2245 lato
583 2202 654 2244 esse
676 2183 855 2245 animorum
878 2189 983 2244 motus
1005 2181 1197 2256 voluntarii,
1225 2180 1436 2265 Chrysippus,
1466 2186 1627 2265 tamquam
1656 2181 1740 2246 arbi·

408 2286 457 2341 ter
477 2278 681 2350 honorarius,
709 2276 848 2339 modium
870 2274 965 2337 ferire
988 2274 1148 2347 voluisse,
1183 2274 1239 2337 sed
1262 2275 1400 2358 adplicat
1421 2293 1456 2337 se
1483 2273 1524 2337 ad
1546 2293 1603 2339 eos
1626 2278 1740 2359 potius,
1749 2287 1777 2334 40

409 2373 465 2456 qui
493 2371 684 2434 necessitate
714 2378 819 2432 motus
846 2370 1021 2432 animorum
1050 2369 1202 2431 liberatos
1231 2368 1352 2431 volunt.
1401 2369 1483 2431 Dum
1505 2378 1611 2433 autem
1634 2371 1738 2435 verbis

406 2467 509 2529 utitur
528 2464 613 2536 suis,
644 2463 801 2527 delabitur
823 2464 854 2525 in
878 2481 932 2526 eas
955 2459 1172 2539 difficultates,
1196 2470 1231 2526 ut
1252 2460 1473 2525 necessitatem
1495 2461 1551 2525 lati
1574 2460 1739 2529 confirmet

407 2560 537 2624 inritus.
580 2554 632 2619 40.
655 2560 759 2640 Atque
781 2555 853 2631 boc,
875 2557 902 2619 si
925 2556 1043 2638 placet,
1067 2556 1161 2639 quale
1183 2555 1223 2619 sit
1244 2555 1409 2618 videamus
1430 2554 1464 2618 iu
1483 2555 1738 2634 adsensionibus,

409 2674 489 2738 quas
512 2654 613 2736 prima
636 2652 779 2713 oratione
801 2650 944 2712 tractavi.
990 2651 1051 2712 llas
1073 2650 1157 2712 euim
1180 2659 1303 2713 veteres
1325 2649 1384 2723 illi,
1406 2649 1524 2733 quibus
1546 2653 1651 2716 omnia
1672 2652 1738 2716 fato

408 2744 475 2811 lieri
500 2746 696 2819 videbantur,
718 2744 749 2805 vi
772 2739 853 2806 effici
877 2750 909 2805 et
929 2743 1120 2805 necessitate
1142 2743 1299 2806 dicebant.
1336 2744 1400 2819 Qui
1422 2750 1529 2807 autem
1551 2746 1591 2808 ab
1613 2746 1654 2809 iis
1675 2746 1776 2810 dis-ss

408 2841 603 2911 sentiebant,
631 2837 696 2900 lato
726 2835 932 2899 adsensiones
964 2837 1142 2900 liberabant
1164 2836 1386 2921 negabantque
1406 2836 1471 2901 lato
1493 2837 1738 2904 adsensionibus

408 2933 553 2998 adbibito
576 2930 793 2994 necessitatem
816 2930 857 2992 ab
878 2929 927 2992 bis
949 2950 1044 3012 posse
1065 2930 1242 3005 removeri,
1275 2931 1364 3015 iique
1384 2932 1429 2993 ita
1451 2930 1671 2997 disserebant:
1704 2933 1738 2997 Si

408 3027 517 3092 omuia
542 3026 607 3091 fato
634 3022 730 3097 fiunt,
759 3023 865 3086 omnia
893 3023 973 3086 liunt
1002 3044 1098 3087 causa
1126 3025 1348 3099 antecedente,
1377 3032 1411 3088 et
1430 3025 1457 3088 si
1479 3024 1655 3108 adpetitus,
1684 3025 1740 3090 illa

409 3124 504 3188 etiam
533 3140 616 3204 quae
647 3118 821 3202 adpetitum
853 3125 1024 3191 secuntur,
1056 3137 1132 3199 ergo
1160 3120 1254 3182 etiam
1284 3117 1509 3182 adsensiones:
1541 3120 1622 3184 atsi
1644 3137 1740 3184 causa

408 3215 567 3300 adpetitus
590 3233 654 3276 non
676 3219 725 3274 est
747 3212 808 3273 sita
830 3212 862 3272 in
886 3210 993 3284 nobis,
1021 3230 1062 3273 110
1084 3212 1153 3295 ipse
1176 3211 1305 3295 quidem
1327 3212 1487 3294 adpetitus
1509 3222 1558 3277 est
1577 3214 1610 3276 iu
1633 3221 1777 3277 nostrast

408 3316 580 3391 potestate;
602 3305 687 3390 quod
710 3307 736 3369 si
758 3306 801 3367 ita
823 3314 882 3378 est,
903 3323 944 3366 nc
965 3304 1020 3367 illa
1043 3304 1188 3389 quidem,
1204 3325 1287 3389 quae
1300 3304 1442 3388 adpetitu
1457 3302 1651 3383 efficiuntur,
1667 3315 1741 3372 suut

411 3404 472 3466 sita
493 3403 527 3465 in
549 3400 663 3464 nobis:
686 3418 750 3462 non
767 3406 842 3461 sunt
855 3399 952 3480 igitur
964 3417 1069 3481 neque
1083 3399 1291 3462 adsensiones
1306 3418 1412 3482 neque
1426 3399 1570 3464 actiones
1583 3401 1617 3465 in
1632 3409 1739 3465 nostra

410 3503 577 3581 potestate.
621 3495 671 3556 Ex
692 3513 757 3575 quo
779 3490 914 3555 eflicitur
935 3499 971 3554 ut
992 3511 1051 3554 uec
1073 3491 1273 3557 laudationes
1294 3492 1396 3557 iustae
1416 3494 1478 3556 sint
1500 3513 1559 3559 uec
1582 3497 1740 3577 vitupera·

410 3590 514 3654 tiones
536 3608 595 3651 nec
616 3587 756 3649 bonores
777 3606 837 3649 nec
859 3584 1027 3669 supplicia.
1071 3585 1166 3661 Quod
1189 3605 1261 3649 cum
1284 3586 1433 3651 vitiosum
1456 3587 1515 3661 sil,
1536 3587 1741 3672 probabiliter

412 3681 561 3747 concludi
582 3689 696 3764 potant
718 3700 780 3742 non
802 3681 909 3744 omnia
930 3680 994 3744 lato
1016 3676 1084 3743 beri
1107 3700 1327 3765 quaecumque
1348 3678 1435 3744 baut.
1748 3694 1778 3743 st

408 3802 410 3808 ·
497 3776 610 3839 lell.
645 3770 696 3836 44.
735 3773 931 3857 Chrysippus
958 3780 1066 3838 autem
1096 3795 1167 3837 cum
1196 3784 1227 3838 et
1253 3775 1474 3839 necessitatem
1498 3775 1683 3859 inprobaret
1708 3783 1742 3840 et

410 3869 488 3934 nibil
511 3869 607 3934 vellet
628 3868 697 3931 siue
720 3868 909 3948 praepositis
931 3868 1037 3931 causis
1059 3868 1206 3943 evenire,
1235 3888 1402 3932 causarum
1423 3888 1540 3952 ponera
1562 3870 1740 3954 distinguit,

410 3973 445 4028 ut
473 3971 506 4027 et
531 3962 752 4027 necessitatem
781 3960 912 4042 effugiat
938 3970 970 4024 et
990 3960 1126 4024 retineat
1145 3961 1255 4025 fatum.
1298 3961 1471 4027 Causarum
1493 3964 1596 4039 enim,
1624 3963 1741 4048 iuquit,

412 4058 493 4122 aliae
515 4064 589 4120 sunt
610 4053 769 4138 perlectae
792 4062 823 4116 et
845 4053 1044 4137 principales,
1065 4054 1149 4117 aliae
1170 4054 1357 4120 adiuvantes
1378 4064 1411 4119 et
1431 4058 1608 4139 proximae.
1637 4058 1740 4134 Quam

412 4153 454 4215 ob
481 4170 547 4213 rom
575 4170 646 4212 cum
674 4148 809 4211 dicimus
840 4149 947 4210 omnia
974 4148 1038 4211 lato
1066 4145 1135 4212 fieri
1163 4151 1266 4212 causis
1288 4150 1564 4226 antecedentibus,
1591 4171 1658 4214 non
1678 4152 1778 4215 110044

411 4244 555 4327 intellegi
579 4243 741 4317 volumus,
764 4242 865 4304 causis
887 4242 1038 4324 perlectis
1061 4251 1092 4305 et
1114 4242 1358 4326 principalibus,
1386 4243 1442 4305 sed
1465 4245 1567 4307 causis
1589 4245 1742 4309 adiuvan-

412 4339 497 4403 tibus
520 4330 804 4423 [antecedentibus]
827 4343 859 4399 et
877 4336 1042 4419 proximis.
1079 4337 1188 4420 ltaque
1211 4336 1258 4399 illi
1280 4336 1410 4412 rationi,
1432 4356 1528 4420 quam
1551 4336 1645 4420 paulo
1667 4347 1741 4401 ante

413 4431 566 4504 conclusi,
588 4429 634 4492 sic
657 4429 809 4492 occurrit:
832 4428 865 4491 Si
889 4430 996 4492 omnia
1016 4428 1082 4492 lato
1105 4426 1194 4503 baut,
1217 4428 1308 4513 sequi
1333 4430 1410 4493 illud
1427 4429 1572 4515 quidem,
1587 4438 1622 4495 ut
1636 4432 1742 4496 omnia

412 4527 515 4590 causis
537 4524 615 4587 liant
636 4523 834 4606 antepositis,
858 4543 967 4586 verum
989 4543 1053 4586 uon
1076 4522 1303 4606 principalibus
1326 4524 1430 4588 causis
1453 4532 1485 4587 04
1503 4523 1663 4606 perlectis,
1685 4523 1740 4589 sed

413 4620 634 4685 adiuvantibus
664 4627 696 4680 et
722 4619 889 4701 proximis.
931 4618 1022 4693 Quae
1049 4618 1076 4679 si
1102 4618 1190 4701 ipsae
1217 4636 1281 4681 nou
1302 4617 1367 4679 sint
1389 4618 1422 4679 in
1443 4627 1553 4681 nostra
1574 4627 1779 4703 potestatem

412 4854 515 4905 adiecta
536 4854 582 4902 aut
604 4865 618 4901 a
637 4852 766 4903 Cicerone
788 4863 883 4916 pamm
906 4854 984 4902 acute
1006 4850 1096 4902 addita
1113 4864 1174 4903 esse
1192 4851 1328 4903 censenda
1345 4853 1420 4910 suut,
1444 4862 1506 4901 curn
1523 4850 1586 4901 nibil
1604 4866 1657 4918 quo
1674 4855 1743 4907 baec

412 4927 548 4980 conclusio
565 4930 627 4991 apte
645 4927 776 4976 referatur
792 4925 941 4976 antecedat.
959 4952 988 4963 -
1006 4928 1030 4977 4.
1049 4927 1172 4977 tenebitur
1186 4929 1267 4992 tpitsr
1282 4927 1386 4990 scripsi,
1405 4938 1467 4976 cum
1484 4924 1548 4977 lllud
1564 4928 1652 4992 tpttar,
1669 4930 1742 4994 qood

412 5006 439 5055 la
457 5002 536 5055 codd.
555 5003 652 5052 uostris
674 5001 799 5052 omuibus
821 5001 1001 5060 desiderator,
1020 5001 1095 5052 lacils
1112 5004 1240 5067 proximis
1261 5001 1355 5053 litteris
1371 5001 1470 5051 bauriri
1488 5006 1596 5065 posset:
1622 5006 1745 5055 tenebitis·

411 5092 472 5144 arpo
490 5093 521 5130 ex
539 5080 607 5136 suis,
626 5079 654 5125 ut
671 5078 719 5136 ait,
739 5076 819 5127 codd.
839 5078 960 5127 Davisius
977 5078 998 5128 0
1017 5104 1043 5114 -
1068 5077 1093 5127 3.
1112 5078 1261 5127 4440444044
1279 5078 1299 5125 v
1318 5102 1344 5113 -
1366 5077 1390 5126 a.
1409 5077 1457 5126 100
1474 5075 1503 5128 1³¹
1523 5104 1550 5114 -
1569 5077 1593 5128 6.
1611 5092 1744 5130 40404444-

412 5155 465 5204 rtet
481 5152 504 5202 v
518 5179 552 5192 ·-
577 5153 601 5202 4.
619 5152 673 5200 sito
691 5153 719 5201 8¹
738 5178 764 5188 -
793 5153 833 5202 to.
852 5152 1001 5201 4044404444
1019 5152 1040 5199 V
1060 5178 1086 5188 -
1112 5152 1277 5217 [4444441444
1294 5149 1398 5213 Erlaog.
1419 5176 1447 5188 -
1474 5164 1500 5201 ss
1516 5164 1588 5203 man.
1606 5166 1662 5205 sec.
1681 5166 1741 5220 sup.

413 5228 457 5279 lin.
476 5230 495 5278 ll
513 5255 546 5265 -
563 5230 604 5277 44.
622 5228 766 5275 0414404444
783 5228 920 5277 Davisius:
940 5226 1038 5275 animos
1054 5227 1074 5276 C
1096 5252 1121 5262 -
1142 5225 1182 5277 ll.
1201 5228 1321 5275 tractavit
1337 5226 1541 5289 scelestiores
1557 5229 1623 5278 conl.
1637 5229 1742 5289 34441144

413 5306 441 5352 44
456 5301 517 5352 44410
536 5314 604 5365 quae
624 5315 672 5351 uos
689 5300 722 5350 ad
740 5299 783 5364 sl
801 5300 993 5364 disputavimus
1017 5326 1044 5336 -
1072 5302 1112 5350 tc.
1131 5300 1163 5349 ab
1180 5302 1364 5361 littoreas,
1382 5300 1415 5350 sb
1430 5302 1468 5351 llis
1485 5302 1530 5353 410
1549 5328 1576 5340 -
1596 5304 1637 5354 47.
1649 5306 1743 5356 44441044

414 5376 486 5427 144-
504 5377 677 5438 140444441-
699 5374 919 5439 4341044414-
936 5375 1136 5439 4004440441-
1159 5376 1200 5426 43.
1218 5375 1429 5435 4444444...44“44,
1447 5374 1496 5426 sed
1514 5390 1544 5427 04
1560 5379 1585 5428 40
1605 5391 1656 5430 ras.
1674 5380 1694 5430 Β
1714 5406 1742 5419 -·

414 5450 491 5502 4414Ι
509 5478 536 5488 -
560 5451 600 5502 tl.
619 5450 893 5513 amicumque
917 5475 943 5486 -
968 5450 1483 5514 48.41149104111144.14,4474040444ι
1508 5477 1535 5488 -
1559 5452 1740 5514 4404444114-

415 5525 455 5575 34).
473 5523 609 5587 0444141444,
628 5525 677 5576 sed
694 5527 710 5574 d
728 5527 850 5576 41144444
870 5551 896 5560 -
916 5525 957 5575 34.
974 5525 1163 5588 perfectiouis
1184 5550 1211 5563 -
1232 5523 1273 5573 34.
1293 5526 1665 5579 commiserescendum
1683 5539 1744 5579 esse

414 5603 517 5652 monuit
534 5602 672 5659 Davisius;
698 5603 726 5651 ο.
742 5602 824 5651 tloine
843 5601 1006 5650 ·stoteoram
1025 5600 1058 5649 de
1076 5599 1129 5650 4440
1147 5598 1282 5648 doctriua·
1301 5612 1327 5662 p.
1338 5596 1370 5650 44
1387 5599 1466 5650 codd.
1485 5599 1625 5652 lectionem
1643 5603 1677 5653 tta
1695 5602 1745 5654 de-

415 5674 512 5735 lendrt,
531 5679 560 5725 ut
576 5675 643 5726 duas
660 5676 765 5739 species
782 5675 964 5725 adiuuantium
981 5686 1124 5725 causarum
1142 5674 1300 5724 Ciceronem
1317 5673 1480 5735 significasse
1497 5674 1613 5733 diceret,
1632 5676 1704 5740 quod
1721 5678 1745 5729 sl

415 5753 568 5811 4444040104,
592 5754 620 5800 04
640 5763 735 5815 parum
758 5748 800 5799 illc
822 5748 873 5799 sibi
895 5749 1045 5800 constitisse
1069 5752 1097 5797 et
1117 5749 1205 5798 miuus
1227 5749 1357 5798 concione
1378 5746 1499 5799 elocutus
1521 5762 1582 5800 0440
1603 5750 1743 5814 ludicatur,

414 5825 438 5874 si
460 5826 526 5875 iutra
547 5828 602 5875 tam
626 5823 707 5874 breve
729 5824 844 5888 spatium
867 5822 1079 5874 «antecedentes
1097 5836 1211 5874 causas·
1234 5821 1414 5875 diversissima
1436 5822 1460 5871 vi
1482 5836 1627 5887 usurpasse
1647 5830 1675 5876 st
1691 5826 1743 5879 dua

415 5898 544 5949 adiectiva
562 5900 651 5964 priore
669 5900 694 5949 in
712 5903 799 5963 parts,
817 5900 866 5948 tria
883 5899 909 5948 lu
926 5897 1009 5949 altera
1026 5911 1089 5948 eum
1106 5898 1228 5963 posuisse
1246 5897 1368 5949 dlclmus.
1387 5923 1416 5934 -
1435 5896 1475 5949 34.
1494 5901 1524 5949 ed
1537 5900 1655 5964 perlectis
1669 5900 1700 5954 14ι
1714 5928 1742 5942 -

415 5971 456 6023 344.
468 5975 516 6036 ipsi
533 5975 573 6035 414,
590 5975 645 6036 ipso
657 5975 689 6023 lt¹
706 5999 733 6012 -
753 5977 799 6025 sut
814 5977 872 6024 rust
887 5975 934 6024 404
948 5974 1019 6036 444444
1034 5972 1209 6025 scribendum
1225 5986 1287 6026 4444
1304 5973 1420 6037 videtur,
1436 5973 1490 6026 ulsl
1504 5971 1618 6026 40444444
1631 5974 1764 6039 auxum
