4342 7459
395 1160 397 1164 ’
443 1200 506 1269 crs
1015 1204 1069 1266 nn
1090 1204 1197 1268 raro

400 1401 402 1404 ·
444 1365 470 1431 si
494 1372 628 1435 certum,
655 1361 749 1424 etiam
771 1360 1008 1422 necessarium:
1041 1363 1084 1426 ita
1112 1370 1144 1425 et
1169 1365 1388 1429 necessitatem
1419 1373 1451 1430 ct
1470 1366 1569 1431 latum
1592 1365 1771 1433 confirmari

443 1468 534 1543 putat
552 1492 603 1535 —,
625 1458 670 1519 sic
687 1455 881 1538 Chrysippus
903 1455 1015 1517 metuit
1038 1476 1087 1529 ne,
1110 1457 1137 1518 si
1162 1478 1225 1519 non
1248 1460 1422 1541 optinuerit
1443 1482 1547 1534 omne,
1570 1463 1654 1546 quod
1670 1484 1772 1526 enun-

443 1557 553 1625 tietur,
581 1559 636 1613 aut
663 1569 770 1612 verum
800 1568 871 1610 esse
901 1557 955 1620 aut
982 1548 1115 1623 laisum,
1144 1572 1209 1614 nou
1238 1559 1344 1616 teneat
1369 1557 1473 1618 omnia
1498 1553 1563 1619 lato
1586 1552 1652 1619 lieri
1676 1565 1771 1619 etex

443 1650 546 1712 causis
575 1644 712 1707 aeternis
740 1662 845 1704 rerum
872 1642 1056 1706 suturarum.
1100 1641 1150 1706 22.
1175 1646 1237 1708 Sed
1259 1647 1414 1730 Epicurus
1437 1648 1650 1734 declinatione
1672 1651 1771 1714 atomi

418 1743 531 1805 orituri
554 1739 774 1803 necessitatem
795 1736 851 1799 lati
875 1744 973 1818 putat.
1010 1738 1120 1820 ltaque
1144 1738 1253 1801 tertius
1276 1739 1406 1822 quidam
1429 1749 1532 1805 motus
1555 1742 1656 1806 oritur
1678 1752 1770 1806 extra

441 1835 565 1919 pondus
587 1841 619 1895 et
640 1833 781 1914 plagam,
804 1850 874 1892 cum
897 1830 1034 1894 declinat
1057 1840 1180 1894 atomus
1203 1831 1369 1895 intervallo
1392 1835 1523 1896 minimo
1545 1872 1586 1883 -
1611 1834 1644 1897 id
1659 1837 1770 1918 appel-

441 1929 486 1992 lat
499 1927 673 2005 ἐλάχιστον
696 1962 752 1999 -,
775 1943 870 2006 quam
895 1923 1137 1987 declinationem
1161 1927 1229 1988 sine
1252 1946 1345 1989 causa
1368 1926 1453 2002 lieri,
1477 1930 1503 1991 si
1527 1931 1630 1992 miuus
1652 1931 1770 2005 verbis,

440 2046 475 2088 re
497 2024 620 2105 cogitur
642 2016 794 2083 confiteri.
838 2019 908 2080 Nou
938 2020 1021 2081 cuim
1048 2027 1171 2081 atomus
1198 2019 1239 2082 ab
1261 2030 1366 2083 atomo
1389 2023 1479 2105 pulsa
1502 2024 1659 2099 declinat;
1692 2044 1767 2089 nam

441 2117 497 2202 qui
518 2123 621 2201 potest
642 2113 717 2197 pelli
739 2112 800 2175 alia
822 2111 860 2174 ab
884 2111 956 2184 alia,
979 2113 1005 2173 si
1029 2112 1179 2193 gravitate
1201 2112 1346 2177 feruntur
1368 2116 1406 2177 ad
1423 2116 1685 2199 perpendiculum
1701 2121 1770 2182 cor·

402 2228 519 2298 sopora
540 2208 704 2273 individua
726 2206 820 2269 rectis
843 2206 949 2279 lineis,
972 2215 1007 2269 ut
1027 2206 1166 2287 Epicuro
1189 2207 1314 2287 placet‘l
1342 2208 1365 2288 †
1388 2209 1540 2293 Sequitur
1561 2212 1644 2273 enim
1667 2220 1719 2286 ut,
1741 2214 1770 2277 si

439 2308 502 2371 alia
523 2306 563 2368 ab
585 2302 646 2365 alia
668 2319 840 2382 numquam
863 2299 1056 2381 depellatur,
1084 2322 1124 2363 ne
1146 2302 1309 2383 contingat
1337 2301 1464 2384 quidem
1488 2304 1550 2367 alia
1571 2305 1676 2368 aliam.
1719 2308 1771 2370 Ex

441 2421 505 2485 quo
528 2398 679 2469 efficitur,
706 2394 801 2457 etiam
823 2394 850 2456 si
873 2395 913 2455 sit
934 2401 1058 2456 atomus
1080 2414 1182 2476 eaque
1205 2392 1358 2469 declinet,
1389 2397 1548 2460 declinare
1571 2399 1639 2462 sine
1662 2420 1769 2464 causa.

439 2492 491 2557 23.
513 2495 602 2556 Hanc
624 2491 780 2572 Epicurus
801 2489 953 2557 rationem
976 2486 1105 2550 induxit
1132 2489 1172 2550 ob
1196 2507 1264 2550 eam
1287 2508 1371 2562 rem,
1399 2489 1483 2571 quod
1507 2493 1625 2556 ventus
1648 2501 1695 2556 est
1718 2514 1769 2567 nc,

440 2590 466 2654 si
489 2607 613 2669 semper
634 2592 757 2647 atomus
780 2581 931 2664 gravitate
952 2579 1087 2643 serretur
1108 2582 1243 2644 naturali
1265 2602 1302 2644 ac
1324 2585 1516 2657 necessaria,
1539 2585 1616 2648 nibil
1632 2587 1768 2649 liberum

401 2683 531 2747 tenebis
553 2687 654 2751 esset,
683 2697 754 2740 cum
784 2677 828 2760 ita
857 2684 1035 2737 moveretur
1055 2674 1198 2749 animus,
1229 2684 1264 2738 ut
1284 2684 1460 2739 atomorum
1484 2686 1569 2742 motu
1592 2688 1768 2761 cogeretur.

438 2776 475 2840 ld
503 2774 718 2844 Democritus,
748 2779 860 2834 auctor
885 2777 1079 2842 atomorum,
1110 2770 1254 2854 accipere
1283 2771 1410 2844 maluit,
1442 2774 1631 2836 necessitate
1660 2774 1769 2836 omnis

438 2869 517 2944 lieri,
540 2888 634 2953 quam
657 2887 675 2929 a
698 2864 884 2948 corporibus
899 2862 1072 2926 individuis
1087 2865 1239 2926 naturalis
1254 2873 1357 2928 motus
1372 2866 1519 2928 avellere.
1564 2868 1618 2929 xl.
1634 2869 1768 2931 Acutius

440 2963 626 3034 Carneades,
649 2960 704 3044 qui
728 2959 860 3024 docebat
882 2979 975 3042 posse
992 2959 1168 3040 Epicureos
1190 2978 1279 3021 suam
1302 2979 1428 3021 causam
1451 2962 1519 3024 sine
1535 2961 1593 3024 bac
1608 2982 1768 3025 commen·

437 3060 511 3123 ticia
538 3056 750 3119 declinatione
780 3053 961 3116 defendere.
1005 3055 1082 3115 Nam
1112 3074 1184 3115 cum
1214 3053 1366 3117 docerent
1392 3075 1462 3117 esse
1491 3075 1583 3137 posse
1606 3055 1768 3139 quendam

399 3152 532 3217 manimi
557 3157 676 3211 motum
698 3149 925 3220 voluntarium,
948 3147 980 3210 id
1003 3147 1062 3210 luit
1084 3147 1212 3210 delendi
1236 3148 1347 3209 melius
1370 3169 1464 3231 quam
1487 3150 1689 3213 introducere
1712 3152 1769 3213 de-

437 3246 648 3315 clinationem,
671 3243 760 3305 cuius
785 3241 969 3324 praesertim
993 3261 1119 3303 causam
1142 3242 1280 3323 reperire
1295 3262 1359 3304 non
1375 3250 1528 3324 possunt;
1550 3262 1615 3325 quo
1632 3240 1766 3307 dolense

436 3341 527 3404 facile
544 3337 719 3420 Chrysippo
742 3343 873 3418 possent
896 3336 1051 3397 resistere.
1088 3336 1164 3398 Cum
1188 3336 1272 3398 enim
1295 3338 1528 3400 concessissent
1549 3345 1670 3399 motum
1694 3337 1766 3400 nul·

437 3434 500 3497 lum
530 3451 600 3495 esse
628 3430 697 3492 siue
725 3449 837 3501 causa,
869 3447 932 3489 non
960 3427 1171 3491 concederent
1198 3431 1304 3492 omnia
1333 3451 1414 3512 quae
1438 3428 1547 3493 fierent
1570 3428 1637 3493 lieri
1660 3433 1766 3494 causis

436 3524 717 3596 antecedentibus3
751 3522 922 3585 voluntatis
955 3522 1037 3584 enim
1072 3531 1197 3584 nostrae
1227 3543 1291 3585 non
1319 3543 1389 3586 esse
1416 3545 1526 3587 causas
1556 3534 1704 3589 externas
1733 3532 1767 3589 et

400 3619 662 3684 toantecedentis.
706 3613 756 3677 dl.
781 3616 944 3679 Communi
967 3616 1063 3696 igitur
1085 3616 1314 3679 consuetudine
1336 3620 1489 3681 sermonis
1505 3618 1676 3692 abutimur,
1691 3638 1764 3681 cum

436 3713 480 3775 ita
502 3713 650 3783 dicimus,
673 3710 754 3772 velle
776 3710 898 3791 aliquid
921 3709 1101 3792 quempiam
1124 3718 1179 3771 aut
1202 3710 1284 3772 nolle
1307 3713 1376 3773 sine
1399 3730 1505 3775 causa.
1546 3712 1592 3773 lta
1615 3713 1699 3774 enim
1716 3710 1765 3774 di·

436 3808 536 3870 cimus
559 3806 648 3868 «sine
670 3822 796 3876 causan,
819 3811 853 3863 ut
875 3803 1016 3865 dicamus
1038 3802 1105 3864 siue
1129 3812 1259 3865 externa
1282 3814 1313 3867 et
1333 3804 1540 3868 antecedente
1563 3823 1674 3880 causa,
1697 3825 1764 3868 non

436 3900 505 3963 sine
527 3899 645 3983 aliqua.
689 3898 739 3971 Ut,
761 3918 832 3959 cum
855 3916 910 3959 vas
932 3896 1025 3958 inane
1048 3895 1199 3971 dicimus,
1223 3897 1354 3959 nonita
1377 3898 1550 3981 loquimur,
1573 3906 1607 3960 ut
1628 3898 1764 3981 physici,

436 3994 553 4077 quibus
575 3994 668 4056 inane
691 4011 761 4054 esse
784 3989 861 4053 nibil
885 3989 1003 4073 placet,
1026 3990 1083 4052 sed
1107 3990 1165 4063 ita,
1189 3997 1224 4052 ut
1246 3987 1333 4052 verbi
1355 4008 1450 4054 causa
1473 3992 1541 4054 siue
1563 4010 1663 4075 aqua,
1692 3991 1763 4054 sine

500 4329 524 4376 t.
537 4328 613 4376 etiam
625 4324 711 4381 cmv,
725 4336 783 4386 sup.
797 4319 842 4370 liu.
856 4319 917 4370 add.
931 4322 951 4370 Α
967 4349 992 4358 -
1012 4323 1036 4372 3.
1050 4337 1085 4372 un
1101 4336 1190 4372 uerum
1202 4324 1230 4372 8¹
1245 4350 1271 4359 -
1290 4328 1432 4373 contenent
1448 4325 1536 4384 om.·v,
1555 4338 1615 4388 sup.
1628 4323 1671 4374 lin.
1687 4338 1723 4375 m.
1737 4325 1762 4375 2.

435 4403 460 4453 iu
472 4406 503 4461 A,
522 4405 582 4451 ante
601 4407 645 4450 cut
660 4400 752 4460 falsvm
769 4399 850 4459 signis
863 4400 1074 4461 transpositionis
1088 4397 1197 4448 adiectis
1208 4399 1335 4461 scriptum
1349 4399 1374 4447 in
1388 4400 1416 4459 B,
1433 4401 1535 4462 fulsum,
1548 4402 1632 4449 omniu
1643 4401 1696 4461 suto
1707 4402 1765 4463 fieri

430 4479 526 4539 possint
543 4474 665 4526 Cratand.
691 4500 717 4510 -
744 4477 767 4522 et
784 4486 837 4522 om.
857 4471 877 4517 V
901 4499 927 4508 —
956 4473 979 4522 l.
998 4474 1221 4523 declinationemll
1247 4498 1274 4510 -
1301 4474 1325 4521 c.
1345 4476 1423 4522 uitari
1439 4488 1491 4524 nec.
1511 4475 1557 4524 sed
1577 4475 1600 4523 ri
1616 4488 1647 4525 ne
1664 4477 1689 4525 in
1709 4489 1763 4527 ras.

435 4566 506 4601 man.
519 4551 562 4600 alt.
577 4553 705 4613 scriptum
717 4550 742 4597 in
755 4553 776 4597 Α
790 4575 816 4583 -
834 4548 882 4608 suti
893 4551 1091 4597 necessitatemo
1107 4574 1133 4583 -
1153 4547 1245 4611 itaque]
1259 4549 1366 4609 utqueV
1382 4577 1407 4583 -
1428 4551 1450 4598 6,
1465 4551 1588 4611 opellutll
1609 4575 1635 4585 -
1655 4550 1679 4599 Ἰ,
1692 4552 1764 4600 uerbi

434 4624 465 4675 V¹
480 4654 505 4664 —
526 4629 550 4677 8.
562 4627 663 4689 conpleri
680 4629 710 4674 At
725 4652 750 4659 —
771 4626 795 4673 9.
812 4626 861 4684 peli
880 4620 909 4671 d‘
923 4651 949 4658 -
969 4626 1122 4684 reseruntur,
1141 4623 1188 4673 sed
1206 4625 1355 4685 reponetis
1374 4626 1491 4673 notatum
1510 4631 1527 4673 Α
1550 4652 1576 4661 -
1598 4627 1637 4675 lt).
1651 4628 1765 4687 sequitur

433 4708 517 4753 auten
534 4704 671 4759 Davisius;
698 4699 758 4749 lert.
776 4702 888 4759 sequitur
903 4699 983 4761 enim,
1006 4705 1035 4747 ut
1055 4701 1076 4747 ss·
1100 4712 1129 4747 nc
1146 4699 1274 4760 contineat
1291 4700 1388 4759 quidem
1406 4700 1458 4747 utic
1476 4701 1567 4761 uliam,
1590 4702 1643 4750 ulia
1660 4702 1692 4749 ab
1709 4704 1764 4751 utin

432 4791 570 4840 numquam
588 4779 734 4839 depelletur.
765 4773 881 4823 Similem
900 4776 1080 4823 coniecturam
1094 4775 1238 4836 Madvigius
1256 4777 1401 4837 proposuit,
1421 4777 1465 4836 qui
1484 4777 1509 4824 in
1528 4775 1629 4835 litteris,
1648 4792 1715 4842 quus
1728 4779 1762 4828 od

435 4855 464 4904 C.
474 4854 604 4904 Halmium
623 4852 705 4907 dedit,
724 4851 791 4899 haec
809 4850 937 4913 disputat:
958 4850 1029 4898 «Hoc
1048 4851 1156 4899 minime
1174 4851 1302 4912 sequitur;
1322 4851 1492 4913 potestenim
1505 4850 1553 4899 elin
1567 4852 1645 4902 uliam
1658 4855 1764 4903 contio-

432 4942 496 4991 gere
520 4942 606 4991 neque
628 4932 717 4977 tamen
738 4926 772 4973 ab
791 4939 821 4974 ea
840 4924 943 4987 depelli.
983 4927 1121 4974 Praeterea
1139 4938 1171 4974 cn
1190 4938 1240 4973 non
1261 4937 1389 4973 concesso
1407 4924 1573 4975 concluditur
1590 4941 1760 4980 concessum.

433 5006 470 5055 Ex
488 5018 528 5062 eo,
549 5002 620 5066 quod
633 5004 760 5065 Epicurus
778 4999 901 5056 docebat,
920 5003 1022 5048 atomos
1040 5000 1102 5049 lervi
1121 5001 1199 5048 rectis
1218 4999 1291 5047 lineis
1310 4998 1343 5047 ad
1357 4999 1575 5062 perpendiculum
1595 5003 1649 5059 (sua
1662 5016 1760 5066 quarn-
1787 5044 1793 5068 ,

433 5092 488 5142 quc
500 5080 617 5139 regione,
636 5075 744 5125 utnulla
758 5075 834 5124 aliam
848 5075 1005 5137 attingeret),
1025 5074 1145 5124 concludi
1164 5080 1350 5136 argumentum
1369 5074 1486 5124 debebat
1503 5075 1536 5123 ad
1555 5077 1590 5134 id,
1609 5079 1681 5140 quod
1699 5093 1763 5142 pro—

433 5157 548 5220 positum
566 5158 606 5202 est
624 5151 753 5201 adversus
771 5151 927 5212 Epicurum,
952 5153 1054 5199 atomos
1077 5149 1156 5199 aliern
1179 5150 1213 5198 ab
1231 5148 1279 5198 aliu
1299 5164 1349 5199 non
1369 5148 1477 5213 depelli,
1502 5152 1537 5199 ita
1557 5151 1763 5204 declinationem

432 5232 490 5280 siue
508 5242 586 5279 causa
606 5227 671 5276 deri.
707 5229 757 5275 dut
774 5228 851 5287 igitur
868 5227 961 5273 Cicero
978 5228 1093 5287 graviter
1110 5227 1208 5274 erravit
1231 5228 1257 5273 et
1273 5227 1420 5287 argumenti
1439 5225 1637 5276 conclusionem
1656 5232 1764 5291 pertur-

432 5305 514 5365 bavit,
533 5308 578 5354 aut
595 5303 701 5365 scripsit
718 5301 835 5362 Sequitur
853 5302 917 5348 enim
934 5305 961 5347 ut
978 5300 1031 5348 ulio
1049 5299 1080 5348 ab
1097 5301 1150 5348 ulia
1167 5314 1304 5361 numquam
1321 5301 1469 5361 depelletur,
1487 5304 1509 5349 si
1521 5315 1552 5351 nc
1565 5303 1692 5366 continget
1703 5305 1762 5365 qui—

432 5381 661 5431 demolientium.
697 5375 749 5424 Sed
767 5373 948 5424 difficillimum
967 5380 1007 5424 est
1024 5379 1141 5425 statuere
1160 5375 1221 5437 quid
1241 5376 1361 5424 Ciceroni
1379 5377 1477 5425 erroris
1496 5378 1618 5440 imputari
1636 5380 1720 5440 possit
1737 5381 1763 5428 in

432 5456 520 5508 libello
538 5457 660 5506 testinato
678 5452 711 5501 de
729 5451 895 5500 acuminibus
913 5450 1124 5508 dialecticorum,
1139 5452 1164 5499 in
1177 5450 1274 5512 quibus
1287 5464 1380 5513 parurn
1395 5452 1474 5501 luisse
1487 5452 1660 5501 exercitatum
1673 5456 1762 5504 omnia

433 5530 573 5582 clamant..
593 5557 620 5567 -
650 5530 688 5577 tt.
707 5527 852 5590 contipotB
874 5553 899 5561 —
929 5528 968 5574 li.
988 5527 1098 5589 efficitur
1114 5521 1184 5575 A¹V¹
1210 5554 1236 5561 -
1264 5528 1341 5574 etium
1358 5539 1390 5574 ex
1408 5527 1486 5576 codd.
1507 5528 1601 5590 interp.
1621 5528 1759 5578 Davisius:

431 5613 460 5655 ut
476 5608 564 5657 iumC
585 5632 610 5641 -
630 5617 726 5665 eaquae
742 5603 785 5652 AV
806 5628 831 5637 -
856 5615 912 5650 eom
928 5604 981 5650 sine
998 5615 1029 5649 ex
1048 5600 1107 5650 cod.
1127 5602 1206 5662 Regio
1224 5600 1380 5650 DavisiusO
1403 5628 1426 5636 -
1453 5601 1491 5651 tl.
1510 5603 1604 5663 [netur
1620 5606 1650 5651 Αι
1667 5630 1701 5639 -
1719 5605 1759 5654 te.

431 5682 471 5731 lts'c
491 5681 644 5729 Democritus
661 5678 742 5730 Ursini
761 5676 836 5734 liber,
855 5677 910 5723 binc
922 5677 992 5724 Dem.
1013 5675 1082 5724 codd
1106 5677 1205 5724 Oronu.
1226 5702 1251 5710 -
1274 5677 1355 5738 napis
1372 5676 1460 5725 moluit
1479 5677 1509 5724 V²
1527 5702 1553 5711 -
1575 5678 1613 5725 ⁴7.
1632 5678 1762 5728 umorem

433 5758 453 5805 0
469 5783 493 5791 -
514 5756 593 5804 uuelle
603 5758 633 5805 ΑΙ
650 5782 674 5789 -
696 5755 734 5803 lli.
748 5767 779 5802 oc
791 5752 821 5799 V¹
836 5777 863 5787 -
883 5752 921 5800 49.
936 5753 1048 5801 docerent
1059 5752 1081 5799 J.
1093 5752 1117 5799 F.
1127 5751 1232 5811 Meyer:
1253 5751 1348 5799 doceret
1361 5752 1396 5810 C,
1415 5754 1464 5801 nisi
1477 5751 1548 5814 quod
1565 5756 1574 5799 t
1592 5764 1627 5800 m.
1642 5750 1685 5801 alt.
1699 5765 1757 5816 sup.

433 5828 476 5879 lin.
496 5830 616 5880 additum
634 5829 695 5879 inB
722 5855 747 5864 -
776 5828 815 5878 tt.
832 5840 927 5889 possem
945 5822 985 5887 Ψ,
999 5831 1100 5888 possent
1117 5826 1148 5871 V²
1168 5852 1193 5861 -
1219 5826 1528 5876 senatusconsulto
1550 5851 1570 5863 -
1594 5827 1760 5891 lpiturlenim

434 5902 493 5953 cod.
512 5904 579 5954 Gud.
597 5929 630 5942 -
646 5902 688 5954 td.
706 5902 768 5953 selle
784 5901 881 5966 aliquid
898 5902 924 5950 in
941 5912 993 5951 ras.
1011 5902 1034 5951 Α
1052 5924 1079 5935 -
1099 5899 1141 5950 ll.
1159 5899 1180 5949 si
1196 5912 1247 5950 con
1262 5906 1314 5951 eet.
1333 5895 1362 5950 B*
1380 5926 1407 5936 -
1427 5901 1468 5957 28.
1485 5905 1531 5950 cut
1545 5912 1603 5951 cuns
1618 5895 1658 5951 θ’.
