4342 7459
433 1256 476 1324 42
826 1263 1149 1331 acaoufflcoauu
1168 1265 1349 1331 aaronita

434 1453 498 1518 quo
520 1454 538 1498 e
558 1435 635 1499 vitio
657 1442 689 1500 et
709 1435 915 1499 amicitiarum
938 1435 1133 1520 proditiones
1155 1442 1188 1498 ot
1206 1455 1311 1499 rerum
1328 1436 1524 1520 publicarum
1539 1437 1628 1501 nasci
1643 1437 1757 1501 solent.

433 1528 505 1592 Non
527 1538 633 1612 potest
653 1531 750 1615 igitur
771 1531 909 1594 dubitari
931 1529 1010 1613 quin
1031 1529 1193 1593 decretum
1215 1530 1336 1593 nulium
1359 1529 1474 1594 falsum
1495 1532 1597 1614 possit
1618 1551 1687 1595 esse
1709 1553 1759 1596 sa·

434 1623 566 1707 pientis,
588 1644 693 1707 nequo
716 1625 791 1689 satis
812 1624 856 1687 sit
876 1643 941 1686 non
959 1643 1030 1686 esse
1044 1622 1169 1698 salsum,
1193 1623 1249 1686 sed
1265 1624 1360 1687 etiam
1376 1624 1505 1699 stabile,
1527 1621 1635 1701 fixum,
1657 1633 1758 1690 ratum

435 1736 505 1780 esse
533 1718 661 1794 debeat,
690 1718 777 1804 quod
806 1737 934 1782 movere
963 1716 1050 1780 nulla
1070 1716 1151 1779 ratio
1174 1725 1279 1800 queat
1323 1719 1413 1783 Talia
1433 1727 1540 1782 autem
1560 1739 1666 1804 neque
1689 1741 1759 1786 esse

410 1828 541 1897 ooeque
562 1813 663 1878 videri
683 1820 820 1897 possunt
841 1833 951 1876 eorum
973 1813 1111 1885 ratione,
1133 1813 1188 1895 qui
1209 1811 1265 1876 illa
1285 1813 1369 1888 visa,
1399 1833 1417 1880 e
1440 1813 1555 1897 quibus
1578 1814 1684 1877 omnia
1706 1814 1760 1877 de·

434 1912 520 1969 creta
547 1914 622 1971 suot
651 1915 741 1982 nata,
768 1915 886 1991 nogant
907 1906 1078 1991 quicquam
1101 1925 1119 1967 a
1140 1905 1226 1969 falsis
1248 1906 1412 1970 interesse.
1455 1903 1506 1968 28.
1528 1908 1576 1969 Ex
1598 1906 1659 1971 hoc
1680 1908 1759 1971 illud

435 2008 485 2063 ost
505 2010 629 2078 natum,
653 2003 739 2087 quod
761 2001 942 2085 postulabat
963 2000 1167 2074 Hortensius,
1190 2007 1225 2064 ut
1246 2001 1279 2064 id
1295 2002 1401 2084 ipsum
1416 2002 1528 2064 saltem
1544 2010 1761 2086 perceptuma

435 2094 580 2176 sapiente
602 2096 766 2169 diceretis,
795 2094 876 2158 nihil
897 2114 993 2176 posse
1014 2094 1146 2177 percipi.
1191 2094 1253 2157 Sed
1275 2094 1440 2179 Antipatro
1462 2092 1524 2157 hoc
1546 2094 1630 2158 idem
1651 2104 1762 2179 postu-

435 2186 531 2262 lanti,
553 2209 624 2252 cum
647 2190 782 2264 diceret,
811 2189 858 2263 ei,
881 2188 937 2272 qui
960 2184 1140 2249 adfirmaret
1161 2187 1241 2250 nihil
1263 2207 1356 2272 posse
1377 2188 1515 2273 percipi,
1537 2209 1634 2253 unum
1656 2198 1761 2253 nmen

399 2280 515 2347 coillud
537 2281 643 2347 dicere
666 2283 793 2367 percipi
807 2302 903 2365 posse
924 2288 1173 2346 consentaneum
1195 2301 1281 2356 esse,
1304 2288 1339 2345 ut
1360 2281 1422 2344 alia
1436 2302 1500 2345 non
1518 2290 1663 2366 possent,
1687 2283 1762 2345 Car·

436 2373 555 2438 neades
576 2377 700 2440 acutius
722 2376 899 2440 resistebat.
941 2377 1021 2438 Nam
1044 2382 1165 2439 tautum
1188 2376 1298 2439 abesse
1321 2376 1459 2448 dicebat,
1487 2384 1523 2439 ut
1547 2372 1603 2461 [id]
1628 2397 1762 2441 consen·

435 2475 563 2532 tansum
586 2479 685 2545 esset,
706 2480 743 2536 ut
763 2472 899 2534 maxime
923 2470 1016 2533 etiam
1038 2477 1240 2553 repugnaret
1270 2470 1333 2545 Qui
1348 2471 1432 2533 enim
1448 2479 1577 2554 negaret
1590 2472 1761 2557 quicquam

437 2581 507 2626 esse
530 2565 615 2647 quod
637 2566 871 2649 perciperetur,
894 2584 967 2628 eum
983 2563 1062 2627 nihil
1078 2565 1241 2648 excipere:
1263 2563 1309 2627 ita
1322 2583 1454 2627 necesse
1470 2585 1540 2629 esse
1554 2586 1594 2629 ne
1610 2566 1642 2628 id
1657 2567 1761 2649 ipsum

438 2657 582 2741 quidem,
611 2659 696 2744 quod
727 2665 894 2741 exceptum
920 2678 984 2722 non
1013 2666 1113 2732 esset,
1143 2657 1357 2741 conprehendi
1383 2666 1416 2721 et
1436 2660 1557 2743 percipi
1577 2660 1644 2725 ullo
1667 2660 1761 2725 modo

400 2768 542 2836 toposse.
578 2751 630 2817 29.
644 2753 818 2818 Antiochus
841 2752 880 2816 ad
903 2752 997 2816 istum
1019 2753 1123 2816 locum
1144 2753 1284 2835 pressius
1300 2753 1465 2817 videbatur
1479 2755 1640 2818 accedere.
1677 2756 1763 2831 Quo-

437 2846 522 2910 niam
552 2848 636 2911 euim
663 2846 695 2910 id
725 2846 880 2910 haberent
905 2846 1086 2910 Academici
1119 2847 1280 2911 decretum
1301 2879 1342 2891 -
1365 2846 1490 2910 sentitis
1511 2848 1596 2912 euim
1618 2850 1680 2912 iam
1701 2846 1763 2912 hoc

437 2960 488 3003 me
509 2934 619 3028 δόγμα
641 2941 746 3004 dicere
760 2975 822 3016 -,
843 2939 923 3004 nihil
945 2960 1040 3025 posse
1060 2942 1196 3024 percipi,
1218 2960 1282 3003 non
1305 2939 1420 3002 debere
1435 2959 1489 3004 eos
1504 2940 1538 3003 in
1552 2960 1610 3004 suo
1626 2941 1764 3016 decreto,

438 3035 521 3098 sicut
541 3035 574 3097 in
597 3037 711 3100 ceteris
732 3036 838 3109 rebus,
860 3035 1013 3108 fluctuari,
1034 3037 1219 3117 praesertim
1236 3054 1307 3097 cum
1323 3035 1354 3096 in
1371 3054 1410 3097 eo
1426 3054 1548 3098 summa
1563 3035 1764 3098 consisteret:

436 3127 518 3191 hanc
548 3130 633 3192 enim
662 3149 732 3193 esse
761 3129 903 3212 regulam
925 3129 1024 3192 totius
1049 3127 1289 3212 philosophiae,
1317 3127 1573 3191 constitutionem
1595 3127 1662 3191 veri
1683 3128 1765 3204 falsi,

399 3224 554 3307 recogniti
573 3222 747 3305 incogniti:
771 3242 866 3306 quam
886 3223 1041 3285 rationem
1058 3223 1209 3305 qnorum
1230 3221 1428 3305 susciperent
1444 3221 1622 3307 docereque
1636 3223 1765 3298 vellent,

438 3336 519 3400 quae
540 3316 609 3380 risa
628 3317 727 3401 accipi
750 3324 912 3401 oporteret
933 3317 967 3380 et'
986 3336 1068 3400 quae
1090 3315 1268 3399 repudiari,
1297 3323 1381 3379 certe
1407 3314 1469 3379 hoc
1489 3315 1609 3398 ipsum,
1638 3338 1679 3380 ex
1700 3336 1764 3400 qno

434 3430 531 3498 pmne
552 3410 619 3473 veri
640 3409 777 3494 falsique
802 3412 954 3474 iudicium
978 3417 1077 3483 esset,
1108 3411 1268 3493 percipere
1291 3428 1348 3472 cos
1369 3408 1533 3472 debuisse:
1562 3412 1678 3475 etenim
1701 3413 1765 3475 duo

438 3525 508 3568 osse
529 3504 608 3569 haec
630 3506 768 3567 maxima
790 3504 823 3566 in
844 3504 1064 3588 philosophia,
1086 3503 1238 3567 iudicium
1260 3503 1327 3566 veri
1348 3510 1381 3567 et
1402 3499 1496 3565 finem
1510 3502 1684 3580 bonorum,
1706 3525 1766 3570 nec

437 3600 612 3681 sapientem
635 3618 730 3681 posse
752 3619 838 3673 esse,
861 3600 917 3683 qui
939 3605 994 3661 aut
1015 3598 1228 3680 cognoscendi
1251 3616 1321 3660 esse
1342 3597 1467 3660 initium
1488 3597 1613 3679 ignoret
1634 3606 1690 3663 aut
1710 3620 1766 3664 ox-

399 3701 570 3757 aatremum
594 3692 780 3776 expetendi,
808 3700 845 3755 ut
866 3700 922 3755 aut
941 3691 1027 3755 unde
1049 3692 1268 3774 proficiscatur
1289 3699 1343 3756 aut
1364 3707 1429 3776 quo
1452 3692 1701 3773 perveniendum
1724 3694 1766 3758 sit

438 3788 572 3851 nesciat:
600 3786 680 3850 haec
703 3793 809 3848 autem
830 3786 947 3849 habere
970 3784 1064 3848 dubia
1086 3805 1146 3848 nec
1167 3785 1207 3857 iis
1229 3785 1274 3847 ita
1296 3782 1471 3859 confidere,
1501 3793 1536 3848 ut
1558 3788 1679 3851 moveri
1701 3807 1765 3852 nou

437 3882 580 3967 possint,
607 3882 779 3945 abhorrere
801 3899 820 3943 a
842 3882 995 3965 sapientia
1023 3880 1204 3963 plurimum.
1247 3879 1316 3942 ldoc
1338 3880 1433 3963 igitur
1455 3879 1548 3943 modo
1569 3881 1675 3964 potius
1698 3889 1766 3945 erat

439 3976 479 4041 ab
500 3978 550 4041 his
572 3975 805 4061 postulandum,
828 3983 863 4037 ut
884 3975 944 4039 boc
964 3995 1061 4037 unum
1077 3973 1199 4047 saltem,
1222 3974 1343 4056 percipi
1360 3972 1440 4036 nihil
1456 3994 1560 4056 posse,
1582 3982 1766 4058 perceptum

440 4090 510 4134 esse
541 4069 694 4133 dicerent.
740 4068 802 4132 Sed
837 4068 877 4131 de
906 4068 1118 4133 inconstantia
1146 4069 1242 4132 totius
1271 4068 1398 4132 illorum
1425 4069 1617 4142 sententiae,
1649 4068 1676 4132 si
1701 4068 1767 4131 ulla

401 4165 596 4229 asserentia
618 4165 803 4248 cuiusquam
826 4182 897 4228 esse
918 4170 1023 4247 potest
1044 4163 1124 4227 nihil
1146 4163 1367 4247 adprobantis,
1398 4171 1464 4237 est,
1494 4171 1528 4227 ut
1557 4162 1688 4245 opinor,
1719 4161 1767 4225 di-

439 4265 524 4322 ctum
547 4258 634 4322 satis.

524 4352 564 4414 X.
587 4349 637 4414 30.
661 4352 811 4435 Sequitur
832 4353 1002 4436 disputatio
1025 4352 1154 4435 copiosa
1176 4350 1231 4416 illa
1245 4352 1384 4437 quidem,
1407 4353 1462 4416 sed
1482 4350 1578 4435 paulo
1593 4351 1766 4414 abstrusior

439 4480 482 4492 -
503 4445 598 4510 habet
618 4446 703 4509 enim
726 4446 922 4529 aliquantum
944 4465 963 4508 a
985 4445 1125 4529 physicis
1147 4478 1203 4519 -,
1226 4455 1262 4509 ut
1282 4464 1393 4509 verear
1413 4466 1454 4509 ne
1477 4447 1627 4508 maiorem
1650 4444 1767 4527 largiar

440 4540 486 4614 ei,
519 4540 575 4623 qui
606 4550 716 4604 contra
748 4540 889 4603 dicturus
924 4548 988 4614 est,
1022 4541 1198 4604 libertatem
1220 4546 1252 4603 et
1280 4540 1450 4604 licentiam.
1493 4541 1573 4603 Nam
1595 4539 1671 4623 quid
1695 4558 1765 4600 eum

403 4633 594 4699 abiecturum
616 4643 725 4717 putem
748 4634 787 4697 de
810 4635 925 4698 abditis
947 4634 1041 4698 rebus
1056 4643 1088 4698 et
1103 4636 1257 4709 obscuris,
1280 4635 1335 4717 qui
1355 4635 1458 4697 lucem
1475 4633 1597 4717 eripere
1612 4634 1766 4696 conetur?

441 4728 504 4792 Sed
533 4727 685 4813 disputari
714 4735 837 4810 poterat
865 4728 1040 4803 subtiliter,
1071 4735 1191 4813 quanto
1214 4729 1306 4812 qnasi
1328 4724 1460 4791 artificio
1482 4735 1595 4790 natura
1616 4724 1767 4790 fabricata

505 5019 529 5069 2.
547 5017 667 5079 sapientis
689 5031 768 5079 oeque
787 5018 848 5066 amis
867 5018 899 5066 rit
925 5020 944 5068 A
968 5016 1029 5080 (sed
1047 5018 1089 5067 est
1104 5028 1162 5077 uem
1184 5017 1209 5066 in
1228 5015 1305 5075 rest,
1332 5017 1361 5065 ut
1377 5016 1445 5065 coni.
1466 5016 1575 5066 Davies:
1602 5016 1769 5079 4444444ιί4444

440 5094 501 5145 ratic
516 5095 548 5143 a’t
564 5094 628 5152 ssv;
646 5094 800 5157 amentique
815 5094 877 5143 setis
893 5107 942 5142 ooo
958 5094 989 5142 ait
1000 5091 1132 5143 Manutius
1150 5093 1178 5141 et
1195 5092 1215 5141 0
1229 5116 1256 5127 -
1276 5091 1300 5141 a.
1319 5093 1380 5154 post
1395 5092 1451 5140 uico
1463 5092 1489 5140 in
1502 5092 1521 5140 B
1533 5103 1625 5142 rasura
1637 5094 1679 5142 est
1690 5091 1768 5154 quin-

441 5183 494 5234 que
510 5167 666 5220 litterarum.
687 5195 714 5205 -
733 5169 758 5220 8.
776 5169 866 5219 diceret
882 5168 919 5217 bia
936 5168 957 5215 V
976 5191 1003 5202 —
1026 5172 1084 5216 onte
1098 5172 1174 5228 patro
1191 5166 1221 5216 A¹
1238 5193 1264 5202 -
1284 5166 1308 5215 9.
1327 5168 1349 5215 ei
1366 5167 1409 5228 qui
1425 5164 1470 5227 A¹,
1488 5168 1517 5215 ut
1533 5166 1602 5215 coni.
1621 5166 1766 5216 Manutius:

440 5245 511 5307 aquo
527 5240 617 5295 A¹BV
636 5270 663 5280 -
682 5257 760 5293 uuum
773 5281 780 5293 .
792 5279 798 5293 .
807 5255 879 5306 posce
895 5246 1085 5292 consentaneam
1102 5254 1151 5292 casa
1168 5240 1204 5289 V:
1223 5246 1413 5291 consentaneam
1429 5253 1479 5291 aare
1494 5254 1589 5291 uuum.
1603 5279 1609 5291 .
1621 5254 1693 5303 posse
1707 5253 1768 5290 con-

440 5324 585 5370 reotoocum
600 5331 649 5368 erae
665 5320 728 5375 AB:
746 5323 936 5369 consentaneum
953 5331 1003 5367 case
1018 5331 1096 5367 uuum
1110 5355 1115 5367 .
1128 5355 1134 5367 .
1146 5330 1217 5379 porra
1234 5317 1254 5367 0
1272 5342 1299 5352 -
1321 5317 1359 5367 40.
1379 5317 1469 5366 dicem
1485 5316 1516 5377 V,
1534 5315 1595 5367 tort.
1614 5329 1646 5366 ox
1663 5316 1725 5364 iilud
1740 5320 1769 5364 ut

442 5394 533 5444 deerat
550 5416 577 5427 -
597 5394 637 5442 tt.
656 5394 738 5443 actius
753 5392 784 5444 A¹
803 5421 830 5431 -
849 5398 877 5443 ot
892 5394 918 5443 td
934 5394 998 5443 AB:
1017 5397 1045 5442 st
1061 5392 1083 5442 ai
1100 5392 1131 5454 V,
1150 5389 1221 5442 unde
1239 5388 1320 5442 nolim
1338 5404 1399 5443 cum
1417 5388 1510 5441 Lamb.
1528 5396 1556 5440 ut
1573 5392 1600 5442 id
1615 5392 1653 5453 ai,
1671 5390 1720 5442 sed
1731 5391 1769 5440 vi·

442 5467 521 5520 detur
537 5470 587 5519 otei
603 5470 680 5520 vetus
697 5469 781 5520 torma
798 5481 847 5535 pro
864 5469 902 5518 ati
916 5495 943 5505 -
962 5466 1002 5519 tl.
1020 5473 1118 5530 ceptam
1135 5468 1194 5517 1³-
1213 5468 1348 5529 conprendi
1364 5449 1397 5528 Β,
1414 5467 1558 5529 conprendi
1574 5466 1595 5514 V
1609 5492 1636 5503 -
1656 5466 1696 5515 45.
1713 5478 1769 5527 pos·

441 5548 476 5593 :st
491 5538 524 5591 V¹
542 5568 569 5580 -
586 5544 714 5604 procerius
730 5546 750 5593 A
771 5572 797 5581 -
817 5543 857 5594 48.
874 5542 994 5607 {luctuari
1012 5542 1047 5593 C:
1063 5542 1223 5605 fluctuareV
1240 5555 1298 5607 sup.
1317 5541 1362 5593 lin.
1380 5545 1408 5593 et
1424 5543 1444 5593 0
1458 5566 1485 5577 —
1504 5555 1544 5592 eor
1560 5540 1589 5592 1³¹
1603 5569 1630 5579 -
1649 5541 1691 5591 24.
1704 5554 1770 5603 quaa

441 5619 499 5668 uiso
515 5619 626 5683 scripsi:
650 5620 753 5681 4444444
770 5618 865 5675 CEG;
889 5630 953 5680 quae
969 5630 987 5666 u
1002 5618 1090 5679 quovis
1106 5616 1167 5667 edd.
1186 5617 1278 5669 vitiosa
1297 5618 1349 5668 iam
1367 5618 1492 5668 orationis
1508 5616 1601 5668 torma.
1622 5642 1650 5654 -
1673 5621 1697 5667 et
1712 5628 1767 5666 om.

442 5692 491 5744 AB
502 5693 546 5744 Eu
563 5692 623 5744 tort.
642 5696 716 5745 recte
735 5719 761 5729 —
781 5691 822 5744 il.
840 5705 890 5745 earo
907 5694 932 5742 in
950 5695 970 5742 A
988 5705 1109 5753 erasum,
1128 5691 1199 5757 quod
1217 5692 1361 5745 delendum
1379 5706 1440 5744 esse
1457 5692 1549 5744 Lemh.
1569 5692 1647 5749 conia
1670 5690 1769 5741 mitium

442 5837 493 5874 essa
509 5824 529 5874 E
543 5851 569 5861 -
587 5825 628 5875 25.
647 5825 770 5888 superasti
786 5824 815 5875 B¹
829 5848 856 5859 —
874 5824 915 5874 td.
934 5837 1012 5886 aeque
1028 5824 1094 5873 0-
1109 5825 1131 5874 is
1147 5824 1182 5878 V.
1200 5779 1285 5886 list,
1303 5825 1340 5875 lia
1356 5825 1405 5876 Bo
1424 5851 1451 5861 -
1470 5824 1510 5875 27.
1525 5821 1674 5887 poscentia:
1691 5822 1769 5883 nouit

443 5899 748 6040 t-s-chbapriibbsibrbiabkb'r
761 5926 786 5935 -
807 5900 847 5952 ³0.
866 5904 901 5951 ast
916 5905 944 5949 ot
961 5900 1081 5952 Ernesti:
1099 5902 1130 5958 att
1145 5904 1173 5953 ut
1185 5900 1219 5966 c,
1239 5897 1303 5969 [sit,]
1320 5903 1349 5949 at
1361 5899 1381 5953 ο
1395 5924 1421 5935 -
1441 5897 1481 5957 dt.
1500 5897 1523 5949 ci
1539 5898 1558 5951 B
1575 5897 1603 5950 lo
1620 5909 1672 5952 ras.
1686 5894 1768 5952 habet
