4342 7459
611 1273 861 1340 mentm
883 1275 1206 1344 actnemcottttat
1227 1278 1524 1346 postremorum.
1692 1272 1729 1342 71

408 1461 494 1506 nare
512 1462 624 1508 nonne
644 1445 849 1509 caernlenmt
869 1454 904 1509 at
918 1445 987 1509 eins
1002 1447 1104 1523 unda,
1126 1457 1262 1513 comest
1280 1449 1373 1532 pulsa
1386 1452 1498 1527 remis,
1518 1448 1734 1536 purpurascit:

408 1545 439 1599 et
459 1537 593 1621 quidem
614 1558 719 1623 squas
740 1540 876 1602 tinctum
898 1541 1036 1623 quodam
1058 1541 1154 1605 modo
1176 1550 1209 1606 et
1227 1542 1377 1607 infectum
1393 1588 1425 1609 ..

491 1628 523 1694 8.
550 1633 675 1696 Nonius
699 1654 732 1716 p.
755 1628 827 1695 ⁴62.
871 1635 1131 1714 Perpendicuii
1160 1646 1188 1697 et
1213 1656 1368 1700 normae.
1405 1639 1465 1701 Cie.
1490 1637 1736 1702 Academicorum

407 1725 457 1788 lib.
480 1727 532 1789 11.-
553 1728 660 1811 atqni,
681 1727 709 1789 si
731 1728 765 1791 id
786 1728 1004 1803 crederemus,
1030 1749 1096 1792 non
1117 1749 1281 1813 egeremus
1302 1730 1555 1814 perpendiculis,
1576 1751 1641 1795 non
1663 1750 1736 1793 nor-

407 1819 482 1895 mis,
503 1840 571 1884 non
591 1821 724 1903 regulis.
1744 1835 1759 1881 s

490 1911 522 1978 9.
544 1915 668 1978 Nonius
689 1938 720 1999 p.
736 1912 808 1978 39t.
843 1917 991 1980 Siceum
1011 1916 1124 1979 dicitur
1143 1918 1265 1981 aridum
1286 1927 1313 1982 et
1333 1920 1397 1983 sinc
1417 1920 1602 1982 tumore...
1617 1917 1737 1982 siecum

407 2008 520 2071 dicitur
536 2018 564 2071 et
577 2009 726 2085 miricam
747 2029 808 2071 uon
821 2011 975 2073 madidum
991 2057 999 2073 .
1016 2056 1024 2073 .
1042 2012 1103 2074 Cic.
1118 2010 1362 2077 Academicorum
1376 2014 1427 2076 fib.
1443 2015 1494 2076 11:
1515 2013 1597 2077 alius
1611 2011 1737 2086 adultis,

408 2102 489 2167 alins
502 2103 771 2178 adulescentibus,
785 2103 867 2167 alius
882 2105 996 2188 aegris,
1010 2106 1091 2168 alius
1103 2107 1196 2178 sonis,
1212 2106 1293 2170 alins
1307 2108 1410 2181 siccis,
1425 2106 1506 2170 alins
1520 2105 1693 2170 vinulentis
1706 2148 1737 2167 ..

491 2192 544 2260 19.
565 2197 688 2261 Nonius
704 2218 735 2280 p.
752 2194 825 2261 itt.
862 2200 1071 2261 Urincntur.
1096 2200 1157 2262 Cic.
1179 2201 1211 2262 in
1225 2201 1411 2263 Academicis
1431 2200 1480 2262 lib.
1495 2199 1544 2262 ff:
1566 2196 1737 2283 siquando

410 2292 493 2354 enim
515 2311 576 2354 nos
599 2289 826 2365 demersimus,
848 2300 884 2354 ut
906 2293 960 2375 qui
983 2295 1156 2368 urinantnr,
1178 2300 1232 2356 ant
1254 2294 1332 2357 nibil
1355 2313 1506 2377 superum
1527 2299 1583 2357 aut
1604 2292 1776 2356 obscurem

410 2386 581 2450 admodum
603 2388 770 2449 cernimus.

493 2474 691 2544 titinnius
714 2502 744 2564 p.
766 2478 840 2545 515.
881 2479 1083 2544 Alabaster.
1120 2482 1180 2549 Cic.
1201 2481 1447 2545 Academicorum
1467 2479 1517 2544 lib.
1540 2480 1589 2543 11.-
1622 2477 1738 2560 quibus

412 2574 505 2636 etiam
527 2572 687 2638 alabaster
708 2576 821 2659 plenus
843 2574 996 2659 unguenti
1018 2582 1112 2658 puter
1132 2595 1203 2638 esse
1224 2576 1359 2638 videtur.

928 2771 990 2828 nx
1008 2741 1137 2830 nmen
1156 2771 1212 2828 111.

494 2926 546 2992 12.
577 2930 701 2994 Nonius
730 2952 760 3014 p.
783 2928 834 2993 65.
876 2932 1089 3012 digladiari
1195 2931 1272 2993 idem
1301 2932 1404 2994 tertio:
1439 2929 1605 3014 digladiari
1634 2936 1777 2992 autsmn

413 3043 553 3106 semper,
575 3022 758 3108 depugnare
780 3045 851 3088 cnm
873 3024 1057 3088 facinorosis
1079 3033 1112 3087 et
1133 3024 1324 3099 audacibus,
1351 3024 1422 3107 quis
1445 3043 1508 3087 non
1535 3044 1607 3087 cum
1630 3023 1740 3086 miser·

413 3118 540 3193 simum,
563 3125 632 3181 tum
653 3118 750 3181 etiam
773 3119 991 3182 stultissimum
1015 3119 1156 3181 dixerit?

496 3206 548 3274 13.
568 3211 692 3274 fionius
713 3234 744 3295 p.
767 3209 818 3274 65.
853 3213 1050 3275 Exuitare
1069 3213 1181 3275 dictum
1203 3220 1245 3275 est
1266 3212 1384 3275 exilire.
1413 3211 1475 3275 Cic.
1496 3210 1740 3274 Academicorum

414 3302 461 3365 iii.
482 3305 534 3366 111
541 3326 552 3368 .·
583 3313 616 3367 et
636 3312 672 3367 nt
693 3325 751 3370 nos
773 3326 858 3369 nunc
878 3307 1026 3370 sedemus
1047 3307 1088 3369 ad
1110 3306 1282 3370 Lucrinum
1302 3305 1538 3392 pisciculosque
1559 3302 1739 3367 exultantes

414 3396 593 3462 ridemus..
1749 3410 1778 3457 su

497 3487 549 3554 fl.
570 3493 694 3557 Nonius
716 3514 748 3576 p.
765 3489 836 3557 193.
870 3496 1150 3575 degeneraretur
1169 3504 1203 3558 ut
1223 3495 1436 3560 innasceretur.
1467 3493 1528 3557 Cic.
1550 3491 1741 3555 Academico·

416 3602 481 3645 rum
503 3585 543 3647 lib
577 3588 644 3648 111.-
666 3588 697 3649 in
721 3595 807 3650 tanta
828 3590 1033 3652 animantium
1048 3591 1216 3665 varietate,
1238 3590 1359 3652 bomini
1380 3596 1417 3652 nt
1437 3587 1497 3651 soli
1514 3586 1671 3669 cupiditas
1693 3586 1741 3649 in-

416 3686 619 3760 generaretur
640 3682 831 3762 cognitionis
854 3690 886 3745 et
908 3683 1067 3745 scientiae.

498 3767 549 3834 15.
570 3773 692 3837 Nonius
722 3795 753 3858 p.
775 3772 847 3838 119.
893 3777 1092 3856 Vindicem,
1122 3779 1252 3849 trabere,
1283 3779 1464 3840 liberm..
1498 3776 1602 3838 Cicero
1630 3773 1742 3837 Acade·

416 3867 563 3930 ssieorsnn
584 3868 634 3930 lib.
657 3869 725 3930 111.-
752 3869 859 3953 aliqua
881 3879 1022 3952 potestas
1045 3874 1100 3947 sit,
1122 3873 1261 3936 vindicet
1283 3893 1317 3935 se
1340 3872 1372 3933 in
1396 3870 1583 3934 libertatem.
1749 3877 1779 3928 tt

497 3955 551 4023 16.
571 3961 754 4026 Lactantius
777 3963 850 4025 inst.
873 3963 936 4026 div.
953 3966 1012 4039 vt,
1028 3962 1079 4027 91.
1117 3968 1176 4029 Nec
1197 3976 1294 4028 tomen
1315 3966 1431 4045 deficiat
1451 3963 1562 4044 aliquis
1582 3970 1635 4024 aut
1655 3961 1691 4023 de
1713 3979 1743 4023 se

416 4056 475 4135 ipse
495 4055 642 4135 desperet,
666 4058 694 4117 si
715 4065 767 4117 out
788 4058 948 4137 eupiditate
968 4061 1065 4119 uictus
1086 4069 1138 4121 out
1160 4060 1280 4121 libidine
1301 4059 1447 4139 impulsus
1466 4066 1520 4119 aut
1540 4073 1643 4117 errore
1663 4054 1743 4117 dcce-

412 4159 481 4230 ptus
509 4158 563 4210 cut
588 4150 619 4210 ci
641 4160 760 4211 coactus
786 4151 825 4212 cd
851 4154 1016 4214 iniustitiae
1041 4154 1122 4214 uiam
1148 4154 1249 4233 lapsus
1270 4161 1321 4215 est.
1365 4154 1462 4214 Potest
1484 4151 1563 4211 enim
1584 4149 1685 4209 reduci
1707 4167 1743 4210 ce

416 4242 554 4315 liberari,
577 4244 605 4303 si
627 4263 692 4304 eum
709 4246 859 4324 poeniteat
880 4257 1017 4307 actorum
1036 4255 1062 4308 et
1084 4248 1124 4308 od
1144 4249 1270 4308 meliora
1290 4264 1448 4308 conversus
1469 4244 1544 4305 sotis
1565 4243 1616 4304 deo
1635 4242 1741 4323 sociat.

418 4337 502 4414 Quod
525 4339 594 4416 fieri
613 4357 701 4417 posse
724 4339 825 4399 Cicero
853 4359 913 4400 non
937 4344 1070 4421 putauit,
1098 4343 1184 4402 cuins
1205 4342 1276 4401 baec
1296 4341 1329 4401 iu
1351 4339 1525 4401 Academico
1546 4339 1634 4398 tertio
1654 4337 1780 4399 verboso

415 4440 500 4493 sunt:
534 4430 626 4506 Quod
657 4433 684 4494 si
714 4431 839 4505 liceret,
874 4442 909 4495 ut
937 4435 991 4507 iis,
1021 4436 1073 4517 qui
1106 4436 1139 4496 in
1169 4436 1279 4496 itinere
1303 4433 1550 4503 deerravissent,
1573 4430 1617 4492 sic
1646 4431 1742 4493 vitam

416 4524 541 4586 deviam
568 4525 687 4587 secutis
716 4528 870 4608 corrigere
900 4548 1037 4590 errorem
1063 4527 1271 4612 paenitendo,
1303 4527 1427 4589 facilior
1453 4532 1537 4587 esset
1563 4524 1741 4588 emendatio

417 4617 611 4680 temeritatis.

504 4707 554 4773 17.
576 4712 747 4775 Diomedes
771 4734 800 4795 p.
816 4711 878 4775 373
902 4715 950 4777 ed.
966 4717 1090 4778 Putsch.
1120 4718 1223 4780 Cicero
1237 4715 1485 4778 Academicorum
1499 4713 1605 4776 tertio:
1627 4709 1743 4792 'smal-

416 4804 475 4867 ebo
498 4805 530 4866 in
555 4824 652 4886 opera
674 4803 777 4869 affixa.
1751 4819 1781 4867 tt

501 4895 550 4960 18.
572 4898 692 4962 Nonius
715 4921 744 4982 p.
761 4897 831 4962 139.
866 4904 1091 4966 Mordicibus
1112 4913 1138 4965 et
1159 4905 1341 4966 mordicus
1358 4922 1417 4984 pro
1431 4921 1536 4965 morsu
1552 4920 1611 4983 pro
1633 4902 1743 4963 morsi-

414 4992 467 5052 bus
482 5036 491 5053 .
507 5036 516 5053 .
532 5036 541 5053 .
557 4993 618 5058 Cic.
633 4993 878 5056 Academicorum
897 4997 945 5058 lib.
963 5000 1027 5059 111.·
1050 4999 1323 5080 perspicuitatem,
1347 5017 1443 5080 quam
1458 4995 1618 5060 mordicus
1634 5002 1742 5058 tenere

415 5085 584 5160 debemus,
605 5086 716 5149 abesse
739 5087 889 5150 dicemus.
913 5112 953 5144 =
981 5092 1122 5153 Lucullus
1144 5090 1165 5173 §
1188 5088 1239 5154 51.

479 5369 505 5417 2.
523 5382 593 5429 auso
611 5369 713 5422 funins:
733 5368 837 5417 sistetur
853 5371 983 5419 sententia
996 5384 1047 5419 non
1066 5369 1142 5433 plena
1156 5383 1230 5425 esse:
1251 5382 1313 5419 nam
1325 5373 1427 5420 constet
1439 5370 1552 5420 Nonium
1564 5382 1645 5433 saepe
1658 5382 1744 5418 enun-

416 5445 507 5493 tiatam
531 5446 566 5492 ita
592 5444 778 5506 exscripsisse.
806 5447 834 5491 ut
858 5446 1016 5494 sententiam
1040 5445 1156 5494 mediam
1178 5447 1392 5507 interrumperet.
1419 5469 1445 5478 ·-
1474 5444 1498 5494 l.
1517 5445 1538 5492 si
1554 5444 1588 5507 id]
1605 5444 1646 5492 sed
1663 5444 1695 5492 W
1714 5469 1741 5479 -

415 5519 537 5579 mss
553 5518 596 5574 W,
613 5532 663 5565 non
679 5531 717 5579 ec.
737 5531 790 5566 orn.
810 5520 829 5566 1.
844 5545 870 5554 -
890 5520 914 5568 7.
933 5534 982 5567 non
1000 5521 1149 5569 bier-cerus:
1169 5533 1222 5568 our.
1242 5519 1319 5567 codd.
1337 5545 1363 5554 -
1382 5519 1407 5568 8.
1426 5519 1619 5568 adulescentibus
1636 5520 1743 5583 scripsi:

416 5592 518 5640 buten
535 5591 625 5649 codd..
643 5592 739 5640 nibus
756 5594 776 5641 0
795 5619 821 5627 -
841 5594 925 5654 eugris
942 5593 1019 5643 codd.
1038 5622 1070 5631 -
1089 5597 1154 5643 otius
1170 5596 1239 5643 sonis
1256 5594 1299 5642 ed.
1313 5595 1386 5644 tionii
1405 5595 1463 5643 1511
1478 5609 1483 5643 ;
1503 5606 1556 5644 ont.
1570 5593 1662 5648 codd.;
1684 5593 1743 5642 fort.

417 5667 481 5715 eiius
497 5667 579 5726 tadu,
598 5668 664 5715 otius
680 5668 763 5728 nemu
781 5693 807 5702 -
826 5668 954 5716 cinoteutis
971 5669 990 5717 0
1005 5695 1031 5705 -
1053 5670 1093 5719 13.
1110 5677 1184 5732 puter
1199 5684 1248 5719 esse
1265 5670 1373 5732 scripsi:
1390 5675 1479 5729 putrer
1495 5682 1544 5718 esse
1561 5667 1620 5716 (md.
1639 5667 1744 5723 namne

416 5746 489 5801 pern
503 5754 555 5789 esso
572 5742 633 5790 tw
651 5745 678 5790 et
694 5741 771 5789 codd.
791 5743 917 5791 blereeri:
933 5748 1036 5803 putrere
1053 5746 1073 5793 0
1092 5769 1119 5779 -
1138 5747 1253 5794 videatur
1270 5747 1290 5794 0
1309 5771 1336 5780 -
1356 5744 1395 5794 rt.
1410 5744 1443 5793 de
1462 5744 1614 5805 fragmentis
1632 5757 1662 5793 er
1682 5741 1699 5793 Ι.
1713 5745 1745 5793 tll

418 5828 445 5863 r.
457 5816 565 5866 Knscbe
584 5831 608 5880 p.
623 5817 655 5866 ot
667 5830 751 5879 sq.-
770 5818 808 5863 ta.
822 5817 967 5879 digladiari]
986 5832 1010 5865 v.
1024 5831 1104 5880 supra
1123 5819 1215 5880 fragm.
1230 5822 1252 5867 t.
1269 5846 1295 5856 -
1316 5820 1355 5867 16.
1374 5819 1440 5882 cum]
1457 5820 1484 5867 in
1501 5819 1579 5868 codd.
1591 5845 1625 5856 -
1642 5819 1681 5867 19.
1693 5819 1747 5880 pis-

418 5890 509 5951 σίας.
528 5891 590 5941 tw
610 5917 635 5927 -
660 5893 702 5941 2⁰.
719 5893 849 5941 ammom
865 5893 927 5941 tw
947 5916 974 5930 -
999 5895 1040 5941 25.
1057 5895 1079 5941 si
1095 5895 1126 5943 sit
1143 5897 1163 5944 0
1183 5921 1209 5929 -
1229 5895 1269 5945 32.
1287 5896 1376 5946 secutis
1391 5895 1533 5947 Patricius:
1555 5900 1649 5946 secutos
1666 5893 1744 5945 codd.

421 5990 451 6002 -
466 5965 506 6017 dl.
524 5969 607 6018 tmmo
622 5967 827 6019 morus
845 5993 872 6005 -
891 5968 932 6020 tt.
950 5969 1062 6018 &amus
1078 5968 1156 6020 codd.
1176 5970 1259 6022 Nonii.
