4342 7459
691 1260 759 1325 nn.
781 1261 805 1323 1.
834 1260 911 1324 cn.
932 1260 1228 1326 xxxi-xxxn
1253 1258 1299 1344 ss
1321 1258 1468 1326 oa-ee.
1677 1260 1740 1332 tos

410 1427 445 1491 in
466 1429 580 1493 animis
602 1430 793 1513 praesagitio
816 1430 1015 1494 extrinsecus
1036 1431 1152 1495 iniecta
1174 1440 1272 1515 atque
1293 1431 1416 1495 inclusa
1437 1430 1600 1496 divinitus.
1644 1434 1691 1496 lla
1712 1434 1739 1497 si

412 1523 531 1587 exarsit
551 1525 666 1596 acrius,
689 1522 779 1586 furor
798 1524 986 1607 appellatur,
1007 1546 1078 1588 cum
1101 1544 1120 1589 a
1141 1545 1275 1609 corpore
1296 1526 1421 1590 animus
1439 1525 1616 1590 abstractus
1630 1528 1739 1591 divino

411 1617 563 1680 instinctu
585 1618 770 1681 concitatur.

496 1712 571 1774 Sed
600 1711 698 1796 quid
726 1712 856 1775 ocnlis
878 1715 1020 1777 rabere
1043 1714 1129 1777 visa
1156 1733 1197 1777 es
1225 1712 1446 1796 derepente
1475 1714 1738 1778 ardentibusi

453 1802 523 1869 Ubi
546 1806 662 1887 paulo
683 1816 774 1870 ante
796 1808 953 1889 sapiens
976 1807 1047 1870 illa
1070 1808 1274 1890 virginali'
1298 1806 1520 1872 modestia?
1748 1822 1764 1869 s

495 1904 636 1973 blater,
659 1909 909 1984 optumarum
932 1902 1050 1963 multo
1074 1902 1214 1965 mulier
1234 1900 1374 1963 melior
1394 1902 1620 1977 mulierum,

452 1997 571 2059 blissa
593 2015 675 2057 sum
698 1996 1004 2076 superstitiosis
1025 1995 1379 2069 hariolationibus3

451 2090 629 2171 Namque
651 2088 797 2170 Apollo
819 2088 919 2152 latis
941 2089 1073 2152 landis
1096 2088 1317 2153 dementem
1340 2088 1503 2153 invitam
1524 2092 1610 2154 ciet.

453 2183 639 2263 Virgines
660 2201 805 2245 vereor
826 2184 1021 2266 aequalis,
1043 2184 1168 2266 patris
1197 2184 1267 2246 mei
1295 2203 1415 2247 meum
1443 2183 1584 2247 lactum
1606 2183 1739 2268 pndst,

453 2274 616 2357 Optumi
639 2277 739 2340 viri:
770 2298 852 2340 mea
874 2287 1017 2351 mater,
1040 2279 1098 2340 tui
1121 2298 1177 2339 me
1199 2278 1379 2351 miseret,
1401 2278 1475 2340 mei
1496 2279 1618 2361 piget.
1748 2287 1777 2335 ⁴⁰

453 2369 653 2451 Optumum
676 2371 898 2451 progeniem
914 2373 1061 2434 Priamo
1086 2370 1281 2454 peperisti
1303 2380 1412 2434 extra
1434 2391 1508 2435 me:
1530 2373 1602 2435 boc
1624 2371 1739 2447 dolet,

452 2465 538 2526 blcn
560 2463 721 2536 obesse,
744 2464 845 2528 illos
866 2466 1083 2549 prodesse,
1105 2485 1163 2529 me
1185 2464 1363 2539 obstare,
1386 2465 1489 2528 illos
1511 2466 1696 2550 obsequi.

411 2555 438 2619 0
460 2576 575 2639 poema
598 2565 740 2620 tenerum
770 2566 803 2621 et
824 2567 978 2622 moratum
1008 2568 1104 2643 atque
1128 2559 1245 2624 mollel
1282 2560 1346 2622 Sed
1371 2561 1432 2622 boc
1458 2560 1561 2624 minus
1587 2559 1627 2622 ad
1651 2579 1739 2622 rem:

410 2647 462 2713 67.
483 2648 580 2723 illud,
602 2651 687 2733 quod
710 2651 871 2725 volumus,
894 2671 1079 2735 expressum
1102 2662 1160 2727 est,
1181 2661 1216 2716 ut
1237 2654 1401 2717 vaticinari
1423 2654 1512 2717 furor
1532 2674 1607 2717 vera
1628 2654 1740 2718 soleat.

451 2744 595 2818 Adest,
618 2744 738 2813 adest
758 2744 827 2807 lax
848 2747 1040 2810 obvoluta
1062 2748 1261 2828 sanguine
1283 2756 1404 2830 atque
1424 2749 1643 2812 incendio.
1749 2757 1777 2803 ⁴⁸

451 2839 594 2901 blultos
616 2857 736 2900 annos
758 2839 899 2914 latuit;
930 2842 1056 2915 cives,
1077 2841 1183 2903 terte
1206 2860 1316 2923 opem
1339 2850 1378 2903 et
1399 2842 1660 2925 restinguite.

408 2934 494 2996 llens
516 2931 660 2995 inclusus
682 2951 813 3015 corpore
834 2932 992 3006 hnmano,
1014 2936 1076 2997 iam
1101 2954 1165 2996 non
1188 2932 1364 2997 Cassandra
1386 2933 1538 3018 loquitor.

451 3026 615 3107 lamque
644 3028 739 3089 mari
770 3046 914 3109 magno
944 3028 1092 3092 classis
1122 3027 1208 3090 cita

450 3120 635 3184 Texitur:
665 3121 830 3183 exitium
860 3141 1021 3185 examen
1049 3122 1174 3204 rapit:

450 3212 665 3288 Adveniet,
694 3213 782 3277 lcra
810 3214 1135 3278 velivolantibus
1748 3219 1777 3271 8)

450 3309 628 3372 Navibus
657 3308 882 3390 complebit
912 3328 1052 3373 manus
1084 3310 1220 3371 litora.

494 3402 626 3465 xxxii.
647 3400 699 3464 68.
721 3403 914 3484 Tragoedias
935 3402 1025 3487 loqui
1049 3404 1158 3466 videor
1182 3409 1213 3465 et
1234 3401 1366 3466 tabulas.
1401 3404 1442 3467 At
1463 3423 1504 3467 ex
1526 3402 1651 3486 teipso
1673 3422 1738 3465 non

409 3496 660 3559 commenticiam
683 3516 770 3570 rem,
799 3495 856 3558 sed
885 3496 999 3560 factam
1029 3498 1173 3561 eiusdem
1199 3496 1324 3578 generis
1346 3496 1472 3560 andivi:
1505 3498 1539 3561 C.
1562 3496 1739 3580 Coponium

408 3589 449 3651 ad
470 3596 502 3652 te
523 3590 650 3652 venisse
670 3590 895 3673 Dyrrachium,
924 3610 996 3652 cum
1024 3590 1183 3672 practorio
1212 3590 1348 3673 imperio
1370 3591 1463 3655 classi
1485 3591 1626 3654 Rhodiae
1649 3609 1740 3672 prae·

408 3692 510 3756 esset,
541 3703 611 3745 cnm
641 3686 743 3766 primo
770 3684 931 3745 bominem
954 3685 1141 3765 prudentem
1164 3690 1261 3769 atque
1283 3683 1431 3759 doctum,
1460 3704 1597 3768 eumque
1619 3684 1777 3749 dixissem

410 3778 560 3859 remigem
583 3777 743 3860 quendam
767 3798 784 3839 e
808 3778 1032 3862 quinqueremi
1055 3779 1251 3842 Rhodiorum
1277 3779 1500 3855 vaticinatum,
1528 3778 1739 3843 madefactum

409 3872 447 3934 iri
469 3871 575 3933 minus
597 3891 664 3934 xxx
686 3871 799 3934 diebus
821 3870 986 3935 Graeciam
1012 3873 1184 3954 sanguine,
1213 3872 1340 3953 rapinas
1362 3873 1514 3955 Dyrrachi
1536 3881 1569 3935 et
1588 3890 1740 3938 conscen-

408 3966 531 4028 sionem
552 3965 586 4027 in
609 3966 699 4028 naris
721 3985 793 4027 cum
814 3964 889 4046 iuga
910 3964 1169 4047 fugientibusque
1198 3965 1410 4029 miserabilem
1431 3975 1610 4048 respectum
1632 3967 1740 4029 incen-

408 4057 534 4122 diorum
560 4058 648 4132 sore,
685 4059 741 4120 sed
770 4058 968 4120 Rhodiorum
1001 4058 1093 4120 classi
1128 4060 1339 4142 propinquum
1371 4057 1508 4122 reditum
1541 4079 1579 4122 ac
1610 4059 1739 4122 domum

407 4153 538 4217 itionem
561 4152 646 4215 dari:
684 4161 751 4215 tom
784 4172 890 4234 neque
926 4161 956 4213 te
987 4152 1091 4234 ipsum
1124 4173 1188 4214 non
1221 4172 1291 4215 esse
1322 4161 1513 4217 commotum
1535 4155 1777 4236 blarcomqueso

474 4386 497 4435 4,
515 4386 677 4447 prccsepotio
695 4385 747 4444 RV,
767 4384 897 4446 praescito
914 4384 949 4440 ii;
970 4384 1003 4433 cl.
1022 4382 1096 4447 §tio
1116 4410 1142 4419 -
1168 4381 1360 4434 8444444441·-
1381 4397 1412 4433 ec
1429 4396 1487 4447 sup.
1506 4382 1550 4434 lin.
1569 4385 1604 4447 B,
1629 4391 1651 4435 44
1667 4386 1691 4436 H
1710 4412 1737 4421 -

407 4459 433 4511 l.
450 4460 540 4508 rcbm
557 4462 675 4510 Muretus
697 4461 767 4522 (Ver.
786 4460 858 4509 lectt.
879 4460 920 4518 ix,
935 4458 994 4519 liii:
1018 4459 1147 4519 rcpcrcC
1175 4486 1200 4495 -
1224 4460 1281 4508 eisc
1296 4471 1322 4508 44
1339 4458 1498 4510 Lambinus:
1521 4460 1578 4508 444444
1594 4464 1629 4509 est
1645 4459 1691 4510 CO
1708 4485 1736 4497 —

407 4538 434 4587 44.
451 4536 494 4586 ubi
509 4537 586 4597 poulo
603 4543 662 4585 oete
677 4539 777 4597 sepiem
793 4537 838 4584 iile
854 4538 980 4585 iuratus:
1000 4535 1043 4583 4444
1059 4537 1105 4584 tlte
1119 4535 1197 4596 poulo
1214 4541 1273 4585 autc
1288 4536 1386 4596 4444444444
1403 4534 1463 4592 CO,
1482 4534 1524 4585 ubi
1541 4536 1587 4585 itta
1602 4540 1648 4585 tuo
1660 4536 1740 4598 poulo

408 4615 467 4662 ente
482 4613 580 4673 sepiem
599 4611 667 4669 Reiz,
688 4617 732 4659 cat
748 4611 790 4659 ubi
807 4611 852 4659 illc
864 4610 944 4672 poulo
960 4616 1019 4659 cute
1035 4612 1135 4671 sopiens
1151 4610 1303 4660 Lachmann
1316 4610 1350 4659 ad
1364 4612 1467 4660 lucret.
1482 4623 1507 4673 p.
1518 4609 1550 4659 29
1565 4635 1591 4644 -
1610 4610 1738 4675 4449444444

408 4687 507 4738 Bolbe:
535 4686 657 4748 sirpiacli
674 4687 721 4735 CO
743 4712 770 4720 -
799 4687 823 4734 6.
841 4691 1003 4745 optumatum
1023 4686 1056 4735 it.
1076 4686 1178 4748 llaopt:
1207 4692 1308 4747 optuma
1326 4689 1379 4734 tum
1396 4684 1461 4742 AV,
1489 4686 1583 4747 optimo
1601 4687 1639 4744 R,
1666 4692 1740 4748 opto-

407 4769 504 4810 motam
524 4763 590 4817 lio:
621 4763 716 4821 optimc
740 4763 892 4821 optimorum
916 4766 1000 4809 mater
1024 4766 1135 4809 metram
1159 4761 1251 4810 mulier
1274 4761 1408 4810 mulierum
1439 4759 1544 4809 Dobrcc
1574 4761 1600 4809 in
1626 4759 1737 4812 tovers.

408 4837 439 4895 ll,
453 4835 500 4886 eit
521 4860 547 4871 -
568 4836 647 4884 multu
664 4839 698 4896 A,
716 4837 793 4884 malm
811 4850 864 4886 om.
883 4837 904 4886 Η
926 4864 951 4872 -
976 4837 1067 4887 mulier
1081 4836 1170 4885 melior
1185 4837 1262 4885 misse
1279 4836 1311 4897 V,
1334 4848 1409 4885 erasa
1427 4839 1486 4899 post
1502 4836 1590 4884 melior
1606 4848 1673 4886 voce
1691 4833 1740 4885 sli-

409 4925 477 4975 qna,
495 4912 571 4962 cuius
588 4916 717 4975 apparent
734 4914 824 4976 apices
842 4915 876 4969 is,
902 4924 1037 4976 superscr.
1058 4924 1094 4961 m.
1113 4911 1279 4961 :mutierem
1302 4937 1329 4947 -
1354 4912 1377 4959 4.
1396 4910 1587 4959 ariolationibu:
1603 4910 1647 4959 Rv
1665 4936 1693 4946 -
1713 4910 1738 4961 8.

408 5000 515 5051 scieque
532 4990 560 5035 0.
575 4987 706 5035 Ribbeck:
726 5002 804 5048 neque
820 5002 859 5037 4444
877 4990 940 5043 CO.
959 5001 1068 5050 eamque
1084 5001 1124 5036 me
1140 4989 1291 5049 liettinger,
1315 5001 1403 5049 uisque
1421 4988 1525 5037 Grotius
1548 5013 1575 5023 -
1601 4986 1700 5048 appollo
1716 4987 1738 5037 Α

410 5089 436 5099 -
451 5063 509 5110 sciet
527 5058 554 5111 R¹
574 5085 601 5098 ··
626 5062 649 5108 9.
668 5075 755 5110 vereor
772 5061 889 5111 Ribbeck
907 5065 962 5126 (qni
979 5063 1072 5112 ordine
1092 5061 1237 5111 verborum
1256 5064 1357 5111 mutato
1375 5062 1482 5125 scripsit
1498 5062 1612 5123 aequalis
1627 5061 1737 5120 verterit

407 5152 468 5188 uero
485 5138 532 5187 CO
553 5163 578 5173 -
603 5139 717 5200 aequetis
734 5140 769 5187 C:
794 5140 948 5200 aequoleso
971 5164 997 5174 -
1023 5138 1144 5201 sctumll
1169 5164 1195 5173 -
1217 5139 1434 5200 petris--podet
1451 5136 1528 5186 alieri
1546 5137 1640 5187 Cicero
1657 5137 1739 5187 etiam

407 5214 478 5263 Orat.
498 5213 544 5272 io,
564 5214 625 5271 tob:
657 5215 767 5276 l'irpims
785 5229 875 5263 vereor
895 5215 1024 5277 aequalis,
1046 5215 1130 5275 patris
1149 5227 1232 5262 meam
1253 5214 1348 5275 sectam
1366 5214 1443 5274 pudet
1467 5210 1572 5273 bleebly
1593 5212 1618 5260 in
1641 5207 1737 5260 annali.

408 5287 496 5353 pbilol.
516 5301 540 5336 a.
560 5288 623 5336 4854
642 5288 728 5349 piso
754 5314 780 5323 -
810 5290 849 5338 40.
868 5289 994 5350 optimill
1020 5314 1046 5323 -
1069 5289 1158 5337 44444444
1175 5288 1196 5337 ll
1221 5314 1249 5325 -
1270 5295 1347 5351 papst
1363 5287 1394 5339 ΑΙ
1415 5316 1448 5328 -
1471 5291 1511 5337 44.
1530 5289 1650 5349 optimam
1668 5287 1688 5336 R
1709 5311 1735 5321 -

403 5365 521 5428 peperisti
539 5360 597 5410 cod.
619 5360 739 5412 Eliensis:
759 5364 889 5424 repperisti
907 5365 926 5413 C
948 5362 1006 5423 (sed
1025 5363 1046 5412 Η
1063 5364 1189 5425 reperisti)
1210 5388 1236 5398 -
1255 5376 1294 5413 nte
1311 5365 1400 5414 omli
1419 5390 1445 5400 —
1467 5364 1506 5413 ts.
1525 5377 1581 5413 men
1598 5363 1658 5412 RV:
1676 5374 1738 5411 osse

408 5440 470 5499 BH,
494 5438 586 5486 mrdO
608 5451 669 5486 curu
689 5438 816 5489 lambino
841 5466 867 5476 -
891 5441 972 5489 iltoA
999 5466 1023 5476 -
1050 5440 1092 5489 44.
1111 5452 1173 5488 cero
1190 5437 1288 5488 delevit
1305 5440 1442 5501 Rollinger
1463 5466 1489 5476 -
1515 5442 1555 5489 45.
1573 5440 1642 5489 odeat
1658 5453 1675 5487 c
1690 5440 1739 5500 see

409 5514 500 5577 (altero
518 5516 587 5562 adest
603 5517 667 5571 omi)
686 5515 723 5572 R,
742 5517 775 5563 ei
790 5516 860 5565 odeat
875 5516 924 5577 sex
941 5510 1081 5564 Turnebus
1102 5540 1128 5549 -
1154 5514 1193 5563 46.
1212 5515 1301 5575 referte
1318 5515 1396 5564 silv
1416 5541 1443 5550 -
1461 5515 1593 5576 resticpriit
1608 5515 1630 5563 Α
1648 5538 1676 5548 -
1696 5513 1736 5564 48.

407 5589 482 5638 cleris
498 5588 637 5644 A,··clousis
655 5585 685 5634 V'
705 5615 730 5624 α
751 5590 791 5638 80.
810 5591 927 5639 admisi
943 5587 1035 5638 Alill:
1054 5588 1156 5636 4444444444
1171 5594 1195 5637 ct
1211 5588 1308 5650 Vltio,
1325 5589 1427 5638 ademit
1442 5589 1525 5650 sciero
1542 5586 1689 5637 Wakefield
1709 5613 1735 5625 ·-

408 5664 450 5715 st.
468 5663 596 5725 complebit
613 5662 733 5712 Herelius
751 5669 778 5714 et
794 5665 859 5714 dett.
874 5663 985 5727 aliquot:
1003 5663 1166 5724 compleuitC
1185 5689 1213 5701 -
1231 5678 1311 5714 meaa
1327 5664 1384 5726 liti)
1404 5690 1430 5699 -
1450 5663 1490 5712 2³.
1510 5662 1547 5725 C.]
1560 5663 1590 5713 G.
1603 5663 1633 5719 B.
1650 5662 1737 5726 pilu

411 5766 439 5777 -
458 5739 498 5789 ii.
518 5739 688 5800 Durrachium
705 5740 860 5789 Creverius:
880 5740 1014 5800 dprrecbio
1031 5739 1050 5788 C
1066 5764 1093 5774 -
1112 5737 1205 5788 claris
1219 5766 1246 5775 —
1265 5740 1350 5788 classis
1366 5738 1469 5789 bodiell
1484 5764 1510 5774 -
1530 5738 1571 5789 25.
1584 5751 1641 5788 444444
1655 5739 1738 5800 primo

410 5816 447 5866 C:
471 5814 633 5873 cumprimis
656 5812 748 5862 Lamb.
769 5815 841 5863 etO.
870 5813 994 5864 Similiter
1012 5813 1094 5863 Varro
1116 5813 1150 5864 de
1172 5812 1189 5864 Ι.
1208 5812 1225 5865 l.
1245 5815 1331 5873 vim
1352 5815 1377 5863 444
1393 5816 1476 5876 pricio
1499 5837 1526 5847 -
1554 5813 1595 5864 td.
1613 5814 1738 5877 qmeom

409 5902 548 5952 equusque
564 5890 627 5938 remi
644 5889 664 5937 R
686 5913 711 5921 -
739 5889 778 5938 ii.
796 5890 943 5953 mapuimm
960 5890 980 5940 C
1001 5914 1028 5925 -
1051 5889 1178 5938 ebirrecbi
1195 5889 1217 5941 ll
1236 5915 1263 5927 -
1283 5889 1324 5941 28.
1342 5891 1416 5940 44444444
1432 5887 1466 5938 s:
1491 5901 1568 5941 esest
1584 5888 1689 5942 silvo
1706 5915 1735 5929 -

409 5965 451 6015 29.
469 5977 500 6015 nc
517 5965 710 6014 dominationem
727 5964 757 6013 il.
