4342 7459
745 1234 884 1300 cunr.
910 1235 1151 1299 cmv-vu.
1177 1231 1222 1317 §s
1239 1230 1388 1299 u-rc.
1660 1230 1717 1297 ou

407 1398 527 1472 Attice,
549 1405 585 1462 nt
605 1398 669 1471 vis,
692 1405 723 1459 et
743 1396 847 1458 locum
869 1398 963 1459 istum
986 1402 1098 1469 totum,
1120 1403 1156 1459 ut
1175 1414 1194 1457 a
1216 1394 1407 1458 doctissimis
1429 1392 1579 1457 Graeciae
1601 1394 1726 1475 qnaesi-

407 1501 474 1556 tum
496 1502 528 1556 et
548 1491 741 1574 disputatum
770 1498 832 1564 est,
863 1488 1027 1573 explicabo
1050 1498 1096 1561 et,
1125 1496 1159 1551 ut
1180 1487 1317 1560 institui,
1347 1494 1453 1551 nostra
1474 1488 1543 1550 iura
1565 1489 1726 1569 attingam.

406 1590 468 1651 sn.
496 1585 583 1649 lstud
611 1584 745 1647 maxime
772 1592 922 1666 exspecto
945 1582 1121 1644 disserendi
1144 1602 1253 1663 genus.
1296 1582 1340 1645 Μ.
1363 1582 1458 1663 Atqui
1480 1581 1631 1666 pleraque
1654 1590 1728 1644 sunt

407 1680 490 1744 dicta
519 1681 552 1742 in
580 1678 645 1740 illis
674 1677 778 1751 libris,
809 1676 894 1760 quod
924 1674 1102 1738 faciendum
1131 1674 1204 1743 suit,
1235 1695 1306 1737 cnm
1334 1673 1373 1736 de
1395 1682 1524 1755 optuma
1545 1694 1579 1738 re
1602 1676 1727 1759 publica

406 1783 628 1858 quaerereturr
662 1769 717 1833 sed
749 1769 843 1833 buius
873 1770 936 1832 loci
966 1766 1018 1852 [de
1040 1764 1285 1851 magistratibus]
1315 1775 1390 1831 sunt
1411 1768 1538 1850 propriu
1562 1771 1749 1852 quaedam,s

406 1888 424 1932 a
447 1866 664 1949 Theophrasto
688 1864 842 1947 primum,
865 1863 981 1926 deinde
1003 1882 1021 1924 a
1042 1862 1146 1924 Dione
1170 1862 1275 1926 Stoico
1298 1862 1441 1945 quaesita
1463 1862 1620 1925 subtilius.

426 2015 436 2036 ,
490 1961 542 2023 vl.
565 1955 616 2021 il.
638 1960 699 2021 Att.
721 1958 782 2019 din
799 1958 948 2019 tandem‘l
970 1956 1096 2018 etiams
1114 1956 1228 2019 Stoicis
1250 1957 1307 2018 ista
1331 1964 1459 2018 tractata
1480 1959 1575 2018 sunt?
1598 1958 1638 2019 M.
1657 1959 1728 2018 Non

407 2074 483 2118 sane
504 2055 567 2118 nisi
589 2053 628 2116 ab
651 2071 707 2125 co,
737 2071 830 2134 quem
855 2050 948 2112 modo
972 2050 1149 2122 nominavi,
1179 2057 1212 2111 et
1232 2057 1343 2131 postea
1369 2069 1387 2111 a
1410 2069 1523 2132 magno
1546 2049 1676 2114 homine
1698 2059 1730 2113 et

406 2149 574 2233 inprimis
597 2145 731 2217 erudito,
754 2144 914 2207 Panaetio.
942 2143 1021 2205 Nam
1046 2151 1166 2207 veteres
1189 2143 1284 2206 verbo
1306 2152 1400 2204 tenus
1422 2151 1512 2205 acute
1527 2143 1573 2205 illi
1589 2142 1728 2226 quidem,

407 2242 463 2306 sed
490 2263 554 2305 non
582 2239 622 2303 ad
644 2240 729 2301 bunc
751 2258 842 2299 usum
866 2237 1053 2319 popularem
1076 2245 1170 2320 atque
1192 2235 1335 2308 civilem,
1364 2237 1403 2299 de
1425 2257 1459 2299 re
1482 2238 1608 2319 publica
1631 2238 1765 2301 disse-to

408 2338 538 2400 rebant:
574 2335 598 2414 †
623 2333 661 2396 ab
690 2335 746 2394 bac
773 2329 892 2393 familia
920 2331 1019 2412 magis
1042 2331 1103 2393 ista
1124 2339 1289 2393 manarunt
1311 2329 1439 2392 Platone
1461 2331 1612 2413 principe.
1655 2333 1731 2394 Post

409 2429 595 2494 Aristoteles
623 2425 802 2489 inlustravit
831 2445 956 2486 omnem
986 2423 1070 2486 hunc
1092 2423 1217 2486 civilem
1241 2425 1273 2486 in
1296 2423 1485 2507 disputando
1507 2424 1610 2487 locum
1629 2426 1730 2488 Hera·

407 2523 573 2607 clidesque
601 2520 750 2582 Ponticus
782 2517 944 2602 profectus
974 2519 1014 2580 ab
1047 2518 1160 2580 eodem
1192 2518 1330 2580 Platone.
1381 2517 1616 2601 Theophrastus
1646 2538 1730 2594 vero,

406 2616 569 2680 institutus
592 2615 631 2676 ab
653 2613 837 2685 Aristotele,
860 2612 1027 2684 habitavit,
1050 2621 1086 2673 ut
1107 2612 1204 2684 scitis,
1225 2611 1257 2672 in
1281 2630 1319 2672 eo
1342 2629 1458 2693 genere
1479 2630 1594 2685 rerum,
1616 2613 1655 2675 ab
1678 2634 1730 2677 en-

408 2708 546 2792 demque
561 2706 730 2769 Aristotele
754 2705 866 2768 doctns
882 2706 1092 2767 Dicaearchus
1114 2704 1188 2766 huic
1210 2706 1325 2766 rationi
1348 2704 1518 2790 studioque
1539 2725 1605 2768 uon
1621 2706 1768 2770 detuitu

407 2805 482 2867 Post
503 2821 523 2865 a
543 2799 760 2882 Theophrasto
778 2798 946 2861 Phalereus
968 2800 1021 2860 illo
1036 2798 1225 2871 Demetrius,
1249 2798 1287 2860 de
1310 2817 1375 2880 quo
1397 2797 1458 2860 feci
1480 2818 1576 2881 supra
1598 2802 1731 2863 mentio-

407 2915 490 2966 nem,
512 2895 698 2957 mirabiliter
718 2894 891 2955 doctrinam
915 2913 954 2954 ex
978 2890 1167 2956 umbraculis
1189 2891 1384 2953 eruditorum
1406 2894 1535 2975 otioque
1557 2914 1620 2957 non
1635 2896 1731 2957 modo

407 2989 440 3051 in
463 2989 562 3051 solem
585 2997 681 3070 atque
703 2988 735 3048 in
759 2987 933 3068 pulverem,
955 2987 1010 3048 sed
1032 2988 1064 3047 in
1088 2988 1189 3066 ipsum
1206 2984 1373 3046 discrimen
1389 2985 1555 3068 aciemque
1571 2987 1731 3069 produxit.

407 3084 486 3144 Nam
519 3090 551 3144 et
580 3081 784 3142 mediocriter
812 3080 923 3142 doctos
954 3099 1082 3160 magnos
1112 3081 1144 3141 in
1167 3099 1201 3140 re
1224 3077 1349 3160 publica
1373 3077 1456 3140 viros
1479 3088 1511 3142 et
1532 3081 1732 3144 doctissimos

407 3173 554 3238 homines
584 3195 645 3236 non
670 3174 762 3235 ciniis
787 3174 817 3234 in
841 3194 874 3233 re
898 3174 1022 3254 publica
1048 3180 1190 3234 versatos
1212 3171 1329 3233 multos
1351 3190 1597 3237 commemorare
1620 3183 1770 3257 possa-¹⁰

408 3289 497 3332 mus:
520 3268 574 3350 qui
597 3288 671 3330 vero
694 3276 829 3349 utraque
852 3285 884 3327 re
907 3266 1088 3338 excelleret,
1113 3274 1147 3327 ut
1169 3274 1201 3328 et
1222 3265 1384 3328 doctrinae
1407 3266 1521 3329 studiis
1542 3276 1573 3330 et
1594 3270 1733 3352 regenda

409 3363 534 3426 civitate
565 3362 709 3444 princeps
739 3370 839 3431 esset,
870 3361 941 3441 quis
971 3359 1062 3420 facile
1092 3368 1219 3439 practer
1239 3359 1323 3421 bunc
1345 3358 1479 3420 inveniri
1502 3365 1627 3442 potest?
1670 3363 1732 3425 Art.

409 3456 489 3518 Puto
511 3474 606 3537 posse
629 3463 660 3517 et
682 3454 811 3536 quidem
833 3454 971 3535 aliquem
996 3452 1034 3514 de
1057 3452 1156 3514 tribus
1178 3452 1286 3514 uobis:
1309 3451 1365 3514 sed
1387 3462 1548 3535 pergent
1570 3476 1730 3540 coeperas.

497 3549 561 3610 Vll.
585 3544 635 3609 ⁴5.
657 3549 699 3609 Μ.
723 3547 909 3621 Quaesitum
933 3546 1027 3628 igitur
1048 3546 1088 3608 ab
1110 3546 1172 3607 illis
1194 3555 1256 3619 est,
1279 3546 1458 3629 placeretne
1480 3566 1577 3609 unum
1600 3550 1633 3610 in
1657 3549 1734 3612 civi·

409 3649 473 3704 tate
494 3661 564 3704 esse
588 3641 820 3723 magistratum,
842 3640 892 3701 cui
915 3640 1031 3720 reliqui
1052 3645 1218 3718 parerent,
1242 3640 1327 3722 quod
1349 3640 1469 3702 exactis
1490 3641 1618 3722 regibm
1640 3643 1770 3706 intel-¹⁶

410 3735 481 3817 lego
510 3734 666 3817 placuisse
695 3735 811 3796 nostris
841 3732 1022 3795 maioribus.
1067 3734 1128 3796 Sed
1159 3735 1309 3817 quoniam
1340 3734 1444 3815 regale
1467 3734 1601 3797 civitatis
1622 3755 1733 3817 genus,

409 3829 575 3913 probatum
598 3827 769 3910 quondam,
791 3835 900 3909 postea
923 3846 988 3888 nnn
1011 3836 1072 3889 tarn
1096 3828 1184 3909 regni
1207 3848 1301 3910 quam
1320 3827 1416 3909 regiis
1434 3828 1517 3890 vitiis
1532 3830 1732 3911 repudiatum

410 3932 475 3997 est,
505 3942 621 3984 nomen
652 3931 773 3984 tantum
804 3922 962 3983 videbitur
990 3924 1074 4003 regis
1096 3920 1314 4002 repudiatum,
1345 3941 1395 3984 res
1419 3922 1573 3993 manebit,
1603 3926 1628 3987 si
1651 3944 1733 3987 unus

411 4015 557 4078 omnibus
579 4015 710 4098 reliquis
735 4015 967 4096 magistratibus
989 4016 1164 4098 imperabit.
1218 4011 1268 4075 to.
1296 4014 1402 4089 Quare
1424 4034 1482 4077 nec
1505 4016 1615 4099 ephori
1638 4018 1734 4081 Lace·

410 4109 564 4172 daemone
594 4108 662 4171 sine
692 4128 786 4171 causa
807 4128 826 4170 a
849 4107 1055 4191 Theopompo
1078 4108 1214 4190 oppositi
1236 4108 1364 4188 regibus
1391 4128 1451 4171 nec
1472 4108 1556 4192 apud
1580 4131 1637 4173 nos
1659 4119 1772 4175 con-³⁰

410 4203 531 4265 sulibus
558 4202 685 4264 tribuni.
739 4203 816 4263 Nam
845 4199 924 4261 illud
952 4200 1078 4284 quidem
1107 4200 1231 4283 ipsum,
1262 4198 1347 4282 quod
1370 4201 1403 4261 in
1426 4202 1494 4263 iure
1516 4202 1654 4283 positum
1675 4213 1734 4279 est,

410 4292 506 4358 babet
528 4296 655 4368 consul,
685 4302 720 4357 ut
742 4294 770 4356 ei
793 4294 908 4376 reliqui
933 4293 1133 4374 magistratus
1155 4313 1266 4356 omnes
1287 4302 1420 4375 pareant
1441 4301 1575 4376 excepto
1598 4294 1734 4371 tribuno,

411 4392 466 4475 qui
490 4398 563 4473 post
584 4388 720 4462 exstitit,
743 4407 783 4449 ne
806 4388 855 4461 id,
883 4386 968 4469 quod
991 4385 1107 4462 fuerat,
1130 4394 1223 4450 esset.
1265 4387 1335 4449 Hoc
1357 4388 1441 4451 enim
1464 4388 1600 4470 primum
1623 4390 1735 4454 minuit

411 4484 577 4548 consulare
605 4483 676 4555 ius,
704 4481 790 4566 quod
821 4480 957 4553 exstitit,
986 4480 1054 4564 ipse
1077 4480 1133 4563 qui
1155 4498 1193 4543 eo
1217 4499 1280 4542 non
1303 4487 1481 4554 teneretur.
1511 4477 1626 4546 deinde
1647 4482 1734 4568 quod

477 4699 500 4747 l.
520 4695 700 4746 addosttssimls
717 4693 749 4754 Β,
772 4692 1000 4742 csdoctlsn'mist
1030 4720 1056 4729 -
1083 4692 1107 4742 ³.
1126 4693 1161 4741 ad
1177 4692 1221 4753 qui
1236 4692 1256 4742 B
1283 4718 1310 4728 -
1337 4693 1362 4742 h.
1380 4693 1410 4742 da
1426 4693 1736 4758 mcqlrtrstlhusvidetur

411 4770 543 4837 glossema
569 4797 595 4807 -
623 4770 747 4830 quosdam
764 4771 794 4825 Α.
813 4766 861 4817 sed
879 4769 1012 4818 certamin
1030 4781 1082 4819 ras.
1103 4793 1129 4804 -
1150 4768 1174 4819 6.
1193 4781 1211 4816 c
1228 4767 1446 4831 ttsophcrostos,
1464 4768 1686 4833 misoprosrtob
1706 4798 1733 4811 -

412 4849 484 4899 unas
505 4846 567 4896 AB:
595 4846 704 4908 Dtoqens
724 4843 744 4892 0
767 4852 828 4890 cum
852 4841 976 4894 Turnebo
1003 4869 1030 4879 -
1056 4842 1188 4893 subtilium
1209 4843 1229 4893 B
1256 4869 1282 4880 -
1309 4843 1334 4891 l.
1353 4846 1415 4893 sato
1437 4844 1486 4894 ΑΒ
1512 4869 1539 4881 -
1566 4850 1650 4896 tractu
1666 4848 1686 4898 B
1705 4872 1733 4883 -

410 4921 435 4975 8.
453 4921 649 4971 cernuos
670 4945 697 4954 -
717 4918 741 4967 9.
758 4918 906 4980 poenaliolt
927 4944 954 4952 -
975 4918 1274 4980 teattmcfsmnum
1291 4918 1437 4981 (summ)
1455 4919 1510 4980 ΑΒ,
1529 4920 1563 4970 cd
1578 4920 1642 4971 tuuc
1657 4923 1736 4985 [aml-

410 4996 472 5047 llctn
490 4995 594 5054 lamb..
612 4992 810 5043 obdccdenss‘cc
826 4991 926 5051 {amulo
942 4991 1061 5043 Scbesser
1088 5019 1115 5029 -
1143 4993 1192 5043 istc
1207 4994 1326 5056 msptrB
1353 5020 1380 5030 -
1407 4999 1535 5045 msucrcm
1552 4990 1610 5047 ΜΒ
1637 5020 1664 5032 -
1693 4998 1733 5047 ⁴2.

410 5072 539 5123 berscltter
555 5082 619 5131 quas
636 5062 665 5118 θ’
692 5092 718 5103 -
748 5066 786 5116 ⁴3.
803 5066 929 5128 pictonas
946 5066 965 5116 B
989 5093 1015 5103 -
1040 5067 1190 5129 ttsosrcstsr
1205 5080 1266 5117 asro
1282 5068 1417 5118 tmttturb
1437 5093 1464 5104 -·
1492 5068 1532 5120 tl.
1549 5069 1736 5121 nmuaouuoet-

410 5147 513 5196 sm'tlsll
541 5170 567 5180 ·-
595 5144 635 5193 tc.
654 5143 779 5192 &coortus
796 5142 814 5190 ll
834 5168 860 5176 -
881 5142 986 5191 rationis
1004 5144 1022 5191 B
1042 5168 1070 5179 -
1100 5142 1140 5193 ts.
1156 5147 1241 5205 portet
1257 5143 1276 5193 B
1295 5169 1323 5180 -
1340 5142 1489 5205 ptolemeus
1505 5145 1546 5195 illc
1562 5145 1612 5207 (ills
1628 5136 1655 5195 ln
1672 5143 1734 5206 ras.)

411 5254 447 5309 s,
471 5248 577 5312 saum
592 5246 667 5295 suan
689 5245 707 5294 s
736 5270 761 5279 -
788 5242 866 5306 seen
879 5245 1127 5307 ominaeos
1156 5273 1181 5283 -
1210 5246 1250 5295 rr.
1269 5246 1375 5309 mmo]
1392 5209 1543 5308 subdam
1559 5250 1579 5298 s
1597 5247 1654 5311 (ssu
1672 5246 1735 5298 niun

412 5324 461 5376 nisi
478 5324 519 5373 ortt
536 5325 564 5372 et
580 5320 712 5387 posterius
729 5331 777 5379 qus
792 5319 899 5381 antiqua
918 5331 998 5369 manu
1015 5321 1162 5384 scriptum,
1190 5324 1279 5371 cetera
1301 5325 1364 5372 sunt
1385 5322 1410 5371 lu
1428 5335 1482 5374 ras.
1499 5335 1515 5372 a
1533 5336 1568 5373 m.
1587 5322 1735 5373 recentiore

412 5396 553 5462 suppleta),
571 5408 636 5459 quos
652 5393 792 5455 eunome
820 5421 847 5432 -
877 5394 916 5444 48.
935 5395 961 5444 ta
977 5400 1039 5445 ante
1054 5396 1125 5458 peto.
1144 5396 1231 5446 omit
1256 5423 1289 5433 -
1311 5397 1451 5459 prodisllt
1475 5425 1503 5436 -
1529 5398 1571 5447 to.
1589 5398 1737 5448 sonmlm

412 5475 461 5524 ΑΒ
482 5469 963 5521 -uersormmutsosconmosornb
990 5496 1016 5507 ·-
1045 5471 1085 5521 23.
1112 5468 1349 5533 usurasne·
1373 5468 1737 5524 stabam-thart

411 5548 491 5612 ὁρίων
506 5547 538 5596 cb
553 5545 640 5595 illiso
661 5570 686 5580 -
704 5544 813 5605 placeret
830 5544 878 5594 ΑΒ
899 5571 926 5582 -
944 5546 985 5595 tlt.
1003 5547 1182 5609 mutuans
1203 5572 1230 5584 -
1248 5547 1376 5610 ptassrmt
1391 5547 1438 5598 AB
1458 5571 1484 5583 -
1504 5547 1545 5597 26.
1562 5543 1736 5608 procurrat*

411 5625 443 5684 A,
459 5621 609 5685 plandunt
625 5619 653 5678 B,
673 5632 704 5669 es
719 5619 842 5681 placuisse
858 5625 881 5671 st
898 5617 950 5681 (vel
967 5622 1061 5682 amm),
1080 5625 1110 5671 nt
1127 5620 1240 5672 videtur.
1270 5647 1295 5658 -
1322 5620 1438 5686 reqaltll
1466 5645 1493 5656 -
1520 5620 1561 5670 27.
1579 5620 1655 5683 repttr
1671 5632 1733 5670 nos:

411 5699 550 5762 repr-ns
571 5695 753 5757 (exceptrici),
774 5694 859 5758 reputa
875 5696 904 5754 Β,
927 5696 1030 5758 reciso
1057 5724 1085 5734 -
1112 5698 1153 5747 28.
1170 5697 1349 5761 rsputctrsnlt
1376 5722 1403 5732 -
1430 5695 1472 5745 29.
1490 5695 1625 5758 meets
1640 5695 1687 5745 ΑΒ
1706 5719 1733 5731 -

413 5771 719 5834 spartanorum,
745 5772 990 5833 stbcccpcmpolt
1017 5798 1044 5810 —
1071 5773 1233 5835 atauus
1261 5798 1287 5808 -
1319 5768 1487 5821 Stoma
1511 5794 1538 5804 -
1564 5768 1733 5830 scapull-

412 5845 454 5899 83.
471 5848 555 5897 scttttt
571 5848 600 5905 Α,
624 5849 653 5897 ut
670 5846 725 5897 tere
742 5859 859 5912 semper,
881 5847 929 5899 sed
949 5845 1026 5911 paulo
1043 5850 1104 5912 post
1120 5849 1215 5899 serunt
1241 5873 1267 5883 -
1293 5845 1377 5910 morat
1393 5844 1537 5897 modus:
1562 5842 1639 5906 {urit
1654 5841 1734 5893 codd.

415 5946 442 5957 -
461 5920 503 5974 34.
521 5927 618 5973 matur
634 5922 662 5972 B.
