4342 7459
437 1228 501 1300 3⁹6
886 1234 940 1298 be
960 1233 1132 1299 DEORUM
1151 1232 1315 1298 NATURA

437 1402 475 1482 ιιι
494 1355 569 1459 illae
590 1414 649 1459 nec
670 1414 777 1458 morsu
798 1394 889 1457 rivae
912 1402 1048 1458 noceant
1065 1414 1124 1458 uec
1138 1394 1237 1459 odore
1251 1402 1406 1458 mortuae.
1436 1397 1569 1458 Possum
1584 1392 1625 1458 de
1639 1394 1774 1459 ichneu-

438 1509 567 1553 monum
581 1490 729 1563 utilitate,
744 1488 784 1552 de
800 1488 1043 1561 cronodilomm,
1063 1490 1104 1551 de
1118 1488 1248 1552 faelium
1264 1490 1382 1563 dicere,
1396 1491 1453 1552 sed
1468 1488 1543 1552 nolo
1558 1509 1630 1552 esse
1644 1488 1773 1571 longus.

437 1582 486 1669 lta
507 1582 704 1657 concludam,
725 1591 830 1647 muron
852 1583 963 1645 heluas
984 1601 1003 1645 a
1024 1583 1167 1645 barbaria
1188 1592 1318 1668 propter
1342 1580 1528 1647 heneficium
1558 1591 1774 1658 consecratas,

438 1683 614 1740 vestrorum
643 1676 775 1739 deorum
798 1696 862 1740 nou
884 1677 979 1740 modo
1000 1674 1190 1740 beneficium
1212 1676 1333 1740 nullum
1356 1685 1481 1751 extare,
1509 1676 1565 1740 sed
1588 1696 1630 1739 ne
1651 1676 1771 1741 lactum

414 1768 567 1851 equidem
597 1771 739 1834 omnino.
782 1766 856 1834 t02.
885 1770 971 1833 h'ihil
1001 1770 1110 1844 hahet,
1138 1770 1259 1854 inquit,
1282 1772 1414 1854 negotii.
1447 1770 1593 1835 Profecto
1615 1772 1773 1854 Epicurus

439 1862 530 1945 quasi
553 1866 644 1945 pueri
666 1864 794 1927 delicati
817 1864 898 1928 nihil
920 1865 1098 1928 cessatione
1119 1865 1233 1927 melius
1255 1866 1427 1928 existimat.
1469 1865 1632 1927 xxxvii.
1655 1866 1697 1926 At
1712 1864 1776 1948 ipsi

437 1962 544 2021 tamen
566 1961 673 2038 pueri,
696 1958 789 2021 etiam
813 1979 884 2020 cum
899 1968 1035 2033 cessant,
1058 1959 1287 2022 exercitatione
1302 1959 1409 2039 aliqua
1425 1958 1547 2021 ludicra
1561 1959 1775 2024 delectantur:

438 2048 533 2113 deum
562 2051 607 2113 sio
632 2050 779 2114 feriatum
801 2051 948 2114 volumus
979 2054 1156 2114 cessatione
1186 2060 1327 2136 torpere,
1361 2060 1410 2125 ut,
1442 2053 1470 2115 si
1497 2073 1532 2115 se
1554 2054 1776 2128 commoverit,

438 2162 604 2208 vereamur
625 2165 666 2208 ne
687 2147 804 2208 heatus
826 2166 896 2209 esse
911 2166 975 2208 nou
996 2146 1122 2229 possiti
1156 2144 1242 2207 llaec
1257 2146 1357 2209 oratio
1372 2165 1437 2207 non
1454 2146 1548 2210 modo
1563 2146 1643 2210 deos
1657 2148 1776 2230 spoliat

401 2245 526 2299 romntn
548 2244 582 2300 et
598 2238 724 2301 actione
739 2238 860 2312 diviua,
882 2238 938 2303 sed
954 2240 1049 2302 etiam
1065 2239 1213 2302 hominen
1228 2237 1338 2302 inertis
1352 2236 1463 2314 efficit,
1485 2241 1513 2302 si
1529 2240 1660 2324 quidem
1674 2261 1775 2325 agens

437 2331 560 2416 aliquid
582 2352 623 2396 ne
645 2332 724 2397 deus
745 2334 875 2415 quidem
896 2355 968 2398 esse
989 2330 1101 2396 heatus
1123 2341 1240 2415 potest.

523 2419 596 2488 403.
618 2427 733 2490 Verum
746 2428 787 2490 sit
801 2448 894 2502 saue,
918 2437 954 2491 ut
968 2426 1079 2499 vultis,
1103 2426 1182 2489 dens
1197 2422 1319 2509 efligies
1335 2427 1472 2489 hominis
1494 2436 1526 2490 et
1540 2428 1662 2509 imago:
1684 2428 1775 2511 quod

439 2518 509 2582 eius
531 2528 580 2583 est
600 2519 819 2585 domicilium?
849 2542 932 2605 quae
954 2522 1068 2585 sedcst
1099 2522 1154 2604 qui
1176 2521 1290 2582 loeusi
1312 2540 1394 2600 quae
1416 2519 1534 2584 deinde
1555 2522 1640 2584 actio
1663 2523 1774 2586 ritae?

439 2612 556 2696 quihus
577 2614 687 2690 rebus,
710 2614 742 2677 id
765 2615 852 2698 quod
875 2615 986 2690 vultis,
1008 2607 1118 2678 healus
1141 2617 1211 2676 esti
1234 2622 1341 2676 ntatru
1356 2614 1440 2676 enim
1456 2615 1522 2677 suis
1539 2615 1632 2679 honis
1646 2624 1777 2699 oportet

401 2712 472 2788 teet
492 2704 615 2769 fruatur
636 2708 692 2791 qui
722 2708 835 2772 heatus
856 2709 982 2772 iuturus
1004 2715 1061 2770 est.
1098 2710 1177 2770 Nem
1200 2708 1288 2770 locus
1311 2707 1442 2790 quidam
1463 2708 1504 2771 iis
1525 2709 1619 2771 etiam
1641 2710 1776 2789 naturis,

438 2818 522 2882 quae
544 2799 614 2864 sine
635 2801 749 2865 animis
771 2811 862 2877 suut,
884 2823 962 2866 suus
977 2812 1026 2866 est
1041 2804 1157 2886 cuique
1173 2802 1332 2884 proprius,
1354 2811 1388 2864 ut
1402 2812 1484 2865 terra
1500 2798 1643 2865 infimum
1658 2811 1777 2878 teneat,

437 2891 521 2957 banc
548 2894 683 2958 inundet
712 2915 811 2980 aqua,
848 2898 993 2978 superior
1020 2896 1157 2969 aetheri,
1192 2896 1321 2979 ignibus
1351 2896 1503 2959 altissima
1531 2915 1588 2958 ora
1613 2897 1776 2961 reddatur.

438 2988 615 3051 Bestiarum
637 2998 742 3054 autem
764 2999 909 3053 terrenae
932 3000 1005 3054 sunt
1026 2992 1126 3066 aliae,
1148 2992 1259 3075 partim
1282 2990 1457 3074 aquatiles,
1479 2990 1560 3053 aliae
1576 2990 1778 3073 quasianci·

439 3081 538 3164 pites,
570 3082 604 3145 in
637 3091 772 3167 utraque
804 3084 882 3147 sede
914 3086 1074 3160 viventes3
1108 3093 1182 3148 sunt
1210 3085 1365 3167 quaedam
1397 3084 1505 3157 etiam,
1529 3102 1612 3167 quae
1640 3086 1675 3146 io
1701 3085 1775 3167 igue

400 3174 526 3238 ”nasci
554 3185 705 3258 putentur
733 3186 972 3262 appareantque
1001 3178 1033 3241 iu
1058 3178 1247 3241 ardentibus
1269 3176 1452 3241 lomacihus
1473 3196 1570 3260 saepe
1593 3177 1774 3241 volitantes.

439 3263 510 3332 404.
534 3269 661 3346 Quaero
689 3272 786 3353 igitur
807 3282 911 3336 vester
932 3273 1010 3335 deus
1038 3273 1174 3355 primum
1197 3272 1250 3334 uhi
1273 3272 1409 3346 habitet;
1437 3272 1552 3334 deinde
1575 3290 1658 3353 quae
1680 3291 1776 3335 causa

438 3382 510 3428 euru
531 3364 603 3428 loco
626 3375 764 3439 moreat,
787 3366 813 3428 si
837 3367 932 3429 modo
955 3375 1098 3429 moretur
1111 3364 1300 3449 aliquando;
1322 3386 1428 3448 porro,
1444 3386 1515 3428 cum
1530 3364 1593 3427 hoe
1609 3366 1782 3448 proprium

438 3456 481 3520 sit
505 3458 729 3533 animantium,
755 3468 791 3521 ut
819 3460 940 3543 aliquid
969 3459 1135 3541 adpetant,
1164 3460 1250 3543 quod
1273 3461 1315 3522 sit
1337 3468 1468 3522 naturae
1489 3458 1776 3531 accommodatum,

439 3551 519 3615 deus
540 3552 617 3633 quid
639 3560 782 3635 appetat,
805 3553 845 3615 ad
868 3572 963 3635 quam
979 3553 1121 3636 denique
1143 3573 1209 3615 rem
1228 3563 1314 3617 motu
1330 3554 1445 3616 mentis
1461 3574 1498 3615 ac
1512 3555 1636 3616 ratione
1651 3560 1775 3626 utatur3

400 3654 612 3729 §postremo
635 3667 700 3730 quo
722 3645 817 3709 modo
840 3646 951 3709 heatus
973 3647 1030 3720 sit,
1053 3666 1118 3729 quo
1141 3646 1236 3708 modo
1252 3655 1409 3710 aeternus.
1440 3643 1601 3730 Quicquid
1617 3645 1703 3708 enim
1717 3645 1777 3707 ho·

438 3759 507 3802 rum
536 3741 695 3821 attigeris,
723 3740 814 3802 ulcus
842 3748 907 3802 est:
937 3741 978 3802 ita
1008 3741 1090 3802 male
1117 3740 1260 3803 instituta
1288 3742 1369 3803 ratio
1397 3742 1515 3805 exitum
1547 3739 1687 3822 reperire
1709 3759 1775 3803 nou

438 3841 554 3916 potest.
599 3829 671 3897 405.
701 3834 752 3896 Sic
779 3834 863 3896 enim
892 3833 1034 3907 dicebas,
1064 3835 1204 3915 speciem
1235 3832 1286 3895 dei
1317 3834 1438 3916 percipi
1461 3834 1674 3916 cogitatione,
1708 3854 1776 3896 nou

438 3946 546 4001 sensu,
562 3947 619 3989 nec
634 3947 704 3990 esse
720 3928 753 3989 iu
768 3947 805 3990 ea
820 3927 917 3989 ullam
933 3926 1123 3990 soliditatem
1140 3948 1246 4010 neque
1260 3928 1393 3990 eandem
1409 3928 1632 3991 adnumerum
1651 3947 1777 4009 perma-

439 4040 514 4084 nere
537 4040 670 4105 eamque
692 4042 763 4084 esse
786 4022 853 4085 eius
875 4021 1042 4093 visionem,
1066 4031 1100 4083 ut
1121 4021 1329 4084 similitudine
1351 4030 1383 4085 et
1405 4021 1593 4084 transitione
1616 4028 1776 4093 cernatur,

401 4126 543 4198 teneque
561 4113 686 4177 deficiat
707 4135 858 4198 umquam
874 4135 914 4176 ex
931 4115 1060 4177 infinitis
1076 4116 1263 4196 corporibus
1278 4116 1428 4179 similium
1445 4116 1595 4186 accessio,
1618 4134 1659 4177 ex
1673 4134 1776 4198 eoque

439 4205 506 4272 lieri
529 4219 563 4271 ut
586 4209 618 4270 in
641 4209 719 4271 haec
733 4210 853 4271 intenta
871 4228 960 4270 meus
976 4217 1082 4270 nostra
1098 4209 1221 4271 beatam
1238 4209 1324 4271 illam
1341 4219 1484 4271 naturam
1500 4216 1532 4270 et
1548 4209 1776 4290 sempiternam

438 4310 539 4384 putet.
572 4302 747 4365 XXXVlll.
766 4303 844 4375 lloc,
866 4322 923 4385 per
945 4302 1031 4385 ipsos
1047 4301 1135 4375 deos,
1151 4303 1190 4364 de
1207 4304 1323 4385 quihus
1339 4303 1508 4384 loquimur,
1532 4302 1627 4385 quale
1644 4301 1773 4363 tandem

439 4399 512 4458 esti
539 4397 617 4457 Nam
634 4397 662 4458 si
681 4405 798 4458 tautum
822 4396 915 4458 modo
938 4394 977 4458 ad
1000 4397 1220 4477 cogitationem
1239 4396 1343 4458 valent
1372 4415 1430 4457 nec
1445 4395 1564 4457 habent
1586 4396 1682 4458 ullam
1701 4396 1776 4459 soli-

438 4487 567 4552 ditatem
591 4509 649 4551 nec
662 4491 876 4561 eminentiam,
900 4488 976 4573 quid
993 4492 1133 4560 interest,
1156 4499 1257 4552 utrum
1275 4491 1313 4550 de
1331 4488 1581 4571 hippocentauro
1597 4510 1638 4551 an
1658 4486 1775 4553 dedeo

400 4584 636 4664 tteogitemusi
666 4602 792 4644 omnem
816 4584 900 4645 enirn
924 4583 1018 4645 talem
1041 4584 1321 4645 conformationem
1346 4584 1440 4645 animi
1464 4585 1560 4645 ceteri
1593 4582 1775 4665 philosophi

438 4687 559 4741 motum
583 4677 709 4738 inanem
728 4683 851 4749 vocant,
873 4698 928 4739 vos
944 4686 1048 4739 autem
1063 4676 1234 4739 adventum
1257 4677 1289 4738 iu
1310 4677 1433 4739 animos
1456 4685 1488 4739 et
1512 4677 1674 4739 introitum
1698 4678 1777 4739 ima-

439 4773 547 4855 ginum
575 4771 688 4833 dicitis.
738 4766 808 4832 406.
832 4772 869 4834 Ut
895 4772 942 4832 Ti.
968 4771 1145 4833 Gracchum
1172 4792 1244 4834 cunr
1267 4769 1376 4833 videor
1400 4771 1635 4833 contionantem
1661 4770 1694 4832 iu
1719 4770 1778 4833 Ca·

439 4865 552 4948 pitolio
570 4864 677 4927 videre
700 4862 945 4927 cemoeterio
969 4865 1165 4927 deferentem
1183 4865 1329 4936 sitellam,
1354 4872 1418 4925 tum
1443 4884 1514 4925 eum
1539 4871 1655 4925 motum
1679 4866 1777 4928 animi

441 4958 513 5020 dico
529 4978 599 5021 esse
615 4958 751 5034 inanem,
767 4967 801 5021 tu
817 4968 921 5021 autem
937 4968 969 5021 et
984 4957 1116 5020 Gracchi
1135 4966 1165 5020 et
1183 4956 1307 5019 Octavii
1323 4958 1476 5039 imagines
1494 4976 1669 5031 remanere,
1683 4978 1777 5039 quae,

507 5184 530 5232 l.
549 5183 590 5230 ille
606 5183 655 5232 ΑΒ
676 5208 702 5217 -
727 5196 757 5230 aa
773 5195 859 5230 morsu
876 5182 925 5231 ΑΕ
945 5208 972 5217 -
997 5183 1026 5231 de
1042 5182 1232 5230 hicaeemoaem
1251 5181 1269 5229 B
1289 5206 1316 5215 -
1342 5181 1365 5229 2.
1385 5180 1568 5228 crocodilorum
1584 5180 1661 5229 ΑΒΗ
1690 5194 1780 5229 croco-

440 5259 557 5308 diuorum
574 5255 663 5306 B'CE
682 5281 709 5291 -
733 5256 757 5307 3.
776 5257 931 5319 mostomii
953 5282 979 5292 -
1004 5259 1028 5305 b.
1048 5258 1172 5319 iuqetdA
1193 5282 1220 5292 -
1246 5255 1270 5304 0.
1288 5256 1349 5303 hoco
1365 5257 1469 5305 rotioC
1490 5282 1516 5291 -
1542 5254 1580 5303 ⁴2.
1601 5256 1669 5304 inter
1685 5255 1780 5318 emptos

440 5337 468 5383 et
483 5333 591 5380 bomims
607 5344 666 5394 sup.
687 5329 730 5379 lin.
749 5336 785 5380 est
801 5331 863 5380 add.
884 5332 915 5380 Ιιἱ
932 5355 958 5364 -
980 5332 1020 5379 43.
1039 5336 1062 5379 ct
1079 5344 1134 5380 orn.
1153 5327 1176 5379 ‘ll
1196 5355 1221 5363 -
1241 5331 1278 5378 his
1296 5331 1386 5378 ΑΒ·
1407 5331 1446 5379 ts.
1465 5331 1585 5389 cotesque
1602 5331 1621 5379 C
1638 5357 1664 5366 -
1684 5330 1725 5378 tt,
1737 5330 1780 5377 in-

439 5409 520 5457 undat
537 5408 585 5455 AB
602 5431 626 5441 —
646 5408 761 5467 superior
778 5407 872 5454 octbori
890 5406 1027 5455 Davisius:
1046 5406 1131 5467 superi
1145 5406 1230 5454 ociter
1241 5407 1276 5460 Α;
1294 5405 1378 5464 sapei
1390 5404 1484 5452 estheri
1495 5405 1528 5462 83
1548 5404 1632 5465 superi
1641 5404 1731 5453 etheris
1742 5405 1778 5460 (ῖς

439 5484 554 5545 superior
570 5481 637 5530 siber
654 5481 688 5537 E,
707 5483 822 5542 ιιιμσνιον
837 5482 894 5529 ocii
912 5482 1052 5538 Manutius,
1072 5483 1107 5537 0;
1125 5494 1200 5542 seper
1216 5492 1271 5527 eom
1288 5480 1336 5525 oti
1352 5479 1383 5525 stt
1400 5477 1553 5539 Madvigius.
1576 5505 1602 5514 -
1621 5480 1662 5527 48.
1682 5485 1780 5528 teneas

440 5564 475 5617 Α,
498 5568 613 5606 terrem
635 5558 654 5605 B
680 5584 708 5593 -
735 5559 784 5606 sint
806 5558 855 5606 ΑΒ
876 5581 903 5593 -
926 5557 966 5604 49.
986 5558 1081 5606 ostiam
1098 5557 1147 5605 ΑΒ
1168 5581 1195 5591 -
1219 5556 1246 5604 iu
1264 5554 1401 5602 Davisius:
1430 5566 1484 5602 om.
1503 5550 1555 5603 410
1578 5579 1606 5589 -
1633 5553 1687 5616 iqui
1709 5553 1729 5602 0
1749 5579 1777 5588 -

439 5635 480 5683 tt.
498 5647 577 5696 porro
595 5632 781 5683 lleindorflus:
799 5637 923 5693 postremo
940 5629 963 5682 ll
982 5658 1008 5667 -
1029 5630 1069 5680 23.
1089 5632 1179 5691 aliquit
1196 5630 1244 5679 BE
1259 5653 1284 5663 ·-
1306 5630 1495 5677 accomodatum
1512 5629 1602 5679 ΑΕ-
1616 5628 1658 5678 hi.
1671 5630 1780 5678 rationis

440 5706 463 5760 ll
484 5734 510 5745 -
529 5707 569 5757 26.
588 5708 706 5771 odtiqm't
723 5711 753 5764 Α,
772 5707 883 5768 ottiqcrit
900 5706 979 5755 BCE
999 5733 1025 5742 -
1044 5707 1081 5753 itu
1101 5708 1125 5754 in
1145 5718 1196 5753 ras.
1211 5708 1229 5753 Α
1251 5729 1278 5739 -
1297 5703 1338 5752 29.
1356 5705 1534 5753 simettitudine
1550 5704 1598 5754 ΑΒ
1619 5728 1646 5737 -
1665 5701 1706 5752 30.
1720 5717 1780 5752 um-

440 5796 517 5845 quem
534 5797 604 5833 corr.
623 5796 656 5833 ex
673 5795 812 5843 numquam
829 5783 851 5830 Α
869 5805 895 5815 -
922 5779 962 5830 33.
981 5780 1166 5829 allambebant
1183 5781 1202 5829 0
1223 5806 1250 5816 -
1274 5780 1315 5829 35.
1333 5781 1545 5844 contristationem
1563 5780 1612 5829 ΑΒ
1633 5805 1659 5815 -
1686 5778 1727 5828 37.
1748 5782 1779 5831 Ut

442 5857 603 5922 Madvigius:
622 5863 650 5907 ist
666 5858 744 5922 iqiter
761 5854 822 5907 040.
843 5854 908 5904 Vide
925 5855 959 5904 ad
977 5869 1003 5919 p.
1023 5856 1080 5916 397,
1099 5857 1123 5904 t.
1144 5880 1171 5890 -
1193 5854 1238 5918 Ti]
1256 5857 1329 5905 tamn
1346 5852 1369 5906 04
1386 5882 1419 5893 -
1434 5855 1567 5904 cruccbnm
1584 5858 1605 5905 Α
1624 5880 1650 5892 -
1669 5854 1710 5905 38.
1729 5855 1777 5921 lt]

441 5946 528 5982 marco
545 5930 568 5983 e
583 5958 607 5970 -
627 5931 804 5996 reserentemc
818 5955 845 5967 —
861 5928 902 5979 39.
914 5928 950 5995 ta]
962 5930 1081 5989 amn&
1095 5942 1153 5981 curn
1164 5930 1199 5991 C;
1212 5936 1295 5981 tomes
1307 5932 1364 5997 (per
1381 5928 1569 5997 compendii:
1584 5955 1610 5967 -
1627 5932 1712 5982 octost
1723 5932 1776 5985 ΑΒ.
