4342 7459
450 1269 492 1334 98
743 1274 797 1340 DE
818 1273 973 1339 FlNlBUS
995 1272 1194 1339 RONORUM
1215 1272 1267 1338 ET
1289 1271 1490 1338 ustuanti

449 1442 635 1526 intellegere
656 1444 786 1527 quidem
807 1466 842 1510 se
863 1466 970 1528 posse,
1000 1446 1055 1508 ubi
1077 1446 1119 1508 sit
1140 1451 1195 1508 aut
1217 1443 1305 1528 quod
1326 1443 1368 1506 sit
1388 1441 1488 1505 ullum
1510 1441 1629 1505 bouum
1648 1448 1777 1524 praeter

449 1539 545 1613 illud,
568 1539 655 1621 quod
678 1540 747 1603 cibo
770 1548 802 1603 et
823 1541 953 1623 potione
976 1548 1007 1602 et
1028 1540 1150 1601 aurium
1174 1538 1384 1600 delectatione
1406 1542 1438 1599 et
1460 1536 1596 1598 obscena
1610 1533 1776 1616 voluptate

450 1634 601 1716 capiatur.
637 1635 686 1695 An
707 1634 786 1697 baec
808 1636 847 1696 ab
870 1655 908 1697 eo
930 1649 994 1697 nou
1017 1634 1188 1697 dicuntur?
1212 1632 1310 1708 Quasi
1333 1651 1408 1694 vero
1431 1650 1482 1694 me
1502 1629 1637 1713 pudeat,
1658 1630 1777 1711 inquit,

448 1728 596 1800 istorum,
618 1735 673 1789 aut
693 1748 759 1792 non
781 1730 918 1811 possim,
943 1749 1037 1812 quem
1059 1728 1100 1790 ad
1123 1726 1252 1791 modum
1267 1746 1304 1788 ea
1320 1726 1475 1799 dieantur,
1499 1723 1683 1787 ostenderet
1705 1723 1776 1805 Ego

426 1827 524 1883 ivero
545 1840 611 1883 non
640 1821 770 1897 dubito,
797 1822 945 1905 iuquam,
976 1823 1054 1905 quia
1074 1821 1168 1884 facile
1191 1820 1311 1903 possis,
1341 1839 1400 1882 nec
1423 1817 1580 1901 estquod
1603 1826 1634 1881 te
1657 1815 1779 1900 pudeat

449 1915 585 1998 sapienti
606 1915 762 1989 assentiri,
785 1917 839 1998 qui
861 1936 895 1978 se
916 1936 1008 1989 unus,
1032 1914 1120 1998 quod
1136 1915 1243 1986 sciam,
1265 1914 1439 1995 sapientem
1455 1907 1595 1995 profiteri
1610 1911 1653 1973 sit
1666 1929 1776 1974 ausus.

448 2010 526 2071 Nam
548 2008 762 2071 Metrodorum
784 2029 850 2072 uon
871 2018 948 2093 puto
970 2010 1073 2091 ipsum
1096 2007 1291 2091 professum,
1313 2007 1384 2080 sed,
1406 2028 1478 2070 cum
1500 2004 1715 2089 appellaretur
1735 2004 1777 2067 ab

447 2102 600 2185 Epicuro,
628 2102 797 2185 repudiare
826 2110 946 2165 tantum
968 2102 1157 2165 beneficium
1178 2100 1337 2175 noluisse;
1369 2108 1490 2182 septem
1512 2107 1618 2164 autem
1639 2099 1688 2163 illi
1709 2119 1777 2162 non

447 2215 523 2271 suo,
553 2196 609 2260 sed
636 2196 828 2280 populorum
857 2196 1005 2277 suffragio
1036 2197 1176 2259 omnium
1204 2193 1359 2257 nominati
1390 2200 1474 2256 sunt.
1517 2190 1548 2256 8.
1570 2194 1688 2257 Verum
1711 2193 1776 2256 boc

410 2288 517 2353 ⁴⁰loco
549 2309 639 2353 sumo
677 2289 782 2352 verbis
815 2289 866 2353 bis
896 2289 1028 2353 eandem
1066 2299 1150 2352 certe
1178 2289 1242 2352 vim
1272 2287 1446 2369 voluptatis
1475 2286 1646 2369 Epicurum
1678 2306 1776 2350 nosse

446 2404 541 2466 quam
575 2389 712 2459 ceteros3
746 2403 856 2447 omnes
888 2384 971 2446 enim
1004 2368 1173 2446 iucundum
1203 2389 1337 2454 motum,
1372 2401 1436 2465 quo
1468 2400 1580 2444 sensus
1609 2379 1774 2455 hilaretur,

446 2477 565 2540 Graece
578 2470 710 2558 ἡδονήν,
732 2477 845 2539 Latine
861 2476 1092 2559 voluptatem
1111 2483 1233 2538 vocant.
1267 2474 1352 2550 Quid
1367 2482 1416 2539 est
1433 2475 1539 2557 igitur,
1554 2474 1668 2557 inquit,
1684 2473 1774 2557 quod

445 2571 609 2653 requireri
631 2570 758 2643 Dicam,
779 2570 925 2654 inquam,
948 2579 980 2633 et
1001 2569 1132 2653 quidem
1156 2568 1298 2631 discendi
1321 2588 1416 2631 causa
1435 2568 1535 2650 magis
1550 2587 1643 2651 quam
1661 2586 1727 2651 quo
1741 2574 1774 2629 te

444 2670 499 2724 aut
520 2663 691 2744 Epicurum
706 2683 889 2746 reprensum
904 2664 1009 2727 velim.
1042 2664 1109 2744 ligo
1126 2682 1265 2746 quoque,
1288 2662 1402 2745 inquit,
1425 2662 1590 2724 didicerim
1609 2660 1773 2734 libentius,

407 2756 471 2818 issi
494 2756 572 2838 quid
594 2757 754 2833 attuleris,
775 2777 871 2841 quam
894 2762 924 2820 te
946 2757 1172 2839 reprenderim.
1215 2758 1360 2819 Tenesne
1382 2756 1496 2838 igitur,
1521 2757 1668 2838 inquam,
1695 2754 1774 2817 llic-

443 2868 594 2933 rouymus
627 2850 766 2914 Rhodius
797 2851 874 2934 quid
904 2851 987 2913 dicat
1016 2870 1085 2913 esse
1116 2870 1270 2913 summum
1297 2851 1433 2924 bonum,
1467 2869 1531 2933 quo
1553 2856 1644 2933 putet
1666 2848 1774 2911 omnia

442 2943 553 3007 referri
583 2947 752 3027 oporteret
783 2945 906 3020 Teneo,
937 2946 1055 3027 iuquit,
1085 2942 1179 3007 linem
1209 2944 1258 3006 illi
1281 2942 1380 3006 videri
1403 2943 1483 3006 nibil
1505 2944 1624 3007 dolere.
1661 2941 1773 3018 Quint

442 3037 527 3099 idem
548 3038 626 3113 iste,
647 3038 794 3122 inquam,
817 3039 856 3101 de
878 3038 1039 3120 voluptate
1056 3038 1133 3121 quid
1157 3040 1273 3101 sentit?
1306 3035 1335 3099 9.
1355 3039 1455 3120 Negat
1469 3057 1538 3100 esse
1554 3057 1633 3112 eam,
1654 3037 1772 3119 inquit,

440 3138 570 3214 propter
595 3151 629 3195 se
658 3131 879 3215 expetendam.
922 3134 1014 3194 Aliud
1045 3133 1142 3214 igitur
1174 3152 1244 3195 esse
1271 3139 1380 3195 censet
1407 3130 1560 3213 gaudere,
1588 3130 1676 3194 aliud
1705 3149 1771 3192 non

402 3223 561 3288 indolere.
596 3226 636 3288 Et
658 3227 802 3309 quidem,
824 3227 938 3310 inquit,
960 3226 1164 3289 vehementer
1186 3234 1283 3301 errat3
1306 3245 1390 3301 nam,
1411 3234 1447 3286 ut
1465 3223 1560 3307 paulo
1576 3230 1648 3287 aute
1664 3222 1772 3298 docui,

441 3318 605 3399 augendae
626 3320 799 3402 voluptatis
821 3317 893 3383 linis
915 3329 964 3383 est
986 3320 1105 3383 doloris
1124 3321 1227 3383 omnis
1242 3320 1368 3383 amotio.
1401 3321 1471 3381 Non
1486 3318 1606 3391 dolere,
1627 3318 1772 3400 inquam,

440 3411 525 3473 istud
548 3432 643 3494 quam
665 3415 729 3476 vim
751 3413 882 3487 babeat,
904 3422 1016 3495 postea
1038 3413 1165 3477 videro:
1193 3414 1288 3476 aliam
1311 3432 1386 3475 vero
1409 3413 1471 3475 viru
1493 3409 1666 3494 voluptatis
1688 3429 1771 3483 esse,

440 3503 533 3565 aliam
562 3506 643 3568 nihil
670 3505 815 3580 dolendi,
846 3507 907 3571 uisi
935 3507 1027 3569 valde
1056 3508 1206 3589 pertinax
1227 3506 1340 3579 fueris,
1372 3505 1530 3569 concedas
1556 3524 1688 3568 necesse
1711 3514 1770 3567 est.

438 3598 535 3679 Atqui
557 3598 711 3683 reperies,
734 3600 854 3682 inquit,
876 3600 909 3661 iu
931 3600 993 3662 boc
1008 3600 1137 3683 quidem
1155 3601 1368 3683 pertinacem
1391 3599 1452 3662 dici
1469 3599 1552 3662 enim
1567 3598 1649 3661 nibil
1663 3602 1771 3681 potest

401 3690 556 3753 severius.
591 3693 688 3754 lisine
712 3712 843 3775 quaeso,
865 3693 1008 3776 inquam,
1031 3694 1153 3756 sitienti
1173 3694 1206 3756 iu
1229 3693 1366 3756 bibendo
1388 3693 1558 3774 voluptas?
1581 3690 1661 3765 Quis
1682 3689 1770 3753 istud

439 3785 556 3864 possit,
578 3784 697 3868 inquit,
720 3789 857 3867 negaret
879 3787 1050 3861 Eademne,
1072 3808 1153 3870 quae
1175 3789 1327 3850 restincta
1341 3787 1417 3849 sitit
1439 3788 1538 3849 lmmo
1553 3785 1617 3848 alio
1632 3804 1770 3867 genere3

438 3876 588 3940 restincta
610 3878 695 3941 euim
716 3880 785 3942 sitis
808 3881 1008 3943 stabilitatem
1030 3881 1203 3963 voluptatis
1225 3881 1337 3953 babet,
1360 3880 1479 3963 iuquit,
1506 3879 1563 3942 illa
1583 3885 1690 3942 autem
1711 3897 1771 3941 vo·

438 3968 543 4052 luptas
565 3972 665 4054 ipsius
687 3973 898 4037 restinctionis
920 3976 953 4038 iu
976 3982 1062 4037 motu
1085 3982 1143 4036 est.
1177 3974 1239 4037 Cur
1259 3974 1368 4055 igitur,
1390 3975 1536 4056 inquam,
1558 3991 1610 4036 res
1624 3979 1690 4034 tam
1704 3970 1772 4034 dis-

439 4062 552 4127 similis
574 4063 687 4129 eodem
709 4068 837 4130 nomine
859 4067 1023 4150 appellas?
1059 4062 1110 4130 l0.
1135 4068 1220 4142 Quid
1244 4067 1339 4151 paulo
1361 4074 1450 4139 antc,
1479 4066 1599 4150 inquit,
1622 4064 1771 4140 dixerim,

399 4174 545 4220 nnonue
567 4160 757 4236 meministi,
779 4183 849 4225 cum
872 4162 974 4224 omnis
997 4161 1089 4224 dolor
1111 4160 1269 4223 detractus
1293 4169 1395 4233 esset,
1418 4160 1549 4233 variari,
1571 4179 1636 4222 non
1659 4158 1769 4241 augeri

438 4250 657 4333 voluptatem?
683 4255 812 4317 Memini
834 4275 919 4329 vero,
943 4256 1085 4338 inquam.
1124 4255 1187 4317 Sed
1208 4262 1241 4317 tu
1263 4255 1346 4318 istuc
1369 4253 1449 4316 dixti
1472 4253 1554 4316 bene
1569 4253 1690 4327 Latine,
1713 4273 1772 4336 pa-

438 4365 508 4407 rum
530 4346 643 4428 plaue;
665 4348 853 4411 varietas
876 4350 960 4411 enim
983 4350 1132 4412 Latinum
1154 4349 1283 4412 verbum
1300 4357 1358 4421 est,
1380 4347 1479 4431 idque
1492 4346 1622 4431 proprie
1637 4346 1770 4430 quidem

438 4438 472 4500 in
500 4439 678 4522 disparibus
709 4441 867 4504 coloribus
896 4442 1027 4517 dieitur,
1054 4443 1111 4506 sed
1138 4442 1324 4506 transfertur
1345 4443 1378 4505 iu
1401 4442 1500 4505 multa
1523 4441 1680 4526 disparia:
1709 4459 1772 4504 va-

439 4532 539 4596 rium
569 4553 697 4616 poema,
729 4536 841 4598 varia
868 4538 984 4611 oratio,
1016 4538 1121 4600 varii
1155 4556 1277 4612 mores,
1309 4537 1423 4599 varia
1444 4535 1589 4611 fortuua3
1621 4532 1771 4617 voluptas

400 4628 535 4691 raetiam
557 4629 675 4693 varia
696 4627 761 4692 dici
782 4629 882 4705 solet,
905 4650 976 4693 eum
998 4632 1169 4714 percipitur
1192 4649 1210 4692 e
1232 4630 1339 4694 multis
1361 4628 1570 4694 dissimilibus
1591 4627 1687 4693 rebus
1707 4627 1772 4691 dis·

505 4919 530 4967 4.
550 4917 649 4979 quom
665 4930 760 4968 nom.
779 4918 849 4967 s-
866 4919 1771 4983 maerensmaeren-2.etpcttcsea13:cutpottcaoo

441 5016 468 5028 -
488 4996 511 5042 et
527 4992 637 5055 nummo]
655 4996 678 5041 et
694 4994 753 5040 ouri
770 4992 804 5050 Β;
823 4997 868 5040 out
885 4993 980 5042 curili
998 5019 1025 5029 -
1046 4992 1070 5044 l.
1087 4994 1187 5058 panim]
1203 5000 1306 5057 possunt
1323 4998 1353 5044 A¹
1373 5022 1399 5030 -
1418 4994 1457 5058 aa]
1475 4995 1524 5042 isto
1540 4994 1560 5043 Β
1574 5021 1602 5031 -
1621 4996 1646 5046 6.
1664 4996 1773 5058 sopiemi

439 5080 493 5116 om.
511 5068 591 5117 A1-
611 5068 636 5118 8.
655 5065 874 5130 beneosflciomss
898 5094 925 5103 -
948 5069 1055 5119 ooluine
1071 5067 1101 5120 ΑΙ
1121 5097 1148 5106 -
1173 5071 1196 5120 9.
1218 5072 1458 5122 Verum==cocout
1479 5069 1562 5119 habet
1582 5070 1682 5120 Nonius
1700 5072 1772 5122 blar-

439 5140 521 5192 cellus
539 5156 565 5205 p.
585 5142 647 5202 itt,
669 5144 758 5193 Verum
768 5169 806 5181 --
816 5143 951 5206 uoluptatis
968 5144 1039 5196 idem
1061 5158 1088 5209 p.
1107 5146 1164 5195 396,
1186 5174 1212 5183 -
1242 5149 1282 5196 tu.
1300 5145 1389 5210 umba]
1406 5147 1437 5195 de
1451 5145 1533 5196 verbis
1549 5146 1648 5197 Nouius
1664 5158 1691 5209 p.
1710 5145 1770 5196 396.

440 5242 468 5253 -
487 5228 558 5266 nosse
574 5217 640 5266 ts:
658 5232 708 5268 aori
723 5232 794 5268 nosse
811 5220 923 5276 Nouius:
942 5226 1040 5270 uotam
1056 5234 1119 5270 cum
1131 5222 1234 5271 Davisio
1247 5223 1267 5271 0
1280 5247 1307 5258 -
1329 5223 1369 5271 tt.
1387 5222 1510 5271 nitardus
1524 5222 1637 5271 Nonius:
1655 5220 1773 5270 immor

438 5293 534 5349 ABC;
552 5293 697 5343 titillaretur
712 5294 799 5356 Btalre)
818 5295 843 5343 in
861 5296 988 5345 binemus.
1008 5297 1044 5353 ll,
1062 5309 1089 5359 p.
1108 5294 1165 5346 443.
1181 5322 1207 5331 -
1229 5297 1268 5345 ti.
1287 5292 1403 5360 ἡδονήν]
1421 5296 1616 5354 ieiunanti&
1633 5296 1772 5345 bodonem

440 5366 517 5417 codd.
531 5368 606 5417 Nonii
619 5392 646 5403 —
667 5367 707 5415 43.
720 5368 819 5429 cnidon
831 5381 884 5418 om.
899 5370 918 5418 Β
932 5397 959 5406 -
979 5368 1018 5420 tl.
1031 5384 1162 5432 repensum
1173 5373 1204 5421 ΑΙ
1219 5398 1246 5407 -
1266 5373 1305 5421 ts.
1324 5370 1560 5435 ianuamianuaim
1573 5395 1601 5407 —
1619 5371 1773 5421 bieroutw

440 5443 489 5492 ΑΒ
509 5467 536 5477 -
557 5442 596 5492 46.
615 5441 675 5503 crau
691 5442 725 5490 B:
744 5443 810 5504 quod
826 5444 877 5492 ΑΟ
897 5469 924 5477 -
949 5444 1039 5494 bonum
1055 5458 1179 5495 maiarum
1197 5446 1214 5495 Β
1235 5473 1261 5481 -
1288 5446 1327 5496 48.
1346 5448 1452 5507 inquom
1468 5446 1532 5496 AB:
1550 5457 1604 5495 om.
1624 5445 1644 5495 0
1664 5471 1689 5484 ·-
1711 5446 1772 5507 quid

440 5530 494 5567 om.
513 5519 533 5567 Β
553 5544 580 5554 -
600 5517 640 5566 49.
658 5517 763 5565 senti:
781 5518 902 5579 stipem
919 5520 939 5568 0
955 5521 1047 5570 -20.
1065 5521 1098 5569 lit
1115 5520 1221 5584 quiden}
1239 5522 1351 5583 esaim
1367 5522 1428 5570 Β-
1447 5520 1489 5571 23.
1508 5519 1772 5571 atiomaibil--ne-

440 5604 505 5642 cesse
526 5597 561 5642 eit
581 5604 635 5643 om.
654 5593 673 5641 Β
690 5618 723 5627 -
748 5592 789 5641 26.
815 5592 881 5641 istud
897 5594 931 5641 t:
955 5596 1004 5643 isto
1022 5595 1072 5645 ΒΟ
1092 5618 1119 5632 -
1146 5596 1187 5645 26.
1204 5598 1293 5658 point,
1312 5596 1393 5659 iuquit
1408 5598 1446 5646 A:
1472 5595 1561 5658 iacnt,
1575 5594 1655 5657 poeni
1670 5594 1769 5652 uum

441 5667 522 5728 inquit
538 5679 590 5716 om.
605 5667 669 5716 E-
685 5668 803 5716 eodemne
818 5664 862 5716 A2:
881 5669 996 5736 isdemne
1007 5667 1052 5728 ΑΗ
1071 5672 1153 5719 eedem
1169 5683 1199 5718 ne
1215 5671 1234 5717 Β
1248 5696 1275 5705 -
1296 5671 1434 5733 peceati:
1453 5671 1570 5732 inquom,
1589 5668 1700 5731 queem
1720 5667 1771 5733 [ia-

442 5741 537 5805 quom‚]
555 5755 620 5802 quoe
636 5743 660 5793 bl
679 5768 707 5778 -
725 5741 774 5804 riti]
791 5743 857 5790 enim
872 5744 925 5791 sitis
941 5742 983 5802 13¹,
1002 5746 1067 5793 enini
1083 5746 1125 5793 siti
1142 5742 1171 5793 B²
1187 5771 1220 5781 -
1236 5746 1277 5795 ti.
1296 5746 1376 5807 smne
1392 5746 1428 5796 A:
1448 5746 1569 5797 urnii!
1589 5770 1617 5781 -
1635 5744 1677 5795 28.
1696 5744 1771 5794 dissi-

442 5815 516 5879 milis]
534 5817 644 5878 difficiles
660 5816 690 5866 44ι
709 5843 736 5853 -
759 5815 801 5866 89.
822 5818 894 5881 Quid]
912 5820 978 5879 Quia
994 5821 1013 5870 B
1032 5845 1060 5855 -
1080 5820 1121 5870 34.
1140 5819 1213 5883 dieti]
1232 5820 1270 5869 Cl.
1290 5833 1338 5883 pro
1353 5822 1465 5870 Caecina
1483 5819 1498 5884 5
1515 5820 1556 5870 86.
1575 5820 1662 5870 Etiam
1673 5819 1721 5883 Ep.
1734 5818 1769 5869 ad

444 5892 495 5940 Ati.
514 5889 545 5950 V,
564 5891 588 5949 9,
606 5893 631 5941 2.
650 5892 709 5942 cod.
728 5891 863 5943 llediceus
880 5893 988 5943 exbibet
1007 5896 1133 5957 noeripsti
1155 5922 1188 5932 -
1209 5895 1249 5944 39.
1266 5894 1350 5957 plone]
1365 5896 1437 5958 pierre
1452 5893 1484 5945 A¹
1503 5921 1530 5932 -
1548 5892 1589 5945 33.
1607 5892 1769 5945 οαὶοήὸωΒ

448 5992 475 6001 -
496 5964 536 6015 34.
551 5968 650 6032 poento]
664 5981 734 6038 peno
749 5965 780 6017 Α*
798 5995 825 6006 -
845 5969 886 6019 36.
905 5970 1029 6020 denariis
1045 5973 1080 6021 A:
1100 5970 1227 6023 duomilet
1243 5970 1306 6033 BC,
1324 5970 1476 6023 dissimiliter
1491 5970 1521 6022 0.
