4342 7459
770 1219 838 1285 aa.
861 1221 915 1285 44.
942 1220 1016 1286 cr».
1038 1223 1173 1287 n-rr.
1198 1220 1245 1309 ss
1267 1220 1371 1289 s-r.
1680 1222 1743 1289 aas

414 1377 511 1445 secuti
533 1387 618 1444 sunt.
650 1376 681 1443 6.
704 1380 814 1463 ltaque
837 1381 924 1445 illius
947 1401 1040 1446 verae
1061 1382 1280 1468 elegantisque
1295 1382 1533 1467 philosophiae,
1555 1404 1637 1470 quae
1651 1384 1744 1449 ducta

415 1492 434 1538 a
454 1473 585 1538 Socrate
605 1473 639 1536 in
661 1474 879 1558 Peripateticis
901 1475 1005 1540 adbuc
1028 1477 1203 1560 permansit
1223 1485 1255 1541 et
1276 1474 1362 1542 idem
1378 1476 1442 1541 alio
1457 1478 1552 1542 modo
1568 1479 1744 1544 dicentibus

416 1566 545 1641 Stoicis,
567 1587 639 1632 cum
659 1566 842 1633 Academici
863 1588 971 1634 eorum
994 1573 1224 1636 conuoversias
1239 1570 1467 1655 disceptarent,
1488 1572 1576 1638 nulla
1591 1572 1658 1637 iere
1672 1579 1746 1637 sunt

415 1668 468 1725 aot
488 1680 593 1745 pauca
613 1660 785 1727 admodum
806 1662 918 1727 Latina
933 1674 1138 1730 monumenta
1152 1666 1219 1729 sive
1232 1674 1364 1748 propter
1375 1664 1624 1750 magnitudinem
1639 1685 1746 1729 rerum

416 1756 720 1841 occupationemque
741 1755 922 1833 bominum,
952 1758 1019 1822 sive
1041 1760 1135 1823 etiarn
1158 1761 1244 1844 quod
1266 1759 1422 1843 imperitis
1444 1779 1482 1823 aa
1503 1760 1630 1843 probari
1653 1769 1770 1843 posset

416 1866 479 1910 non
499 1848 756 1915 arbitrabantur:
780 1871 852 1915 curn
867 1852 993 1917 interim
1009 1852 1072 1915 illis
1088 1852 1253 1917 silentibus
1271 1852 1305 1916 C.
1320 1852 1496 1917 Amafinius
1510 1854 1613 1918 extitit
1627 1851 1746 1927 dicens,

416 1941 506 2006 enias
535 1941 625 2007 libris
654 1944 748 2009 editis
779 1955 935 2010 commota
964 1947 1135 2011 multitudo
1164 1946 1297 2011 contulit
1326 1968 1361 2012 se
1389 1947 1430 2010 ed
1452 1967 1522 2011 earn
1549 1947 1747 2031 potissimum

414 2031 633 2121 disciplinam,
661 2038 730 2103 sive
758 2037 846 2123 quod
876 2047 944 2103 erat
971 2041 1099 2123 cognitu
1126 2038 1303 2125 perfacilis,
1331 2040 1399 2105 sire
1422 2040 1509 2127 quod
1531 2040 1747 2104 invitabantur

414 2128 581 2195 inlecebris
602 2131 728 2196 blandis
743 2131 921 2217 voluptatis,
944 2133 1011 2197 sive
1033 2135 1142 2211 etiam,
1165 2135 1240 2219 quia
1262 2134 1339 2197 nibil
1360 2142 1428 2197 erat
1448 2134 1604 2218 prolatum
1623 2133 1748 2208 melius,

414 2222 508 2300 illud,
537 2226 625 2312 quod
652 2234 737 2303 erat,
770 2227 932 2291 tenebant.
952 2248 957 2259 ·
975 2223 1005 2289 7.
1027 2229 1104 2292 Post
1132 2225 1321 2292 Amafinium
1351 2234 1455 2292 antem
1484 2228 1575 2293 multi
1604 2225 1746 2291 eiusdem
1756 2239 1785 2286 44

414 2318 531 2383 aemuli
550 2320 679 2384 rationis
694 2319 792 2383 multa
808 2338 880 2383 cum
895 2320 1111 2403 scripsissent,
1133 2322 1255 2386 ltaliam
1273 2330 1371 2386 tetam
1386 2330 1631 2405 occupaverunt,
1645 2317 1748 2403 quod·

415 2430 476 2495 que
509 2431 693 2478 maxumum
725 2419 946 2498 argumentum
973 2421 1022 2478 est
1050 2434 1115 2479 non
1145 2416 1206 2480 dici
1236 2415 1290 2479 illa
1318 2414 1488 2491 subtiliter,
1521 2415 1746 2501 quodetiam

413 2503 505 2569 444444
527 2505 710 2571 ediscantur
730 2515 763 2572 et
784 2504 825 2571 ab
848 2506 985 2573 indoctis
1006 2506 1196 2593 probentur,
1225 2508 1259 2574 id
1279 2508 1327 2572 illi
1350 2505 1578 2574 firmamentum
1599 2528 1669 2573 esse
1684 2507 1748 2571 dis-

415 2598 553 2684 ciplima
575 2609 697 2685 putant.

498 2694 551 2757 lV.
581 2695 645 2760 Sed
676 2694 826 2761 defendat
854 2696 941 2781 qnod
969 2698 1106 2783 quisquc
1135 2697 1250 2774 sentit;
1280 2705 1355 2762 sunt
1382 2698 1466 2763 enim
1493 2696 1608 2762 indicia
1629 2697 1786 2761 liberarit

415 2807 472 2853 aas
499 2789 679 2855 institutum
708 2791 885 2856 tenebimus
916 2790 1075 2876 nullisque
1104 2791 1199 2856 unius
1225 2790 1415 2875 disciplinae
1443 2789 1568 2875 legibus
1589 2788 1746 2863 adstricti,

478 3054 795 3119 3.44444444444444.44
817 3057 1072 3121 disceptamutii-
1096 3057 1745 3125 l.aut]aeC-b.lamiaam]omoiamc-

414 3129 439 3180 4.
457 3130 586 3194 4444444444
601 3131 628 3181 b.
647 3128 664 3181 i.
684 3132 746 3188 uie
772 3132 920 3195 4444444444
936 3134 966 3183 0.
991 3133 1056 3183 Vide
1073 3132 1107 3182 ad
1125 3146 1151 3198 p.
1164 3133 1205 3195 07,
1219 3134 1260 3184 49.
1280 3160 1307 3169 -
1334 3134 1405 3184 svor
1423 3135 1506 3184 444444
1522 3134 1643 3185 fortassis
1660 3132 1744 3184 aliena

414 3208 455 3255 esi
471 3207 499 3255 et
515 3204 579 3255 ioris
595 3206 741 3269 44444444.»
760 3219 843 3271 marg.
862 3208 955 3258 lamb.
975 3233 1002 3245 -
1027 3210 1051 3259 7.
1069 3221 1127 3260 eam
1144 3208 1208 3258 GB:
1230 3208 1316 3259 eadem
1333 3209 1367 3268 a;
1391 3208 1495 3259 4444444
1511 3208 1546 3259 0.
1572 3207 1611 3259 Ct.
1631 3208 1652 3255 V
1669 3206 1684 3270 9
1702 3207 1743 3258 et.

413 3278 438 3330 8.
454 3280 629 3330 manantur
644 3278 770 3331 wolfius:
788 3283 947 3332 maimbatur
963 3283 997 3339 C:
1015 3283 1143 3334 incitabat
1158 3285 1186 3334 P.
1199 3283 1331 3333 Victorias
1348 3283 1381 3345 (v.
1397 3283 1450 3333 Get.
1462 3284 1524 3334 Aes.
1539 3284 1564 3333 d.
1578 3282 1663 3343 44444.
1676 3281 1745 3332 444-

413 3354 491 3405 444444
508 3360 582 3405 ieie.
601 3368 627 3420 p.
640 3353 707 3416 344).
726 3353 765 3407 Ct.
784 3355 818 3407 de
836 3357 920 3407 Vinib.
939 3359 948 3407 l
966 3357 981 3421 5
998 3359 1039 3409 444.
1059 3385 1086 3396 -
1106 3360 1131 3410 0.
1150 3358 1256 3409 4444444
1272 3358 1306 3409 0.
1331 3358 1389 3409 «Sic
1407 3358 1433 3419 (i.
1453 3371 1478 3408 e.
1498 3356 1654 3417 inlecebris,
1677 3370 1745 3421 quas

413 3428 535 3494 uoluptas
559 3428 693 3480 blanditiis
718 3430 772 3480 saia
793 3429 915 3492 adhibet)
939 3432 1074 3494 Ciceroni,
1101 3434 1123 3485 si
1146 3434 1296 3484 accuratius
1319 3431 1495 3497 subtiliusque
1517 3432 1637 3484 scribere
1655 3431 1743 3493 uellet,

413 3502 586 3555 scribendam
603 3504 665 3560 init;
689 3517 751 3555 nam
768 3503 890 3570 voluptas
911 3505 1035 3559 sensibus
1052 3508 1188 3559 blanditur
1204 3522 1291 3573 eoquo
1309 3509 1431 3560 homines
1448 3508 1483 3559 ad
1500 3522 1530 3560 se
1547 3506 1633 3569 illicit;
1657 3508 1690 3558 ct.
1709 3507 1744 3558 de

413 3577 484 3629 Vino.
502 3580 523 3640 l,
541 3577 588 3629 33:
606 3578 733 3629 4444444444
747 3580 906 3642 uoluptatem
922 3581 1022 3632 44444444
1038 3589 1114 3646 atquc
1130 3588 1244 3648 casespti
1261 3584 1301 3650 (=
1315 3585 1415 3649 illecti),
1433 3585 1468 3635 de
1485 3583 1559 3635 offic.
1578 3585 1610 3645 44,
1628 3583 1674 3633 3·4;
1697 3596 1744 3631 oo-

412 3654 533 3718 mre,
551 3654 728 3706 444444444444
743 3656 868 3707 mooe.
896 3657 949 3707 Sed
965 3658 1071 3709 44444444
1088 3672 1236 3723 paucorum
1250 3659 1373 3712 codicum
1390 3657 1610 3725 interpolatorum
1626 3657 1744 3707 anctori-

413 3733 494 3783 tatem
510 3744 623 3797 parvam
640 3735 687 3781 aut
703 3730 801 3783 nnllam
818 3731 917 3783 habat:
935 3734 962 3783 in
979 3734 1126 3799 archetypo
1138 3733 1219 3787 tuisse
1231 3734 1329 3785 blandis
1339 3734 1458 3786 declarat
1469 3746 1618 3787 consensus
1628 3734 1744 3796 optimo·

412 3817 471 3857 rum
487 3804 622 3857 codicum.
649 3806 722 3867 Quae
739 3808 871 3872 scriptura
888 3808 939 3858 etsi
956 3806 1143 3873 pleonasmnm
1155 3810 1290 3873 quandam
1308 3808 1390 3861 habet
1401 3810 1443 3874 (44.
1456 3810 1491 3861 44
1503 3808 1593 3860 Famit.
1606 3808 1660 3866 XV,
1674 3807 1715 3865 40,
1727 3808 1743 3857 3

412 3881 531 3933 4444444444
545 3880 675 3932 inlecebris
689 3882 836 3947 4444444444)
854 3885 994 3948 potiusque
1011 3886 1104 3933 444444
1121 3882 1181 3943 tait,
1204 3887 1234 3935 nt
1250 3882 1369 3935 Plautino
1386 3883 1517 3935 vocabulo
1533 3887 1601 3946 utar,
1625 3882 1743 3934 inlece-

412 3955 516 4009 brosis
531 3956 660 4007 4444444444
676 3957 833 4015 dicendum,
853 3961 956 4020 444444,
974 3961 1101 4024 qnoniam
1118 3972 1152 4009 ns
1164 3960 1300 4011 Ciceronis
1317 3959 1426 4024 qnidam
1443 3958 1494 4010 4444
1505 3959 1616 4021 desnnt,
1635 3956 1681 4009 ubi
1693 3957 1743 4008 ad·

412 4034 537 4084 4444444444
560 4031 668 4097 aliquod
690 4046 705 4082 4
727 4033 893 4085 substantivo
915 4036 1026 4099 regente
1048 4033 1083 4083 ad
1106 4032 1146 4094 id,
1170 4034 1242 4099 qaod
1262 4034 1371 4098 regitur,
1398 4037 1443 4084 aut
1460 4036 1552 4085 contra
1570 4030 1743 4097 negligentius

412 4107 566 4160 hastatum
589 4110 638 4169 sit,
661 4108 784 4161 codicum
801 4112 949 4161 auctoritati
967 4112 1008 4162 est
1024 4109 1187 4175 parendum,
1206 4122 1268 4160 cnm
1285 4110 1444 4173 praesertim
1460 4108 1567 4161 Plantas
1583 4108 1664 4172 (4444.
1683 4108 1702 4167 4,
1715 4106 1740 4167 3,

411 4182 450 4246 bl)
467 4182 591 4235 similiter
606 4184 716 4235 dixerit:
741 4186 912 4237 inliciebas
931 4200 972 4237 me
990 4186 1024 4235 cd
1045 4190 1069 4236 44
1094 4184 1207 4236 blande
1228 4198 1259 4235 ac
1275 4184 1395 4236 04444444.
1418 4184 1457 4234 De
1475 4186 1532 4235 4444.
1551 4185 1583 4234 D.
1602 4185 1633 4244 44,
1652 4183 1684 4232 440
1700 4195 1743 4244 sps

411 4259 527 4311 irritae
543 4260 633 4311 4444444
650 4287 677 4297 -
697 4261 731 4312 ci.
749 4263 801 4312 444.
821 4262 885 4322 Viti,
906 4262 945 4323 ⁴3,
960 4265 970 4311 4
991 4274 1045 4323 spes
1061 4258 1158 4310 datia
1171 4261 1244 4323 pacis
1257 4286 1301 4309 -.
1322 4258 1424 4308 Nati).
1438 4257 1515 4317 44,οθ
1531 4259 1638 4321 scotiam
1648 4257 1743 4321 4444444

407 4336 625 4397 4444444444--
636 4336 811 4399 speismcamsm
827 4351 952 4387 ceccaum
968 4335 1124 4393 altitudinem
1142 4334 1176 4385 ci.
1195 4335 1354 4398 interpretes
1372 4331 1406 4382 ad
1423 4334 1489 4397 Nep.
1508 4333 1584 4384 Dion.
1604 4336 1615 4382 4
1635 4338 1742 4395 utraque

411 4412 545 4472 4444444444
570 4411 748 4473 Dionysiam
763 4438 803 4449 ··
817 4426 963 4477 4444444444
986 4412 1114 4462 maionem
1137 4408 1492 4473 sonam--csuottssimcm
1515 4422 1604 4458 nosnos
1628 4408 1740 4469 tprasssi.

412 4484 464 4534 444.
483 4486 504 4545 t,
524 4486 549 4545 4,
567 4486 613 4536 abi
631 4486 708 4538 codd.
727 4489 828 4538 maiora
845 4501 931 4538 remeo
946 4487 1028 4538 444444.
1056 4487 1080 4547 i,
1099 4486 1115 4536 9
1131 4484 1219 4534 viciati
1235 4483 1334 4545 bospitii
1350 4482 1444 4545 444444.
1470 4482 1556 4539 xilv,
1575 4485 1606 4534 40
1624 4483 1742 4544 4444444-

410 4560 476 4610 tioss
491 4560 547 4610 alia
562 4560 669 4625 (attasi)
686 4561 783 4613 4444444.
807 4563 868 4612 ’444.
888 4565 953 4614 444.
972 4564 1027 4623 444,
1044 4564 1075 4613 60
1093 4566 1176 4611 cetera
1192 4561 1302 4624 eqteitrers
1318 4559 1346 4607 ii.
1363 4557 1515 4620 praevalida
1531 4556 1634 4607 omoiaa
1649 4557 1740 4619 i=1ii,

411 4633 450 4685 bt.
470 4635 514 4695 IV,
532 4636 582 4698 444.
610 4636 664 4697 xV,
684 4637 708 4686 4.
732 4637 797 4688 44444.
817 4638 853 4698 44,
872 4640 887 4688 s
909 4638 998 4687 uicinis
1016 4636 1206 4699 prouinciarum
1227 4632 1492 4684 administrationibus.
1523 4633 1569 4692 444,
1588 4632 1620 4681 40
1642 4632 1742 4694 ignotae

410 4708 485 4759 444444
506 4708 577 4759 vbis
594 4710 643 4773 ici.
662 4712 716 4761 Lis.
735 4711 767 4772 V,
786 4711 840 4773 394.
867 4710 969 4764 Walcb.
989 4712 1023 4761 ad
1039 4711 1125 4774 44444.
1145 4708 1169 4761 4.
1194 4707 1259 4759 Vell.
1277 4710 1331 4759 444.
1352 4708 1388 4769 44,
1407 4708 1434 4757 94
1455 4707 1523 4756 emet
1544 4705 1665 4755 recenso
1681 4718 1742 4754 cors·

410 4784 540 4835 xis-tia·
560 4786 602 4836 VV.
623 4813 649 4822 -
671 4785 800 4848 prolatum
821 4788 913 4837 erato
937 4814 964 4824 -
990 4788 1029 4838 40.
1048 4790 1121 4836 aaut
1139 4782 1236 4846 (littera
1254 4781 1388 4843 adeleia)
1408 4783 1425 4831 44
1447 4809 1474 4819 -
1493 4779 1655 4841 amulanium
1672 4780 1693 4828 0
1711 4804 1739 4816 -

412 4858 452 4909 lt.
468 4864 493 4909 et
508 4864 564 4909 sess
580 4860 716 4910 Davisius:
740 4862 816 4911 eiiam
833 4861 868 4920 C;
891 4866 914 4911 44
931 4861 964 4911 0.
989 4861 1167 4912 «Rectissime
1187 4857 1284 4908 Davisii
1306 4855 1458 4906 emendatio
1475 4857 1518 4905 est
1539 4860 1568 4903 et
1590 4859 1653 4903 tam
1668 4853 1742 4916 444444

411 4934 460 4994 (sc.
479 4946 562 4998 quani
580 4935 703 4986 videmus
721 4935 737 4984 i.
751 4949 775 4985 4.
791 4936 934 4998 4444444444ς
953 4935 987 4986 ci.
1001 4936 1016 4999 5
1028 4936 1058 4985 6:
1077 4934 1143 4997 quod
1157 4938 1213 4983 4444
1228 4931 1330 4995 coquite
1342 4929 1523 4994 perfacilis.
1541 4929 1581 4977 De
1599 4926 1741 4991 particula-

411 5022 472 5060 rmn
489 5011 544 5060 iares
560 5014 588 5061 et
604 5015 657 5060 taus
674 5013 702 5061 et
718 5016 801 5060 tamea
818 5011 971 5063 contusione
990 5013 1024 5063 44.
1044 5012 1109 5075 Epp.
1129 5009 1162 5059 ad
1179 5009 1232 5057 444.
1251 5006 1281 5067 V,
1300 5006 1326 5068 4,
1344 5006 1359 5055 4
1377 5019 1433 5055 aaa
1449 5004 1593 5054 Hortensius
1608 5004 1703 5052 ueniret
1718 5000 1742 5052 44

408 5084 527 5149 indm
542 5090 571 5135 44
587 5089 651 5135 tam
669 5086 745 5150 (idad.
765 5086 848 5149 444444)
866 5087 937 5152 leupo
953 5091 977 5136 44
992 5085 1146 5136 Hortensiae.
1171 5083 1214 5142 40,
1233 5081 1257 5131 6.
1277 5082 1308 5141 ll,
1327 5080 1351 5141 3,
1370 5080 1385 5130 3
1403 5078 1481 5144 (bled.
1500 5084 1523 5128 44
1540 5082 1592 5127 tam
1608 5088 1665 5125 4444
1677 5076 1742 5126 Gae-

408 5161 487 5220 aare).
506 5158 541 5210 ad
560 5158 648 5211 444444.
667 5161 721 5221 444,
742 5161 781 5221 46,
800 5161 810 5210 4
832 5161 909 5225 (bled.
930 5165 953 5212 et
969 5166 1022 5211 tam
1038 5158 1166 5221 4444444444).
1188 5154 1298 5221 Philipp.
1317 5156 1348 5213 44,
1365 5155 1406 5205 ie.
1425 5156 1474 5204 444.
1488 5153 1553 5212 xvi,
1567 5151 1608 5212 43,
1622 5151 1646 5201 4.
1664 5151 1683 5200 4.
1699 5151 1740 5209 40,

409 5232 426 5284 3
443 5234 497 5297 (nbi
515 5235 620 5298 iladvig
643 5248 691 5300 pro
715 5249 732 5285 a
754 5249 793 5285 me
813 5241 896 5287 tamea
918 5238 992 5286 recte
1010 5234 1065 5285 vult
1081 5249 1099 5285 a
1115 5247 1154 5283 me
1169 5232 1240 5293 iam).
1267 5231 1310 5290 1V,
1329 5230 1370 5290 46,
1389 5230 1420 5278 it
1439 5228 1503 5291 Quid
1520 5227 1590 5276 aliud
1606 5225 1684 5275 soci?
1704 5227 1742 5276 444

408 5316 515 5360 sanes
533 5307 586 5372 (nbi
599 5322 631 5360 ex
643 5310 751 5360 44404444
766 5312 915 5362 coniectura
928 5310 1101 5377 scribendum
1114 5311 1156 5359 est
1167 5309 1267 5366 Etiam3
1286 5305 1319 5355 44.
1334 5305 1365 5364 44,
1378 5304 1402 5364 6,
1415 5304 1431 5353 4
1447 5303 1522 5354 Aliud
1532 5298 1611 5366 qaid?
1627 5301 1739 5350 Etiam.

408 5384 453 5446 44,
471 5386 497 5446 ’4,
516 5384 540 5435 3.
560 5385 614 5447 Vll,
634 5386 675 5449 43,
694 5387 743 5447 44).
763 5388 783 5448 4,
801 5388 826 5446 4,
845 5390 855 5436 4
878 5387 957 5449 tiled.
975 5392 998 5436 44
1014 5386 1092 5435 etim
1107 5396 1157 5448 pro
1174 5387 1198 5433 44
1213 5382 1284 5443 tam).
1303 5378 1337 5429 ad
1355 5379 1385 5438 Q.
1404 5378 1435 5428 tr.
1455 5379 1486 5437 ll,
1502 5378 1543 5436 44,
1561 5374 1606 5426 nbi
1625 5388 1673 5439 pro
1691 5374 1741 5423 La-

407 5461 482 5513 entis'
497 5462 751 5524 poenam-mes:
772 5474 832 5510 ssoo
853 5461 937 5510 4444444
959 5459 1105 5520 4444444044,
1127 5458 1221 5508 manae
1242 5462 1346 5506 tameo
1364 5453 1427 5503 artis
1444 5449 1617 5502 scribendum
1635 5452 1690 5499 est:
1712 5471 1740 5483 -

407 5535 585 5587 4144444444
602 5537 649 5598 4444
667 5536 736 5587 lied.
755 5537 771 5586 i.
791 5549 815 5586 e.
834 5537 893 5586 cod.
913 5536 1090 5599 archetypum
1115 5545 1203 5596 neque
1225 5532 1290 5583 mibi
1306 5528 1415 5593 quidem
1433 5530 1459 5578 iu
1478 5527 1598 5577 Lucretio
1616 5522 1742 5586 aequales

409 5609 536 5661 44444444
558 5612 675 5675 potuisse
698 5624 750 5661 non
772 5610 854 5661 malta
876 5610 974 5661 lamina
992 5610 1089 5674 ingenii
1107 5606 1261 5671 agnoscere)
1279 5604 1427 5663 turoiaibaa,
1455 5602 1549 5651 mattae
1565 5600 1661 5651 etiam
1678 5598 1743 5647 artis

409 5683 454 5749 (44.
473 5682 563 5735 famil.
584 5685 631 5745 444,
649 5686 673 5744 i,
692 5688 708 5735 b
724 5685 796 5735 tomo
813 5699 911 5735 sauma
931 5685 1080 5748 prementia,
1104 5682 1184 5731 malta
1203 5681 1298 5730 etiam
1313 5678 1436 5728 44444444.
1463 5676 1493 5733 V,
1512 5675 1555 5732 40,
1573 5672 1597 5724 4.
1617 5674 1653 5732 44,
1672 5673 1696 5732 i,
1715 5671 1741 5731 4,

410 5757 457 5810 abi
474 5758 618 5823 legendum
635 5763 689 5809 est:
708 5761 749 5809 sed
765 5765 818 5810 tam
829 5760 926 5823 (iaec)
944 5759 1016 5821 quasi
1032 5771 1049 5806 4
1060 5762 1175 5807 44444444
1186 5754 1351 5813 4444444444,
1369 5752 1523 5801 adulescente
1535 5773 1561 5783 -
1577 5746 1645 5796 ided.
1658 5758 1742 5810 prava

409 5836 570 5900 „macons
585 5832 750 5895 44444444,
768 5840 831 5886 som
847 5835 1001 5887 4444444
1015 5860 1041 5871 -
1054 5833 1152 5883 sesam
1167 5826 1384 5895 4444444444.»
1400 5827 1442 5876 w.
1457 5849 1484 5860 -
1506 5824 1545 5874 tt·
1558 5823 1625 5886 quoe
1641 5822 1675 5872 B÷
1695 5835 1744 5883 pe

411 5910 464 5960 aa
484 5934 511 5945 -
531 5908 571 5959 44.
589 5908 729 5972 scitiusque
745 5909 780 5960 0.

465 6000 557 6047 crans
570 5998 597 6048 r.
612 5998 650 6048 rr.
1486 5988 1529 6057 20
