4342 7459
880 1232 1139 1299 FRAGMENTA.

346 1390 448 1469 Saepe
467 1388 560 1451 etiam
579 1389 726 1469 pertriste
746 1389 829 1452 canit
847 1386 887 1450 de
906 1397 1034 1469 pectore
1060 1408 1186 1454 carmen

344 1483 383 1544 Et
402 1483 560 1545 matutinis
579 1480 728 1546 acredula
747 1482 877 1544 vocibus
898 1483 1009 1560 instet,

346 1576 482 1638 Vocibus
501 1578 597 1639 instat
616 1584 648 1638 et
666 1574 815 1639 adsiduas
835 1577 980 1638 iaciture
1000 1575 1174 1656 querellas,

347 1671 425 1731 Cum
442 1670 576 1749 primum
595 1668 716 1750 gelidos
735 1688 823 1732 rores
842 1689 954 1733 aurora
973 1671 1115 1747 remittit;

345 1764 507 1843 Fuscaque
526 1782 589 1826 non
607 1782 777 1844 numquam
797 1782 928 1826 cursans
947 1764 1114 1844 perlitare
1134 1765 1241 1827 cornix

345 1859 500 1919 Demersit
517 1866 611 1939 caput
630 1865 662 1919 et
678 1850 807 1920 lluctum
826 1858 947 1919 cervice
966 1860 1097 1938 recepit.

457 1953 541 2029 (Cic.
563 1952 603 2015 de
623 1953 689 2014 llis.
710 1952 731 2012 l.
752 1954 774 2014 l.
796 1970 824 2013 c.
843 1953 873 2012 8.
897 1952 925 2030 ἓ.
950 1954 994 2013 14.
1016 1952 1054 2012 cl.
1075 1955 1160 2014 Arai.
1181 1953 1263 2015 Dios.
1286 1972 1315 2015 v.
1335 1953 1513 2033 are-221.)

456 2044 702 2126 Mollipedesque
721 2046 820 2109 boves
840 2054 1019 2126 spectantes
1039 2046 1155 2110 lumina
1174 2048 1252 2111 caeli

343 2138 478 2203 Naribus
496 2140 661 2203 umiferum
679 2138 799 2203 demere
818 2158 858 2202 ex
878 2149 951 2203 aare
970 2159 1091 2203 sucum.

507 2235 632 2312 (idem
651 2234 728 2298 ibid.
749 2233 770 2297 l.
790 2236 814 2297 l.
835 2253 863 2296 c.
885 2237 913 2296 9.
935 2235 963 2314 §-
987 2235 1031 2297 15.
1055 2236 1092 2296 cl.
1115 2238 1200 2298 Arat.
1221 2238 1306 2298 Dies.
1326 2257 1356 2299 v.
1377 2237 1432 2302 ²22
1452 2242 1513 2320 sq.)

418 2348 447 2407 5.
468 2348 531 2410 lam
551 2367 626 2411 vero
644 2366 771 2429 semper
787 2348 894 2411 viridis
913 2367 1103 2431 semperque
1124 2357 1251 2430 gravata

343 2440 506 2503 Lentiscus
525 2444 636 2524 triplici
656 2443 744 2506 solita
763 2441 972 2522 grandescere
992 2445 1056 2506 fetu

344 2534 404 2595 Ter
422 2534 527 2615 fruges
546 2537 681 2599 lundens
700 2538 759 2599 tria
778 2546 918 2618 tempora
938 2546 1091 2600 monstrat
1110 2540 1230 2602 arandi.

506 2631 625 2707 (idem
644 2630 719 2692 ibid.
739 2630 760 2692 l.
782 2635 806 2691 Ι.
829 2649 856 2693 c.
877 2636 906 2692 9.
929 2632 957 2711 5.
983 2633 1028 2693 15.
1049 2630 1087 2693 cl.
1108 2635 1193 2696 Aret.
1213 2634 1297 2697 Dios.
1320 2635 1377 2696 alc
1396 2638 1481 2715 sqq.)

419 2744 449 2804 6.
470 2743 634 2823 caprigeni
654 2745 778 2823 pecoris
798 2752 904 2806 custos
925 2744 964 2806 de
984 2747 1104 2825 gurgite
1123 2754 1223 2811 vasto.

608 2836 815 2913 (Priscian.
836 2836 857 2898 Ι.
877 2839 926 2901 Vl.
948 2858 977 2900 c.
1000 2842 1026 2901 1.
1049 2839 1078 2919 ξ.
1099 2841 1127 2902 3.
1149 2858 1167 2902 e
1187 2842 1251 2904 Cic.
1280 2843 1408 2923 Progn.)
