4342 7459
931 1241 986 1304 DE
1009 1240 1275 1309 DIVINATIONE

567 1407 655 1489 lpse
675 1423 765 1468 suos
788 1400 986 1485 quondam
1010 1398 1179 1466 tumulos
1202 1418 1245 1463 ac
1267 1398 1413 1482 templa
1435 1398 1583 1481 petivit

449 1556 451 1560 ,
566 1501 609 1563 Et
632 1496 885 1580 Capitolinis
906 1494 1057 1564 iniecit
1078 1492 1245 1557 sedibus
1265 1492 1381 1575 ignis.

565 1594 656 1654 Tum
680 1592 836 1675 species
859 1611 903 1654 ex
925 1608 1018 1654 aere
1040 1597 1159 1651 vetus
1181 1595 1464 1671 venerataque
1484 1588 1627 1658 Nattae

567 1685 767 1761 Concidit,
791 1685 1039 1767 elapsaeque
1061 1689 1221 1747 vetusto
1244 1682 1400 1748 numine
1423 1681 1550 1763 leges.

566 1782 614 1843 Et
635 1779 766 1844 divom
786 1777 1003 1844 simulacra
1025 1777 1200 1860 peremit
1220 1773 1406 1844 fulminis
1426 1776 1553 1846 ardor.

564 1877 635 1938 llio
658 1874 861 1941 silvestris
884 1881 972 1939 erat
992 1869 1159 1935 Romani
1183 1869 1360 1936 nominis
1381 1868 1527 1942 altrix,

564 1969 728 2042 blastia,
750 1988 849 2052 quae
872 1986 1019 2049 parvos
1041 1963 1235 2029 blavortis
1256 1963 1409 2026 semine
1428 1971 1548 2030 natos
1639 2015 1642 2028 .

566 2062 758 2128 Uberibus
781 2061 965 2144 gravidis
987 2058 1107 2124 vitali
1130 2077 1220 2122 rore
1243 2057 1417 2140 rigabat:

566 2159 673 2234 Quae
696 2165 775 2220 tum
797 2176 882 2220 cum
903 2154 1036 2239 pueris
1059 2152 1262 2217 flammato
1284 2151 1472 2217 fulminis
1493 2151 1575 2218 ictu

566 2251 751 2316 Concidit
772 2234 896 2334 atque
919 2248 1059 2314 avolsa
1081 2247 1224 2329 pedum
1245 2246 1414 2328 vestigia
1437 2245 1573 2327 liquit.

566 2347 661 2412 Tum
685 2344 775 2427 quis
797 2365 877 2408 non
898 2343 1008 2407 ertia
1031 2342 1185 2423 scripte
1208 2357 1250 2404 ac
1273 2347 1521 2404 monumenta
1543 2340 1733 2404 volutans

567 2444 687 2501 Voces
711 2437 938 2508 tristificas
960 2435 1115 2501 chartis
1135 2433 1349 2517 promebat
1370 2430 1583 2499 Etruscis?

566 2532 710 2596 Omnes
733 2531 897 2596 civilem
920 2549 1123 2613 generosa
1144 2528 1277 2611 stirpe
1299 2527 1519 2611 proiectam

546 2628 702 2693 Δ4444444
724 2626 924 2707 ingentem
947 2623 1099 2687 cladem
1122 2631 1358 2707 pestemque
1382 2624 1601 2699 monebunt,

565 2717 636 2782 Vel
658 2718 789 2801 legum
813 2719 984 2783 exitium
1007 2717 1215 2781 constanti
1238 2736 1330 2780 voce
1352 2716 1558 2792 ierebsot,

565 2812 726 2896 Templa
748 2812 945 2897 deumque
966 2812 1063 2876 adeo
1086 2811 1261 2876 flammis
1283 2811 1501 2894 urbemque
1523 2812 1723 2878 iubebant

473 2948 476 2953 -
566 2908 732 2990 Eripere
754 2916 793 2971 et
814 2916 985 2989 stragem
1007 2905 1245 2969 horribilem
1268 2903 1514 2988 caedemque
1537 2907 1689 2972 vereri:

564 2999 811 3085 Atquebaec
832 3000 922 3065 lixa
943 3001 1054 3082 greci
1076 2998 1161 3062 feto
1184 3018 1225 3061 ao
1247 2998 1414 3067 lundata
1436 3000 1584 3077 teneri,

564 3097 606 3159 Ni
629 3095 739 3179 prius
762 3095 972 3188 excelsum
996 3093 1042 3157 ad
1065 3093 1258 3157 columen
1280 3091 1454 3158 formata
1477 3092 1626 3161 decore

566 3190 714 3261 Sancta
735 3187 850 3253 lovis
872 3189 1031 3270 species
1052 3188 1194 3251 eleros
1217 3193 1419 3270 spectaret
1439 3187 1479 3249 in
1502 3196 1626 3252 ortus.

565 3286 656 3346 Tum
678 3280 768 3350 loro
791 3289 835 3346 ut
856 3281 1040 3346 occultos
1063 3281 1231 3365 populus
1254 3289 1499 3363 sanctusque
1521 3291 1689 3349 senatus

568 3376 739 3442 Cernere
760 3384 934 3440 conatus
958 3385 1117 3458 posset,
1139 3375 1173 3439 ei
1196 3374 1297 3439 solis
1318 3375 1363 3440 ad
1386 3384 1510 3439 ortum
1610 3393 1612 3398 ·

569 3469 789 3544 Conversa,
811 3470 906 3534 inde
924 3478 1082 3552 patrum
1106 3470 1218 3536 sedes
1241 3469 1465 3554 populique
1488 3470 1658 3536 rideret.

482 3560 534 3627 21.
568 3565 672 3629 llaec
694 3563 850 3630 tardata
873 3563 940 3627 diu
963 3566 1120 3646 species
1142 3564 1391 3646 multumque
1413 3573 1560 3629 morata

401 3674 431 3720 44
569 3655 750 3720 Consule
772 3664 808 3719 te
831 3655 991 3720 tandem
1015 3658 1124 3722 celsa
1146 3665 1206 3721 est
1227 3657 1265 3721 in
1288 3658 1381 3721 sede
1402 3657 1545 3731 locata,

568 3752 698 3834 Atque
721 3767 797 3814 una
819 3749 896 3814 lixi
918 3770 962 3814 ac
984 3752 1138 3833 signati
1162 3751 1352 3833 temporis
1371 3750 1469 3816 bora

566 3844 751 3926 luppiter
773 3844 938 3911 excelsa
960 3845 1150 3910 clarabat
1170 3853 1328 3927 sceptra
1350 3845 1542 3921 columne,

566 3938 614 4001 Et
635 3936 777 4002 clades
799 3938 955 4020 petrice
977 3937 1136 4003 flamma
1158 3938 1350 4021 ierroque
1373 3949 1510 4023 parata

569 4032 743 4094 Vocibus
764 4031 1023 4115 Allobrogum
1046 4033 1233 4114 patribus
1255 4034 1493 4116 populoque
1516 4035 1689 4118 patebat

401 4145 430 4196 ee
460 4127 546 4189 lllll.
569 4125 663 4188 llite
685 4126 815 4207 igitur
836 4134 1011 4199 veteres,
1034 4146 1204 4209 quorum
1227 4138 1484 4191 monumenta
1507 4130 1676 4202 tenetis,

567 4220 638 4294 Qui
662 4220 832 4302 populos
854 4220 1055 4303 urbisque
1080 4221 1194 4283 modo
1217 4242 1258 4284 ac
1281 4223 1438 4286 virtute
1460 4224 1669 4306 regebant,

566 4314 648 4376 Rite
672 4314 791 4380 etiam
814 4317 946 4379 vestri
969 4336 1140 4398 quorum
1162 4316 1384 4400 pietasque
1405 4315 1598 4400 fidesque

565 4407 777 4471 Praestitit
799 4419 835 4474 et
856 4410 973 4491 longe
996 4410 1101 4473 vicit
1123 4411 1329 4491 sapientia
1350 4420 1534 4485 cunctos,

565 4502 786 4584 Praecipue
809 4503 974 4568 coluere
997 4504 1154 4586 rigenti
1177 4505 1338 4567 numine
1361 4504 1497 4581 divos3

401 4618 430 4666 ι
565 4597 669 4659 llaec
691 4597 792 4661 adeo
813 4599 981 4680 penitus
1004 4619 1099 4662 cura
1122 4599 1262 4661 videre
1285 4600 1422 4680 sagaci

446 4743 682 4763 —p———q——oeu-

505 4839 528 4886 4.
547 4839 600 4901 lpse
616 4851 674 4887 44444
691 4851 763 4888 orces
779 4843 854 4901 atque
871 4840 966 4889 incluto
983 4840 1074 4901 templo
1093 4840 1181 4902 petiuit
1199 4841 1350 4891 Lactantius
1368 4839 1420 4889 div.
1439 4841 1499 4890 inst.
1519 4841 1562 4901 nl,
1582 4839 1621 4890 l'l.
1643 4869 1671 4879 -
1690 4843 1715 4892 Ξ.
1734 4844 1774 4893 ia-

438 4914 513 4963 usctit
531 4915 551 4964 H
572 4941 597 4950 -
623 4915 647 4964 3.
665 4920 836 4977 amoremque
852 4915 1013 4966 Guilelmus:
1037 4921 1207 4978 periersisque
1224 4918 1257 4973 C,
1276 4920 1427 4976 sacratoque
1438 4916 1587 4980 Wopkens.
1606 4931 1776 4981 pecorosaque

439 4990 538 5039 Ocum
557 4990 667 5039 liureio.
688 5013 715 5027 ·-
735 4993 849 5041 444444
870 5017 896 5025 -
917 4990 940 5040 l.
961 4992 1125 5052 delopsoeqoe
1143 4992 1162 5040 Η
1184 5016 1209 5026 -
1229 4996 1326 5040 uetusto
1344 4990 1392 5038 Vl:
1410 4996 1523 5040 4444444444
1536 4992 1584 5052 (vel
1596 4997 1698 5056 4444444444
1712 4996 1732 5046 C
1748 5022 1772 5032 ·-

438 5063 462 5114 b.
482 5064 569 5111 dissum
586 5060 678 5113 ΒΗΗ1
694 5091 726 5099 -
744 5066 768 5114 ’4,
787 5066 887 5114 Marcio
905 5066 996 5115 ΒΗ-
1018 5065 1057 5113 44).
1074 5066 1167 5113 auulsa
1184 5063 1259 5123 v²0‚
1279 5067 1367 5115 euulsa
1385 5067 1405 5115 H
1426 5092 1452 5102 -
1472 5068 1551 5128 liquid
1569 5067 1598 5118 44
1613 5095 1637 5105 -
1660 5072 1700 5119 44.
1714 5070 1776 5121 Cam

439 5136 461 5186 H
481 5163 505 5171 -
527 5136 619 5186 scribto
635 5141 656 5188 Α
675 5167 707 5177 -
725 5141 764 5190 42.
783 5143 862 5190 curtis
879 5141 931 5190 llV
953 5167 975 5177 -
999 5141 1039 5189 43.
1059 5141 1157 5189 ciuilem
1176 5142 1214 5190 ll:
1233 5141 1307 5189 ciuile
1325 5140 1394 5193 AV¹.
1414 5141 1482 5189 ciuili
1502 5139 1589 5190 BV²O
1610 5170 1635 5179 -
1656 5157 1776 5207 penes-mo

437 5213 514 5274 stirpe
533 5212 580 5261 ll²:
604 5226 751 5275 peeeroscm
773 5219 851 5278 stirpe
868 5217 902 5275 C,
926 5229 1046 5278 pecorosa
1063 5216 1094 5264 ab
1111 5218 1189 5277 stirpe
1206 5215 1226 5264 0
1247 5243 1273 5251 -
1296 5230 1338 5264 vv.
1359 5214 1389 5264 44
1407 5218 1435 5264 44
1452 5216 1482 5264 te
1500 5218 1607 5266 lnverso
1625 5218 1719 5269 ordine
1735 5218 1776 5269 14·

438 5286 537 5353 guntur
552 5289 577 5338 in
597 5290 616 5337 C
632 5312 657 5326 -
679 5289 719 5340 ll.
740 5292 798 5339 llice
810 5294 887 5350 (corr.
903 5294 996 5345 Uitorel
1011 5293 1136 5353 inperitem
1153 5293 1171 5340 Β
1190 5290 1302 5353 (litterae
1320 5292 1360 5340 4444
1377 5294 1403 5342 ln
1421 5292 1494 5353 res),
1515 5292 1559 5339 Uir
1575 5294 1699 5356 inperium
1714 5295 1774 5352 lv,

440 5364 494 5415 viri
510 5364 632 5426 importem
651 5365 673 5413 Η
696 5390 722 5401 ·-
749 5367 788 5416 lb.
812 5368 851 5414 Vel
871 5368 953 5429 44944444
973 5365 1022 5415 V²:
1052 5370 1148 5418 Uoltum
1170 5370 1253 5431 ispum
1270 5367 1370 5427 ABV¹,
1397 5369 1445 5418 sed
1469 5369 1542 5433 prior
1558 5380 1609 5416 vox
1627 5370 1647 5417 Α
1667 5369 1693 5419 ln
1710 5380 1774 5427 ras„

441 5440 540 5488 Vultum
556 5439 638 5500 ispum
655 5438 676 5488 ll
697 5466 722 5475 -
743 5442 840 5489 scitam
857 5441 878 5490 Η
899 5469 924 5477 -
946 5442 984 5491 46.
1003 5443 1122 5505 orbisque
1138 5444 1258 5494 ABV-
1280 5444 1319 5493 48.
1340 5446 1457 5494 tereret
1475 5471 1499 5479 -
1521 5444 1561 5493 49.
1580 5443 1614 5491 Ni
1629 5445 1775 5503 primuni-

438 5512 548 5564 lelmus:
568 5514 681 5575 Neposb
694 5513 732 5574 ll¹‚
750 5517 788 5565 Ne
802 5522 858 5577 post
876 5513 943 5574 44444,
963 5518 996 5566 Νι·
1011 5525 1066 5581 post
1083 5521 1103 5569 Η
1115 5520 1134 5567 0
1149 5544 1175 5554 -
1195 5520 1321 5567 excelsum
1337 5516 1382 5569 1³²:
1402 5532 1518 5568 socerum
1530 5521 1549 5569 a
1560 5519 1589 5568 l3¹
1598 5520 1629 5578 V,
1649 5532 1776 5571 4444444444

438 5588 460 5637 Η
480 5615 507 5624 -
525 5588 675 5638 emerseris
697 5615 723 5625 —
742 5591 783 5640 2⁰.
803 5591 904 5639 slocroa
921 5591 941 5640 ll
958 5617 983 5627 —
1003 5594 1043 5641 tl.
1061 5593 1167 5655 populos
1184 5593 1245 5641 ll-
1266 5594 1306 5642 23.
1321 5594 1450 5643 Censores
1468 5594 1486 5641 Β
1502 5619 1528 5629 -
1548 5594 1606 5642 inde
1622 5595 1658 5643 ad
1672 5601 1776 5657 pedm

439 5662 471 5713 ll¹
491 5689 516 5699 -
536 5661 577 5714 bl.
596 5666 693 5717 tardus
710 5667 744 5721 ll.
763 5670 790 5714 to
807 5679 866 5729 sup.
886 5664 930 5715 lln.
949 5666 1010 5717 edd.
1028 5695 1053 5703 -
1073 5669 1105 5716 45
1132 5668 1243 5715 consulte
1260 5668 1293 5723 Β,
1312 5667 1359 5717 sed
1378 5672 1402 5715 te
1418 5668 1444 5716 in
1463 5678 1526 5724 res..
1545 5669 1656 5718 consulet
1671 5675 1695 5720 et
1712 5671 1772 5720 Η-

436 5740 477 5790 26.
497 5740 568 5791 bunc
584 5752 693 5791 versum
711 5741 730 5789 li
749 5741 774 5790 in
793 5754 875 5803 margv
896 5740 983 5792 babet.
1005 5766 1030 5777 -
1058 5743 1099 5792 28.
1119 5743 1150 5790 Et
1169 5741 1321 5803 Hottlnger:
1344 5744 1375 5790 At
1394 5741 1483 5800 ΒΗν,
1502 5741 1540 5791 Ad
1556 5744 1592 5803 Α,
1612 5756 1645 5792 cc
1661 5747 1771 5795 Marem.

440 5842 466 5853 -
485 5817 555 5865 clade
572 5818 601 5866 A¹
613 5843 645 5854 -
659 5822 751 5878 potato
769 5820 787 5866 Λ
804 5842 831 5852 -
849 5817 890 5866 29.
913 5818 1061 5879 Vocibmque
1079 5818 1107 5866 Bt
1123 5843 1149 5853 -
1167 5817 1321 5879 populusque
1337 5821 1357 5867 Α
1369 5816 1396 5867 444
1408 5816 1447 5874 V¹,
1462 5817 1611 5880 populisque
1628 5818 1733 5869 444Η4ἱ
1745 5844 1771 5855 -

436 5890 477 5942 ³0.
494 5892 790 5941 44444444444--444444
807 5904 916 5956 quorem
931 5894 1019 5943 om.ll
1041 5921 1066 5929 -
1087 5892 1128 5943 34.
1144 5892 1251 5955 populus
1267 5896 1286 5941 A
1307 5918 1332 5928 ·—
1352 5892 1419 5942 orbis
1435 5904 1502 5955 quoe
1515 5891 1546 5943 l¹
1561 5918 1587 5928 -
1603 5906 1635 5943 oc
1651 5906 1713 5966 sup.
1726 5892 1771 5944 lln.

437 5966 456 6016 e
477 5991 501 6000 -
523 5964 563 6017 as.
582 5968 677 6030 4444444
694 5967 715 6017 n
735 5993 761 6003 -
780 5968 879 6017 444444
895 5967 924 6019 4.
1701 5952 1707 5979 ⁸
