4342 7459
788 1257 857 1321 Lrn.
871 1254 927 1322 ΙΙΙ.
956 1254 1030 1322 Can.
1044 1258 1098 1321 Π.
1129 1254 1176 1342 §3
1197 1254 1345 1325 it-tu.
1668 1256 1731 1325 titt

407 1416 512 1499 parari
535 1436 596 1480 nec
618 1415 668 1489 id,
691 1417 775 1499 quod
798 1418 1008 1481 communiter
1029 1418 1228 1501 appellamus
1248 1418 1427 1494 bonestum,
1447 1419 1532 1503 quod
1555 1420 1671 1484 colitur
1690 1421 1731 1486 ab

409 1511 466 1585 iis,
497 1512 552 1595 qui
585 1511 688 1574 bonos
716 1529 751 1574 se
781 1512 867 1575 viros
888 1512 997 1577 baberi
1020 1513 1146 1589 volunt,
1176 1534 1247 1577 eum
1270 1513 1491 1578 emolumentis
1512 1534 1662 1599 umquam
1684 1523 1733 1580 est

408 1606 673 1689 comparandum,
704 1613 834 1689 tamque
862 1606 894 1669 id
923 1606 1110 1681 honestum,
1139 1606 1227 1691 quod
1257 1609 1291 1671 in
1320 1616 1461 1671 nostram
1483 1607 1730 1691 intellegentiam

409 1698 507 1771 eadit,
537 1700 691 1763 tuendum
719 1701 1036 1785 conservandumque
1063 1703 1155 1765 nobis
1183 1710 1232 1765 est
1251 1720 1347 1783 quam
1368 1701 1466 1776 illud,
1494 1702 1582 1785 quod
1604 1704 1732 1786 proprie

408 1790 525 1857 dicitur
546 1814 683 1879 rareque
705 1804 753 1858 est
776 1795 961 1867 bouestum,
990 1797 1200 1879 sapientibus3
1230 1797 1322 1860 aliter
1343 1797 1425 1861 enim
1446 1796 1547 1859 teneri
1574 1815 1639 1858 non
1662 1804 1756 1879 pot-u

409 1894 468 1961 est,
491 1889 517 1951 si
541 1908 624 1971 quae
645 1889 686 1953 ad
709 1890 857 1952 virtutem
879 1897 928 1952 est
948 1889 1031 1953 lacta
1053 1892 1244 1971 progressio.
1288 1890 1351 1953 Sed
1374 1891 1451 1954 baec
1473 1888 1601 1973 quidem
1623 1890 1665 1952 de
1682 1891 1732 1963 iis,

409 1981 463 2064 qui
485 1984 727 2047 conservatione
749 1982 926 2046 officiorum
950 1983 1170 2046 existimantur
1190 1984 1275 2048 boni.
1326 1980 1377 2046 t8.
1406 1982 1469 2057 Qui
1494 1990 1598 2046 autem
1628 1983 1734 2047 omnia

408 2076 581 2139 metiuntur
608 2076 829 2140 emolumentis
862 2086 894 2139 et
926 2078 1100 2140 commodis
1139 2096 1245 2160 neque
1277 2097 1316 2140 ea
1345 2077 1457 2141 volunt
1488 2075 1735 2159 praeponderari

407 2168 583 2243 honestate,
604 2170 628 2232 ii
652 2170 756 2233 solent
777 2171 811 2233 in
833 2169 1038 2233 deliberando
1060 2170 1227 2233 bonestum
1250 2191 1322 2233 curu
1345 2190 1399 2243 eo,
1416 2170 1503 2253 quod
1519 2172 1597 2233 utile
1612 2177 1733 2253 putant,

409 2283 607 2346 comparare:
629 2264 702 2326 boui
725 2265 785 2326 riri
806 2284 870 2327 non
893 2264 1005 2326 solent.
1042 2264 1154 2345 ltaque
1175 2265 1324 2327 existimo
1339 2265 1534 2336 Panaetium,
1556 2283 1627 2327 oum
1644 2263 1772 2327 dixe-to
1878 2291 1881 2304 ·

408 2356 449 2420 rit
477 2356 623 2420 bonines
650 2357 752 2420 solere
782 2358 814 2419 in
844 2355 902 2421 bae
930 2358 1166 2439 comparatione
1188 2357 1350 2431 dubitare,
1380 2357 1442 2421 boc
1461 2360 1564 2440 ipsum
1586 2358 1735 2432 sensisse,

409 2450 495 2533 quod
518 2450 636 2514 dixerit
660 2452 801 2515 «solerer
825 2452 936 2525 modo,
959 2471 1023 2513 non
1046 2452 1142 2513 etiam
1168 2460 1366 2534 «oportere».
1410 2452 1533 2519 Etenim
1554 2472 1618 2514 non
1641 2451 1735 2515 modu

409 2545 510 2630 pluris
530 2553 643 2629 putare
664 2544 751 2628 quod
772 2545 852 2607 utile
874 2545 1018 2608 rideatur
1040 2564 1134 2628 quam
1159 2546 1244 2628 quod
1267 2546 1445 2619 honestum,
1468 2545 1524 2607 sed
1547 2549 1641 2609 etiam
1657 2546 1736 2610 bauo

409 2640 492 2701 inter
522 2659 557 2701 se
588 2658 769 2724 comparare
797 2647 829 2702 et
857 2640 889 2702 in
919 2640 969 2703 bis
998 2639 1183 2702 addubitare
1211 2641 1429 2722 turpissimum
1452 2646 1509 2702 est.
1553 2640 1638 2716 Quid
1660 2660 1736 2724 ergo

410 2731 568 2815 estquod
590 2753 655 2796 non
677 2753 850 2817 numquam
873 2734 1103 2797 dubitationem
1132 2732 1256 2796 adferre
1286 2734 1386 2797 soleat
1407 2733 1773 2818 considerandumque&

409 2829 576 2893 rideaturl
613 2829 730 2903 Credo,
753 2830 780 2891 si
802 2830 929 2911 quando
952 2828 1109 2891 dubitatio
1131 2827 1257 2900 accidit,
1280 2828 1375 2909 quale
1397 2828 1439 2889 sit
1461 2828 1510 2902 id,
1526 2827 1566 2890 de
1581 2848 1646 2912 quo
1661 2847 1737 2891 con·

411 2921 578 2987 uideretur.
621 2919 672 2988 ts.
697 2924 800 3005 Saepe
823 2923 907 2984 enim
931 2930 1072 3003 tempore
1095 2917 1129 2984 lit
1145 2929 1195 2993 ut,
1212 2919 1298 3003 quod
1316 2929 1406 3002 turpe
1422 2921 1611 3005 plerumque
1625 2923 1736 2987 baberi

410 3016 524 3090 soleat,
544 3018 725 3080 inveniatur
746 3036 810 3078 non
833 3033 905 3078 esse
926 3024 1028 3096 turpe.
1071 3014 1219 3096 Exempli
1241 3033 1335 3078 causa
1357 3022 1494 3097 ponatur
1511 3016 1633 3099 aliquid
1647 3017 1735 3101 quod

410 3116 515 3194 pateat
536 3110 641 3174 latius.
686 3108 780 3185 Quod
810 3116 915 3191 potest
945 3108 1046 3170 maius
1073 3127 1144 3170 esse
1174 3106 1278 3170 scelus
1309 3127 1404 3190 quam
1432 3127 1496 3170 uon
1519 3109 1614 3172 modo
1634 3110 1738 3173 borni·

409 3223 498 3277 nem,
520 3204 579 3267 sed
600 3204 695 3267 etiam
718 3202 905 3266 familiarem
927 3201 1088 3265 bominem
1111 3202 1280 3265 occideret
1315 3204 1395 3265 Num
1419 3204 1516 3286 igitur
1535 3222 1571 3266 se
1591 3205 1775 3267 astrinxittt

410 3298 543 3373 scelere,
574 3299 678 3379 siqui
702 3306 869 3381 tyranuum
893 3294 1011 3358 oceidit
1037 3296 1181 3379 quamvis
1207 3294 1419 3360 familiareml
1462 3298 1583 3379 Populo
1605 3296 1736 3380 quidem

409 3395 551 3456 Romano
573 3409 637 3453 non
660 3390 800 3464 ridetur,
829 3391 884 3473 qui
914 3409 955 3452 ex
982 3388 1131 3451 omnibus
1155 3390 1322 3471 praeclaris
1344 3390 1435 3453 iactis
1457 3391 1536 3454 illud
1560 3393 1737 3473 puleberri-

411 3507 497 3550 mum
520 3486 690 3549 existimat.
735 3485 818 3547 Vicit
846 3504 922 3565 ergo
952 3483 1071 3546 utilitas
1101 3483 1323 3547 honestatem?
1366 3485 1466 3547 lmmo
1487 3502 1562 3546 vero
1584 3485 1735 3551 honestas

410 3581 594 3644 utilitatem:
616 3579 813 3642 bouestatern
836 3578 954 3641 utilitas
978 3585 1085 3640 secuta
1108 3586 1164 3641 est.

495 3675 614 3755 ltaque,
636 3682 673 3735 ut
694 3674 762 3735 sine
784 3672 852 3734 ullo
875 3691 981 3734 errore
1004 3671 1178 3735 diiudicare
1199 3673 1374 3756 possimus,
1397 3672 1423 3735 si
1441 3672 1567 3755 quando
1581 3692 1653 3736 eum
1668 3674 1773 3747 illo,²⁸

410 3766 496 3851 quod
527 3766 696 3829 bouestum
726 3766 955 3849 intellegimus,
985 3784 1127 3848 pugnare
1155 3765 1187 3828 id
1217 3766 1394 3839 videbitur,
1424 3766 1510 3850 quod
1539 3769 1736 3852 appellamus

410 3862 508 3935 utile,
530 3860 664 3923 formula
688 3860 841 3944 quaedam
866 3861 1086 3924 constituenda
1108 3869 1171 3933 est,
1194 3880 1289 3943 quam
1312 3861 1338 3923 si
1361 3880 1532 3943 sequemur
1554 3863 1588 3923 in
1609 3880 1738 3944 eompa-

410 3958 532 4021 ratioue
560 3973 683 4026 rerum,
713 3954 753 4015 ab
782 3953 887 4016 officio
916 3974 1088 4036 numquam
1117 3955 1312 4017 recedemus.
1360 3950 1412 4015 it).
1440 3955 1509 4017 Erit
1530 3963 1635 4019 autem
1657 3955 1737 4017 base

410 4050 546 4114 formula
575 4049 754 4111 Stoicorum
783 4048 898 4110 rationi
928 4048 1178 4130 disciplinaeque
1210 4048 1347 4110 maxime
1380 4056 1608 4122 consentanea,
1642 4067 1737 4131 quam

413 4144 542 4227 quidem
564 4142 615 4204 bis
637 4142 727 4204 libris
748 4148 915 4224 propterea
937 4142 1117 4224 sequimur,
1140 4141 1244 4223 quod,
1268 4161 1459 4225 quamquam
1483 4153 1514 4206 et
1536 4163 1555 4206 a
1577 4143 1774 4206 veteribus³⁰

411 4236 606 4300 Academicis
628 4245 699 4299 eta
723 4236 935 4317 Peripateticis
959 4236 1079 4306 vestris,
1102 4236 1157 4317 qui
1181 4235 1339 4318 quondam
1362 4236 1446 4298 idern
1469 4244 1558 4299 erant
1579 4236 1635 4318 qui
1657 4237 1737 4298 Aca·

412 4330 535 4403 demici,
557 4349 639 4410 quae
661 4329 793 4390 honesta
816 4337 898 4400 sunt,
921 4335 1157 4409 anteponuntur
1179 4329 1229 4400 iis,
1252 4349 1334 4411 quae
1349 4330 1496 4393 ridentur
1509 4331 1615 4402 utilia,
1631 4337 1737 4393 tamen

413 4424 612 4507 splendidius
641 4424 720 4486 baec
748 4422 788 4484 ab
816 4422 863 4485 eis
892 4422 1104 4493 disserentur,
1132 4421 1267 4504 quibus,
1298 4421 1450 4506 quicquid
1479 4422 1649 4486 honestum
1680 4430 1737 4497 est,

412 4518 497 4580 idem
520 4518 598 4580 utile
619 4516 744 4578 ridetur
767 4535 824 4577 nee
846 4516 924 4578 utile
946 4515 1137 4598 quicquam,
1165 4514 1251 4598 quod
1278 4536 1343 4579 nou
1364 4515 1552 4592 honesturn,
1579 4535 1674 4600 quam
1696 4516 1737 4579 ab

412 4612 470 4686 iis,
501 4612 616 4695 quibus
648 4617 702 4672 aut
730 4612 897 4672 honestum
926 4610 1048 4692 aliquid
1077 4628 1141 4671 non
1172 4610 1250 4672 utile
1278 4618 1332 4673 aut
1359 4611 1437 4674 utile
1466 4629 1531 4673 non
1557 4612 1775 4674 honestumtt

413 4706 510 4768 Nobis
532 4712 638 4768 autem
659 4712 768 4767 nostra
788 4703 959 4767 Academia
980 4722 1126 4785 maguam
1148 4703 1306 4767 licentium
1318 4706 1401 4780 dat,
1431 4712 1483 4779 ut,
1512 4704 1738 4788 quodcumque

477 4987 503 5037 t.
522 4983 755 5041 tislib:lislla,
773 4982 1149 5045 brito-3std1ittudo-
1169 4982 1631 5045 ostomentiazsiosooo-
1653 4983 1739 5033 oetod

414 5057 1029 5119 virmero-debialiltab,rtelrijso-
1054 5056 1436 5119 9.iiBts:lsitla.bijo-
1460 5058 1736 5109 tentament-

414 5137 454 5188 ts.
473 5138 598 5186 honestum
614 5136 654 5185 sit.
672 5133 721 5183 Sed
737 5146 752 5182 u
770 5158 797 5168 -
818 5132 858 5183 48.
876 5134 936 5182 solet
952 5144 966 5182 o
984 5158 1016 5170 -
1037 5133 1078 5181 ia.
1098 5145 1148 5181 csse
1164 5143 1219 5181 ao:
1239 5132 1382 5183 omllllb
1401 5159 1427 5170 -
1451 5134 1492 5183 20.
1511 5147 1561 5182 nou
1577 5133 1656 5197 ipitaer
1673 5145 1690 5183 a
1705 5157 1738 5169 ·-

413 5213 541 5262 adstruxit
558 5212 579 5261 Η
607 5236 633 5245 -
663 5208 703 5259 tt.
723 5209 870 5258 occiderito
899 5235 925 5244 -
952 5207 992 5257 23.
1012 5207 1079 5271 erpo]
1098 5208 1177 5271 ipitur
1199 5218 1214 5257 o
1241 5234 1266 5243 -
1294 5207 1448 5257 immorare
1464 5208 1577 5257 bonestcu
1592 5208 1739 5256 utilitatem:

413 5288 561 5336 motem
577 5285 672 5334 utititas
688 5289 773 5333 secuto
788 5289 824 5333 est
841 5296 905 5333 nos:
927 5284 1003 5333 immo
1018 5296 1080 5332 aero
1097 5284 1210 5333 honestos
1224 5283 1358 5333 mium
1374 5289 1459 5333 mio
1476 5289 1511 5333 ert
1527 5285 1562 5339 Cr
1585 5283 1663 5332 Immo
1679 5296 1740 5332 uero

413 5363 564 5413 loneuotem
579 5361 676 5410 militm
691 5364 823 5409 concamio
839 5365 875 5409 est
896 5371 929 5414 o:
957 5360 1035 5409 Immo
1056 5370 1117 5408 uero
1136 5359 1250 5408 bonanus
1270 5358 1418 5408 utiluutem:
1439 5364 1463 5408 et
1478 5358 1575 5407 miluus
1589 5358 1740 5407 tonantem

413 5441 499 5486 metu
513 5441 549 5486 ert
565 5438 661 5497 Unger,
680 5433 738 5485 coll.
752 5434 894 5485 Ambrosio
911 5434 946 5484 de
963 5435 1008 5485 oil.
1027 5433 1091 5484 cler.
1111 5436 1153 5492 til,
1167 5433 1192 5494 9,
1205 5434 1251 5483 oo:
1274 5433 1361 5496 ltaque
1377 5439 1401 5483 et
1416 5434 1531 5482 loomim
1545 5433 1649 5482 utilitati
1660 5445 1741 5494 prue-

414 5512 468 5561 toto
484 5516 520 5561 est
535 5516 559 5561 et
574 5510 672 5559 utilitum
688 5515 775 5559 secuto
789 5510 939 5559 honestatem
955 5515 999 5560 eat.
1020 5534 1047 5545 -
1072 5510 1114 5559 25.
1131 5510 1184 5557 sine
1199 5508 1243 5558 illo
1259 5509 1276 5560 b
1296 5535 1321 5544 -
1345 5508 1387 5557 26.
1406 5507 1530 5558 uidebitm
1545 5509 1572 5557 id
1588 5509 1631 5557 lio
1649 5532 1677 5543 -
1696 5508 1739 5559 27.

415 5588 522 5649 mm
537 5585 681 5649 disputandi
697 5585 868 5634 consituendo
885 5586 945 5646 (om.
960 5583 1004 5644 est)
1021 5597 1036 5633 o
1063 5609 1090 5619 -
1117 5583 1158 5632 29.
1176 5584 1313 5645 marinaeo.
1331 5588 1498 5632 communes
1513 5594 1531 5633 ι
1548 5608 1575 5620 -
1604 5583 1645 5633 to.
1662 5587 1687 5632 st
1703 5583 1738 5633 C:

416 5675 467 5711 orn.
487 5659 538 5711 atii.
569 5687 596 5698 -
622 5660 746 5709 aeumbur
761 5660 851 5709 uestris
867 5659 1033 5709 octodemicts
1048 5664 1071 5708 et
1084 5658 1278 5720 perppmtericts
1294 5659 1337 5719 qui
1354 5670 1368 5706 o
1396 5684 1423 5694 -
1450 5656 1491 5706 dt.
1509 5657 1616 5707 iidem
1642 5682 1670 5694 -
1697 5658 1740 5718 qut

415 5736 551 5785 academci
569 5735 628 5799 Cp:
648 5747 731 5785 om.o
756 5760 783 5771 -
810 5734 851 5784 tt.
869 5735 900 5784 iis
917 5734 971 5784 Bb:
989 5735 1028 5783 liis
1045 5735 1097 5789 lla,
1115 5734 1194 5795 tijao
1220 5758 1248 5769 -
1275 5733 1315 5784 33.
1335 5732 1366 5782 ab
1383 5733 1430 5793 biju
1446 5743 1461 5781 u
1477 5758 1510 5769 —
1535 5732 1686 5782 timerentur
1702 5732 1738 5782 C:

416 5812 572 5861 &aerumm-
589 5822 604 5860 o
623 5836 651 5846 -
670 5810 711 5861 at.
730 5810 763 5860 ab
778 5810 851 5859 bisc
871 5809 970 5871 (corps
986 5812 1009 5869 o)
1030 5835 1056 5846 -
1075 5809 1116 5858 ³5.
1134 5815 1180 5857 out
1196 5808 1432 5858 bonertrannaast
1448 5807 1508 5856 utile
1523 5818 1550 5856 o:
1574 5812 1598 5856 et
1614 5806 1740 5856 dormiere

416 5892 510 5935 --oat
525 5887 586 5935 urite
607 5886 724 5944 Btiab;
751 5891 773 5936 et
789 5885 1001 5935 dormtum-et
1016 5884 1076 5934 stite
1099 5882 1253 5937 Lambinus.
1278 5908 1307 5921 -
1337 5882 1378 5935 ³6.
1395 5880 1471 5935 Notis
1485 5882 1741 5933 auum-mutere

415 5960 544 6025 probabile
559 5973 613 6012 om.
627 5962 653 6012 b.
