4342 7459
717 1249 787 1315 ns
807 1250 863 1315 m
893 1251 967 1317 cn.
988 1252 1186 1319 ιιι-ιιι.
1212 1248 1259 1338 ss
1280 1250 1425 1320 so-n.
1667 1248 1729 1316 as

408 1426 472 1481 tam
499 1418 698 1503 perspicuum
727 1420 853 1485 ridetur
878 1443 973 1505 mam
1002 1421 1059 1487 bas
1087 1423 1261 1488 sententias
1282 1443 1391 1487 earum
1412 1421 1672 1506 pbilosophorum
1693 1443 1728 1487 ra

408 1513 492 1575 inter
520 1533 555 1577 se
587 1514 685 1596 magis
712 1535 807 1597 quam
829 1517 934 1580 verbis
956 1516 1127 1581 dissidere:
1157 1518 1309 1582 maiorem
1331 1518 1430 1582 multo
1452 1519 1534 1582 iuter
1555 1517 1677 1581 Stoicos
1699 1524 1732 1581 et

409 1607 632 1689 Peripateticos
653 1628 759 1672 rerum
782 1630 851 1673 esse
872 1610 924 1673 aia
947 1610 1189 1694 discrepantiam
1205 1631 1301 1695 quam
1316 1613 1500 1686 verborum,
1524 1613 1731 1696 quippenam

408 1701 609 1783 Peripatetici
630 1704 754 1777 omnia,
777 1725 860 1788 quae
882 1704 943 1787 ipsi
964 1703 1050 1767 bona
1069 1705 1246 1787 appellant,
1272 1708 1428 1789 pertinere
1449 1706 1556 1770 dicant
1576 1706 1618 1768 ad
1639 1706 1730 1769 beate

408 1796 596 1871 vivendum,
625 1799 725 1861 nostri
754 1818 819 1862 nan
848 1818 888 1862 ex
915 1799 1019 1873 omni,
1049 1800 1136 1882 quod
1157 1800 1376 1864 aestimatione
1398 1800 1506 1885 aliqua
1527 1799 1657 1883 dignum
1679 1800 1755 1874 sits

409 1889 559 1973 compleri
581 1886 679 1955 vitam
700 1892 823 1957 beatam
845 1901 967 1976 putent.

493 1984 578 2045 xut.
600 1980 652 2048 Ω.
679 1990 729 2053 An
758 2007 833 2051 vero
863 1988 979 2051 certius
1001 1988 1171 2071 quiequam
1196 1997 1301 2072 potest
1327 2009 1397 2053 essa
1419 2009 1512 2073 quam
1533 1989 1660 2054 illorum
1681 2008 1732 2052 ra·
1796 2005 1798 2012 ·

409 2085 509 2160 bone,
531 2086 588 2169 qui
611 2085 751 2149 dolorem
773 2082 805 2144 iu
829 2082 919 2145 malis
941 2089 1079 2164 ponunt,
1102 2102 1166 2144 nou
1187 2103 1282 2167 possa
1304 2084 1479 2167 sapientem
1500 2083 1626 2147 beatum
1649 2103 1731 2159 esse,

408 2199 478 2241 carm
500 2180 611 2244 eculeo
632 2179 838 2263 torqueatur?
863 2177 979 2239 Earum
1002 2181 1122 2250 autem,
1144 2177 1200 2259 qui
1215 2176 1356 2241 dolorem
1371 2178 1404 2241 in
1420 2178 1509 2240 malis
1523 2196 1588 2241 nou
1602 2176 1729 2249 baliani.

407 2274 488 2337 ratio
510 2282 594 2337 certe
617 2274 702 2355 cogit
722 2278 758 2334 ut
778 2271 812 2333 iu
834 2269 980 2332 omnibus
1002 2272 1167 2333 tormentis
1186 2281 1389 2351 conservetur
1402 2272 1493 2336 beata
1506 2271 1570 2334 vita
1585 2272 1768 2354 sapienti.to

407 2368 534 2432 Etenim
561 2369 588 2431 si
615 2367 741 2430 dolores
768 2362 897 2427 eosdem
925 2362 1121 2426 tolerabilius
1149 2365 1312 2446 patiantur
1333 2366 1389 2449 qui
1411 2366 1574 2448 excipiunt
1595 2386 1649 2430 eos
1671 2386 1729 2448 pro

408 2462 510 2543 patria
532 2480 627 2543 quam
650 2459 704 2542 qui
724 2457 843 2519 leviare
865 2456 905 2518 de
927 2474 1037 2529 causa,
1059 2458 1167 2540 opinio
1188 2456 1276 2533 iacit,
1299 2479 1364 2522 non
1385 2468 1510 2534 natura,
1533 2460 1595 2522 vim
1612 2458 1730 2522 doloris

410 2563 465 2617 aut
486 2555 637 2618 maiorem
659 2558 714 2615 aut
734 2551 897 2614 minorem.
940 2545 992 2611 43.
1014 2552 1060 2613 Ne
1082 2551 1160 2614 illud
1183 2552 1311 2635 quidem
1334 2560 1384 2617 est
1398 2561 1664 2627 consentancum,
1686 2559 1730 2627 ut,

409 2649 451 2722 si,
473 2668 545 2711 cum
561 2648 622 2710 tria
644 2664 760 2729 genera
785 2644 943 2707 bonorum
971 2645 1049 2719 siat,
1082 2665 1164 2728 quae
1192 2647 1351 2709 sententia
1372 2653 1418 2711 est
1440 2647 1731 2729 Peripateticorum,

411 2761 448 2804 eo
478 2741 602 2805 beatior
623 2741 761 2822 quisque
782 2740 838 2812 sit,
866 2759 932 2821 quo
962 2739 1003 2802 sit
1024 2740 1166 2821 corporis
1188 2748 1241 2804 aut
1263 2740 1401 2803 externis
1422 2740 1515 2804 bonis
1536 2740 1675 2823 plenior,
1697 2747 1769 2802 utta

409 2836 471 2898 boc
492 2836 577 2899 idem
599 2832 839 2915 approbandum
862 2833 903 2895 sit
923 2832 1025 2905 uobis,
1048 2840 1083 2895 ut
1108 2832 1165 2914 qui
1191 2834 1282 2915 plura
1303 2833 1419 2897 babeat
1438 2853 1487 2908 ea,
1509 2854 1592 2918 quae
1613 2835 1647 2898 in
1664 2854 1732 2898 aor-

410 2950 487 3013 pore
510 2930 615 3012 magni
637 2928 858 3000 aestimantur,
880 2926 921 2988 sit
942 2926 1073 2988 beatior.
1116 2926 1168 2988 llli
1190 2927 1276 2988 enim
1297 2927 1437 3010 corporis
1459 2927 1633 2991 commodis
1648 2949 1733 2991 oom-

410 3024 490 3108 pleri
517 3025 612 3087 vitam
641 3022 764 3084 beatam
791 3027 917 3102 putant,
946 3021 1045 3082 nostri
1075 3019 1153 3082 nibil
1180 3022 1293 3083 minus.
1330 3022 1409 3082 Nam
1434 3041 1506 3083 aum
1528 3022 1570 3084 ita
1599 3022 1733 3104 placeat,

410 3138 451 3180 ne
472 3138 580 3181 eorum
604 3115 733 3200 quidem
757 3115 926 3187 bonarum,
950 3134 1033 3197 quac
1055 3133 1113 3176 nos
1134 3114 1217 3177 bona
1238 3134 1310 3177 vere
1326 3114 1534 3197 appellemus,
1555 3114 1734 3199 frequentia

410 3211 583 3274 beatiorem
616 3210 713 3272 vitam
747 3205 814 3271 fieri
843 3215 899 3270 aut
927 3208 1025 3290 magis
1051 3207 1260 3291 expetendam
1289 3215 1343 3271 aut
1370 3209 1469 3289 pluris
1497 3210 1769 3284 aestimandam,ao

411 3316 495 3369 certe
518 3305 684 3370 minusad
707 3304 830 3366 beatam
853 3304 946 3365 vitam
969 3302 1110 3383 pertinet
1130 3302 1300 3365 multitudo
1324 3303 1463 3385 corporis
1485 3304 1732 3367 commodorum.

411 3396 463 3463 ll.
487 3400 626 3473 Etenim,
659 3400 686 3461 si
711 3406 745 3459 et
773 3417 884 3477 sapere
906 3396 1119 3477 expetendum
1141 3397 1183 3458 sit
1202 3405 1233 3459 et
1247 3396 1371 3470 valere,
1394 3396 1597 3461 coniunctum
1613 3406 1733 3460 utrum-

411 3514 474 3578 que
495 3493 596 3574 magis
617 3490 831 3574 expetendum
853 3491 894 3552 sit
915 3507 1008 3571 quam
1030 3509 1141 3571 sapere
1164 3490 1281 3564 solum,
1303 3510 1408 3572 neque
1429 3498 1548 3565 nmen,
1570 3491 1597 3554 si
1612 3500 1733 3554 utrum·

414 3607 476 3670 quo
497 3588 540 3650 sit
561 3585 778 3647 aestimatione
798 3582 944 3662 dignum,
973 3582 1072 3664 pluris
1094 3584 1134 3646 sit
1155 3586 1356 3647 coniunctum
1378 3603 1473 3667 quam
1495 3604 1607 3667 sapere
1628 3585 1732 3668 ipsum

411 3680 590 3763 separatim.
627 3680 704 3740 Nam
727 3677 782 3761 qui
806 3675 1019 3738 valetudinem
1040 3678 1258 3739 aestimatione
1280 3677 1387 3759 aliqua
1408 3678 1535 3759 dignam
1556 3678 1769 3743 iudicamusss

413 3794 517 3858 neque
539 3793 608 3836 cam
629 3782 733 3835 tamen
756 3771 788 3833 in
810 3770 904 3832 bouis
926 3770 1088 3852 ponimus,
1109 3771 1193 3833 idem
1215 3790 1380 3833 censemus
1397 3771 1515 3833 nullam
1531 3791 1600 3835 esse
1615 3778 1732 3835 tantam

412 3867 677 3939 aestimationem,
706 3873 741 3927 ut
771 3883 809 3927 ea
831 3864 938 3927 virtuti
966 3873 1186 3946 anteponatur.
1223 3863 1317 3939 Quod
1340 3864 1424 3926 idem
1446 3864 1647 3948 Peripatetici
1669 3886 1733 3928 nou

413 3971 539 4026 teneat:
564 3960 681 4043 quibus
708 3958 877 4022 dicendum
902 3963 964 4031 est,
991 3977 1074 4040 quae
1097 3965 1128 4020 et
1148 3957 1280 4022 honesta
1301 3957 1383 4020 actio
1405 3957 1447 4021 sit
1468 3965 1500 4021 et
1521 3960 1590 4021 sine
1612 3958 1734 4034 dolare,

414 4075 482 4119 eam
512 4054 612 4136 magis
638 4072 708 4115 asse
737 4050 962 4135 expetendam,
991 4070 1087 4134 quam
1113 4051 1140 4113 si
1168 4058 1252 4115 esset
1277 4051 1387 4114 eadem
1416 4052 1498 4114 actio
1520 4071 1591 4115 aum
1614 4051 1732 4115 dolore.

412 4150 510 4212 Nobis
537 4150 628 4211 aliter
654 4143 794 4209 videtur:
824 4155 910 4209 recte
936 4165 1069 4207 secusne
1096 4154 1222 4227 postea,
1248 4142 1305 4208 sed
1334 4151 1479 4227 potestne
1506 4165 1611 4208 rerum
1633 4147 1771 4211 maiorso

413 4262 483 4306 esse
507 4240 685 4303 dissensio?

497 4336 581 4397 xlv.
602 4332 653 4396 li).
678 4333 718 4396 Ut
739 4334 822 4397 enim
846 4334 1032 4396 obscuratur
1054 4342 1086 4397 et
1100 4333 1276 4395 offunditur
1288 4332 1358 4395 luce
1374 4333 1451 4396 solis
1465 4332 1572 4395 lumen
1587 4332 1733 4396 lucernas

413 4436 447 4493 ct
459 4437 494 4491 ut
508 4428 616 4491 interit
629 4430 662 4490 in
676 4429 892 4511 magnitudine
908 4428 1000 4490 maris
1012 4426 1130 4509 Aegaei
1146 4427 1229 4491 stilla
1243 4428 1345 4491 mellis
1358 4434 1390 4491 et
1404 4435 1439 4490 ut
1454 4428 1487 4489 in
1500 4428 1616 4491 divitiis
1627 4428 1733 4491 Croesi

413 4522 548 4585 teruncii
570 4523 712 4585 accessio
736 4530 767 4583 et
788 4522 902 4604 gradus
925 4541 1007 4583 uuus
1028 4522 1061 4583 in
1079 4540 1117 4583 ea
1131 4522 1199 4595 ria,
1223 4540 1304 4603 quae
1323 4529 1371 4584 est
1385 4521 1459 4584 binc
1474 4522 1507 4583 iu
1523 4522 1656 4596 Indiam,
1677 4522 1733 4596 sic,

414 4638 485 4681 oum
508 4617 596 4679 sitis
619 4617 773 4678 bonorum
795 4612 882 4688 linis,
904 4634 999 4697 quem
1022 4615 1119 4677 Stoici
1142 4615 1268 4689 dicunt,
1291 4616 1393 4679 omnis
1414 4617 1474 4678 ista
1496 4637 1601 4679 rerum
1622 4634 1770 4700 corpo-tc

414 4731 539 4773 reatum
567 4710 745 4775 aestimatio
775 4709 943 4792 splendore
969 4709 1092 4771 virtutis
1120 4715 1152 4771 et
1178 4708 1394 4791 magnitudine
1419 4708 1604 4773 obscuretur
1624 4717 1657 4773 et
1678 4710 1734 4771 ob-

480 4976 504 5024 t.
522 4986 550 5022 re
566 4974 680 5022 interesse
695 4985 728 5020 m.
743 4972 762 5020 B
776 4996 802 5005 -
822 4969 847 5019 3.
865 4983 915 5019 esso
931 4971 972 5019 aio
989 4971 1112 5020 ARCE:
1132 4983 1181 5021 esse
1197 4971 1281 5021 animo
1297 4972 1319 5021 D
1333 4997 1361 5007 -
1378 4972 1600 5022 cranambss—
1620 4973 1737 5022 b.nostri

413 5063 463 5098 nan
479 5064 512 5099 ez
529 5050 608 5107 omni,
627 5049 692 5109 qaod
708 5047 878 5095 aestimatione
895 5047 1027 5096 Davisius:
1050 5047 1129 5095 nostri
1151 5060 1200 5095 non
1218 5047 1282 5108 qaod
1299 5060 1331 5095 aa
1347 5046 1415 5095 omni
1431 5047 1584 5097 estimatione
1600 5049 1634 5106 A3
1657 5048 1736 5097 nostri

413 5139 477 5175 soca
493 5124 559 5187 qaod
575 5138 607 5173 aa
624 5123 691 5172 mnni
708 5124 865 5172 estimacione
882 5122 915 5179 B;
937 5122 1015 5169 nostri
1031 5135 1103 5180 cero,
1128 5123 1193 5186 qaod
1215 5123 1386 5171 aestimatione
1402 5122 1501 5171 omnino
1518 5124 1538 5171 0
1557 5147 1584 5156 —
1609 5122 1633 5171 6,
1649 5127 1737 5185 patent

413 5202 450 5249 A:
467 5204 558 5261 putam
574 5200 608 5255 Β;
633 5213 682 5247 non
697 5203 783 5259 patent
800 5197 820 5245 0
840 5223 867 5233 -
889 5196 913 5244 Ἰ.
932 5196 1032 5245 illoram
1050 5195 1206 5246 Lambinus:
1225 5197 1267 5245 itta
1284 5199 1319 5254 Α;
1344 5196 1388 5245 itta
1404 5196 1433 5246 ll.
1455 5194 1574 5259 Cl.§l8.
1594 5222 1621 5231 -
1641 5197 1681 5246 40.
1699 5197 1736 5246 att

413 5274 552 5323 nominibus
568 5274 632 5330 Ab:
650 5272 731 5320 attin
747 5269 858 5319 omnitm
875 5270 895 5320 0
913 5296 940 5304 -
960 5271 1015 5319 nita
1032 5269 1105 5319 mata
1121 5271 1140 5320 B
1154 5297 1181 5305 -
1202 5271 1241 5319 ts.
1260 5270 1397 5319 tenioreA:
1416 5269 1505 5319 baiori
1521 5270 1549 5320 B.
1569 5271 1607 5323 Ct.
1620 5273 1736 5323 Wesen-

413 5346 480 5411 berg
497 5347 606 5396 Observ.
626 5348 694 5396 critt.
712 5348 737 5395 ia
761 5360 799 5395 or.
820 5359 843 5409 p.
864 5347 948 5395 Sestio
966 5360 992 5410 p.
1011 5346 1025 5395 7
1045 5350 1071 5395 et
1088 5346 1112 5396 8.
1134 5373 1160 5382 -
1185 5347 1268 5408 opinio
1284 5359 1344 5399 om.
1362 5346 1396 5406 B,
1419 5359 1505 5395 uacuo
1521 5349 1616 5412 spatio.
1636 5375 1663 5385 —
1686 5363 1736 5398 non

414 5430 565 5472 minanam
581 5424 605 5472 d.
626 5424 688 5472 B-
705 5423 745 5471 tt.
764 5424 873 5471 caterim
890 5422 982 5471 BE-
999 5422 1039 5471 ts.
1057 5420 1325 5484 minm1manasb—
1342 5422 1382 5472 49.
1400 5421 1438 5484 ne]
1456 5427 1483 5472 at
1500 5424 1558 5472 B·
1577 5424 1734 5474 ameABC:

415 5498 513 5559 cuidem
529 5498 566 5555 D;
589 5503 697 5546 naturae
714 5497 733 5545 0
753 5522 779 5532 -
804 5496 844 5544 20.
862 5495 881 5558 l.
900 5501 975 5557 atque
995 5496 1111 5559 maaisB
1135 5522 1162 5532 —
1184 5498 1387 5547 naaman:
1410 5509 1463 5546 orn.
1482 5498 1531 5547 EO
1550 5523 1577 5533 -
1598 5498 1735 5547 assotum

415 5584 537 5631 sequen
550 5585 626 5633 quam
646 5584 734 5633 sapere
755 5583 808 5619 om.
827 5571 848 5619 D
871 5595 904 5605 -
922 5576 1060 5634 ulnamque
1080 5573 1112 5619 sit
1133 5574 1168 5622 A:
1191 5578 1323 5634 utrumqne
1342 5573 1403 5634 [om.
1420 5573 1460 5634 sit)
1485 5573 1534 5621 ΒΟ
1553 5596 1580 5606 -
1602 5572 1641 5621 25.
1660 5584 1735 5633 sepa-

415 5645 491 5693 ratim
507 5645 600 5695 ABD:
618 5651 764 5708 separatam
781 5645 873 5694 llo·
893 5646 933 5695 26.
953 5646 1017 5695 idem
1034 5649 1069 5695 A:
1088 5647 1149 5695 idest
1165 5649 1198 5704 B;
1216 5648 1290 5696 iidem
1308 5649 1361 5698 ΜΟ
1378 5674 1404 5683 -
1424 5661 1474 5697 esse
1490 5648 1618 5695 amb·
1639 5646 1680 5695 28.
1699 5652 1736 5697 te-

415 5724 499 5768 nerent
516 5719 537 5769 D
556 5745 583 5755 -
603 5720 643 5770 30.
659 5719 777 5783 potestne]
793 5727 879 5782 postne
895 5722 943 5770 AB
960 5748 993 5757 -
1009 5720 1050 5771 33.
1068 5722 1095 5770 in
1112 5719 1229 5772 Halmius
1247 5720 1315 5784 (call.
1332 5728 1360 5772 nt
1376 5722 1402 5771 in
1419 5720 1511 5771 diuitiis
1527 5720 1554 5767 et
1570 5731 1596 5768 v.
1614 5717 1646 5769 il
1662 5720 1688 5768 in
1705 5735 1736 5771 ea

416 5796 478 5853 ciat:
504 5807 557 5845 om.
576 5796 655 5845 codd.
674 5800 700 5845 et
723 5797 777 5846 ΜΟ
796 5822 822 5830 -
847 5795 1063 5846 mettisABCD:
1086 5797 1221 5846 muriceo
1239 5821 1266 5831 -
1291 5810 1334 5845 cro
1355 5797 1412 5845 essit
1434 5808 1462 5844 er
1478 5792 1556 5843 rantii
1577 5795 1612 5850 Α;
1636 5796 1737 5845 ervenit

416 5869 565 5919 vestiiBE
579 5898 606 5906 -
625 5869 666 5920 st.
683 5869 735 5932 oia]
751 5870 805 5919 vita
820 5869 908 5920 BE·
927 5871 954 5919 in
967 5869 1072 5934 Indiam]
1089 5871 1212 5920 inuidiam
1223 5871 1271 5921 BE
1286 5897 1311 5907 -
1330 5870 1371 5921 35.
1384 5880 1562 5932 corporearum
1578 5869 1612 5917 G:
1633 5869 1660 5918 tn
1676 5883 1735 5921 cor-

413 5956 475 6005 pore
489 5944 581 5995 bonan
596 5945 690 6008 ABC;
709 5946 736 5995 in
751 5958 854 6009 corpore
868 5947 974 5998 ritamnn
990 5948 1010 5997 0
1029 5974 1057 5985 -
1075 5946 1116 5998 36.
1134 5947 1304 5999 aestimatione
1318 5947 1370 5998 AC
1390 5972 1417 5985 -
1435 5944 1583 5996 matur
1598 5943 1656 5995 BE.
