4342 7459
724 1237 792 1301 u..
813 1237 839 1299 r.
868 1236 943 1302 cr».
965 1236 1181 1301 xx-xxu.
1208 1235 1255 1321 ss
1271 1203 1420 1301 44-’44
1672 1230 1735 1298 ros

533 1398 768 1472 Aernmnae,
791 1403 882 1480 post
903 1417 950 1460 ex
971 1395 1097 1462 fluvio
1118 1396 1281 1461 fortuna
1302 1397 1482 1461 resistet

533 1491 638 1553 llaec
659 1490 816 1553 ecfatus
838 1499 963 1575 pater,
986 1511 1185 1574 germana,
1207 1498 1375 1576 repente
1397 1490 1566 1553 recessit

533 1586 610 1647 Nec
633 1604 722 1648 sese
745 1585 859 1648 dedit
880 1586 917 1647 in
941 1593 1203 1669 conspectum
1226 1588 1347 1650 corde
1369 1584 1551 1668 cupitus:

534 1678 770 1762 Quamquam
793 1679 916 1742 multa
938 1700 1076 1744 manus
1099 1681 1143 1744 ad
1167 1680 1275 1744 caeli
1299 1678 1461 1742 caerula
1484 1676 1632 1761 templa

532 1773 757 1835 Tendebam
780 1772 1004 1838 lacrumans
1026 1784 1065 1837 et
1086 1773 1233 1837 blanda
1255 1792 1351 1836 voce
1373 1772 1568 1837 vocabam.
1747 1790 1763 1835 4

533 1868 607 1930 Vix
629 1887 747 1949 aegro
771 1876 850 1930 tum
875 1868 992 1931 corde
1014 1888 1095 1931 meo
1119 1888 1174 1931 me
1196 1886 1357 1931 somnus
1379 1866 1556 1949 reliquit.

491 1961 579 2023 xxi.
602 1957 653 2023 ta.
683 1961 785 2035 llaec,
816 1961 910 2024 etiam
939 1963 965 2024 si
995 1958 1065 2025 ficta
1092 1970 1166 2026 sunt
1193 1968 1342 2045 apoeta,
1372 1980 1436 2023 non
1458 1959 1573 2023 absunt
1594 1966 1700 2022 tamen
1722 1978 1741 2021 a

407 2056 640 2120 consuetudine
662 2056 868 2118 somniorum.
905 2054 953 2119 Sit
974 2075 1050 2119 sane
1072 2057 1166 2119 etiam
1187 2055 1266 2119 illud
1282 2053 1554 2128 commenticium,
1576 2072 1642 2135 quo
1656 2053 1742 2115 Pria·

407 2171 479 2215 mus
502 2160 550 2214 est
571 2151 793 2225 conturbatus,
816 2151 893 2234 quia
1275 2154 1288 2177 '

599 2252 725 2309 mater
746 2244 907 2326 gravida
928 2264 1070 2328 parere
1094 2264 1136 2307 se
1158 2244 1367 2307 ardentem
1389 2242 1515 2305 lacem
1752 2263 1780 2309 ro

536 2342 633 2405 Visa
655 2344 713 2402 est
734 2338 773 2401 in
796 2339 947 2402 somnis
968 2338 1150 2402 Hecuba:
1172 2356 1249 2421 quo
1271 2336 1379 2399 lacto
1401 2341 1516 2419 pater

535 2436 616 2498 Rex
638 2434 727 2516 ipse
750 2433 931 2495 Priamus
953 2432 1108 2496 somnio
1130 2432 1278 2495 mentis
1300 2441 1404 2495 metu

535 2526 764 2600 Perculsus,
786 2526 897 2589 euris
920 2534 1096 2609 sumptus
1119 2525 1433 2610 suspirantibus

534 2619 869 2684 Exsacrilieabat
888 2619 1042 2682 bestiis
1064 2619 1314 2683 balantibus.

534 2718 625 2779 Tum
648 2714 924 2778 coniecturam
947 2713 1128 2798 postulat
1149 2733 1284 2799 pacem
1306 2719 1470 2796 petens,

534 2810 577 2873 [lt
598 2829 640 2873 se
662 2808 852 2872 edoceret
873 2809 1092 2872 obsecrans
1115 2807 1361 2891 Apollinem,

536 2903 622 2979 Quo
646 2921 734 2966 sese
756 2909 920 2965 vertant
941 2909 1074 2966 tantae
1097 2911 1230 2965 sortes
1252 2901 1456 2965 somnium.

536 2998 595 3060 lbi
618 3017 664 3060 ex
686 2996 825 3059 oraclo
848 3016 944 3060 voce
967 2995 1108 3059 divina
1131 2995 1261 3059 edidit

534 3090 701 3174 Apollo:
724 3110 908 3175 puerum,
930 3091 1080 3175 primus
1102 3092 1260 3153 Priamo
1282 3090 1348 3174 qui
1370 3090 1477 3154 toret
1568 3098 1574 3110 '

536 3188 626 3249 Post
647 3184 723 3247 illa
746 3192 879 3259 natus,
902 3192 1151 3268 temperaret
1172 3184 1333 3249 tollere:
1745 3217 1773 3266 2,

536 3280 625 3343 llum
648 3299 735 3343 esse
758 3279 923 3342 exitium
945 3279 1106 3354 Troiae,
1129 3285 1274 3363 pestem
1296 3281 1490 3362 Pergamo.
1607 3284 1609 3289 ’

409 3371 461 3437 43.
485 3374 554 3437 Sint
574 3373 668 3448 baec,
692 3381 727 3436 ut
749 3372 833 3448 dixi,
855 3372 980 3436 somnia
1001 3372 1199 3448 fabularum,
1220 3372 1336 3458 bisque
1359 3371 1551 3457 adiungatur
1572 3375 1667 3438 etiam
1682 3375 1744 3437 Ae·

409 3489 490 3533 neae
512 3468 686 3542 somnium,
710 3465 797 3551 quod
820 3467 854 3529 in
877 3467 977 3530 nostri
1000 3466 1077 3530 Fabi
1098 3466 1231 3530 Pictoris
1246 3466 1373 3530 Graecis
1388 3463 1556 3531 annalibus
1572 3469 1641 3532 eius
1657 3467 1744 3533 modi

410 3570 473 3637 est,
502 3570 539 3623 ut
569 3565 690 3635 omnia,
720 3580 802 3643 quae
831 3562 871 3623 ab
897 3565 1003 3624 Aenea
1031 3567 1120 3642 gesta
1143 3569 1218 3623 sunt
1239 3580 1386 3645 quaeque
1407 3561 1455 3626 illi
1476 3561 1676 3639 aeciderunt,
1706 3582 1745 3626 ea
1831 3549 1837 3568 ”

408 3655 542 3729 fuerim,
565 3673 647 3738 quae
670 3655 700 3717 ei
722 3653 896 3717 secundum
918 3655 1058 3737 quietem
1082 3654 1149 3717 risa
1170 3662 1255 3718 sunt.
1751 3674 1780 3722 44

495 3748 597 3812 xxii.
621 3748 683 3811 Sed
706 3748 858 3833 propiora
879 3747 1052 3812 rideamus.
1085 3748 1257 3812 Cuiusnam
1273 3748 1360 3813 modi
1374 3758 1423 3814 est
1438 3750 1573 3835 Superbi
1588 3749 1743 3834 Tarquini

411 3844 587 3917 somnium,
610 3842 649 3905 de
671 3842 791 3926 quoin
814 3845 912 3905 Bruto
934 3843 998 3905 Atti
1019 3842 1160 3925 loquitur
1179 3842 1272 3926 ipset

464 3932 516 4001 ii.
540 3937 663 4013 Quom
686 3937 762 3999 iam
784 3937 917 4020 quieti
940 3956 1092 4020 corpus
1114 3944 1309 4002 nocturno
1331 3939 1471 4022 inpetu

539 4030 635 4094 Dedi
658 4050 805 4114 sopore
827 4030 998 4114 placans
1020 4040 1130 4094 artus
1152 4031 1390 4115 languidos,

539 4125 659 4189 Visus
682 4125 732 4188 'st
754 4124 795 4187 in
818 4125 966 4188 somnis
988 4131 1130 4208 pastor
1151 4124 1196 4187 ad
1219 4146 1275 4190 me
1297 4127 1505 4211 appellere
1755 4148 1783 4196 40

539 4222 662 4282 Pecus
685 4219 914 4302 lanigerum
937 4219 1085 4281 eximia
1107 4219 1435 4301 pulchritudine:

538 4316 645 4376 Duos
668 4314 1002 4395 consanguineos
1024 4313 1171 4375 arietes
1194 4312 1285 4378 inde
1309 4314 1407 4398 eligi

539 4408 937 4490 Praeclarioremquc
958 4408 1126 4470 alterum
1149 4407 1362 4472 immolare
1385 4429 1460 4473 me:

539 4501 693 4564 Deinde
715 4504 804 4565 eius
828 4503 1053 4585 germanum
1076 4502 1273 4565 cornibus
1296 4503 1466 4567 conitier

460 4630 462 4633 -
540 4597 584 4658 ln
606 4617 662 4660 me
685 4597 879 4671 arietarc,
902 4615 1024 4679 eoque
1046 4597 1126 4658 ictu
1148 4616 1203 4659 me
1225 4595 1271 4659 ad
1295 4616 1424 4660 casnm
1447 4596 1554 4661 dari:
1755 4621 1785 4668 as

481 4994 524 5031 rv.
545 4982 556 5031 4
578 4981 605 5032 44
622 4981 638 5032 t
656 4982 762 5032 inverso
774 4979 867 5031 ordine
886 4981 912 5031 in
924 4978 1002 5030 codd.
1016 4978 1148 5045 leguntur.
1162 5006 1189 5019 -
1210 4982 1235 5032 4.
1253 4977 1415 5045 4144444444,
1432 4980 1502 5044 144444
1513 4981 1551 5044 Η,
1568 4982 1748 5045 4414444440,

411 5062 486 5121 pater
503 5058 594 5120 44444444
610 5056 642 5117 Β,
662 5056 711 5109 sed
728 5058 755 5106 in
773 5069 827 5107 ras.
843 5083 870 5091 -
889 5061 912 5105 44
927 5069 1052 5120 permane
1069 5057 1091 5107 ll
1111 5083 1138 5094 —
1157 5055 1181 5108 4.
1202 5058 1354 5119 Quanquam
1370 5055 1393 5107 ll
1413 5082 1438 5090 -
1458 5057 1483 5107 b.
1502 5056 1639 5109 4444444444
1655 5060 1705 5111 440
1719 5086 1746 5098 -

414 5134 439 5184 S.
457 5145 517 5198 apro
533 5146 590 5183 444444
607 5133 658 5183 ΒΗ
678 5160 704 5168 -
725 5132 748 5181 0.
769 5132 835 5193 Quin
851 5135 933 5180 meter
949 5131 984 5190 0;
1004 5132 1064 5194 quio
1081 5133 1155 5181 extre
1174 5144 1282 5181 versum
1298 5131 1387 5195 posuit
1403 5128 1531 5181 ltibbeelr.
1546 5158 1573 5169 —
1594 5134 1633 5184 40.
1652 5147 1678 5184 44
1693 5148 1747 5185 om.

415 5208 485 5258 ll-
511 5210 551 5262 ii,
569 5207 717 5258 4444444444
744 5231 771 5244 -
796 5220 845 5269 quo
860 5207 915 5269 [oio
932 5203 1059 5256 Ribbeck.
1081 5233 1108 5241 -
1137 5206 1178 5256 44.
1195 5210 1302 5255 mentem
1319 5202 1476 5266 Lambinus,
1499 5207 1587 5256 4444444
1606 5206 1699 5259 Bothe.
1720 5235 1747 5247 -

415 5281 456 5334 44.
475 5288 498 5331 44
515 5282 677 5348 4444444044
694 5283 730 5341 Η,
750 5282 809 5333 lori.
828 5280 1023 5345 semeriflcoboi.
1044 5309 1071 5317 -
1092 5282 1132 5331 44.
1150 5280 1322 5331 coniecturam
1338 5278 1434 5329 ABH:
1452 5282 1624 5332 coniecturam
1640 5282 1671 5341 V,
1689 5296 1750 5331 cos-

413 5360 530 5409 ieriorem
547 5358 567 5407 0
586 5383 612 5393 -
634 5359 673 5408 46.
693 5358 807 5407 40444444
825 5354 854 5407 A¹
874 5383 901 5394 -
920 5356 1070 5419 appollinem
1087 5357 1108 5406 A
1128 5382 1154 5392 -
1176 5356 1215 5405 48.
1236 5353 1279 5404 Ubi
1296 5354 1330 5413 B,
1348 5353 1393 5403 4444
1410 5351 1452 5415 ll¹,
1469 5354 1494 5404 40
1510 5353 1541 5404 ΑΙ
1561 5381 1586 5392 -
1605 5369 1692 5406 uocem
1708 5357 1750 5407 di-

414 5435 504 5483 44444444
525 5446 558 5484 ex
580 5432 640 5483 cod.
660 5430 756 5483 Eliensi
780 5431 911 5482 Davisius.
933 5457 959 5465 -
983 5432 1084 5481 diuinae
1101 5431 1203 5481 deditA
1224 5457 1251 5465 -
1276 5430 1317 5480 20.
1336 5433 1467 5492 temptaret
1484 5429 1506 5480 H
1527 5456 1553 5466 -
1572 5435 1686 5493 temporo
1702 5445 1751 5481 444-

414 5509 499 5561 4444444
517 5510 548 5560 V’
568 5536 593 5547 -
612 5512 653 5559 44.
672 5511 769 5557 scitum
786 5508 807 5558 ll
826 5532 853 5542 -
872 5506 914 5556 44.
932 5507 1107 5571 4444444444
1125 5504 1156 5556 ll¹
1176 5533 1202 5541 -
1221 5518 1329 5556 4444444
1344 5509 1366 5555 A
1385 5529 1412 5539 -
1437 5502 1478 5555 43.
1496 5506 1577 5555 444444
1591 5505 1654 5556 Fabi
1671 5506 1750 5556 ilertz

416 5584 600 5649 [rpiiioiopiscb
621 5583 754 5633 4444444444
769 5580 911 5645 8444444444·
929 5593 957 5645 p.
972 5580 1027 5641 ³³i=
1050 5594 1182 5631 4444444444
1200 5580 1254 5643 [abi
1271 5580 1305 5641 C,
1328 5579 1443 5630 Nrenerr’i
1459 5578 1531 5629 Fabii
1547 5579 1668 5643 Sigonius
1685 5582 1713 5630 et
1729 5581 1749 5631 0

419 5686 445 5697 -
464 5660 506 5710 26.
522 5661 661 5722 propriore
678 5658 771 5719 ABV,
787 5658 895 5721 proprio
912 5657 933 5707 ii
952 5682 979 5692 -
1000 5658 1075 5709 0444444
1091 5658 1159 5707 modi
1174 5669 1235 5705 4444
1253 5654 1284 5705 ll¹
1302 5680 1329 5690 -
1349 5654 1390 5705 ai.
1409 5656 1494 5705 4444444
1510 5653 1600 5715 ARV,
1619 5655 1700 5703 4444444
1716 5653 1748 5715 Η,

415 5735 476 5784 Attii
492 5733 513 5784 0
530 5747 591 5784 cum
610 5733 771 5785 camerario.
795 5759 821 5769 -
846 5732 888 5783 28.
908 5733 1032 5795 0444444444
1049 5732 1085 5791 C,
1111 5733 1193 5794 044444
1208 5730 1262 5780 iem
1278 5730 1298 5780 0
1315 5756 1348 5766 -
1371 5727 1410 5779 30.
1432 5728 1501 5777 444444
1517 5726 1556 5793 ’44]
1578 5728 1648 5779 4444444
1663 5736 1699 5780 444
1716 5728 1748 5791 ii,

414 5811 498 5860 4444444
514 5813 551 5859 esi
567 5809 692 5868 ABVO,
720 5808 809 5857 Visu'si
826 5804 979 5858 Lambinus.
999 5832 1026 5842 -
1044 5810 1134 5869 postor
1151 5807 1188 5855 C:
1209 5811 1337 5868 pmwrerr
1353 5805 1373 5855 0
1392 5827 1419 5840 -
1444 5803 1552 5867 apellare
1567 5806 1603 5865 A,
1621 5804 1751 5867 oppetiere

415 5882 438 5934 ll
457 5907 484 5918 -
505 5896 548 5932 vv.
567 5883 594 5935 34
617 5886 643 5934 et
660 5884 692 5933 32
710 5884 816 5933 inverso
833 5880 926 5932 ordine
944 5882 978 5943 C,
1006 5883 1032 5932 in
1054 5894 1134 5932 suum
1150 5881 1266 5932 restituit
1282 5880 1410 5932 4444444444.
1429 5903 1456 5915 -
1480 5876 1700 5929 dilaniaverit
1720 5905 1747 5915 -

415 5957 457 6013 43.
475 5970 515 6009 444
531 5961 551 6008 A
569 5960 596 6009 in
613 5972 667 6011 ras.
681 5984 708 5995 -
729 5958 770 6010 44.
789 5958 893 6009 44444444
908 5956 990 6008 ABV
1007 5955 1066 6022 ised
1081 5957 1102 6007 it
1118 5959 1147 6007 et
1162 5955 1265 6007 orliex
1279 5955 1378 6019 corni:
1396 5952 1568 6019 reminierit,
1586 5953 1749 6007 4444444440.
