4342 7459
442 1235 505 1308 itit
893 1237 948 1300 DE
970 1235 1140 1302 DEORUM
1162 1236 1325 1312 NATURA

442 1418 571 1482 quoque
593 1430 633 1448 ·-
655 1398 700 1462 ite
729 1398 814 1462 euim
840 1396 969 1460 dicebas
990 1436 1031 1450 -
1053 1416 1148 1480 saepe
1175 1396 1337 1461 falluntur.
1374 1396 1459 1474 Quid
1481 1397 1586 1462 simile
1607 1396 1777 1472 nedkina,

443 1493 533 1557 errius
555 1511 614 1573 ego
635 1491 788 1558 rationem
803 1492 911 1570 rideo,
933 1506 968 1563 et
988 1493 1157 1564 divinatio,
1180 1510 1263 1574 quae
1278 1490 1364 1568 unde
1379 1492 1501 1556 amatur
1515 1510 1579 1556 non
1599 1488 1776 1574 intelleget

443 1587 491 1650 Tu
512 1596 617 1651 autem
639 1586 734 1651 etiam
757 1588 926 1654 &ciorum
948 1586 1172 1654 devotionibus
1194 1585 1337 1667 placatos
1358 1585 1438 1648 deos
1457 1605 1528 1650 esse
1543 1604 1663 1649 acnsss
1685 1583 1777 1661 Quae

442 1678 505 1742 tuit
524 1700 634 1744 eorum
658 1689 744 1744 tanta
767 1681 931 1765 iniquitas,
954 1692 989 1749 ut
1011 1680 1128 1766 placari
1150 1678 1272 1761 populo
1294 1678 1437 1743 Romano
1460 1700 1525 1743 uon
1546 1685 1692 1762 possent,
1714 1679 1777 1744 nisi

418 1774 503 1844 aviri
525 1774 605 1837 tales
625 1773 843 1839 occidissent?
877 1778 1050 1842 Consilium
1078 1773 1158 1838 illud
1186 1774 1423 1856 imperatorium
1452 1772 1526 1848 iuit,
1558 1772 1643 1855 quod
1665 1770 1776 1836 Graeci

442 1867 657 1950 στρατήγημα
679 1869 856 1952 appellant,
878 1874 933 1936 sed
953 1892 1061 1936 eorum
1084 1870 1325 1950 imperatorum,
1347 1866 1404 1948 qui
1425 1869 1546 1951 patriae
1562 1867 1777 1942 consulerent,

443 1962 527 2025 ritae
548 1982 613 2025 non
636 1973 819 2044 parcerent;
843 1966 994 2029 rebantur
1016 1965 1100 2028 enim
1123 1961 1191 2025 lore
1211 1967 1247 2022 ut
1269 1961 1426 2024 exercitus
1447 1963 1670 2044 imperatorem
1691 1980 1776 2044 equo

442 2053 574 2118 incitato
596 2075 630 2117 se
652 2057 685 2120 in
707 2055 832 2123 hostem
855 2060 1065 2125 inmittentem
1087 2063 1351 2141 persequeretur,
1379 2054 1411 2117 id
1434 2056 1521 2136 quod
1543 2058 1662 2119 evenit.
1697 2056 1776 2120 Nam

442 2148 544 2212 Fauni
565 2168 674 2212 vocem
699 2151 847 2234 equidem
870 2174 1039 2237 numquam
1062 2150 1188 2215 audivi:
1211 2149 1284 2221 tibi,
1307 2149 1334 2211 si
1356 2148 1519 2212 audivisse
1541 2158 1572 2213 te
1588 2149 1686 2225 dicis,
1708 2170 1778 2214 cre·

401 2242 532 2326 rodam,
555 2243 614 2306 etsi
635 2244 763 2308 Faunus
785 2249 913 2311 omnino
933 2247 1009 2331 quid
1033 2248 1073 2310 sit
1095 2243 1214 2307 nescio.
1256 2243 1324 2304 Vll.
1347 2243 1417 2305 Non
1431 2242 1527 2324 igitur
1540 2243 1654 2318 adbuc,
1677 2264 1777 2327 quau·

442 2343 510 2398 tum
533 2335 661 2418 quidem
684 2338 716 2400 in
740 2347 771 2401 te
793 2350 856 2415 est,
885 2342 998 2415 Balbe,
1020 2339 1172 2419 intellego
1194 2336 1273 2399 deos
1295 2356 1383 2411 esse,
1404 2355 1486 2419 quos
1509 2338 1657 2420 equidem
1681 2338 1776 2402 crede

443 2448 530 2502 esse,
551 2429 608 2493 sed
630 2428 708 2494 nibil
732 2432 847 2497 docent
869 2436 979 2499 Stoici.
1017 2430 1067 2496 16.
1090 2435 1169 2495 Nam
1192 2430 1378 2505 Cleanthes,
1405 2438 1440 2494 ut
1463 2429 1605 2504 dicebas,
1627 2440 1778 2515 quattuor

443 2520 544 2587 modis
574 2521 724 2587 formatas
754 2527 786 2588 in
813 2529 926 2592 animis
949 2529 1114 2592 bominum
1137 2534 1226 2608 putat
1248 2523 1380 2589 deorum
1402 2544 1472 2587 esse
1494 2526 1653 2588 notiones.
1689 2526 1776 2591 Unus

442 2617 470 2681 is
492 2616 606 2681 modus
627 2628 692 2691 est,
715 2618 755 2681 ds
777 2640 843 2703 quo
865 2623 941 2685 satis
955 2623 1036 2695 dixi,
1057 2621 1113 2704 qui
1128 2628 1176 2683 est
1191 2626 1356 2700 susceptus
1372 2637 1411 2680 ex
1428 2619 1653 2700 praesensione
1668 2639 1775 2685 rerum

403 2710 637 2785 soluturamm,
667 2713 747 2776 alter
775 2735 815 2777 ex
845 2715 1137 2799 perturbationibus
1165 2720 1386 2796 tempestatum
1416 2719 1449 2775 et
1471 2711 1604 2794 reliquis
1627 2714 1775 2789 motibus,

443 2805 553 2870 tertius
578 2824 620 2868 ex
641 2808 864 2872 commoditate
894 2830 1014 2884 rerum,
1046 2827 1127 2891 quas
1151 2806 1360 2889 percipimus,
1389 2813 1420 2870 et
1441 2806 1550 2888 copia,
1580 2814 1713 2889 quartus
1735 2828 1775 2872 ex

442 2908 601 2964 astrorum
622 2901 734 2964 ordine
756 2903 901 2987 caelique
922 2904 1110 2967 constantia.
1144 2903 1191 2964 De
1214 2900 1439 2983 praesensione
1460 2900 1611 2964 diximus.
1643 2901 1689 2964 lle
1705 2922 1777 2984 per·

443 2990 673 3058 turbationibus
701 2995 893 3060 caelestibus
922 3005 954 3060 et
982 2996 1148 3059 maritimis
1170 3002 1202 3057 et
1230 2994 1364 3057 terrenis
1385 3014 1449 3058 non
1470 3015 1640 3077 possumus
1659 2994 1776 3069 dicere,

443 3107 515 3150 cnm
545 3105 583 3149 ea
611 3086 703 3162 liant,
730 3109 793 3153 non
820 3110 890 3154 esse
912 3090 1045 3164 multos,
1073 3090 1129 3172 qui
1151 3089 1206 3152 illa
1228 3094 1369 3151 metuant
1391 3095 1423 3150 et
1443 3108 1461 3149 a
1483 3088 1531 3150 dis
1555 3088 1777 3154 inmortalibus

402 3178 511 3266 tiberi
534 3180 738 3246 existumant.
782 3179 833 3245 17.
856 3184 919 3247 Sed
941 3204 1004 3247 non
1028 3182 1061 3246 id
1077 3183 1256 3265 quaeritur,
1279 3183 1384 3245 sintne
1398 3179 1518 3263 aliqui,
1541 3182 1597 3263 qui
1612 3180 1691 3247 deus
1707 3202 1777 3248 esse

441 3283 575 3361 putent:
597 3274 630 3338 di
653 3282 757 3338 utrum
781 3278 843 3340 sint
864 3297 965 3341 necno
987 3278 1051 3341 sint
1074 3277 1244 3358 quaeritur.
1279 3277 1358 3338 Nam
1381 3274 1524 3358 reliquae
1545 3295 1675 3349 musae,
1697 3296 1777 3359 quas

445 3367 613 3433 Cleanthes
635 3367 751 3443 adfert,
774 3391 907 3452 quarum
925 3393 986 3434 una
1002 3380 1050 3433 est
1064 3369 1105 3433 de
1121 3368 1378 3440 commodorum,
1400 3389 1483 3453 quae
1500 3370 1653 3451 cepimus,
1675 3372 1775 3454 copia,

442 3464 541 3528 altera
560 3461 601 3525 de
621 3471 800 3546 temporum
816 3465 926 3530 ordine
942 3465 1089 3548 caelique
1107 3465 1301 3537 constantia,
1325 3472 1390 3528 tum
1406 3463 1625 3526 tractabuntur
1639 3481 1659 3527 a
1674 3460 1775 3538 nobis,

443 3578 514 3621 cum
537 3556 769 3639 disputabimus
792 3558 832 3623 de
853 3558 1050 3643 providentia
1074 3558 1223 3632 deorum,
1253 3558 1292 3620 de
1315 3577 1379 3641 qua
1401 3557 1536 3639 plurima
1557 3576 1576 3619 a
1598 3563 1645 3631 te,
1670 3556 1776 3631 Balbe,

402 3649 529 3714 adicis
549 3658 640 3724 sunt;
664 3645 713 3712 18.
736 3650 914 3734 eodemque
936 3652 990 3715 illa
1007 3654 1101 3715 etiam
1118 3651 1314 3725 differemus,
1336 3650 1420 3733 quod
1441 3650 1652 3733 Chrysippum
1669 3649 1775 3714 dicere

441 3743 565 3816 aiebas,
595 3745 744 3825 quoniam
775 3755 860 3809 esset
886 3745 1006 3829 aliquid
1030 3747 1062 3808 in
1084 3765 1189 3808 rerum
1214 3754 1340 3821 natura,
1370 3745 1454 3827 quod
1476 3744 1516 3807 ab
1538 3744 1668 3807 bomine
1691 3741 1773 3808 ellici

441 3856 506 3900 non
528 3847 654 3920 posset,
677 3857 747 3902 esse
768 3838 889 3922 aliquid
912 3841 1038 3903 bomine
1061 3839 1191 3911 melius,
1215 3858 1362 3921 quaeque
1384 3838 1417 3899 in
1440 3838 1533 3901 domo
1557 3834 1687 3919 pulcbra
1704 3857 1775 3902 cum

442 3930 675 4014 pulchritudine
704 3933 812 3997 mundi
842 3933 1063 4017 computabas,
1094 3942 1125 3996 et
1154 3954 1224 3996 cum
1256 3932 1353 3995 totius
1382 3932 1491 3994 mundi
1521 3932 1774 3996 convenientiam

443 4045 697 4108 consensumque
720 4021 901 4098 adferebas,
931 4026 1132 4110 Zenonisque
1154 4026 1259 4089 brevis
1283 4033 1315 4088 et
1336 4026 1478 4089 acutulas
1500 4024 1720 4088 conclusiones
1742 4025 1775 4087 iu

402 4128 512 4183 tecam
535 4129 655 4201 partem
678 4122 846 4195 sermonis,
869 4140 964 4201 quam
988 4120 1082 4184 modo
1106 4120 1189 4193 dixi,
1214 4118 1410 4192 differemus,
1432 4118 1611 4203 eodemque
1633 4128 1775 4202 tempore

443 4213 498 4277 illa
520 4213 642 4287 omnia,
666 4233 749 4296 quae
772 4233 790 4276 a
813 4224 858 4288 te,
881 4214 1029 4297 physice,
1052 4214 1136 4277 dicta
1159 4223 1233 4277 sunt
1255 4214 1294 4277 de
1316 4214 1347 4275 vi
1370 4215 1463 4295 ignea
1485 4214 1590 4295 deque
1606 4232 1643 4275 ee
1660 4212 1776 4284 calore,

443 4325 484 4369 ex
506 4325 570 4388 quo
593 4308 699 4369 omnia
721 4310 864 4388 generari
888 4308 1033 4379 dicebas,
1065 4308 1137 4370 loco
1161 4327 1218 4369 suo
1241 4316 1446 4389 quaerentur,
1477 4307 1664 4389 omniaque,
1693 4326 1775 4387 quae

442 4409 515 4464 ste
545 4399 660 4463 nudius
691 4402 800 4463 tertius
824 4401 905 4465 dicta
933 4410 1023 4475 sunt,
1053 4423 1124 4465 cum
1149 4401 1262 4464 docere
1287 4399 1384 4464 velles
1406 4400 1484 4464 deos
1506 4419 1593 4473 esse,
1622 4419 1722 4481 quare
1745 4408 1776 4461 et

443 4493 579 4555 mundus
603 4494 770 4556 universus
793 4503 826 4557 et
848 4494 896 4558 sol
920 4505 952 4559 et
973 4495 1047 4557 luna
1070 4503 1102 4558 et
1123 4494 1232 4557 stellae
1254 4515 1382 4556 sensum
1406 4514 1442 4556 ac
1458 4501 1594 4556 mentem
1611 4492 1775 4566 baberent,

403 4586 475 4650 etin
498 4586 581 4648 idem
606 4595 730 4668 tempus
753 4586 929 4650 reservabo.
975 4584 1025 4650 19.
1047 4591 1073 4650 Α
1098 4598 1127 4651 te
1143 4597 1247 4651 autem
1263 4587 1346 4652 idem
1363 4588 1440 4650 illud
1457 4588 1551 4650 ctiam
1567 4597 1663 4671 atque
1679 4587 1775 4650 ctiam

442 4700 609 4763 quaeram,
632 4682 749 4762 quibus
771 4682 947 4744 rationibus
969 4683 1024 4745 tibi
1045 4682 1236 4764 persuadeas
1258 4682 1336 4744 deos
1359 4701 1439 4743 esse.

526 4775 609 4836 Vlll.
633 4776 713 4837 Tum
735 4776 872 4839 Balbus:
894 4776 1049 4859 Equidem
1073 4776 1216 4838 attulisse
1238 4776 1375 4838 rationes
1397 4774 1475 4838 mibi
1498 4773 1622 4848 videor,
1645 4772 1774 4836 sedeas

506 5034 531 5084 3.
549 5034 650 5084 oriatur
672 5046 740 5083 corr.
761 5047 793 5083 ex
816 5034 934 5083 oriantur
956 5033 977 5081 V
998 5059 1024 5069 -
1048 5033 1071 5083 3.
1091 5034 1166 5084 etiam
1186 5048 1239 5085 om.
1259 5036 1278 5083 P
1298 5060 1324 5070 -
1351 5032 1375 5083 i.
1395 5038 1572 5083 tartarorum
1589 5033 1608 5083 C
1629 5057 1656 5067 -
1673 5032 1774 5095 placari

441 5109 577 5161 BEPV2:
594 5110 690 5171 placeri
708 5105 785 5166 AV¹;
808 5109 908 5170 placere
925 5109 944 5157 C
964 5133 990 5141 —
1009 5107 1043 5169 pl.
1062 5113 1267 5170 concurrente.
1285 5122 1308 5157 r.
1327 5108 1374 5156 cisi
1393 5110 1411 5157 P
1432 5134 1457 5143 -
1477 5109 1500 5157 5.
1520 5108 1576 5157 itlat
1592 5111 1775 5171 inperatoriam

441 5188 512 5237 Α-
530 5185 554 5235 6.
572 5190 722 5247 strateqema
744 5181 768 5235 ‘ll
791 5209 818 5218 -
842 5183 866 5232 7.
884 5185 1065 5244 imperatorum
1089 5184 1107 5232 C
1133 5209 1159 5218 -
1184 5197 1264 5246 aeque
1287 5184 1337 5233 AV
1359 5209 1384 5217 —
1410 5183 1434 5232 8.
1453 5183 1568 5233 buntaro
1588 5211 1612 5219 -
1634 5185 1657 5235 9.
1677 5186 1776 5235 audiuit

443 5262 524 5325 Qaam
540 5261 562 5308 si
579 5262 617 5321 (Q.
635 5263 660 5308 in
677 5271 729 5308 res.
744 5260 771 5307 et
787 5253 822 5307 aa
838 5258 984 5321 superscr.)
1003 5258 1036 5313 B;
1056 5258 1145 5306 audiui
1161 5258 1203 5307 Bis
1219 5272 1244 5308 se
1262 5259 1298 5314 E;
1317 5259 1424 5306 audiuit.
1444 5263 1471 5306 ta
1487 5259 1508 5306 si
1526 5260 1545 5307 P
1564 5285 1588 5291 -
1611 5260 1709 5309 audisse
1726 5260 1774 5310 Po

444 5360 471 5372 -
492 5334 693 5384 stauisti:
713 5334 787 5384 aricii
805 5335 843 5390 C,
861 5334 897 5382 rsit
915 5334 992 5383 AEP
1013 5360 1038 5369 -—
1057 5335 1163 5383 cunnus
1181 5337 1201 5384 Α
1220 5360 1245 5368 -
1268 5332 1307 5381 13.
1327 5333 1430 5382 morum
1448 5346 1501 5382 om.
1519 5334 1538 5382 P
1558 5360 1584 5368 -
1605 5332 1646 5383 tt.
1664 5336 1686 5382 is
1703 5347 1773 5383 corr.

441 5422 474 5459 er
490 5409 528 5457 liis
545 5409 583 5464 V;
601 5422 635 5457 en
650 5410 688 5459 bis
704 5409 723 5457 B
749 5434 775 5444 -
801 5410 841 5458 lb.
860 5409 969 5469 rariquis
988 5406 1016 5456 v¹
1035 5435 1061 5444 —
1088 5410 1128 5459 16.
1144 5412 1302 5473 percepimus
1319 5411 1337 5458 P
1356 5434 1384 5445 -
1403 5410 1443 5458 it.
1458 5409 1607 5469 differemus,
1626 5423 1683 5457 cum
1694 5409 1775 5470 Clup-

439 5486 539 5546 aippum
550 5483 628 5533 Bake.
641 5509 668 5518 -
687 5484 728 5532 eo.
741 5484 861 5543 quoniam
872 5489 932 5531 esset
943 5483 1040 5543 aliquio
1050 5484 1174 5534 borairem
1185 5485 1275 5546 aliquit
1287 5484 1411 5532 inceium
1428 5486 1496 5546 (post
1508 5485 1627 5544 qooaiam
1637 5497 1773 5549 superscr.

440 5560 479 5617 si;
497 5559 620 5608 bominem
630 5560 671 5608 est
682 5555 800 5607 deletum
813 5561 840 5606 et
852 5557 942 5619 aliquit
958 5571 1027 5607 corr.
1041 5558 1066 5608 in
1080 5558 1183 5621 aliquio)
1197 5561 1230 5615 Β;
1250 5560 1370 5621 quonium
1386 5559 1407 5607 si
1424 5564 1486 5609 esset
1496 5559 1600 5620 aliquod
1616 5560 1643 5607 irs
1655 5573 1741 5609 rerum
1754 5560 1774 5611 E

443 5660 470 5669 -
484 5633 524 5684 27.
540 5634 637 5694 aimari
651 5634 749 5683 bomine
765 5632 903 5683 ABCPV
922 5633 1027 5692 (bomine
1044 5647 1114 5684 corr.
1134 5648 1166 5684 ex
1183 5636 1307 5684 bominem
1323 5635 1368 5691 Bi:
1388 5633 1491 5696 aliquod
1506 5635 1604 5684 bomine
1622 5635 1658 5694 E,
1676 5636 1775 5685 bomin

440 5708 537 5769 aliquid
554 5708 573 5757 0
593 5735 620 5744 -
636 5708 745 5770 paicbro
762 5720 830 5757 corr.
851 5720 882 5756 ex
898 5708 1031 5769 pulchram
1050 5708 1068 5756 V
1090 5734 1116 5744 -
1135 5708 1175 5758 31.
1195 5712 1280 5759 emnia
1298 5723 1350 5759 om.
1371 5712 1389 5759 P
1414 5736 1440 5745 -
1465 5709 1505 5759 33.
1525 5712 1659 5773 omniaque
1675 5724 1741 5770 oum
1756 5723 1774 5759 n

439 5788 463 5833 te
480 5779 556 5831 BV‘:
579 5782 665 5831 omnia
680 5793 795 5844 maeque
811 5794 828 5830 a
844 5786 868 5830 te
885 5782 922 5833 C:
941 5784 1027 5831 omnia
1044 5796 1108 5845 quae
1125 5796 1142 5832 a
1159 5789 1182 5833 ts
1198 5782 1288 5834 ΑΙ>1ι
1301 5786 1334 5847 (in
1354 5784 1404 5833 AV
1421 5788 1481 5848 post
1498 5798 1516 5832 a
1533 5797 1610 5835 erasa
1628 5787 1670 5834 est
1686 5782 1773 5835 littera

439 5857 483 5919 dic
501 5858 585 5908 oraio
601 5870 648 5920 qaae
664 5869 681 5905 a
697 5861 720 5906 te
737 5856 756 5905 E
776 5881 803 5891 -
821 5855 863 5906 33.
881 5857 963 5905 rudos
980 5860 1120 5921 (superscr.
1135 5859 1152 5919 i)
1171 5859 1223 5909 AV
1241 5884 1267 5894 -
1287 5857 1328 5908 35.
1347 5872 1364 5908 a
1381 5858 1407 5909 in
1425 5861 1551 5910 resuraA
1565 5885 1593 5895 -
1610 5863 1694 5909 autem
1710 5857 1774 5909 illud

439 5935 516 5985 etiam
532 5932 597 5983 ideas
610 5937 685 5995 maiis
700 5933 778 5982 edom
794 5933 813 5985 P
832 5958 859 5968 -
878 5930 919 5982 37.
936 5932 997 5983 uidi
1012 5932 1123 5983 rationes
1140 5935 1168 5985 P.
