4342 7459
437 1256 498 1324 50l
932 1254 986 1316 DE
1008 1251 1274 1317 DIVINATIONE

437 1422 609 1483 Varronem
624 1425 655 1479 et
670 1418 711 1479 II.
726 1416 887 1489 Catonem,
910 1416 966 1497 qui
988 1421 1054 1477 tum
1073 1416 1117 1477 ihi
1136 1423 1237 1488 erant,
1259 1413 1369 1478 doctos
1386 1413 1541 1489 homines,
1563 1411 1767 1477 vehomenter

438 1533 507 1577 esse
539 1513 745 1593 perterritos:
776 1510 886 1591 paucis
919 1500 995 1571 sane
1025 1517 1098 1591 post
1128 1507 1241 1572 diehus
1272 1529 1313 1572 ex
1345 1507 1505 1572 Pharsalia
1537 1506 1613 1590 iuga
1642 1507 1767 1573 renim

437 1607 632 1670 Labienum:
655 1604 804 1688 quicum
827 1602 989 1666 interitum
1012 1602 1171 1664 exercitus
1194 1602 1412 1674 nuntiavisset,
1433 1600 1554 1684 reIIqua
1570 1600 1768 1666 vaticinatio·

438 1703 487 1765 nis
509 1701 596 1763 hrevi
620 1719 690 1761 esse
713 1696 867 1762 conlecta.
909 1693 961 1758 69.
989 1698 1067 1758 Nam
1099 1703 1131 1757 et
1158 1716 1199 1759 ex
1228 1694 1350 1759 horreis
1378 1694 1537 1778 direptum
1567 1695 1768 1779 ellusumque

413 1794 628 1858 strumentum
652 1793 717 1856 vlas
740 1792 843 1854 omnis
866 1791 1118 1872 angiportusque
1140 1798 1369 1864 constraverat,
1397 1797 1430 1853 et
1449 1809 1547 1854 naves
1568 1790 1675 1854 suhito
1697 1810 1769 1873 per·

437 1889 537 1953 territi
560 1896 646 1950 metu
668 1884 914 1957 conscendistis,
944 1892 976 1946 et
1003 1893 1099 1947 noctu
1127 1884 1166 1947 ad
1195 1884 1348 1967 oppidum
1376 1884 1585 1966 respicientes
1606 1886 1768 1968 llagramis

438 1982 617 2054 onerarias,
651 1999 731 2061 quas
761 1976 967 2041 incenderant
996 1978 1130 2052 milites,
1158 1978 1234 2062 quia
1263 1979 1355 2062 sequi
1380 1977 1562 2053 noluerant,
1592 1978 1767 2044 ridebatis:

439 2083 599 2159 postremo
621 2094 640 2136 a
662 2072 783 2135 lihodia
805 2070 906 2134 classe
929 2072 1045 2134 deserti
1067 2092 1175 2135 rerum
1198 2080 1301 2135 uatem
1322 2071 1421 2133 inisse
1444 2072 1598 2136 sensistis.

523 2165 574 2230 70.
596 2167 737 2250 Exposui
760 2184 855 2248 quam
878 2165 1061 2229 brevissime
1083 2167 1171 2248 potui
1195 2166 1310 2230 somnii
1332 2174 1364 2229 et
1383 2166 1501 2230 suroris
1520 2168 1663 2243 oracula,
1686 2189 1768 2253 qnae

399 2275 545 2326 tuearere
566 2269 633 2324 arte
659 2258 812 2322 dixeram.
857 2258 1001 2333 Quorum
1031 2260 1195 2323 amhorum
1227 2280 1379 2342 generum
1412 2280 1474 2323 una
1500 2261 1581 2324 ratio
1609 2270 1676 2338 ast,
1704 2284 1769 2347 qua

440 2356 608 2437 Cratippus
640 2361 748 2416 noster
778 2352 825 2415 uti
852 2352 954 2415 solet:
986 2354 1108 2416 animos
1130 2354 1292 2417 hominum
1316 2352 1452 2437 quadam
1475 2374 1516 2416 ex
1538 2362 1626 2437 parte
1648 2354 1768 2420 extrin-

439 2469 531 2513 secus
553 2467 624 2510 esse
646 2456 762 2510 tractos
785 2455 817 2509 et
838 2445 969 2509 haustos
990 2479 1032 2493 -
1054 2468 1095 2510 ex
1118 2468 1181 2531 quo
1203 2447 1399 2530 intellegitur
1420 2468 1491 2511 esse
1513 2455 1603 2512 extra
1625 2447 1767 2514 divinum

439 2544 597 2615 animum,
623 2542 779 2603 humanus
800 2541 885 2603 unde
908 2542 1040 2604 ducatur
1072 2576 1113 2586 —
1144 2541 1275 2605 humani
1296 2549 1401 2604 autem
1423 2542 1521 2605 animi
1543 2562 1612 2607 eam
1635 2552 1767 2626 partem,
1838 2537 1843 2544 ’

440 2656 521 2720 quae
543 2655 681 2707 sensum,
704 2654 785 2717 quae
808 2641 938 2708 motum,
961 2654 1042 2716 quae
1063 2635 1238 2718 adpetitum
1259 2634 1385 2707 haheat,
1406 2655 1470 2698 non
1493 2656 1563 2700 esse
1585 2637 1626 2700 ah
1643 2638 1768 2703 actions

403 2729 584 2810 incorporis
605 2728 790 2810 seiugatam:
814 2747 896 2811 qnae
919 2737 1025 2791 autem
1047 2749 1119 2813 pars
1141 2728 1239 2793 animi
1261 2728 1393 2792 rationis
1415 2737 1509 2813 atque
1531 2729 1768 2813 intellegentias

441 2828 483 2889 sit
505 2826 678 2907 particeps,
700 2841 770 2885 enm
792 2831 859 2884 tum
882 2839 1029 2884 maxume
1051 2824 1173 2903 vigere,
1196 2842 1265 2885 cum
1290 2822 1456 2907 plurimum
1479 2824 1561 2887 ahsit
1582 2843 1601 2888 a
1622 2842 1768 2908 corpore.

441 2916 492 2982 71.
526 2920 635 2998 ltaque
668 2917 819 3000 expositis
851 2915 1006 2996 exemplis
1040 2935 1184 2978 verarum
1217 2916 1476 2980 vaticinationum
1510 2925 1543 2980 st
1574 2920 1769 2983 somniamus

442 3012 608 3094 Cratippus
638 3010 719 3073 solet
751 3010 901 3071 rationem
936 3008 1126 3071 concludere
1159 3009 1220 3071 hoc
1253 3008 1371 3072 modo:
1406 3010 1439 3073 Si
1470 3011 1538 3074 sine
1571 3013 1675 3077 oculis
1704 3032 1769 3077 non

441 3115 546 3187 potest
574 3114 699 3167 exstare
729 3103 870 3165 odicium
902 3110 934 3165 et
960 3123 1074 3165 munus
1100 3102 1280 3178 oculorum,
1314 3110 1446 3185 possunt
1467 3114 1573 3169 antem
1594 3106 1770 3190 aliquando

402 3201 522 3264 woculi
545 3218 608 3263 non
631 3198 718 3280 longi
742 3216 801 3260 suo
825 3216 971 3271 munere,
999 3198 1055 3281 qui
1078 3196 1129 3260 vel
1151 3197 1249 3260 semel
1271 3198 1315 3261 ita
1336 3204 1386 3260 est
1407 3218 1483 3262 usus
1504 3200 1617 3274 oculis,
1639 3208 1677 3264 ut
1698 3220 1770 3266 vera

441 3303 600 3366 cerneret,
634 3295 661 3356 is
687 3292 781 3354 hahet
808 3312 935 3354 sensum
961 3291 1124 3355 oculorum
1148 3310 1221 3354 vera
1243 3292 1451 3355 cernentium.
1493 3294 1570 3357 item
1594 3295 1710 3377 igitur,
1742 3298 1768 3360 si

440 3389 510 3451 sine
526 3388 718 3451 divinatione
734 3405 797 3448 non
815 3394 917 3468 potest
931 3382 1071 3448 olfiaium
1096 3393 1127 3447 at
1142 3405 1256 3448 munus
1279 3385 1483 3453 divinationis
1505 3396 1642 3464 exstare,
1664 3398 1768 3472 potest

440 3490 546 3545 antem
570 3481 658 3564 quis,
688 3500 759 3542 cum
783 3478 1011 3542 divinationem
1035 3478 1165 3552 haheat,
1194 3498 1299 3542 errare
1321 3480 1495 3564 aliquando
1525 3501 1585 3545 nee
1607 3502 1681 3547 vera
1701 3504 1769 3548 cer·

441 3594 536 3648 nere,
570 3575 647 3636 satis
678 3583 726 3637 est
754 3574 794 3635 ad
824 3570 1070 3635 confirmandam
1101 3572 1328 3637 divinationem
1358 3575 1457 3637 semel
1485 3575 1606 3659 aliquid
1635 3578 1769 3644 asscita

403 3668 626 3737 aodivinatum,
649 3676 684 3730 ut
705 3667 782 3730 nihil
803 3666 932 3728 fortuito
946 3666 1108 3729 cecidisse
1131 3666 1283 3730 videatur.
1321 3668 1402 3732 Sunt
1423 3676 1529 3733 autem
1551 3669 1621 3734 eius
1644 3673 1768 3754 geuerIs

442 3760 705 3834 innumerahiIIa3
730 3779 799 3822 esse
821 3760 915 3841 igitur
936 3758 1162 3821 divinationem
1185 3757 1399 3824 confitendum
1421 3769 1480 3826 ast.
1607 3837 1610 3844 ¹

527 3855 675 3916 XXXIII.
698 3851 749 3916 72.
773 3853 863 3929 Quae
887 3872 960 3916 vero
982 3860 1037 3915 aut
1058 3854 1239 3916 coniectura
1262 3855 1460 3939 explicantur
1481 3864 1536 3920 aut
1557 3859 1682 3924 eventis
1702 3861 1768 3925 asi·

442 3951 605 4014 madversa
626 3969 663 4011 ac
684 3957 791 4012 notata
812 3955 899 4020 sunt,
922 3967 960 4010 ea
981 3965 1098 4029 genera
1121 3946 1294 4022 divinandi,
1317 3955 1470 4031 utsupra
1491 3950 1569 4027 dlxi,
1591 3973 1657 4016 non
1679 3960 1768 4019 naha-

441 4044 530 4116 ralia,
553 4043 608 4106 sed
630 4039 801 4105 artificiosa
824 4041 987 4104 dicuntur:
1010 4041 1042 4102 in
1058 4060 1123 4125 quo
1146 4040 1338 4123 haruspices,
1360 4063 1496 4126 augures
1512 4047 1769 4132 coniectoresque

404 4145 655 4201 annumerantur.
701 4136 786 4198 Haec
813 4135 1021 4217 inprobantur
1046 4155 1063 4196 a
1092 4135 1326 4215 Peripateticis,
1359 4157 1377 4199 a
1405 4139 1519 4202 Stoicis
1546 4139 1769 4207 delenduntur.

445 4233 588 4307 Quorum
612 4230 673 4292 alia
696 4237 770 4292 sunt
792 4231 895 4311 posita
917 4229 950 4290 in
973 4230 1187 4291 monumentis
1209 4239 1241 4292 et
1263 4231 1440 4313 disciplina,
1464 4234 1548 4317 quod
1564 4236 1768 4299 Etruscorum

443 4325 605 4387 declarant
627 4333 658 4385 et
680 4322 873 4404 haruspicini
898 4330 929 4384 et
951 4321 1123 4404 fulgurales
1154 4332 1186 4385 et
1207 4325 1338 4387 rituales
1361 4326 1451 4401 lihri,
1480 4328 1574 4392 vestri
1597 4329 1693 4392 etiam
1715 4350 1768 4393 au·

442 4419 581 4503 gurales,
611 4418 674 4481 alia
695 4427 799 4480 autem
822 4417 927 4479 suhito
951 4437 992 4478 ex
1014 4425 1156 4498 tempore
1180 4419 1361 4482 coniectura
1383 4422 1599 4504 explicantur,
1629 4429 1665 4485 ut
1686 4422 1768 4507 apud

441 4516 613 4576 Homerum
637 4512 782 4586 Calchas,
812 4512 866 4594 qui
889 4531 930 4573 ex
952 4530 1116 4594 passerum
1137 4532 1268 4574 numero
1291 4513 1365 4575 helli
1387 4516 1514 4578 Troiani
1544 4535 1645 4580 annos
1671 4536 1770 4601 augo·

505 4842 529 4889 2.
548 4852 599 4889 esss
615 4852 668 4888 om.
688 4839 709 4889 Η
728 4864 755 4874 -
776 4839 909 4901 pharsalia
926 4839 986 4888 Ali:
1010 4839 1136 4901 ptarsitia
1152 4839 1183 4900 V,
1205 4840 1321 4901 portatio
1338 4841 1371 4902 B,
1394 4842 1540 4892 Pharsalica
1557 4843 1594 4901 03
1622 4844 1656 4894 cl.
1675 4846 1711 4896 ad
1728 4859 1767 4896 or.

440 4913 549 4977 Philipp.
563 4916 593 4970 11,
608 4913 662 4974 §39
683 4939 709 4949 -
729 4913 752 4963 3.
766 4913 830 4976 cum]
843 4915 927 4963 tumii
942 4940 968 4950 -
988 4915 1012 4962 5.
1031 4916 1167 4976 angiporta
1185 4916 1342 4965 Ciceronem
1361 4917 1386 4964 in
1404 4915 1477 4967 iihris
1495 4918 1528 4967 de
1547 4918 1655 4970 divinat.
1670 4920 1768 4972 dixisse

439 4991 539 5040 Nonius
561 5002 582 5038 s.
601 4989 627 5037 h.
647 5002 671 5035 v.
691 4988 771 5037 reiert
796 5015 821 5023 -
849 4989 928 5036 subito
945 5002 1000 5037 aum
1016 4996 1163 5051 portuosus
1179 5003 1276 5039 sensum
1289 4993 1419 5052 perterriti
1440 4992 1476 5050 Β,
1504 4992 1553 5042 sed
1571 4994 1657 5046 trihus
1675 4996 1770 5047 mediis

438 5064 529 5115 verbis
546 5065 698 5127 expunctis:
717 5077 742 5112 v.
763 5063 871 5113 intrav.
891 5063 921 5113 13
943 5090 969 5099 -
989 5065 1012 5112 o.
1031 5067 1172 5128 stuprantes
1189 5066 1265 5114 1Ηο
1286 5092 1312 5102 -
1332 5066 1355 5115 7.
1374 5066 1523 5115 Ianuarias
1538 5064 1601 5128 ΑΨ,
1618 5070 1770 5121 honoraria

438 5142 458 5191 B
479 5167 505 5177 -
526 5141 549 5188 9.
567 5139 672 5188 oracula
690 5136 746 5187 v²0
767 5165 792 5173 -
814 5141 852 5188 to.
873 5140 989 5187 dimam
1005 5145 1061 5188 arta
1078 5140 1163 5189 codex
1181 5141 1306 5190 Creuzeri
1326 5167 1351 5177 -
1372 5143 1505 5192 ambarum
1523 5144 1543 5192 Η
1564 5170 1591 5180 -
1612 5147 1652 5195 11.
1670 5149 1770 5197 animas

439 5217 503 5266 B-
523 5222 551 5263 ut
567 5214 655 5262 assolet
673 5214 693 5263 ll
714 5241 739 5249 -
760 5215 869 5275 quodam
887 5215 907 5263 Η
928 5241 954 5250 -
975 5220 1050 5276 paru
1065 5220 1089 5263 et
1105 5217 1295 5266 sctriasseusB
1316 5244 1341 5254 -
1363 5217 1402 5266 13.
1422 5218 1559 5268 humanum
1577 5220 1598 5270 Η
1618 5248 1645 5258 -
1664 5225 1723 5273 inde
1740 5220 1768 5271 V*

441 5318 467 5328 -
488 5292 527 5339 15.
545 5303 608 5351 pars
625 5290 704 5337 animi
720 5302 776 5336 eam
792 5296 889 5349 partem
908 5303 971 5350 quas
987 5303 1085 5338 sensum
1103 5291 1200 5355 (sensus
1217 5293 1250 5353 Η)
1268 5293 1375 5341 rationis
1397 5295 1455 5354 HV,
1480 5295 1544 5344 item
1562 5298 1598 5358 ll,
1626 5299 1675 5348 sed
1693 5300 1718 5348 ln
1736 5312 1768 5349 eo

437 5380 534 5416 sensum
552 5376 672 5421 erasum;
693 5364 726 5413 de
744 5363 802 5412 cod.
816 5365 833 5413 Β
847 5378 870 5412 v.
883 5377 962 5428 supra
980 5364 1122 5416 lectionem
1141 5366 1174 5415 ad
1191 5381 1216 5416 v.
1232 5369 1247 5417 5
1268 5394 1293 5402 -
1321 5368 1359 5417 18.
1373 5372 1394 5419 si
1406 5383 1459 5419 om.
1474 5372 1550 5421 triv
1563 5398 1589 5407 -
1610 5372 1649 5421 19.
1664 5373 1769 5436 offitium

437 5443 457 5490 Α
476 5468 508 5477 -
526 5442 565 5488 ta.
582 5446 662 5501 potest
678 5446 700 5489 et
717 5441 825 5501 effluam
843 5440 877 5491 C;
896 5446 974 5499 potest
990 5443 1099 5503 officium
1117 5443 1218 5493 hahent
1235 5442 1313 5492 codd.
1333 5445 1364 5503 ti,
1382 5445 1395 5504 5
1410 5445 1455 5493 107
1476 5472 1501 5481 -
1521 5447 1561 5496 25.
1579 5447 1687 5509 fortuitu
1704 5449 1724 5498 Η
1740 5475 1765 5485 -

436 5516 477 5566 tt.
496 5515 624 5576 explicant
639 5515 661 5565 Η
677 5540 711 5553 -
726 5515 806 5563 uentis
824 5513 909 5564 ΗΗ111
930 5542 955 5550 -
980 5518 1020 5568 aa.
1040 5532 1071 5566 oc
1089 5519 1122 5567 C:
1142 5522 1166 5567 et
1183 5518 1202 5566 0
1222 5544 1249 5553 -
1274 5519 1314 5567 29.
1335 5519 1498 5569 ducunturll
1522 5545 1549 5557 -
1575 5523 1601 5571 iu
1619 5537 1667 5584 quo
1685 5524 1718 5574 C:
1742 5525 1768 5572 ia

436 5591 504 5652 queis
523 5591 654 5648 Davisius;
674 5589 814 5640 lectionem
832 5588 962 5641 librorum
980 5605 1013 5641 ex
1030 5590 1107 5641 simili
1125 5605 1174 5641 usu
1187 5593 1313 5642 Varronis
1325 5592 1443 5644 ostendit
1454 5594 1609 5660 Spengelins
1621 5598 1647 5648 in
1660 5596 1765 5648 emend.

436 5666 546 5714 Varron.
566 5666 620 5729 pi
641 5692 667 5700 -
687 5665 727 5714 31.
747 5665 812 5724 quod
829 5669 852 5713 st
869 5670 1023 5713 etruscorum
1042 5668 1105 5727 ΑΗ,
1125 5667 1191 5726 quod
1208 5673 1230 5717 et
1247 5674 1270 5716 st
1286 5672 1438 5718 rusticorum
1456 5671 1473 5719 B
1493 5697 1519 5707 -
1539 5672 1579 5721 tt.
1597 5672 1766 5735 liupomlssll

438 5766 464 5776 -
484 5742 588 5789 rituales
604 5736 672 5790 W:
692 5741 807 5789 trituaias
825 5736 919 5800 artu,
937 5742 1084 5791 tonitruales
1101 5740 1202 5805 aliquot
1218 5740 1283 5790 dett.
1305 5744 1341 5801 (ut
1355 5743 1467 5806 Erlang.)
1485 5748 1512 5794 et
1524 5745 1553 5795 0.
1577 5746 1647 5796 Iihri
1660 5746 1767 5798 rituales

436 5828 497 5865 cum
516 5817 592 5867 Festo
615 5820 724 5867 auctore
746 5814 779 5866 de
803 5815 914 5866 urbibus
932 5817 1093 5875 condendis,
1118 5815 1153 5866 de
1171 5816 1283 5867 aedihus
1301 5819 1438 5870 sacrandis
1456 5818 1545 5882 deque
1563 5820 1622 5872 altis
1639 5821 1666 5872 id
1684 5832 1766 5886 genus

434 5890 515 5940 rebus
533 5895 655 5955 agerent,
680 5890 760 5943 multa
783 5904 816 5941 ex
840 5890 976 5955 disciplina
995 5893 1164 5955 haruspicina
1183 5895 1262 5957 petita
1282 5896 1417 5945 continere
1436 5898 1568 5962 poterant.
1587 5922 1614 5934 -
1634 5896 1676 5949 ³2.
1688 5898 1766 5948 muri

434 5964 527 6015 Salish.
549 5993 574 6002 -
594 5968 640 6017 atii
658 5968 679 6018 Η
699 5994 727 6004 -
746 5964 787 6017 31.
806 5968 850 6028 qui
866 5966 969 6017 Ernesti
987 5967 1132 6019 delendum
1150 5970 1262 6020 censuit.
