4342 7459
743 1273 812 1337 nn.
832 1273 872 1336 11.
901 1271 975 1337 cn.
996 1272 1170 1337 xr-xn.
1197 1268 1413 1357 §sar-37.
1677 1270 1739 1337 ror

411 1445 454 1509 ab
476 1445 539 1507 isto
562 1445 667 1527 capite
690 1444 787 1505 fluere
809 1463 939 1506 necesse
962 1448 1010 1506 est
1033 1463 1159 1506 omnem
1181 1444 1337 1507 rationem
1357 1444 1513 1508 bonorum
1528 1453 1560 1508 et
1573 1444 1738 1508 malorum.

410 1539 580 1603 Polemoni
609 1547 642 1602 et
668 1539 732 1601 iam
760 1547 832 1600 ante
860 1537 1023 1601 Aristoteli
1045 1557 1083 1600 ea
1111 1538 1212 1620 prima
1234 1540 1302 1601 risa
1323 1545 1411 1612 sunt,
1444 1558 1526 1621 quse
1547 1539 1643 1622 paulo
1665 1547 1739 1603 ante

411 1634 493 1697 dixi.
525 1635 610 1717 Ergo
631 1641 706 1696 nata
726 1640 775 1695 est
795 1632 954 1695 sententia
968 1638 1112 1694 veterum
1126 1631 1386 1695 Academicorum
1400 1639 1432 1696 et
1448 1632 1738 1715 Peripateticorum,

412 1736 451 1791 ut
475 1727 571 1791 linem
599 1727 756 1790 bonorum
786 1727 929 1789 dicerent
958 1724 1133 1788 secundum
1160 1734 1303 1789 naturam
1330 1728 1452 1801 vivere,
1480 1726 1596 1801 idest,
1624 1726 1739 1789 virtute

412 1821 555 1884 adbibita
575 1821 640 1884 frui
662 1820 774 1902 primis
796 1840 815 1882 a
836 1828 949 1882 natura
973 1819 1065 1882 datis.
1102 1818 1245 1902 Callipho
1267 1819 1306 1882 ad
1330 1822 1476 1883 virtutem
1498 1820 1576 1883 nibil
1594 1818 1763 1883 adiunxito

413 1915 476 1977 nisi
497 1913 711 1996 voluptatem,
732 1912 892 1976 Diodorus
916 1914 1105 1975 vacuitatem
1127 1912 1256 1976 doloris.
1288 1911 1307 1947 ³*
1320 1912 1339 1947 *
1353 1913 1372 1946 *³
1394 1914 1452 1977 His
1472 1915 1635 1987 omnibus,
1658 1932 1739 1996 quos

412 2008 492 2082 dixi,
514 2016 747 2091 consequentes
761 2014 838 2070 sunt
852 2004 930 2070 lines
945 2007 1110 2081 bonorum,
1126 2009 1284 2091 Aristippo
1299 2007 1433 2090 simplex
1447 2008 1604 2091 voluptas,
1623 2006 1739 2071 Stoicis

413 2102 593 2165 consentire
616 2109 761 2175 naturae,
790 2101 878 2184 quod
900 2120 969 2163 esse
992 2102 1104 2165 volunt
1125 2122 1143 2164 c
1165 2102 1295 2174 virtute,
1325 2099 1359 2163 id
1380 2108 1431 2164 est
1451 2101 1601 2176 honeste,
1623 2102 1738 2174 vivere,

413 2194 500 2279 quod
529 2196 572 2258 ita
603 2196 869 2277 interpretantur,
899 2195 1005 2258 virere
1032 2215 1105 2257 oum
1134 2194 1352 2276 intellegentia
1376 2216 1482 2258 rerum
1504 2214 1738 2278 earum,.quse

412 2299 527 2352 natura
549 2290 732 2364 evenirent,
754 2289 922 2370 eligentem
945 2309 997 2363 ea,
1019 2308 1102 2372 quae
1117 2296 1224 2352 essent
1238 2288 1412 2351 secundum
1428 2298 1587 2364 naturam,
1608 2291 1776 2354 reicieu-to

412 2394 540 2466 temque
561 2384 729 2446 contraria.
772 2379 824 2444 35.
846 2384 894 2445 lta
916 2390 979 2445 tres
1001 2390 1076 2465 sunt
1097 2382 1177 2445 lines
1200 2389 1347 2463 exportes
1369 2383 1553 2459 honestatis,
1574 2405 1657 2448 uuus
1672 2385 1740 2447 Ari·

412 2478 510 2560 stippi
539 2477 590 2540 rel
620 2478 764 2562 Epicuri,
793 2477 871 2539 alter
896 2476 1097 2560 Hieronymi,
1127 2476 1281 2540 Carneadi
1303 2478 1431 2551 tertium
1460 2485 1541 2554 tres,
1567 2477 1739 2562 inquibus

411 2572 562 2636 honestas
583 2591 655 2634 cum
677 2570 785 2653 aliqua
806 2570 1002 2643 accessione,
1034 2570 1227 2645 Polemonis,
1256 2571 1479 2654 Calliphontis,
1501 2572 1651 2647 Diodori3
1676 2591 1740 2635 una

412 2664 562 2749 simplex,
584 2664 677 2728 cuius
698 2667 783 2726 Zeno
805 2671 933 2737 auctor,
956 2664 1060 2746 posita
1082 2665 1115 2726 in
1138 2663 1252 2727 decore
1275 2674 1355 2738 tota,
1378 2666 1411 2727 id
1434 2673 1484 2728 est
1504 2667 1537 2729 iu
1560 2667 1739 2740 honestate3

412 2781 485 2825 nam
507 2759 644 2843 Pyrrbo,
666 2761 788 2832 Aristo,
817 2759 934 2821 Erillus
957 2758 1018 2820 iam
1041 2757 1096 2821 diu
1116 2759 1240 2822 abiecti.
1284 2760 1409 2843 Reliqui
1435 2760 1495 2823 sibi
1519 2763 1740 2835 constiterunt,
1749 2776 1777 2822 rs

412 2863 447 2918 nt
474 2863 616 2916 extrema
638 2873 710 2915 cum
738 2853 835 2916 initiis
858 2854 1080 2924 convenirent,
1112 2860 1148 2915 ut
1168 2853 1331 2937 Aristippo
1354 2853 1514 2936 voluptas,
1543 2855 1738 2938 Hieronymo

411 2947 533 3011 doloris
561 2948 713 3020 vacuitas,
743 2946 897 3009 Carneadi
927 2946 988 3009 lrui
1019 2947 1184 3028 principiis
1216 2946 1412 3011 naturalibus
1441 2957 1525 3011 esset
1552 2955 1739 3010 extremum.

412 3042 486 3105 xri.
506 3040 665 3122 Epicurus
678 3048 793 3103 autem
816 3060 886 3102 cum
909 3041 942 3102 in
966 3040 1066 3121 prima
1088 3040 1363 3104 commendatione
1382 3041 1576 3124 voluptatem
1596 3040 1740 3113 dixisset,

410 3136 439 3199 si
460 3155 547 3207 eam,
576 3155 672 3216 qnam
694 3135 888 3218 Aristippus,
917 3135 1001 3198 idem
1024 3143 1132 3196 tenere
1154 3134 1264 3196 debuit
1284 3134 1429 3197 ultimum
1451 3135 1623 3208 bonorum,
1653 3133 1737 3217 quod

410 3229 486 3291 ille:
519 3229 569 3291 siu
600 3247 685 3302 eam,
714 3247 807 3311 quam
835 3228 1063 3311 Hieronymus,
1092 3227 1220 3292 iecisset
1240 3226 1339 3302 idem,
1369 3236 1406 3291 ut
1432 3229 1626 3311 voluptatem
1652 3229 1776 3293 illamao

412 3318 591 3408 [Aristippi]
616 3322 648 3384 in
671 3322 772 3404 prima
795 3322 1068 3386 commendatione
1091 3330 1234 3405 poneret.

495 3413 548 3479 36.
578 3419 658 3479 Nam
686 3416 773 3499 quod
802 3417 848 3480 ait
877 3416 1024 3479 sensibus
1047 3417 1126 3500 ipsis
1146 3416 1280 3480 iudicari
1303 3416 1495 3500 voluptatem
1517 3419 1634 3481 bonum
1657 3437 1738 3492 esse,

409 3510 553 3575 dolorem
577 3510 709 3585 malum,
732 3509 803 3593 plus
822 3510 931 3572 tribuit
946 3511 1106 3584 sensibus,
1128 3531 1223 3593 quam
1239 3510 1331 3573 nobis
1349 3510 1435 3594 leges
1453 3512 1649 3594 permittunt,
1671 3532 1738 3574 cum

410 3607 605 3689 privatarum
629 3605 729 3667 litium
751 3603 874 3667 iudices
889 3625 1007 3667 sumus.
1040 3604 1125 3666 Nihil
1142 3605 1225 3668 enim
1240 3624 1408 3686 possumus
1422 3605 1561 3670 iudicare
1576 3607 1636 3670 nisi
1653 3606 1738 3690 quod

409 3710 458 3763 est
488 3700 591 3762 nostri
618 3699 738 3760 iudicii.
781 3700 817 3760 ln
844 3718 908 3781 quo
935 3698 1050 3760 trustra
1073 3697 1194 3760 iudices
1216 3698 1333 3771 solent,
1365 3720 1436 3761 cum
1458 3703 1644 3765 sententiam
1666 3714 1776 3786 pro-rt

408 3797 571 3867 nuntiant,
595 3792 714 3857 addere
736 3814 764 3856 ει
786 3814 862 3867 ovrn
885 3812 942 3855 nur
964 3812 1072 3854 rvnrcn
1095 3812 1162 3854 nsr.
1193 3792 1224 3855 Si
1244 3792 1328 3855 enim
1343 3812 1407 3855 non
1421 3792 1482 3857 fuit
1496 3814 1604 3858 eorum
1617 3796 1738 3870 iudicii,

408 3887 510 3951 nibilo
533 3890 634 3968 magis
656 3887 718 3950 hoc
739 3908 804 3950 non
826 3888 934 3950 addito
956 3886 1034 3948 illud
1057 3894 1107 3948 est
1128 3885 1308 3948 iudicatum.
1346 3886 1432 3961 Quin,
1452 3888 1591 3953 iudicant
1605 3891 1737 3953 senensi

408 3982 510 4045 Dulce
537 4001 695 4056 amarum,
723 3981 793 4045 levc
822 4001 985 4064 asperum,
1011 4000 1111 4062 prope
1133 3981 1243 4061 longe,
1271 3987 1354 4043 stare
1377 4000 1518 4055 movere,
1547 3982 1738 4066 quadratum

409 4074 594 4139 rotundum.
639 4072 689 4135 37.
722 4077 864 4156 Aequam
897 4076 991 4156 igitur
1022 4074 1240 4156 pronuntiabit
1270 4075 1458 4137 senientiam
1490 4076 1570 4140 ratio
1598 4075 1738 4138 adbibita

410 4170 548 4251 primum
571 4170 748 4231 divinarum
773 4170 1043 4250 humanarumque
1065 4190 1169 4230 rerum
1192 4168 1337 4241 scientia,
1359 4189 1442 4251 quae
1465 4178 1570 4251 potest
1583 4169 1775 4251 appellariao

406 4264 466 4324 rite
503 4264 673 4344 sapientia,
707 4263 822 4325 deinde
850 4264 1008 4325 adiunctis
1034 4262 1219 4334 virtutibus,
1252 4282 1329 4345 quas
1361 4264 1441 4325 ratio
1470 4283 1575 4325 rerum
1598 4262 1738 4325 omnium

408 4355 570 4429 dominas,
593 4367 626 4419 tu
649 4357 845 4439 voluptatum
870 4357 1022 4419 satellites
1039 4364 1070 4418 et
1086 4357 1242 4418 ministros
1259 4376 1328 4418 esse
1344 4356 1485 4429 voluisti,
1509 4377 1642 4439 quarum
1657 4357 1737 4418 adeo

408 4450 552 4511 omnium
580 4451 736 4513 sententia
759 4450 976 4534 pronuntiabit
1001 4451 1134 4533 primum
1159 4450 1198 4510 de
1220 4449 1393 4532 voluptate,
1421 4450 1500 4513 nihil
1522 4469 1592 4512 esse
1614 4450 1643 4510 ei
1666 4448 1737 4520 loci,

407 4563 475 4606 non
504 4544 597 4605 modo
622 4553 657 4607 ut
684 4544 751 4606 sola
781 4552 918 4626 ponatur
939 4546 972 4606 in
994 4546 1107 4607 summi
1129 4543 1205 4605 boni
1228 4542 1317 4617 sede,
1342 4564 1436 4627 quam
1460 4544 1659 4627 quaerimus,
1681 4541 1736 4604 sed

475 4844 501 4893 2.
521 4847 545 4892 et
561 4844 610 4892 ium
625 4845 760 4893 Bromius:
780 4844 856 4892 etium
868 4842 946 4893 codd.
963 4868 989 4878 —
1009 4844 1032 4890 b.
1048 4841 1158 4903 Calliplro
1176 4842 1238 4891 AB:
1258 4841 1386 4901 Callipborr
1404 4842 1424 4890 0
1443 4868 1469 4877 —
1489 4842 1512 4889 6.
1533 4842 1665 4891 Lacunam
1683 4843 1738 4905 pri·

409 4932 469 4968 mus
488 4918 610 4968 indicarit
627 4919 771 4980 Madvigius
790 4946 816 4953 —
842 4921 866 4968 Ἰ,
884 4922 944 4982 pnes
961 4924 1017 4966 sunl
1035 4919 1052 4966 B
1074 4945 1099 4952 —
1120 4917 1189 4964 stoici
1206 4920 1224 4965 A
1236 4918 1253 4964 n
1275 4943 1301 4950 —
1321 4916 1344 4964 9.
1364 4929 1450 4964 rerum
1467 4930 1555 4964 eurum
1566 4918 1586 4965 A
1597 4916 1630 4964 B:
1650 4929 1738 4964 eurum

407 5007 495 5041 rerum
515 4995 535 5042 0
555 5019 580 5029 -
600 4996 639 5041 i0.
659 4995 785 5041 currerint
803 4995 821 5042 B
842 5020 868 5027 —
890 4994 1086 5055 reficientemque
1104 4990 1161 5040 A'B
1178 5018 1203 5026 -
1224 4992 1264 5040 li.
1287 4992 1411 5040 Carneadi
1428 4988 1501 5042 A¹l3:
1525 4992 1661 5042 Carneadis
1679 4990 1737 5040 A²o

411 5094 437 5104 -
459 5069 500 5115 43.
521 5068 587 5116 i'ort.
607 5070 745 5116 accessione
761 5066 789 5125 ξ,
808 5070 833 5116 Ρ.
856 5094 882 5102 -
910 5068 950 5118 il.
969 5069 995 5115 iu
1013 5072 1073 5116 anic
1095 5067 1220 5114 dorestato
1238 5079 1291 5115 om.
1311 5067 1330 5115 u
1350 5093 1376 5101 -
1397 5069 1436 5115 lb.
1456 5068 1559 5131 Pprrbc]
1580 5069 1685 5129 purirlro
1702 5073 1736 5124 Ar

405 5156 486 5202 pyrro
504 5143 523 5190 Β
542 5167 567 5176 -
587 5144 671 5191 eritius
690 5144 753 5192 AB:
772 5144 880 5192 Her-illus
897 5145 962 5200 n0;
989 5142 1036 5191 sed
1055 5142 1179 5204 aspiratio
1197 5141 1275 5189 huius
1293 5143 1405 5191 nominis
1423 5141 1568 5191 admodum
1586 5144 1678 5205 exigua
1697 5145 1738 5191 ni-

408 5218 470 5264 titur
488 5218 655 5268 anctoritate:
675 5217 708 5266 cl.
727 5217 808 5266 Aced.
829 5219 864 5274 11,
884 5218 898 5281 ξ
917 5218 971 5266 ⁴29.
992 5218 1058 5266 intra
1077 5218 1091 5280 ἐ
1110 5217 1149 5267 lt.
1170 5216 1211 5273 lV,
1230 5216 1245 5277 5
1262 5215 1302 5265 36.
1322 5216 1362 5266 io.
1383 5218 1413 5276 V,
1433 5217 1447 5279 S
1465 5217 1505 5267 2³.
1525 5216 1566 5285 73.
1585 5216 1689 5266 Tuscul.
1705 5218 1736 5276 Υ,

410 5291 482 5352 585.
503 5290 574 5338 Ollic.
595 5293 616 5350 i,
635 5293 649 5352 g
668 5294 691 5341 6.
712 5292 796 5341 Etiam
814 5306 855 5355 ap.
877 5293 1022 5354 Diogenem
1041 5294 1124 5341 laert
1147 5293 1246 5341 incerta
1264 5292 1313 5339 est.
1330 5317 1356 5325 —
1377 5292 1416 5339 49.
1430 5291 1459 5354 ri]
1476 5293 1518 5340 sed
1535 5294 1553 5341 B
1569 5319 1594 5328 -
1614 5294 1645 5341 49
1658 5295 1735 5342 etit).

409 5366 482 5425 idrus]
509 5366 535 5412 id
556 5371 588 5413 cst
611 5369 640 5415 A¹
666 5394 690 5401 -
719 5368 926 5414 tenerc·-idem
948 5380 1001 5416 om.
1026 5368 1044 5415 B
1069 5393 1095 5401 —
1126 5367 1166 5415 it).
1190 5372 1217 5413 ut
1239 5365 1391 5426 uoluptatem
1414 5368 1484 5415 illum
1507 5369 1623 5429 aristippi
1650 5372 1683 5417 A:
1711 5373 1737 5414 ut

409 5439 460 5486 ecl,
485 5440 555 5487 itiam
575 5443 693 5501 aristippc
710 5443 743 5495 ii;
768 5448 795 5489 ut
812 5445 829 5501 ·1-
846 5443 997 5501 uolrrptctem
1017 5442 1088 5489 iltcm
1107 5455 1156 5488 non
1172 5441 1292 5501 Aristippi
1309 5442 1337 5489 0.
1361 5442 1482 5503 Aristippi
1500 5456 1656 5506 perversum
1676 5455 1736 5491 esse

412 5511 619 5565 additamentum
638 5516 734 5565 librarii
753 5517 823 5565 illum
841 5515 935 5565 infelici
954 5520 1049 5565 conatu
1067 5515 1218 5564 definientis
1236 5519 1297 5563 ante
1316 5514 1472 5577 Madvigium
1491 5517 1613 5567 uiderunt
1631 5519 1657 5567 P.
1672 5518 1737 5566 Mer

413 5597 476 5639 sus,
498 5587 609 5645 Ursinus.
628 5594 789 5641 Schuetzius,
802 5617 828 5626 -
849 5593 889 5641 23.
908 5606 964 5639 cum
982 5592 1027 5640 Tb.
1043 5589 1188 5640 Bentleius:
1209 5603 1263 5640 om.
1277 5589 1367 5646 codd.;
1387 5595 1446 5653 post
1458 5604 1483 5639 v.
1497 5590 1578 5639 litium
1595 5591 1736 5640 inseruitO

412 5671 476 5705 cmm
497 5660 626 5712 Lambino.
646 5690 671 5701 -
691 5666 732 5715 il.
750 5666 921 5728 priuatarum]
938 5667 1082 5727 priucrium
1101 5666 1154 5726 (sici
1174 5664 1203 5714 A¹
1223 5690 1249 5700 -
1269 5666 1335 5714 enim
1353 5666 1492 5730 possumus]
1516 5665 1616 5716 littores
1636 5680 1660 5714 m
1670 5679 1687 5727 p
1710 5668 1735 5716 in

412 5742 513 5777 rasura
535 5734 608 5785 babet
629 5743 647 5787 A
669 5766 695 5775 -
721 5743 761 5790 35.
781 5742 857 5789 solent
880 5742 972 5790 iudices
994 5743 1012 5790 B
1037 5766 1064 5776 -
1093 5741 1132 5790 tu.
1152 5742 1255 5801 siquod
1273 5742 1291 5789 B
1312 5767 1339 5777 -
1366 5742 1406 5789 27.
1425 5742 1470 5790 boc
1487 5741 1553 5804 [aon]
1571 5741 1656 5789 addito
1673 5755 1734 5791 cunr

413 5803 526 5883 Βΐθῐξὶίῡ
542 5809 561 5855 0
576 5837 604 5845 -
625 5816 686 5872 (inid
706 5816 819 5864 iudicant
844 5817 993 5865 ljrnestius:
1019 5816 1079 5877 quid
1098 5818 1193 5865 iudicm
1209 5820 1244 5874 A;
1272 5818 1337 5878 quod
1353 5817 1501 5867 iudicantli
1522 5843 1548 5851 ·-
1568 5817 1608 5866 28.
1628 5817 1680 5867 leuc
1697 5819 1736 5879 (ut

411 5871 501 5921 voluit
520 5878 650 5943 limestiust
669 5894 702 5938 A:
720 5892 772 5939 tene
791 5891 872 5940 BMO
892 5916 918 5925 -
937 5904 1037 5940 mouere
1052 5897 1120 5941 sture
1138 5892 1156 5940 B
1176 5916 1203 5926 -
1222 5892 1263 5940 29.
1281 5893 1393 5954 Aequum
1410 5891 1452 5943 ed.
1467 5893 1639 5943 Ascensiana:
1659 5905 1735 5953 quum

411 5942 498 5992 ⁰⁰⁶⁶·
521 5955 547 5999 el
562 5957 578 6004 0
596 5983 619 5996 -
638 5962 677 6011 30.
694 5967 812 6027 primoli
833 5992 859 6002 —
879 5967 927 6016 rite
940 5971 1019 6029 potest
1035 5967 1158 6029 appellari
1175 5968 1204 6017 B.
