4342 7459
355 1220 419 1288 372
806 1224 860 1288 DE
881 1221 1050 1287 DEORUM
1071 1223 1235 1288 NATURA

357 1386 489 1448 alterum
512 1391 595 1446 certe
616 1403 658 1445 no
703 1390 822 1467 potest,
845 1392 881 1447 ut
902 1384 972 1468 plus
986 1404 1049 1448 uua
1066 1404 1141 1448 vera
1157 1384 1207 1448 sit.
1244 1385 1298 1447 lll.
1315 1384 1385 1460 Qua
1400 1385 1528 1468 quidem
1543 1385 1576 1447 io
1591 1403 1688 1448 causa

358 1489 390 1544 et
410 1477 584 1543 benevolos
607 1403 823 1559 obildgallores
844 1479 969 1563 placare
991 1487 1023 1540 et
1045 1477 1170 1541 invidos
1186 1479 1414 1562 vituperatores
1431 1478 1594 1542 confutare
1617 1498 1691 1563 pos-

358 1595 483 1647 sumus,
507 1580 542 1635 ut
562 1572 678 1634 alteros
701 1572 941 1656 reprehendisse
964 1573 1144 1655 paeniteat,
1171 1573 1264 1635 alteri
1286 1572 1436 1636 didicisse
1458 1593 1492 1636 se
1515 1572 1690 1655 gaudeant;

357 1688 431 1731 uam
454 1665 508 1750 qui
530 1666 703 1728 admouent
722 1667 837 1739 amice,
860 1665 995 1728 docendi
1019 1674 1108 1738 sunt,
1132 1666 1187 1749 qui
1208 1666 1335 1729 inimice
1358 1666 1565 1741 insectantur,
1587 1668 1691 1752 repel-

334 1760 454 1823 sleudi.
499 1758 528 1821 6.
552 1759 683 1822 Multum
705 1766 810 1821 autem
833 1760 963 1821 fluxisse
977 1758 1071 1822 video
1094 1759 1134 1822 de
1157 1756 1244 1823 libris
1268 1760 1399 1834 nostris,
1423 1781 1503 1843 quos
1518 1761 1691 1844 compluris

358 1854 447 1917 brevi
469 1862 611 1935 tempore
626 1851 798 1926 edidimus,
821 1853 1006 1935 variumque
1022 1872 1203 1915 sermonem
1218 1852 1331 1935 partim
1348 1852 1582 1929 admirantium,
1604 1854 1691 1918 unde

357 1947 418 2010 boc
438 1946 685 2030 philosophandi
707 1947 799 2009 nobis
822 1947 925 2009 subito
948 1946 1088 2009 studium
1110 1946 1285 2021 extitisset,
1307 1948 1437 2028 partim,
1460 1948 1538 2032 quid
1562 1970 1691 2033 quaque

358 2040 398 2103 de
426 2061 461 2104 re
489 2042 565 2103 certi
594 2040 797 2113 haberemus,
831 2040 912 2103 scire
940 2039 1145 2122 cupientium.
1178 2040 1287 2103 blultis
1317 2042 1412 2103 etiam
1439 2045 1525 2107 sensi
1547 2044 1691 2108 mirabile

359 2133 459 2197 rideri
490 2154 558 2197 eam
580 2134 672 2197 nobis
700 2133 900 2216 potissimum
923 2133 1085 2216 probatam
1109 2152 1179 2196 esse
1200 2132 1453 2217 philosophiam,
1482 2157 1564 2220 quae
1587 2138 1691 2200 lucem

320 2245 349 2292 to
359 2229 496 2311 eriperet
517 2236 550 2291 et
571 2229 662 2310 quasi
684 2234 810 2291 noctem
834 2226 992 2310 quandam
1025 2226 1121 2289 rebus
1143 2223 1337 2300 offunderet,
1366 2229 1576 2313 desertaeque
1598 2229 1693 2294 disci·

357 2321 465 2405 pliuae
487 2329 519 2384 et
539 2322 602 2385 iam
624 2321 747 2406 pridem
769 2322 899 2384 relictae
921 2319 1130 2403 patrocinium
1153 2321 1376 2404 necopinatum
1399 2342 1417 2385 a
1439 2324 1532 2387 uobis
1546 2344 1618 2388 esse
1640 2344 1693 2387 su·

359 2424 512 2498 saeptum.
545 2416 611 2479 Nos
633 2425 736 2479 autem
760 2435 820 2479 nec
841 2415 946 2478 subito
968 2416 1131 2499 coepimus
1155 2415 1371 2501 philosophari
1391 2440 1451 2483 nec
1464 2407 1659 2500 ἤξᾷιοριοιιι
1672 2437 1693 2480 ιι

358 2511 461 2594 primo
484 2518 626 2594 tempore
648 2510 761 2572 aetatis
782 2510 815 2571 iu
838 2528 876 2572 eo
900 2510 1004 2573 studio
1028 2530 1156 2594 operam
1180 2531 1353 2595 curamque
1375 2513 1628 2595 consumpsimus
1648 2518 1692 2586 et,

358 2626 429 2668 cum
451 2606 579 2668 minime
593 2604 788 2676 videbamur,
810 2610 875 2666 tum
898 2603 1033 2667 maxime
1054 2603 1367 2687 philosophabamur,
1384 2604 1469 2689 quod
1484 2612 1516 2671 et
1531 2606 1691 2669 orationes

320 2699 522 2762 tadeclaraot
549 2696 684 2761 relertae
714 2696 977 2780 pbilosophorum
1007 2697 1173 2760 sententiis
1196 2705 1228 2760 et
1249 2698 1504 2764 doctissimorum
1525 2700 1691 2763 bominum

357 2792 602 2866 familiaritates,
625 2791 742 2873 quibus
765 2810 891 2873 semper
906 2789 1018 2853 domus
1040 2799 1146 2854 nostra
1166 2792 1287 2867 tloruit,
1311 2802 1344 2857 et
1357 2795 1518 2877 principes
1533 2793 1595 2868 illi,
1616 2794 1692 2857 Dio-

358 2885 470 2961 dotus,
492 2886 591 2958 Philo,
615 2884 805 2960 Antiochus,
827 2883 1034 2957 Posidonius,
1057 2885 1207 2967 aquibus
1224 2886 1359 2950 instituti
1377 2908 1496 2951 sumus.
1533 2885 1563 2951 7.
1585 2887 1640 2962 Et,
1663 2887 1691 2950 si

358 2982 464 3045 omnia
496 2976 716 3063 philosophiae
749 2986 918 3061 praecepta
945 2977 1124 3040 reseruntur
1153 2980 1193 3041 ad
1223 2979 1336 3053 vitam,
1368 2981 1558 3045 arbitramur
1578 3001 1636 3044 nos
1660 2989 1692 3044 et

357 3074 494 3160 publicis
516 3082 548 3138 et
569 3072 700 3155 privatis
719 3072 754 3134 iu
777 3072 872 3134 rebus
895 3091 932 3134 ea
954 3072 1165 3154 praestitisse,
1189 3092 1270 3155 quae
1292 3075 1421 3139 ratioet
1440 3075 1692 3158 doctriuaprae-

319 3168 529 3252 aoseripserit.
575 3168 627 3230 lV.
656 3168 712 3229 Sin
741 3176 846 3230 autem
875 3167 947 3249 quis
976 3166 1123 3248 requirit,
1153 3185 1236 3248 quae
1266 3186 1361 3229 causa
1389 3189 1448 3231 nos
1475 3168 1629 3252 inpulerit
1655 3178 1692 3233 ut

356 3264 435 3329 baec
457 3272 520 3327 tam
543 3281 616 3326 sero
638 3261 752 3325 litteris
774 3260 1009 3334 mandaremus,
1039 3259 1119 3322 nibil
1151 3266 1199 3322 est
1228 3257 1314 3342 quod
1341 3262 1492 3344 expedire
1513 3271 1577 3326 tam
1599 3262 1692 3326 facile

355 3358 527 3443 possimus.
563 3358 642 3419 Nam
664 3375 736 3417 cum
758 3357 824 3419 otio
847 3354 1072 3436 langueremus
1094 3359 1126 3416 et
1146 3354 1173 3416 is
1195 3362 1280 3416 esset
1301 3356 1347 3418 rei
1363 3355 1507 3438 publicae
1521 3365 1633 3433 status,
1655 3367 1693 3422 ut

312 3525 317 3533 Ι
357 3473 426 3517 eam
456 3452 550 3516 unius
581 3449 714 3512 consilio
747 3457 842 3531 atque
865 3469 938 3512 cura
961 3448 1129 3532 gubernari
1152 3467 1282 3510 necesse
1304 3456 1403 3523 esset,
1433 3451 1570 3534 primum
1591 3454 1691 3536 ipsius

356 3545 403 3609 rei
426 3544 571 3627 publicae
594 3563 688 3606 causa
719 3542 956 3625 philosophiam
978 3542 1095 3605 nostris
1116 3541 1297 3604 hominibus
1319 3543 1541 3626 explicandam
1563 3547 1690 3630 putavi,

318 3639 464 3721 samagni
493 3637 676 3701 existimans
708 3637 863 3700 interesse
893 3636 934 3698 ad
964 3636 1061 3699 decus
1089 3642 1121 3698 et
1148 3636 1188 3698 ad
1217 3634 1343 3698 laudem
1364 3636 1518 3712 civitatis,
1550 3661 1602 3703 res
1623 3648 1689 3703 tam

357 3731 461 3815 gravis
487 3740 614 3813 tamque
642 3731 820 3814 praeclaras
848 3731 968 3793 Latinis
990 3731 1085 3792 etiam
1108 3728 1220 3792 litteris
1242 3730 1408 3792 contineri.
1452 3729 1482 3794 8.
1505 3733 1618 3818 quue
1639 3729 1693 3798 me

357 3827 461 3890 minus
488 3825 623 3888 instituti
652 3822 715 3886 mei
743 3825 899 3906 paenitet,
929 3824 1013 3908 quod
1044 3821 1134 3885 facile
1163 3823 1276 3896 sentio,
1307 3843 1403 3906 quam
1427 3826 1597 3890 multorum
1623 3847 1688 3892 uon

356 3918 451 3985 modo
475 3918 628 3992 discendi,
649 3918 705 3981 sed
729 3918 823 3981 etiam
847 3917 1006 3981 scribendi
1022 3917 1128 3979 studia
1144 3917 1386 3994 commoverim3
1409 3919 1586 4003 complures
1602 3921 1688 3985 euim

358 4015 485 4078 Graecis
507 4012 759 4076 institutionibus
782 4012 897 4075 eruditi
914 4031 965 4085 ea,
988 4030 1070 4094 quae
1085 4010 1276 4084 didicerant,
1300 4031 1371 4073 eum
1387 4013 1508 4076 civibus
1522 4016 1589 4077 suis
1605 4034 1690 4078 com·

319 4108 517 4172 aomuuicare
540 4126 604 4170 nou
628 4114 793 4188 poterant,
826 4106 912 4188 quod
936 4106 1006 4179 illa,
1036 4124 1118 4187 quae
1141 4125 1159 4167 a
1182 4104 1311 4167 Graecis
1333 4107 1548 4189 accepissent,
1578 4108 1690 4171 Latine

358 4202 421 4266 dici
444 4221 537 4285 posse
560 4198 750 4264 diffiderent.
788 4202 859 4275 Quo
888 4203 921 4264 in
944 4220 1059 4283 genere
1083 4208 1203 4261 tautum
1227 4197 1400 4281 proiecisse
1424 4201 1584 4275 videmur,
1614 4210 1648 4265 ut
1670 4221 1691 4263 a

358 4296 486 4359 Graecis
517 4316 557 4358 ne
585 4296 754 4358 verborum
784 4294 913 4379 quidem
942 4295 1033 4377 copia
1059 4294 1267 4356 vinceremur.
1304 4290 1333 4354 9.
1356 4294 1486 4357 Hortata
1509 4294 1605 4357 etiam
1628 4304 1690 4368 est,

357 4399 393 4455 ut
425 4412 474 4453 me
503 4389 543 4452 ad
574 4389 652 4452 haec
682 4389 869 4463 conferrem,
901 4390 997 4452 animi
1027 4385 1208 4469 aegritudo,
1241 4385 1385 4450 fortunae
1459 4407 1525 4497 gqa
1548 4396 1581 4451 et
1601 4388 1691 4470 gravi

358 4486 547 4549 commota
538 4484 666 4547 iniuria
698 4484 788 4547 euius
810 4486 835 4547 si
859 4485 1011 4546 maiorem
1033 4480 1172 4561 aliquam
1196 4479 1421 4544 levationem
1408 4502 1425 4543 r
1445 4501 1547 4563 perire
1570 4481 1691 4565 potuis-

317 4588 440 4653 ttsem,
463 4599 528 4641 non
551 4578 590 4641 ad
609 4581 695 4674 haue
717 4579 916 4686 potissimum
940 4575 1164 4658 confugisseru.
1201 4574 1247 4636 Ea
1269 4595 1344 4637 vero
1367 4574 1436 4658 ipsa
1458 4574 1545 4636 nulla
1567 4574 1690 4637 ratione

359 4674 472 4737 melius
493 4647 555 4735 frui
578 4656 668 4755 potui
691 4692 785 4754 quam
809 4672 835 4734 si
859 4692 909 4735 me
932 4690 996 4732 nou
1019 4669 1113 4731 modo
1137 4668 1176 4730 ad
1199 4667 1351 4749 legendos
1374 4669 1486 4743 libros,
1515 4667 1691 4732 sedetiam

357 4765 397 4831 ad
420 4776 517 4830 totam
538 4765 771 4848 philosophiam
787 4762 1036 4849 pertractandam
1055 4761 1222 4824 dedissem
1246 4762 1364 4825 Omnes
1379 4770 1482 4825 autem
1499 4761 1568 4824 eius
1583 4771 1691 4845 partes

357 4870 452 4946 atque
481 4861 587 4923 omnia
616 4859 756 4922 membra
785 4868 851 4921 tum
878 4857 1038 4921 facillume
1061 4865 1252 4928 noscuntur,
1281 4876 1353 4920 eum
1376 4865 1480 4965 tqtqe
1485 4856 1690 4964 quaestiones
1721 4938 1725 4950 Ι
1762 4917 1808 4948 ‚a

358 4955 527 5019 scribendo
550 4953 766 5046 explicantur,
790 4961 838 5015 est
860 4954 943 5016 enim
967 4947 1163 5013 admirabilis
1180 4950 1334 5032 quaedam
1357 4949 1554 5014 continuatio
1576 4937 1708 5016 series(
1738 4945 1741 4951 ’

318 5057 422 5132 toque
443 5068 563 5122 return,
585 5056 620 5109 ut
641 5046 703 5109 alia
726 5067 766 5109 ex
789 5045 852 5108 alia
874 5066 958 5108 nexa
986 5053 1019 5108 et
1040 5065 1151 5108 omnes
1174 5045 1255 5107 iuter
1277 5064 1311 5107 se
1333 5054 1425 5127 aptae
1447 5044 1689 5154 conligataeque

358 5143 534 5206 videantur.
578 5142 615 5203 V.
638 5136 687 5201 te.
713 5140 776 5217 Qui
798 5148 903 5204 autem
926 5139 1107 5223 requirunt,
1131 5138 1208 5222 quid
1231 5157 1361 5222 quaque
1384 5139 1424 5201 de
1441 5159 1476 5202 re
1498 5135 1689 5223 ipsiseatia-

423 5478 447 5528 t.
465 5491 529 5528 aero
546 5489 626 5541 supra
643 5489 753 5526 versum
771 5475 883 5527 habeta
899 5502 926 5512 -
945 5476 969 5525 2.
988 5468 1148 5526 beniaotosil
1161 5498 1188 5511 -
1204 5475 1228 5525 5.
1241 5474 1380 5537 munterte
1391 5477 1409 5525 Α
1420 5472 1454 5535 Β;
1473 5489 1531 5525 cum
1543 5474 1630 5539 plures
1642 5475 1689 5527 GE

359 5577 387 5587 -
406 5552 430 5601 6.
447 5558 546 5613 portem
563 5554 602 5602 ΑΙ.
621 5553 694 5601 luter
713 5552 809 5612 partim
826 5554 853 5600 et
869 5552 1051 5600 admirantem
1067 5564 1121 5600 uua
1139 5550 1242 5601 duaeve
1260 5550 1362 5601 litterae
1380 5550 1445 5613 (tort.
1467 5554 1498 5613 et)
1516 5564 1610 5602 erasae
1627 5556 1691 5602 sunt

356 5627 382 5675 in
399 5627 419 5675 B
440 5653 467 5663 -
486 5627 693 5676 ammirontwc
714 5652 740 5661 -
761 5628 801 5675 ti.
818 5628 972 5688 possidonius
989 5625 1068 5676 hcl-2
1088 5651 1114 5662 -
1139 5627 1180 5676 tt.
1196 5627 1319 5688 perduras
1336 5639 1406 5676 corr.
1425 5639 1457 5676 ex
1470 5639 1604 5689 pommus
1619 5625 1639 5676 B
1659 5649 1688 5664 -

354 5701 377 5750 is
393 5702 427 5751 B:
446 5702 559 5757 bisam
577 5703 599 5751 si
617 5702 677 5751 E·
696 5700 738 5751 23.
757 5714 814 5750 eom
830 5715 899 5752 corr.
916 5701 955 5751 in.
974 5714 1029 5751 sec.
1048 5701 1074 5750 in
1092 5702 1178 5750 euml
1194 5727 1221 5736 -
1240 5700 1281 5749 24.
1299 5713 1404 5750 cessem
1420 5697 1479 5751 B¹C
1494 5725 1521 5737 —
1537 5700 1580 5751 28.
1593 5701 1691 5751 diacus·

355 5776 429 5825 disset
450 5776 526 5825 etlam
549 5778 578 5825 Βι
603 5802 630 5812 -
654 5776 694 5827 32.
720 5777 823 5837 quidem
844 5782 863 5826 Α
889 5802 916 5811 -
940 5780 976 5826 est
997 5778 1074 5825 etiem
1098 5776 1117 5826 0
1142 5801 1169 5811 -
1194 5776 1234 5827 35.
1253 5776 1319 5824 besec
1336 5776 1357 5826 C
1377 5800 1404 5812 -·
1425 5775 1466 5825 37.
1486 5776 1572 5826 Omnis
1587 5776 1638 5825 AC
1658 5800 1687 5812 -

354 5846 396 5899 te.
414 5850 468 5898 etto
484 5864 518 5900 ar
534 5851 592 5900 otiis
607 5864 675 5901 seeo
691 5847 732 5909 B¹;
751 5850 819 5900 oliae
834 5865 868 5901 ar
884 5851 942 5901 otiis
957 5863 1039 5901 new
1056 5847 1108 5899 alii.
1129 5851 1198 5914 (post
1213 5864 1282 5902 neco
1298 5852 1325 5901 iu
1341 5853 1412 5902 Am.
1424 5851 1610 5903 recentissima
1624 5849 1688 5902 add.

354 5923 461 5986 ratione)
482 5950 507 5963 -
528 5924 569 5977 tt.
588 5926 649 5988 qaid
664 5925 732 5976 AB:
750 5925 818 5990 qaod
834 5926 892 5977 ΟΕ.
