4342 7459
630 1273 698 1338 Lm.
713 1274 753 1338 ΙΙ.
776 1272 851 1338 (lar.
866 1273 966 1340 XXV.
988 1271 1011 1357 S
1025 1270 1067 1336 86
1081 1308 1122 1321 -
1138 1276 1205 1339 [ιιι.
1221 1275 1275 1338 111.
1299 1274 1374 1339 Car.
1390 1275 1414 1341 Ι.
1436 1273 1459 1359 S
1474 1271 1505 1339 i.
1672 1273 1735 1340 709

410 1441 459 1498 set
492 1432 578 1511 Quid
605 1432 782 1498 faenerarii
823 1440 891 1497 tum
914 1432 990 1497 Cato
1026 1432 1133 1511 «Quid
1154 1434 1350 1511 bominem»
1378 1436 1498 1519 inquit,
1530 1436 1732 1500 «occideret»

410 1528 552 1611 lix-quo
582 1534 615 1591 et
642 1528 750 1591 multis
784 1528 855 1592 aliis
883 1527 1025 1611 intellegi
1058 1527 1153 1591 debet
1186 1529 1355 1593 utilitatum
1387 1531 1638 1616 comparationes
1664 1530 1735 1595 fieri

410 1621 513 1686 solere
534 1630 687 1706 recteque
714 1623 777 1685 hoc
798 1621 982 1685 adiunctum
1005 1641 1075 1685 esse
1097 1630 1244 1706 quartum
1267 1624 1536 1707 exquirendorum
1559 1620 1733 1689 officiorum

409 1734 518 1799 genua
562 1712 614 1779 90.
637 1717 771 1801 ileliqua
792 1715 943 1801 deinceps
964 1735 1203 1800 persequemur.

944 1942 1205 1955 --.-.-..-..

838 2101 1011 2175 LIBER
1036 2101 1300 2177 TERTIUS.

491 2278 515 2341 1.
543 2273 573 2340 l.
600 2278 632 2340 P.
649 2277 844 2360 Scipionem,
859 2278 963 2339 ldarce
976 2276 1038 2352 iili,
1058 2296 1146 2350 eum,
1166 2277 1221 2360 qui
1243 2276 1363 2360 primus
1378 2276 1542 2340 Africanus
1557 2277 1756 2361 appellatum

407 2380 471 2447 est,
494 2372 600 2436 dicere
623 2371 752 2434 solitum
775 2370 901 2453 scripsit
924 2370 1018 2443 Cato,
1041 2371 1097 2454 qui
1119 2370 1179 2433 fuit
1201 2371 1270 2434 eius
1291 2369 1357 2433 fere
1378 2369 1538 2454 aequalis,
1561 2388 1732 2453 numquam

408 2486 443 2529 se
467 2464 571 2528 minus
593 2466 727 2529 otiosum
750 2484 821 2528 esse
843 2484 938 2547 quam
961 2485 1032 2527 cum
1054 2465 1195 2539 otiosus,
1216 2485 1276 2528 nec
1298 2464 1401 2528 minus
1422 2466 1524 2527 solum
1547 2484 1641 2547 quam
1662 2483 1733 2528 cum

407 2558 494 2623 solus
517 2569 611 2624 esset.
653 2556 819 2642 Magnifica
840 2578 916 2622 vero
938 2579 999 2623 vox
1021 2567 1055 2622 et
1076 2578 1190 2642 magno
1212 2559 1281 2622 viro
1301 2578 1339 2621 ac
1359 2559 1500 2643 sapiente
1515 2559 1628 2640 digner
1651 2576 1734 2639 quae

408 2652 547 2716 desierat
575 2653 665 2716 illum
693 2663 726 2717 et
754 2654 787 2716 in
818 2656 883 2716 otio
913 2653 953 2716 de
984 2654 1119 2736 negotiis
1148 2654 1286 2735 cogitare
1314 2654 1406 2716 etin
1434 2652 1602 2715 solitudine
1625 2670 1732 2714 secum

407 2746 496 2829 loqui
519 2746 657 2822 solitum,
680 2755 714 2810 ut
734 2766 840 2832 nequo
861 2755 998 2810 cessaret
1020 2767 1169 2830 umquam
1192 2756 1225 2810 et
1241 2747 1399 2811 interdum
1416 2746 1587 2829 conloquio
1602 2745 1770 2809 alteriusit

409 2858 473 2902 non
496 2847 614 2921 egeret.
659 2843 704 2904 lte
728 2840 811 2905 duae
831 2861 894 2914 res,
917 2859 998 2923 quae
1020 2839 1202 2922 languorem
1225 2840 1372 2904 adferunt
1392 2840 1514 2912 ceteris,
1534 2840 1625 2902 illurn
1640 2858 1734 2902 acue·

407 2932 502 3006 bant,
533 2933 632 2995 otium
662 2944 695 2997 et
724 2933 874 2996 solitudo.
917 2933 1038 2996 Vellem
1068 2934 1161 2996 nobis
1188 2934 1250 2997 boc
1277 2934 1361 2997 idem
1390 2953 1467 2997 vera
1487 2933 1593 2995 dicere
1615 2933 1733 3005 liceret,

408 3028 463 3091 sed
487 3028 514 3090 si
536 3027 641 3090 minus
663 3028 840 3092 imitatione
861 3034 981 3090 tantm
1004 3028 1123 3110 ingenii
1146 3028 1369 3109 praestantiam
1384 3028 1539 3110 consequi
1554 3044 1732 3110 possumne,

407 3122 569 3186 voluntate
591 3131 674 3185 certe
695 3123 839 3206 proxime
860 3120 1050 3184 accedimus.
1093 3123 1171 3184 llam
1194 3128 1226 3184 et
1246 3141 1264 3183 a
1286 3141 1321 3183 re
1343 3120 1469 3204 publice
1490 3119 1734 3203 forensibusque

407 3214 542 3297 negotiis
565 3216 660 3279 armis
682 3215 787 3299 impiis
809 3215 905 3297 vique
927 3213 1077 3297 prohibiti
1101 3214 1200 3277 otium
1222 3214 1445 3297 persequimur
1465 3221 1499 3276 et
1519 3213 1560 3274 ob
1575 3231 1644 3275 eam
1659 3222 1771 3276 cau-ta

408 3327 474 3372 sam
504 3307 581 3371 urbe
610 3308 718 3371 relicta
747 3327 820 3370 rura
848 3316 1052 3391 peragrantes
1075 3326 1170 3391 saepe
1193 3306 1253 3369 soli
1276 3325 1395 3370 sumus.
1446 3303 1476 3368 2.
1505 3306 1568 3370 Sed
1591 3325 1650 3369 nec
1671 3305 1734 3370 boo

407 3403 508 3465 otium
535 3423 606 3466 cum
629 3402 766 3466 Africani
798 3404 863 3466 otio
891 3421 950 3464 nec
980 3399 1056 3464 baec
1085 3401 1225 3463 soiitudo
1255 3420 1327 3465 cum
1358 3400 1411 3463 illa
1441 3400 1653 3486 comparanda
1674 3408 1733 3463 est.

407 3494 465 3558 lile
487 3496 571 3558 enim
593 3500 796 3580 requiescens
825 3517 844 3560 a
866 3495 911 3559 rei
934 3496 1082 3578 publicae
1104 3495 1323 3579 pulcherrimis
1345 3495 1529 3559 muneribus
1550 3497 1649 3558 otium
1672 3494 1732 3558 sibi

410 3589 553 3655 sumebat
575 3590 744 3673 aliquando
767 3599 798 3654 et
821 3611 838 3652 e
853 3597 946 3653 coetu
961 3589 1126 3653 bominum
1141 3588 1385 3674 frequentiaque
1399 3589 1556 3653 interdum
1571 3598 1733 3674 tamquam

410 3685 443 3747 in
470 3690 598 3766 portum
629 3703 664 3746 se
694 3685 726 3747 in
755 3682 956 3768 solitudinem
985 3684 1174 3768 recipiebetr
1201 3692 1343 3748 nostrum
1365 3693 1470 3747 autem
1494 3685 1593 3747 otium
1614 3681 1773 3766 negotii!

410 3776 533 3859 inopia,
556 3796 618 3839 non
641 3777 863 3860 requiescendi
886 3777 991 3841 studio
1014 3778 1220 3841 constitutum
1243 3786 1301 3840 est.
1346 3779 1496 3841 Extincto
1517 3778 1602 3842 enim
1623 3783 1734 3840 senatu

411 3870 589 3954 deletisque
611 3870 736 3933 iudiciis
759 3872 835 3954 quid
859 3880 907 3934 est
929 3872 1014 3954 qnod
1038 3872 1167 3954 dignum
1190 3872 1282 3935 nobis
1305 3874 1411 3935 autin
1433 3873 1520 3936 curia
1542 3879 1598 3934 aut
1616 3869 1735 3933 infero

409 3983 503 4047 agera
527 3967 708 4047 possimus?
737 3963 767 4028 3.
790 3968 836 4028 lta
859 3966 914 4049 qui
937 3967 969 4028 in
992 3967 1128 4029 maxima
1150 3965 1331 4029 celebritate
1345 3975 1441 4049 atque
1455 3968 1488 4028 in
1502 3965 1604 4030 oculis
1619 3963 1734 4028 civium

409 4057 572 4141 quondam
602 4060 794 4131 vixerimus,
822 4078 907 4122 nunc
934 4058 1092 4142 fugientes
1122 4069 1325 4142 conspectum
1355 4060 1597 4132 sceleratorum,
1621 4056 1736 4140 quibus

410 4151 514 4215 omnia
538 4151 728 4225 redundant,
750 4152 896 4215 abdimus
917 4172 977 4215 nos
1000 4161 1152 4235 quantum
1176 4152 1249 4214 iicet
1270 4159 1302 4215 et
1324 4171 1419 4235 saepe
1441 4152 1501 4216 soli
1524 4171 1643 4214 sunus.
1673 4148 1773 4212 Sedu

411 4246 487 4328 quia
516 4245 562 4308 sic
592 4246 631 4308 ab
659 4246 841 4309 bominibus
873 4246 973 4308 doctis
1001 4247 1194 4327 accepimus,
1223 4263 1287 4306 non
1310 4246 1414 4308 solum
1444 4265 1485 4308 ex
1507 4244 1598 4307 maiis
1620 4243 1737 4324 eligere

410 4337 539 4401 minima
560 4349 715 4420 oportere,
738 4340 793 4402 sed
816 4337 910 4402 etiam
934 4357 1105 4422 excerpere
1127 4357 1168 4401 ex
1191 4338 1240 4402 bis
1261 4339 1349 4421 ipsiu,
1372 4340 1399 4401 si
1421 4339 1498 4421 quid
1519 4340 1638 4401 inesset
1651 4336 1737 4410 boni,

411 4440 577 4516 propterea
598 4440 630 4495 et
651 4434 716 4496 otio
737 4433 834 4506 fruor,
856 4452 920 4495 non
943 4433 1000 4495 illo
1022 4431 1167 4514 quidem,
1191 4451 1255 4514 quo
1278 4432 1477 4505 debebatis,
1500 4433 1556 4515 qui
1578 4430 1738 4517 quondam

410 4525 589 4608 peperisset
618 4526 715 4589 otium
746 4526 881 4600 civitati,
909 4545 968 4588 nec
996 4545 1065 4588 eam
1093 4525 1297 4589 solitudinem
1321 4525 1471 4608 languere
1494 4527 1614 4609 patior,
1642 4543 1738 4608 qnam

412 4618 488 4681 mibi
513 4618 617 4683 adfert
637 4621 819 4696 necessitas,
841 4637 906 4683 non
929 4620 1084 4683 voluntas.
1128 4616 1159 4682 i.
1182 4620 1381 4705 Quamquam
1397 4620 1564 4683 Africanus
1585 4620 1776 4682 maioremao

479 4842 502 4892 ι.
519 4841 650 4905 {mereri
667 4844 725 4895 ila:
751 4842 858 4905 tmeroti
878 4845 908 4903 b,
931 4843 1048 4906 [morere
1068 4855 1126 4906 op:
1152 4843 1264 4905 fromari
1286 4844 1331 4895 lio
1362 4870 1389 4880 -
1421 4843 1487 4907 Quid
1505 4843 1641 4905 bominem
1658 4842 1741 4906 inquit

413 4919 551 4981 lainedo]
569 4920 680 4968 occidm
697 4920 731 4969 c:
757 4920 818 4981 quid
833 4920 917 4980 inquit
932 4919 1055 4967 dommum
1071 4918 1184 4969 occidero
1203 4932 1235 4983 p;
1265 4920 1332 4982 (inid
1346 4919 1469 4969 homiaem
1486 4920 1632 4970 mcidmeo
1660 4945 1687 4956 -
1713 4920 1739 4969 t.

410 4993 467 5056 fleri
482 4993 544 5042 rotet
559 4994 597 5043 ab
617 5020 644 5032 -
664 4994 688 5044 3.
707 4995 848 5058 officiorum
863 4992 959 5058 amuel
977 4995 1040 5044 Post
1056 4994 1124 5043 baec
1141 4997 1290 5058 sequuntur
1307 4992 1348 5044 illa
1366 4994 1415 5045 Sed
1431 4994 1689 5056 socc-mimarum
1705 4997 1741 5044 sat

414 5067 444 5131 [5
456 5067 500 5129 87)
525 5068 550 5117 in
574 5070 655 5131 Cpo.
685 5096 707 5106 -
741 5068 766 5121 t.
785 5071 821 5120 ii.
836 5070 921 5120 iussu
938 5069 1073 5119 ciceronis
1095 5081 1131 5117 ns
1146 5081 1254 5121 orsisius
1270 5081 1343 5119 urana
1360 5082 1389 5120 ιι.
1406 5081 1524 5120 sxrurcrr
1544 5067 1580 5127 H,
1606 5069 1643 5119 ii.
1657 5068 1741 5118 iuuari

414 5143 550 5193 Ciceronis
565 5155 601 5191 nr
616 5155 724 5194 osricus
740 5157 814 5194 urana
828 5158 866 5194 ‚ru
885 5156 1003 5194 exacrcrr
1018 5155 1160 5193 rsurcrrsa.
1176 5156 1272 5194 moran
1287 5157 1361 5194 crasa
1373 5156 1476 5195 rsarrus
1494 5145 1546 5203 Ba;
1565 5143 1742 5205 miscriptiouc

414 5219 506 5266 carent
522 5218 569 5267 bo.
591 5245 618 5254 -
641 5220 666 5269 b.
685 5221 733 5268 Pae
749 5220 898 5282 Scipionem,
916 5220 952 5269 ii.
964 5218 1054 5283 mium,
1073 5220 1117 5279 qui
1130 5218 1229 5279 nmmos
1245 5220 1380 5282 Africanus
1396 5220 1536 5281 appelletur
1552 5220 1595 5278 ait,
1614 5219 1695 5266 dicem
1705 5240 1742 5252 ·-

410 5292 461 5353 fuit
475 5291 528 5352 fera
543 5294 596 5341 σιω
612 5295 726 5357 aequatis
743 5296 842 5345 Nonius
860 5309 887 5359 p.
897 5294 947 5345 235
963 5305 1022 5357 tq:
1045 5292 1160 5342 Publium
1176 5294 1325 5357 Sdpioasm,
1344 5295 1379 5344 lt.
1392 5295 1485 5357 ptumi,
1503 5295 1548 5358 qui
1561 5294 1658 5357 primus
1673 5290 1743 5351 Afri·

413 5379 491 5417 mnus
507 5367 647 5428 appellatur
662 5370 697 5418 sit
720 5367 791 5419 idem
815 5383 839 5433 p.
855 5368 913 5419 noe.
943 5393 971 5405 -
1000 5370 1026 5418 Ρ.
1045 5381 1098 5418 om.
1112 5368 1151 5419 bo
1174 5382 1259 5419 uacuo
1281 5372 1367 5434 spatio
1390 5370 1423 5418 ed
1445 5368 1560 5419 litteram
1582 5364 1742 5430 pingendam

415 5440 516 5493 relicto.
536 5468 563 5479 -
580 5445 681 5504 mmor
697 5457 751 5493 orn.
765 5442 793 5494 θ’
810 5469 837 5480 -
857 5444 882 5494 o.
900 5448 935 5494 cst
950 5444 986 5494 B:
1004 5445 1036 5493 sit
1053 5444 1150 5495 iiabo.
1175 5443 1214 5495 Cf.
1233 5444 1259 5494 S.
1271 5445 1291 5494 i.
1306 5442 1394 5494 lieller
1413 5441 1501 5493 t’biloi.
1515 5439 1679 5492 Schneiden.
1697 5438 1743 5488 iili

415 5531 441 5581 p.
454 5516 503 5569 att
519 5530 578 5580 sqq.
597 5544 629 5556 -
648 5521 687 5568 tt.
702 5519 741 5568 ito
759 5519 794 5569 C:
812 5519 899 5580 itaquo
916 5530 931 5569 o
951 5544 979 5555 -
998 5518 1146 5581 inaquosam
1163 5518 1198 5568 il:
1217 5519 1346 5583 tanqum
1362 5520 1447 5569 Baba
1466 5543 1493 5554 -
1513 5518 1553 5566 te.
1567 5517 1648 5566 dicare
1664 5526 1743 5566 om.a

417 5619 444 5630 -
464 5591 503 5644 ti.
523 5595 672 5643 medemur
689 5593 748 5649 (sed
768 5594 900 5657 posterior
915 5607 933 5643 e
950 5607 984 5643 ex
1000 5595 1150 5644 recentiore
1168 5594 1346 5654 correctione)
1364 5594 1385 5645 H
1405 5619 1433 5631 -
1457 5593 1497 5642 tn.
1514 5590 1621 5655 ocqotiis
1636 5589 1741 5639 llllab:

414 5669 497 5716 caena
514 5680 529 5718 o
548 5694 575 5705 -
594 5669 791 5730 ιιιᾳιιοΒΗιδε
812 5668 927 5729 iciqaso
946 5693 974 5703 -
993 5667 1034 5718 ti.
1053 5666 1249 5728 aequatoque
1269 5694 1295 5706 -
1315 5668 1355 5718 ta.
1374 5678 1434 5717 eo:
1452 5677 1538 5721 ano:
1558 5663 1694 5716 omiiiib
1712 5689 1740 5700 -

416 5742 728 5807 23.1mc:1m[qas]o
754 5768 782 5778 -
808 5742 850 5793 ii.
868 5743 1137 5793 succussionem
1152 5743 1252 5792 Nouius
1269 5755 1296 5806 p.
1309 5741 1366 5793 aet.
1387 5766 1415 5777 -
1441 5740 1483 5790 td.
1501 5741 1607 5789 minim
1622 5739 1743 5803 diqaru

418 5842 445 5853 -
465 5817 506 5867 27.
525 5831 558 5867 sm
574 5818 622 5879 ιιιι
638 5819 696 5882 ipris
713 5830 742 5878 03
765 5831 799 5869 em
814 5818 852 5867 bis
869 5819 1011 5881 (emmau)
1028 5833 1058 5875 ις
1082 5832 1116 5869 ee
1132 5817 1191 5880 ipsis
1208 5816 1329 5882 (omits)
1348 5817 1419 5867 utin
1445 5838 1473 5853 -
1499 5815 1540 5866 ιδ.
1559 5813 1659 5865 debebat
1674 5814 1696 5864 ιι
1712 5826 1742 5865 o:

420 5890 1744 5957 dmmufllimdcimtiscorr.madianensium-wamacien-mquam]

417 5967 566 6033 sumopere
585 5980 611 6031 p.
