<?xml version="1.0" encoding="UTF-8"?>
<!DOCTYPE html PUBLIC "-//W3C//DTD XHTML 1.0 Transitional//EN"
    "http://www.w3.org/TR/xhtml1/DTD/xhtml1-transitional.dtd">
<html xmlns="http://www.w3.org/1999/xhtml" xml:lang="en" lang="en">
 <head>
  <title>
</title>
<meta http-equiv="Content-Type" content="text/html;charset=utf-8" />
  <meta name='ocr-system' content='tesseract 3.04.00' />
  <meta name='ocr-capabilities' content='ocr_page ocr_carea ocr_par ocr_line ocrx_word'/>
</head>
<body>
  <div class='ocr_page' id='page_1' title='image "./operaquaesupers00halmgoog/operaquaesupers00halmgoog_0879.png"; bbox 0 0 4342 7459; ppageno 0'>
   <div class='ocr_carea' id='block_1_1' title="bbox 748 1233 1740 1321">
    <p class='ocr_par' dir='ltr' id='par_1_1' title="bbox 748 1233 1740 1321">
     <span class='ocr_line' id='line_1_1' title="bbox 748 1233 1740 1321; baseline -0.006 -16"><span class='ocrx_word' id='word_1_1' title='bbox 748 1239 816 1304; x_wconf 74' lang='lat' dir='ltr'><strong>aa.</strong></span> <span class='ocrx_word' id='word_1_2' title='bbox 831 1239 856 1304; x_wconf 91' lang='lat' dir='ltr'><strong>r.</strong></span> <span class='ocrx_word' id='word_1_3' title='bbox 888 1238 962 1304; x_wconf 68' lang='lat' dir='ltr'><strong>cn.</strong></span> <span class='ocrx_word' id='word_1_4' title='bbox 976 1237 1157 1303; x_wconf 76' lang='lat' dir='ltr'><strong>rur-rx.</strong></span> <span class='ocrx_word' id='word_1_5' title='bbox 1186 1235 1232 1321; x_wconf 78' lang='lat' dir='ltr'><strong>ii</strong></span> <span class='ocrx_word' id='word_1_6' title='bbox 1246 1234 1393 1304; x_wconf 81' lang='lat' dir='ltr'><strong>ss-ar.</strong></span> <span class='ocrx_word' id='word_1_7' title='bbox 1676 1233 1740 1300; x_wconf 84' lang='lat' dir='ltr'><strong>sea</strong></span> 
     </span>
    </p>
   </div>
   <div class='ocr_carea' id='block_1_2' title="bbox 410 1397 1742 1767">
    <p class='ocr_par' dir='ltr' id='par_1_2' title="bbox 410 1397 1742 1767">
     <span class='ocr_line' id='line_1_2' title="bbox 410 1397 1741 1487; baseline -0.005 -20"><span class='ocrx_word' id='word_1_8' title='bbox 410 1421 501 1479; x_wconf 83' lang='grc'><strong>44444,</strong></span> <span class='ocrx_word' id='word_1_9' title='bbox 530 1399 617 1487; x_wconf 92' lang='lat' dir='ltr'><strong>quod</strong></span> <span class='ocrx_word' id='word_1_10' title='bbox 643 1401 760 1467; x_wconf 80' lang='lat' dir='ltr'><strong>hebest</strong></span> <span class='ocrx_word' id='word_1_11' title='bbox 788 1401 934 1465; x_wconf 78' lang='lat' dir='ltr'><strong>notitiam</strong></span> <span class='ocrx_word' id='word_1_12' title='bbox 963 1400 1102 1485; x_wconf 88' lang='lat' dir='ltr'><strong>aliquam</strong></span> <span class='ocrx_word' id='word_1_13' title='bbox 1131 1401 1201 1477; x_wconf 91' lang='lat' dir='ltr'><strong>dei,</strong></span> <span class='ocrx_word' id='word_1_14' title='bbox 1229 1402 1372 1485; x_wconf 88' lang='lat' dir='ltr'><strong>ipsisque</strong></span> <span class='ocrx_word' id='word_1_15' title='bbox 1394 1402 1427 1465; x_wconf 89' lang='lat' dir='ltr'><strong>in</strong></span> <span class='ocrx_word' id='word_1_16' title='bbox 1449 1397 1631 1464; x_wconf 85' lang='lat' dir='ltr'><strong>hominibus</strong></span> <span class='ocrx_word' id='word_1_17' title='bbox 1653 1397 1741 1461; x_wconf 90' lang='lat' dir='ltr'><strong>nulla</strong></span> 
     </span>
     <span class='ocr_line' id='line_1_3' title="bbox 410 1492 1741 1580; baseline -0.001 -20"><span class='ocrx_word' id='word_1_18' title='bbox 410 1514 488 1579; x_wconf 57' lang='lat' dir='ltr'><strong>pus</strong></span> <span class='ocrx_word' id='word_1_19' title='bbox 509 1504 559 1560; x_wconf 89' lang='lat' dir='ltr'><strong>est</strong></span> <span class='ocrx_word' id='word_1_20' title='bbox 579 1514 686 1580; x_wconf 85' lang='lat' dir='ltr'><strong>neque</strong></span> <span class='ocrx_word' id='word_1_21' title='bbox 708 1504 771 1560; x_wconf 82' lang='grc'><strong>4444</strong></span> <span class='ocrx_word' id='word_1_22' title='bbox 795 1504 957 1559; x_wconf 89' lang='lat' dir='ltr'><strong>mansueta</strong></span> <span class='ocrx_word' id='word_1_23' title='bbox 978 1516 1084 1579; x_wconf 89' lang='lat' dir='ltr'><strong>neque</strong></span> <span class='ocrx_word' id='word_1_24' title='bbox 1107 1504 1169 1559; x_wconf 90' lang='lat' dir='ltr'><strong>tam</strong></span> <span class='ocrx_word' id='word_1_25' title='bbox 1191 1496 1268 1570; x_wconf 82' lang='lat' dir='ltr'><strong>iera,</strong></span> <span class='ocrx_word' id='word_1_26' title='bbox 1291 1515 1375 1579; x_wconf 89' lang='lat' dir='ltr'><strong>quas</strong></span> <span class='ocrx_word' id='word_1_27' title='bbox 1396 1514 1471 1569; x_wconf 90' lang='lat' dir='ltr'><strong>non,</strong></span> <span class='ocrx_word' id='word_1_28' title='bbox 1493 1494 1589 1557; x_wconf 86' lang='lat' dir='ltr'><strong>etism</strong></span> <span class='ocrx_word' id='word_1_29' title='bbox 1608 1492 1634 1555; x_wconf 91' lang='lat' dir='ltr'><strong>si</strong></span> <span class='ocrx_word' id='word_1_30' title='bbox 1650 1492 1741 1575; x_wconf 77' lang='lat' dir='ltr'><strong>igno-</strong></span> 
     </span>
     <span class='ocr_line' id='line_1_4' title="bbox 411 1584 1741 1675; baseline -0.005 -21"><span class='ocrx_word' id='word_1_31' title='bbox 411 1599 459 1654; x_wconf 90' lang='lat' dir='ltr'><strong>ret</strong></span> <span class='ocrx_word' id='word_1_32' title='bbox 481 1590 610 1675; x_wconf 89' lang='lat' dir='ltr'><strong>qualem</strong></span> <span class='ocrx_word' id='word_1_33' title='bbox 630 1590 749 1653; x_wconf 88' lang='lat' dir='ltr'><strong>habere</strong></span> <span class='ocrx_word' id='word_1_34' title='bbox 771 1590 864 1653; x_wconf 90' lang='lat' dir='ltr'><strong>deum</strong></span> <span class='ocrx_word' id='word_1_35' title='bbox 888 1589 1019 1663; x_wconf 88' lang='lat' dir='ltr'><strong>deceat,</strong></span> <span class='ocrx_word' id='word_1_36' title='bbox 1049 1597 1154 1653; x_wconf 89' lang='lat' dir='ltr'><strong>tamea</strong></span> <span class='ocrx_word' id='word_1_37' title='bbox 1182 1586 1364 1653; x_wconf 86' lang='lat' dir='ltr'><strong>habendum</strong></span> <span class='ocrx_word' id='word_1_38' title='bbox 1386 1590 1474 1653; x_wconf 86' lang='lat' dir='ltr'><strong>sciat.</strong></span> <span class='ocrx_word' id='word_1_39' title='bbox 1525 1584 1577 1648; x_wconf 76' lang='lat'><strong>25.</strong></span> <span class='ocrx_word' id='word_1_40' title='bbox 1605 1587 1654 1648; x_wconf 86' lang='lat' dir='ltr'><strong>Ex</strong></span> <span class='ocrx_word' id='word_1_41' title='bbox 1676 1604 1741 1667; x_wconf 93' lang='lat' dir='ltr'><strong>quo</strong></span> 
     </span>
     <span class='ocr_line' id='line_1_5' title="bbox 411 1677 1742 1767; baseline -0.005 -19"><span class='ocrx_word' id='word_1_42' title='bbox 411 1684 549 1748; x_wconf 81' lang='lat' dir='ltr'><strong>eflicitur</strong></span> <span class='ocrx_word' id='word_1_43' title='bbox 568 1685 664 1757; x_wconf 89' lang='lat' dir='ltr'><strong>illud,</strong></span> <span class='ocrx_word' id='word_1_44' title='bbox 685 1692 722 1747; x_wconf 91' lang='lat' dir='ltr'><strong>ut</strong></span> <span class='ocrx_word' id='word_1_45' title='bbox 743 1684 770 1746; x_wconf 90' lang='lat' dir='ltr'><strong>is</strong></span> <span class='ocrx_word' id='word_1_46' title='bbox 792 1690 943 1766; x_wconf 76' lang='lat' dir='ltr'><strong>agnoscat</strong></span> <span class='ocrx_word' id='word_1_47' title='bbox 964 1684 1074 1756; x_wconf 89' lang='lat' dir='ltr'><strong>deum,</strong></span> <span class='ocrx_word' id='word_1_48' title='bbox 1097 1684 1167 1767; x_wconf 89' lang='lat' dir='ltr'><strong>qui,</strong></span> <span class='ocrx_word' id='word_1_49' title='bbox 1188 1681 1275 1746; x_wconf 92' lang='lat' dir='ltr'><strong>unde</strong></span> <span class='ocrx_word' id='word_1_50' title='bbox 1297 1692 1387 1746; x_wconf 91' lang='lat' dir='ltr'><strong>ortus</strong></span> <span class='ocrx_word' id='word_1_51' title='bbox 1409 1683 1460 1756; x_wconf 88' lang='lat' dir='ltr'><strong>sit,</strong></span> <span class='ocrx_word' id='word_1_52' title='bbox 1481 1681 1572 1766; x_wconf 85' lang='lat' dir='ltr'><strong>quasi</strong></span> <span class='ocrx_word' id='word_1_53' title='bbox 1594 1677 1742 1743; x_wconf 89' lang='lat' dir='ltr'><strong>recorde-</strong></span> 
     </span>
    </p>
   </div>
   <div class='ocr_carea' id='block_1_3' title="bbox 409 1777 1779 3642">
    <p class='ocr_par' dir='ltr' id='par_1_3' title="bbox 409 1777 1779 3642">
     <span class='ocr_line' id='line_1_6' title="bbox 412 1777 1765 1863; baseline -0.007 -20"><span class='ocrx_word' id='word_1_54' title='bbox 412 1787 465 1843; x_wconf 91' lang='lat' dir='ltr'><strong>tur</strong></span> <span class='ocrx_word' id='word_1_55' title='bbox 486 1782 671 1863; x_wconf 73' lang='lat' dir='ltr'><strong>[agnoscatl.</strong></span> <span class='ocrx_word' id='word_1_56' title='bbox 716 1780 781 1841; x_wconf 92' lang='lat' dir='ltr'><strong>lam</strong></span> <span class='ocrx_word' id='word_1_57' title='bbox 810 1797 887 1841; x_wconf 86' lang='lat' dir='ltr'><strong>vero</strong></span> <span class='ocrx_word' id='word_1_58' title='bbox 917 1778 1018 1839; x_wconf 87' lang='lat' dir='ltr'><strong>virtus</strong></span> <span class='ocrx_word' id='word_1_59' title='bbox 1046 1777 1158 1840; x_wconf 88' lang='lat' dir='ltr'><strong>eadem</strong></span> <span class='ocrx_word' id='word_1_60' title='bbox 1186 1778 1219 1839; x_wconf 90' lang='lat' dir='ltr'><strong>in</strong></span> <span class='ocrx_word' id='word_1_61' title='bbox 1249 1777 1378 1841; x_wconf 88' lang='lat' dir='ltr'><strong>homine</strong></span> <span class='ocrx_word' id='word_1_62' title='bbox 1407 1796 1445 1840; x_wconf 86' lang='lat' dir='ltr'><strong>ac</strong></span> <span class='ocrx_word' id='word_1_63' title='bbox 1472 1778 1533 1840; x_wconf 88' lang='lat' dir='ltr'><strong>deo</strong></span> <span class='ocrx_word' id='word_1_64' title='bbox 1565 1784 1613 1839; x_wconf 88' lang='lat' dir='ltr'><strong>est</strong></span> <span class='ocrx_word' id='word_1_65' title='bbox 1635 1787 1765 1857; x_wconf 82' lang='lat' dir='ltr'><strong>nequeo</strong></span> 
     </span>
     <span class='ocr_line' id='line_1_7' title="bbox 412 1868 1742 1955; baseline -0.005 -19"><span class='ocrx_word' id='word_1_66' title='bbox 412 1872 475 1936; x_wconf 88' lang='lat' dir='ltr'><strong>alio</strong></span> <span class='ocrx_word' id='word_1_67' title='bbox 498 1873 564 1936; x_wconf 91' lang='lat' dir='ltr'><strong>ullo</strong></span> <span class='ocrx_word' id='word_1_68' title='bbox 585 1874 620 1935; x_wconf 82' lang='lat' dir='ltr'><strong>iss</strong></span> <span class='ocrx_word' id='word_1_69' title='bbox 640 1873 769 1955; x_wconf 79' lang='lat' dir='ltr'><strong>ingenio</strong></span> <span class='ocrx_word' id='word_1_70' title='bbox 792 1879 975 1954; x_wconf 87' lang='lat' dir='ltr'><strong>praeterea;</strong></span> <span class='ocrx_word' id='word_1_71' title='bbox 999 1879 1048 1934; x_wconf 91' lang='lat' dir='ltr'><strong>cst</strong></span> <span class='ocrx_word' id='word_1_72' title='bbox 1069 1879 1174 1934; x_wconf 88' lang='lat' dir='ltr'><strong>autern</strong></span> <span class='ocrx_word' id='word_1_73' title='bbox 1196 1872 1299 1934; x_wconf 84' lang='lat' dir='ltr'><strong>virtus</strong></span> <span class='ocrx_word' id='word_1_74' title='bbox 1321 1869 1401 1935; x_wconf 86' lang='lat' dir='ltr'><strong>nihil</strong></span> <span class='ocrx_word' id='word_1_75' title='bbox 1420 1869 1507 1934; x_wconf 90' lang='lat' dir='ltr'><strong>aliud</strong></span> <span class='ocrx_word' id='word_1_76' title='bbox 1523 1871 1585 1933; x_wconf 94' lang='lat' dir='ltr'><strong>nisi</strong></span> <span class='ocrx_word' id='word_1_77' title='bbox 1600 1868 1742 1952; x_wconf 83' lang='lat' dir='ltr'><strong>perlecta</strong></span> 
     </span>
     <span class='ocr_line' id='line_1_8' title="bbox 412 1959 1738 2047; baseline -0.007 -17"><span class='ocrx_word' id='word_1_78' title='bbox 412 1976 444 2030; x_wconf 87' lang='lat' dir='ltr'><strong>et</strong></span> <span class='ocrx_word' id='word_1_79' title='bbox 465 1967 506 2031; x_wconf 85' lang='lat' dir='ltr'><strong>ad</strong></span> <span class='ocrx_word' id='word_1_80' title='bbox 528 1987 684 2031; x_wconf 89' lang='lat' dir='ltr'><strong>summum</strong></span> <span class='ocrx_word' id='word_1_81' title='bbox 707 1965 858 2047; x_wconf 91' lang='lat' dir='ltr'><strong>perducta</strong></span> <span class='ocrx_word' id='word_1_82' title='bbox 881 1975 1008 2028; x_wconf 87' lang='lat' dir='ltr'><strong>natura:</strong></span> <span class='ocrx_word' id='word_1_83' title='bbox 1042 1973 1091 2027; x_wconf 92' lang='lat' dir='ltr'><strong>est</strong></span> <span class='ocrx_word' id='word_1_84' title='bbox 1113 1966 1209 2047; x_wconf 82' lang='lat' dir='ltr'><strong>igitur</strong></span> <span class='ocrx_word' id='word_1_85' title='bbox 1229 1965 1349 2028; x_wconf 88' lang='lat' dir='ltr'><strong>homini</strong></span> <span class='ocrx_word' id='word_1_86' title='bbox 1373 1984 1445 2027; x_wconf 87' lang='lat' dir='ltr'><strong>cum</strong></span> <span class='ocrx_word' id='word_1_87' title='bbox 1467 1965 1529 2027; x_wconf 92' lang='lat' dir='ltr'><strong>deo</strong></span> <span class='ocrx_word' id='word_1_88' title='bbox 1551 1959 1738 2027; x_wconf 80' lang='lat' dir='ltr'><strong>similitudo.</strong></span> 
     </span>
     <span class='ocr_line' id='line_1_9' title="bbox 412 2055 1740 2142; baseline -0.005 -18"><span class='ocrx_word' id='word_1_89' title='bbox 412 2058 506 2136; x_wconf 90' lang='lat' dir='ltr'><strong>Quod</strong></span> <span class='ocrx_word' id='word_1_90' title='bbox 529 2080 601 2124; x_wconf 89' lang='lat' dir='ltr'><strong>cum</strong></span> <span class='ocrx_word' id='word_1_91' title='bbox 623 2061 668 2123; x_wconf 88' lang='lat' dir='ltr'><strong>ita</strong></span> <span class='ocrx_word' id='word_1_92' title='bbox 689 2061 743 2133; x_wconf 87' lang='lat' dir='ltr'><strong>sit,</strong></span> <span class='ocrx_word' id='word_1_93' title='bbox 765 2078 847 2141; x_wconf 89' lang='lat' dir='ltr'><strong>quaa</strong></span> <span class='ocrx_word' id='word_1_94' title='bbox 868 2059 995 2121; x_wconf 89' lang='lat' dir='ltr'><strong>tandem</strong></span> <span class='ocrx_word' id='word_1_95' title='bbox 1018 2079 1088 2121; x_wconf 89' lang='lat' dir='ltr'><strong>esse</strong></span> <span class='ocrx_word' id='word_1_96' title='bbox 1112 2067 1217 2142; x_wconf 89' lang='lat' dir='ltr'><strong>potest</strong></span> <span class='ocrx_word' id='word_1_97' title='bbox 1236 2060 1369 2142; x_wconf 81' lang='lat' dir='ltr'><strong>propior</strong></span> <span class='ocrx_word' id='word_1_98' title='bbox 1390 2061 1547 2122; x_wconf 83' lang='lat' dir='ltr'><strong>certiorve</strong></span> <span class='ocrx_word' id='word_1_99' title='bbox 1569 2055 1740 2140; x_wconf 74' lang='lat' dir='ltr'><strong>cognatio?</strong></span> 
     </span>
     <span class='ocr_line' id='line_1_10' title="bbox 410 2151 1741 2238; baseline -0.003 -22"><span class='ocrx_word' id='word_1_100' title='bbox 410 2154 523 2238; x_wconf 82' lang='lat' dir='ltr'><strong>ltaque</strong></span> <span class='ocrx_word' id='word_1_101' title='bbox 546 2153 585 2218; x_wconf 95' lang='lat' dir='ltr'><strong>ad</strong></span> <span class='ocrx_word' id='word_1_102' title='bbox 609 2155 774 2217; x_wconf 87' lang='lat' dir='ltr'><strong>hominurn</strong></span> <span class='ocrx_word' id='word_1_103' title='bbox 796 2154 1035 2216; x_wconf 75' lang='lat' dir='ltr'><strong>commoditates</strong></span> <span class='ocrx_word' id='word_1_104' title='bbox 1062 2161 1096 2215; x_wconf 92' lang='lat' dir='ltr'><strong>et</strong></span> <span class='ocrx_word' id='word_1_105' title='bbox 1117 2172 1194 2215; x_wconf 89' lang='lat' dir='ltr'><strong>usus</strong></span> <span class='ocrx_word' id='word_1_106' title='bbox 1217 2160 1335 2215; x_wconf 78' lang='lat' dir='ltr'><strong>tantm</strong></span> <span class='ocrx_word' id='word_1_107' title='bbox 1358 2172 1464 2216; x_wconf 80' lang='lat' dir='ltr'><strong>renim</strong></span> <span class='ocrx_word' id='word_1_108' title='bbox 1486 2151 1661 2215; x_wconf 86' lang='lat' dir='ltr'><strong>ubertatem</strong></span> <span class='ocrx_word' id='word_1_109' title='bbox 1683 2167 1741 2212; x_wconf 91' lang='lat' dir='ltr'><strong>na-</strong></span> 
     </span>
     <span class='ocr_line' id='line_1_11' title="bbox 411 2243 1779 2330; baseline -0.004 -20"><span class='ocrx_word' id='word_1_110' title='bbox 411 2252 482 2310; x_wconf 85' lang='lat' dir='ltr'><strong>tura</strong></span> <span class='ocrx_word' id='word_1_111' title='bbox 503 2247 616 2330; x_wconf 75' lang='lat' dir='ltr'><strong>largita</strong></span> <span class='ocrx_word' id='word_1_112' title='bbox 638 2256 697 2322; x_wconf 91' lang='lat' dir='ltr'><strong>est,</strong></span> <span class='ocrx_word' id='word_1_113' title='bbox 718 2256 755 2311; x_wconf 92' lang='lat' dir='ltr'><strong>ut</strong></span> <span class='ocrx_word' id='word_1_114' title='bbox 777 2265 824 2320; x_wconf 90' lang='lat' dir='ltr'><strong>ea,</strong></span> <span class='ocrx_word' id='word_1_115' title='bbox 848 2266 930 2330; x_wconf 90' lang='lat' dir='ltr'><strong>quae</strong></span> <span class='ocrx_word' id='word_1_116' title='bbox 953 2248 1134 2328; x_wconf 72' lang='lat' dir='ltr'><strong>gignuntur,</strong></span> <span class='ocrx_word' id='word_1_117' title='bbox 1156 2247 1272 2309; x_wconf 88' lang='lat' dir='ltr'><strong>donata</strong></span> <span class='ocrx_word' id='word_1_118' title='bbox 1295 2246 1442 2310; x_wconf 85' lang='lat' dir='ltr'><strong>consulto</strong></span> <span class='ocrx_word' id='word_1_119' title='bbox 1464 2246 1568 2320; x_wconf 85' lang='lat' dir='ltr'><strong>nobis,</strong></span> <span class='ocrx_word' id='word_1_120' title='bbox 1590 2265 1654 2309; x_wconf 89' lang='lat' dir='ltr'><strong>non</strong></span> <span class='ocrx_word' id='word_1_121' title='bbox 1678 2243 1740 2308; x_wconf 90' lang='lat' dir='ltr'><strong>lor·</strong></span> <span class='ocrx_word' id='word_1_122' title='bbox 1750 2254 1779 2304; x_wconf 85' lang='grc'><strong>44</strong></span> 
     </span>
     <span class='ocr_line' id='line_1_12' title="bbox 410 2338 1739 2425; baseline -0.002 -21"><span class='ocrx_word' id='word_1_123' title='bbox 410 2341 490 2404; x_wconf 92' lang='lat' dir='ltr'><strong>tuito</strong></span> <span class='ocrx_word' id='word_1_124' title='bbox 520 2352 595 2405; x_wconf 90' lang='lat' dir='ltr'><strong>nata</strong></span> <span class='ocrx_word' id='word_1_125' title='bbox 620 2341 802 2408; x_wconf 85' lang='lat' dir='ltr'><strong>videantur.</strong></span> <span class='ocrx_word' id='word_1_126' title='bbox 833 2360 893 2403; x_wconf 90' lang='lat' dir='ltr'><strong>nec</strong></span> <span class='ocrx_word' id='word_1_127' title='bbox 920 2341 1024 2404; x_wconf 89' lang='lat' dir='ltr'><strong>solum</strong></span> <span class='ocrx_word' id='word_1_128' title='bbox 1051 2362 1107 2415; x_wconf 88' lang='lat' dir='ltr'><strong>ea,</strong></span> <span class='ocrx_word' id='word_1_129' title='bbox 1138 2360 1220 2425; x_wconf 90' lang='lat' dir='ltr'><strong>quae</strong></span> <span class='ocrx_word' id='word_1_130' title='bbox 1241 2338 1386 2423; x_wconf 74' lang='lat' dir='ltr'><strong>frugibus</strong></span> <span class='ocrx_word' id='word_1_131' title='bbox 1407 2349 1505 2424; x_wconf 85' lang='lat' dir='ltr'><strong>atqua</strong></span> <span class='ocrx_word' id='word_1_132' title='bbox 1527 2339 1615 2403; x_wconf 84' lang='lat' dir='ltr'><strong>bacis</strong></span> <span class='ocrx_word' id='word_1_133' title='bbox 1636 2349 1739 2403; x_wconf 85' lang='lat' dir='ltr'><strong>terrae</strong></span> 
     </span>
     <span class='ocr_line' id='line_1_13' title="bbox 409 2433 1738 2520; baseline -0.003 -22"><span class='ocrx_word' id='word_1_134' title='bbox 409 2433 476 2498; x_wconf 82' lang='lat' dir='ltr'><strong>tatu</strong></span> <span class='ocrx_word' id='word_1_135' title='bbox 489 2436 736 2519; x_wconf 84' lang='lat' dir='ltr'><strong>protenduntur,</strong></span> <span class='ocrx_word' id='word_1_136' title='bbox 752 2433 809 2498; x_wconf 90' lang='lat' dir='ltr'><strong>sed</strong></span> <span class='ocrx_word' id='word_1_137' title='bbox 825 2434 921 2497; x_wconf 90' lang='lat' dir='ltr'><strong>etiarn</strong></span> <span class='ocrx_word' id='word_1_138' title='bbox 939 2435 1089 2516; x_wconf 85' lang='lat' dir='ltr'><strong>pecudes,</strong></span> <span class='ocrx_word' id='word_1_139' title='bbox 1105 2455 1238 2520; x_wconf 88' lang='lat' dir='ltr'><strong>quarum</strong></span> <span class='ocrx_word' id='word_1_140' title='bbox 1253 2436 1459 2518; x_wconf 88' lang='lat' dir='ltr'><strong>perspicuum</strong></span> <span class='ocrx_word' id='word_1_141' title='bbox 1473 2440 1521 2497; x_wconf 91' lang='lat' dir='ltr'><strong>est</strong></span> <span class='ocrx_word' id='word_1_142' title='bbox 1537 2433 1652 2516; x_wconf 87' lang='lat' dir='ltr'><strong>partim</strong></span> <span class='ocrx_word' id='word_1_143' title='bbox 1668 2451 1738 2496; x_wconf 89' lang='lat' dir='ltr'><strong>esse</strong></span> 
     </span>
     <span class='ocr_line' id='line_1_14' title="bbox 409 2527 1739 2613; baseline -0.004 -20"><span class='ocrx_word' id='word_1_144' title='bbox 409 2528 450 2593; x_wconf 82' lang='lat' dir='ltr'><strong>ad</strong></span> <span class='ocrx_word' id='word_1_145' title='bbox 471 2550 565 2593; x_wconf 89' lang='lat' dir='ltr'><strong>usum</strong></span> <span class='ocrx_word' id='word_1_146' title='bbox 586 2529 761 2602; x_wconf 84' lang='lat' dir='ltr'><strong>homiuum,</strong></span> <span class='ocrx_word' id='word_1_147' title='bbox 783 2529 898 2610; x_wconf 88' lang='lat' dir='ltr'><strong>partim</strong></span> <span class='ocrx_word' id='word_1_148' title='bbox 920 2528 959 2591; x_wconf 87' lang='lat' dir='ltr'><strong>ad</strong></span> <span class='ocrx_word' id='word_1_149' title='bbox 983 2528 1131 2603; x_wconf 75' lang='lat' dir='ltr'><strong>fructum,</strong></span> <span class='ocrx_word' id='word_1_150' title='bbox 1153 2530 1265 2613; x_wconf 88' lang='lat' dir='ltr'><strong>partim</strong></span> <span class='ocrx_word' id='word_1_151' title='bbox 1288 2528 1328 2591; x_wconf 88' lang='lat' dir='ltr'><strong>ad</strong></span> <span class='ocrx_word' id='word_1_152' title='bbox 1343 2527 1534 2592; x_wconf 87' lang='lat' dir='ltr'><strong>vescendum</strong></span> <span class='ocrx_word' id='word_1_153' title='bbox 1550 2533 1739 2610; x_wconf 89' lang='lat' dir='ltr'><strong>procreatas.</strong></span> 
     </span>
     <span class='ocr_line' id='line_1_15' title="bbox 410 2618 1739 2704; baseline -0.002 -19"><span class='ocrx_word' id='word_1_154' title='bbox 410 2618 462 2685; x_wconf 68' lang='grc'><strong>86.</strong></span> <span class='ocrx_word' id='word_1_155' title='bbox 484 2626 575 2686; x_wconf 80' lang='lat' dir='ltr'><strong>Artes</strong></span> <span class='ocrx_word' id='word_1_156' title='bbox 596 2642 672 2686; x_wconf 86' lang='lat' dir='ltr'><strong>vero</strong></span> <span class='ocrx_word' id='word_1_157' title='bbox 694 2622 940 2685; x_wconf 88' lang='lat' dir='ltr'><strong>innumerabiles</strong></span> <span class='ocrx_word' id='word_1_158' title='bbox 962 2630 1107 2704; x_wconf 80' lang='lat' dir='ltr'><strong>repertae</strong></span> <span class='ocrx_word' id='word_1_159' title='bbox 1130 2631 1220 2696; x_wconf 89' lang='lat' dir='ltr'><strong>sunt,</strong></span> <span class='ocrx_word' id='word_1_160' title='bbox 1243 2621 1378 2686; x_wconf 88' lang='lat' dir='ltr'><strong>docente</strong></span> <span class='ocrx_word' id='word_1_161' title='bbox 1400 2631 1527 2695; x_wconf 89' lang='lat' dir='ltr'><strong>natura,</strong></span> <span class='ocrx_word' id='word_1_162' title='bbox 1552 2641 1647 2704; x_wconf 90' lang='lat' dir='ltr'><strong>quam</strong></span> <span class='ocrx_word' id='word_1_163' title='bbox 1669 2620 1739 2683; x_wconf 90' lang='lat' dir='ltr'><strong>imi·</strong></span> 
     </span>
     <span class='ocr_line' id='line_1_16' title="bbox 410 2716 1778 2780; baseline -0.005 0"><span class='ocrx_word' id='word_1_164' title='bbox 410 2724 475 2780; x_wconf 84' lang='lat' dir='ltr'><strong>tals</strong></span> <span class='ocrx_word' id='word_1_165' title='bbox 497 2716 579 2780; x_wconf 89' lang='lat' dir='ltr'><strong>ratio</strong></span> <span class='ocrx_word' id='word_1_166' title='bbox 601 2736 652 2779; x_wconf 90' lang='lat' dir='ltr'><strong>res</strong></span> <span class='ocrx_word' id='word_1_167' title='bbox 676 2717 715 2779; x_wconf 89' lang='lat' dir='ltr'><strong>ad</strong></span> <span class='ocrx_word' id='word_1_168' title='bbox 738 2717 835 2779; x_wconf 83' lang='lat' dir='ltr'><strong>uitam</strong></span> <span class='ocrx_word' id='word_1_169' title='bbox 857 2716 1053 2779; x_wconf 87' lang='lat' dir='ltr'><strong>necessarias</strong></span> <span class='ocrx_word' id='word_1_170' title='bbox 1076 2717 1226 2780; x_wconf 79' lang='lat' dir='ltr'><strong>sollerter</strong></span> <span class='ocrx_word' id='word_1_171' title='bbox 1246 2725 1416 2780; x_wconf 90' lang='lat' dir='ltr'><strong>consecuta</strong></span> <span class='ocrx_word' id='word_1_172' title='bbox 1439 2724 1497 2779; x_wconf 83' lang='lat' dir='ltr'><strong>est</strong></span> <span class='ocrx_word' id='word_1_173' title='bbox 1748 2726 1778 2774; x_wconf 84' lang='lat' dir='ltr'><strong>tt</strong></span> 
     </span>
     <span class='ocr_line' id='line_1_17' title="bbox 496 2809 1739 2893; baseline -0.001 -22"><span class='ocrx_word' id='word_1_174' title='bbox 496 2811 551 2872; x_wconf 75' lang='lat' dir='ltr'><strong>lx.</strong></span> <span class='ocrx_word' id='word_1_175' title='bbox 574 2812 680 2893; x_wconf 87' lang='lat' dir='ltr'><strong>Ipsum</strong></span> <span class='ocrx_word' id='word_1_176' title='bbox 703 2818 811 2874; x_wconf 88' lang='lat' dir='ltr'><strong>autem</strong></span> <span class='ocrx_word' id='word_1_177' title='bbox 832 2811 993 2872; x_wconf 85' lang='lat' dir='ltr'><strong>hominem</strong></span> <span class='ocrx_word' id='word_1_178' title='bbox 1016 2811 1127 2873; x_wconf 86' lang='lat' dir='ltr'><strong>eadem</strong></span> <span class='ocrx_word' id='word_1_179' title='bbox 1151 2819 1263 2873; x_wconf 90' lang='lat' dir='ltr'><strong>natura</strong></span> <span class='ocrx_word' id='word_1_180' title='bbox 1278 2830 1342 2873; x_wconf 89' lang='lat' dir='ltr'><strong>non</strong></span> <span class='ocrx_word' id='word_1_181' title='bbox 1357 2810 1460 2873; x_wconf 89' lang='lat' dir='ltr'><strong>solum</strong></span> <span class='ocrx_word' id='word_1_182' title='bbox 1476 2809 1636 2873; x_wconf 89' lang='lat' dir='ltr'><strong>celeritate</strong></span> <span class='ocrx_word' id='word_1_183' title='bbox 1652 2827 1739 2871; x_wconf 89' lang='lat' dir='ltr'><strong>men·</strong></span> 
     </span>
     <span class='ocr_line' id='line_1_18' title="bbox 411 2901 1740 2986; baseline 0 -20"><span class='ocrx_word' id='word_1_184' title='bbox 411 2904 453 2966; x_wconf 90' lang='lat' dir='ltr'><strong>lis</strong></span> <span class='ocrx_word' id='word_1_185' title='bbox 474 2905 615 2978; x_wconf 85' lang='lat' dir='ltr'><strong>ornavit,</strong></span> <span class='ocrx_word' id='word_1_186' title='bbox 646 2905 702 2967; x_wconf 92' lang='lat' dir='ltr'><strong>sed</strong></span> <span class='ocrx_word' id='word_1_187' title='bbox 733 2905 762 2967; x_wconf 82' lang='lat' dir='ltr'><strong>ci</strong></span> <span class='ocrx_word' id='word_1_188' title='bbox 790 2924 902 2967; x_wconf 88' lang='lat' dir='ltr'><strong>sensus</strong></span> <span class='ocrx_word' id='word_1_189' title='bbox 931 2912 1093 2986; x_wconf 88' lang='lat' dir='ltr'><strong>tamquam</strong></span> <span class='ocrx_word' id='word_1_190' title='bbox 1122 2903 1275 2966; x_wconf 89' lang='lat' dir='ltr'><strong>satellites</strong></span> <span class='ocrx_word' id='word_1_191' title='bbox 1301 2902 1452 2965; x_wconf 80' lang='lat' dir='ltr'><strong>adtribuit</strong></span> <span class='ocrx_word' id='word_1_192' title='bbox 1472 2922 1510 2965; x_wconf 89' lang='lat' dir='ltr'><strong>ac</strong></span> <span class='ocrx_word' id='word_1_193' title='bbox 1531 2901 1678 2975; x_wconf 89' lang='lat' dir='ltr'><strong>nuutios,</strong></span> <span class='ocrx_word' id='word_1_194' title='bbox 1708 2908 1740 2966; x_wconf 91' lang='lat' dir='ltr'><strong>et</strong></span> 
     </span>
     <span class='ocr_line' id='line_1_19' title="bbox 410 2995 1740 3083; baseline -0.002 -22"><span class='ocrx_word' id='word_1_195' title='bbox 410 3017 517 3061; x_wconf 87' lang='lat' dir='ltr'><strong>reram</strong></span> <span class='ocrx_word' id='word_1_196' title='bbox 541 2998 747 3083; x_wconf 85' lang='lat' dir='ltr'><strong>plurimarum</strong></span> <span class='ocrx_word' id='word_1_197' title='bbox 770 2998 919 3062; x_wconf 87' lang='lat' dir='ltr'><strong>obscuras</strong></span> <span class='ocrx_word' id='word_1_198' title='bbox 946 3015 1005 3059; x_wconf 88' lang='lat' dir='ltr'><strong>nec</strong></span> <span class='ocrx_word' id='word_1_199' title='bbox 1030 2998 1109 3059; x_wconf 87' lang='lat' dir='ltr'><strong>satis</strong></span> <span class='ocrx_word' id='word_1_200' title='bbox 1132 2995 1185 3031; x_wconf 68' lang='lat' dir='ltr'><strong>ss</strong></span> <span class='ocrx_word' id='word_1_201' title='bbox 1208 2996 1440 3078; x_wconf 80' lang='lat' dir='ltr'><strong>intellegentias</strong></span> <span class='ocrx_word' id='word_1_202' title='bbox 1464 2996 1626 3061; x_wconf 83' lang='lat' dir='ltr'><strong>inchoarit</strong></span> <span class='ocrx_word' id='word_1_203' title='bbox 1648 2996 1740 3080; x_wconf 86' lang='lat' dir='ltr'><strong>quasi</strong></span> 
     </span>
     <span class='ocr_line' id='line_1_20' title="bbox 410 3089 1739 3176; baseline -0.002 -23"><span class='ocrx_word' id='word_1_204' title='bbox 410 3090 615 3154; x_wconf 79' lang='lat' dir='ltr'><strong>fundamenta</strong></span> <span class='ocrx_word' id='word_1_205' title='bbox 643 3091 798 3175; x_wconf 83' lang='lat' dir='ltr'><strong>quaedam</strong></span> <span class='ocrx_word' id='word_1_206' title='bbox 828 3092 980 3153; x_wconf 81' lang='lat' dir='ltr'><strong>scientiae</strong></span> <span class='ocrx_word' id='word_1_207' title='bbox 1008 3092 1206 3176; x_wconf 77' lang='lat' dir='ltr'><strong>figuramque</strong></span> <span class='ocrx_word' id='word_1_208' title='bbox 1235 3092 1375 3173; x_wconf 86' lang='lat' dir='ltr'><strong>eorporis</strong></span> <span class='ocrx_word' id='word_1_209' title='bbox 1405 3089 1544 3153; x_wconf 83' lang='lat' dir='ltr'><strong>habilem</strong></span> <span class='ocrx_word' id='word_1_210' title='bbox 1573 3097 1606 3154; x_wconf 88' lang='lat' dir='ltr'><strong>et</strong></span> <span class='ocrx_word' id='word_1_211' title='bbox 1633 3098 1739 3173; x_wconf 89' lang='lat' dir='ltr'><strong>aptam</strong></span> 
     </span>
     <span class='ocr_line' id='line_1_21' title="bbox 409 3183 1778 3268; baseline -0.004 -19"><span class='ocrx_word' id='word_1_212' title='bbox 409 3185 538 3268; x_wconf 79' lang='lat' dir='ltr'><strong>ingenio</strong></span> <span class='ocrx_word' id='word_1_213' title='bbox 566 3187 706 3248; x_wconf 85' lang='lat' dir='ltr'><strong>humano</strong></span> <span class='ocrx_word' id='word_1_214' title='bbox 736 3185 832 3247; x_wconf 90' lang='lat' dir='ltr'><strong>dedit.</strong></span> <span class='ocrx_word' id='word_1_215' title='bbox 877 3187 953 3247; x_wconf 89' lang='lat' dir='ltr'><strong>Nam</strong></span> <span class='ocrx_word' id='word_1_216' title='bbox 982 3204 1053 3247; x_wconf 91' lang='lat' dir='ltr'><strong>cum</strong></span> <span class='ocrx_word' id='word_1_217' title='bbox 1083 3192 1204 3248; x_wconf 85' lang='lat' dir='ltr'><strong>ceteras</strong></span> <span class='ocrx_word' id='word_1_218' title='bbox 1232 3185 1410 3247; x_wconf 82' lang='lat' dir='ltr'><strong>animantes</strong></span> <span class='ocrx_word' id='word_1_219' title='bbox 1431 3184 1600 3247; x_wconf 88' lang='lat' dir='ltr'><strong>abiecisset</strong></span> <span class='ocrx_word' id='word_1_220' title='bbox 1621 3183 1660 3247; x_wconf 89' lang='lat' dir='ltr'><strong>ad</strong></span> <span class='ocrx_word' id='word_1_221' title='bbox 1684 3194 1778 3268; x_wconf 64' lang='lat' dir='ltr'><strong>pato</strong></span> 
     </span>
     <span class='ocr_line' id='line_1_22' title="bbox 410 3276 1740 3361; baseline -0.002 -19"><span class='ocrx_word' id='word_1_222' title='bbox 410 3288 510 3352; x_wconf 87' lang='lat' dir='ltr'><strong>stum,</strong></span> <span class='ocrx_word' id='word_1_223' title='bbox 540 3278 642 3342; x_wconf 87' lang='lat' dir='ltr'><strong>solum</strong></span> <span class='ocrx_word' id='word_1_224' title='bbox 665 3279 825 3341; x_wconf 86' lang='lat' dir='ltr'><strong>hominem</strong></span> <span class='ocrx_word' id='word_1_225' title='bbox 849 3279 952 3341; x_wconf 84' lang='lat' dir='ltr'><strong>erexit</strong></span> <span class='ocrx_word' id='word_1_226' title='bbox 972 3286 1005 3340; x_wconf 85' lang='lat' dir='ltr'><strong>et</strong></span> <span class='ocrx_word' id='word_1_227' title='bbox 1025 3277 1064 3340; x_wconf 95' lang='lat' dir='ltr'><strong>ad</strong></span> <span class='ocrx_word' id='word_1_228' title='bbox 1089 3278 1168 3341; x_wconf 91' lang='lat' dir='ltr'><strong>caeli</strong></span> <span class='ocrx_word' id='word_1_229' title='bbox 1191 3277 1283 3361; x_wconf 89' lang='lat' dir='ltr'><strong>quasi</strong></span> <span class='ocrx_word' id='word_1_230' title='bbox 1306 3278 1502 3360; x_wconf 76' lang='lat' dir='ltr'><strong>cognationis</strong></span> <span class='ocrx_word' id='word_1_231' title='bbox 1522 3276 1740 3361; x_wconf 89' lang='lat' dir='ltr'><strong>domiciliiqua</strong></span> 
     </span>
     <span class='ocr_line' id='line_1_23' title="bbox 409 3369 1740 3455; baseline 0 -21"><span class='ocrx_word' id='word_1_232' title='bbox 409 3371 536 3454; x_wconf 90' lang='lat' dir='ltr'><strong>pristini</strong></span> <span class='ocrx_word' id='word_1_233' title='bbox 558 3382 762 3454; x_wconf 87' lang='lat' dir='ltr'><strong>conspectum</strong></span> <span class='ocrx_word' id='word_1_234' title='bbox 793 3372 961 3445; x_wconf 81' lang='lat' dir='ltr'><strong>excitavit,</strong></span> <span class='ocrx_word' id='word_1_235' title='bbox 991 3382 1057 3434; x_wconf 90' lang='lat' dir='ltr'><strong>turn</strong></span> <span class='ocrx_word' id='word_1_236' title='bbox 1080 3372 1220 3455; x_wconf 87' lang='lat' dir='ltr'><strong>speciem</strong></span> <span class='ocrx_word' id='word_1_237' title='bbox 1242 3373 1286 3435; x_wconf 90' lang='lat' dir='ltr'><strong>ita</strong></span> <span class='ocrx_word' id='word_1_238' title='bbox 1308 3370 1456 3434; x_wconf 76' lang='lat' dir='ltr'><strong>formavit</strong></span> <span class='ocrx_word' id='word_1_239' title='bbox 1476 3369 1558 3445; x_wconf 91' lang='lat' dir='ltr'><strong>oris,</strong></span> <span class='ocrx_word' id='word_1_240' title='bbox 1588 3378 1624 3434; x_wconf 93' lang='lat' dir='ltr'><strong>ut</strong></span> <span class='ocrx_word' id='word_1_241' title='bbox 1644 3372 1678 3434; x_wconf 89' lang='lat' dir='ltr'><strong>in</strong></span> <span class='ocrx_word' id='word_1_242' title='bbox 1702 3390 1740 3434; x_wconf 95' lang='lat' dir='ltr'><strong>ea</strong></span> 
     </span>
     <span class='ocr_line' id='line_1_24' title="bbox 409 3463 1740 3548; baseline -0.001 -21"><span class='ocrx_word' id='word_1_243' title='bbox 409 3466 539 3548; x_wconf 87' lang='lat' dir='ltr'><strong>penitus</strong></span> <span class='ocrx_word' id='word_1_244' title='bbox 567 3465 752 3529; x_wconf 80' lang='lat' dir='ltr'><strong>reconditos</strong></span> <span class='ocrx_word' id='word_1_245' title='bbox 781 3484 885 3529; x_wconf 88' lang='lat' dir='ltr'><strong>mores</strong></span> <span class='ocrx_word' id='word_1_246' title='bbox 914 3463 1089 3545; x_wconf 73' lang='lat' dir='ltr'><strong>effingeret.</strong></span> <span class='ocrx_word' id='word_1_247' title='bbox 1147 3463 1198 3527; x_wconf 72' lang='lat'><strong>27.</strong></span> <span class='ocrx_word' id='word_1_248' title='bbox 1232 3468 1310 3528; x_wconf 86' lang='lat' dir='ltr'><strong>llam</strong></span> <span class='ocrx_word' id='word_1_249' title='bbox 1340 3473 1372 3528; x_wconf 91' lang='lat' dir='ltr'><strong>et</strong></span> <span class='ocrx_word' id='word_1_250' title='bbox 1401 3465 1485 3529; x_wconf 88' lang='lat' dir='ltr'><strong>oculi</strong></span> <span class='ocrx_word' id='word_1_251' title='bbox 1513 3465 1598 3528; x_wconf 89' lang='lat' dir='ltr'><strong>mimi</strong></span> <span class='ocrx_word' id='word_1_252' title='bbox 1627 3464 1740 3548; x_wconf 77' lang='lat' dir='ltr'><strong>arguti,</strong></span> 
     </span>
     <span class='ocr_line' id='line_1_25' title="bbox 411 3557 1741 3642; baseline -0.001 -21"><span class='ocrx_word' id='word_1_253' title='bbox 411 3577 505 3641; x_wconf 89' lang='lat' dir='ltr'><strong>quem</strong></span> <span class='ocrx_word' id='word_1_254' title='bbox 528 3558 567 3622; x_wconf 90' lang='lat' dir='ltr'><strong>ad</strong></span> <span class='ocrx_word' id='word_1_255' title='bbox 590 3559 718 3622; x_wconf 92' lang='lat' dir='ltr'><strong>modum</strong></span> <span class='ocrx_word' id='word_1_256' title='bbox 741 3560 847 3623; x_wconf 86' lang='lat' dir='ltr'><strong>animo</strong></span> <span class='ocrx_word' id='word_1_257' title='bbox 869 3558 984 3623; x_wconf 84' lang='lat' dir='ltr'><strong>adiecti</strong></span> <span class='ocrx_word' id='word_1_258' title='bbox 1006 3580 1134 3633; x_wconf 89' lang='lat' dir='ltr'><strong>sumus,</strong></span> <span class='ocrx_word' id='word_1_259' title='bbox 1162 3560 1330 3633; x_wconf 85' lang='lat' dir='ltr'><strong>locuntur,</strong></span> <span class='ocrx_word' id='word_1_260' title='bbox 1358 3567 1391 3622; x_wconf 90' lang='lat' dir='ltr'><strong>et</strong></span> <span class='ocrx_word' id='word_1_261' title='bbox 1411 3560 1456 3632; x_wconf 89' lang='lat' dir='ltr'><strong>is,</strong></span> <span class='ocrx_word' id='word_1_262' title='bbox 1484 3559 1540 3642; x_wconf 91' lang='lat' dir='ltr'><strong>qui</strong></span> <span class='ocrx_word' id='word_1_263' title='bbox 1560 3557 1741 3640; x_wconf 89' lang='lat' dir='ltr'><strong>appellatur</strong></span> 
     </span>
    </p>
   </div>
   <div class='ocr_carea' id='block_1_4' title="bbox 476 3799 1739 3865">
    <p class='ocr_par' dir='ltr' id='par_1_4' title="bbox 476 3799 1739 3865">
     <span class='ocr_line' id='line_1_26' title="bbox 476 3799 1739 3865; baseline -0.002 -14"><span class='ocrx_word' id='word_1_264' title='bbox 476 3802 501 3853; x_wconf 92' lang='grc'><strong>4.</strong></span> <span class='ocrx_word' id='word_1_265' title='bbox 519 3801 633 3864; x_wconf 81' lang='lat' dir='ltr'><strong>aliquam</strong></span> <span class='ocrx_word' id='word_1_266' title='bbox 649 3800 739 3863; x_wconf 78' lang='lat' dir='ltr'><strong>deipsis</strong></span> <span class='ocrx_word' id='word_1_267' title='bbox 755 3802 815 3864; x_wconf 83' lang='lat' dir='ltr'><strong>quic</strong></span> <span class='ocrx_word' id='word_1_268' title='bbox 831 3801 970 3853; x_wconf 75' lang='lat' dir='ltr'><strong>dominibus</strong></span> <span class='ocrx_word' id='word_1_269' title='bbox 987 3803 1025 3865; x_wconf 85' lang='grc'><strong>8,</strong></span> <span class='ocrx_word' id='word_1_270' title='bbox 1052 3802 1167 3865; x_wconf 84' lang='lat' dir='ltr'><strong>aliquam</strong></span> <span class='ocrx_word' id='word_1_271' title='bbox 1188 3801 1218 3851; x_wconf 84' lang='lat' dir='ltr'><strong>ds</strong></span> <span class='ocrx_word' id='word_1_272' title='bbox 1239 3801 1299 3865; x_wconf 84' lang='lat' dir='ltr'><strong>ipsis</strong></span> <span class='ocrx_word' id='word_1_273' title='bbox 1320 3801 1418 3865; x_wconf 80' lang='lat' dir='ltr'><strong>qnidam</strong></span> <span class='ocrx_word' id='word_1_274' title='bbox 1441 3800 1518 3863; x_wconf 77' lang='lat' dir='ltr'><strong>(idem</strong></span> <span class='ocrx_word' id='word_1_275' title='bbox 1540 3801 1582 3850; x_wconf 85' lang='lat' dir='ltr'><strong>est</strong></span> <span class='ocrx_word' id='word_1_276' title='bbox 1603 3813 1636 3850; x_wconf 78' lang='lat' dir='ltr'><strong>ex</strong></span> <span class='ocrx_word' id='word_1_277' title='bbox 1659 3799 1739 3861; x_wconf 82' lang='grc'><strong>4444.)</strong></span> 
     </span>
    </p>
   </div>
   <div class='ocr_carea' id='block_1_5' title="bbox 410 4023 1741 4089">
    <p class='ocr_par' dir='ltr' id='par_1_5' title="bbox 410 4023 1741 4089">
     <span class='ocr_line' id='line_1_27' title="bbox 410 4023 1741 4089; baseline 0 -12"><span class='ocrx_word' id='word_1_278' title='bbox 410 4023 508 4077; x_wconf 82' lang='lat' dir='ltr'><strong>lineam</strong></span> <span class='ocrx_word' id='word_1_279' title='bbox 526 4026 591 4077; x_wconf 75' lang='lat' dir='ltr'><strong>m.2</strong></span> <span class='ocrx_word' id='word_1_280' title='bbox 608 4025 772 4089; x_wconf 87' lang='lat' dir='ltr'><strong>adscriptum</strong></span> <span class='ocrx_word' id='word_1_281' title='bbox 789 4028 832 4076; x_wconf 88' lang='grc'><strong>444</strong></span> <span class='ocrx_word' id='word_1_282' title='bbox 848 4026 901 4084; x_wconf 84' lang='grc'><strong>444;</strong></span> <span class='ocrx_word' id='word_1_283' title='bbox 920 4027 947 4076; x_wconf 89' lang='lat' dir='ltr'><strong>tn</strong></span> <span class='ocrx_word' id='word_1_284' title='bbox 964 4023 1022 4076; x_wconf 89' lang='lat' dir='ltr'><strong>loco</strong></span> <span class='ocrx_word' id='word_1_285' title='bbox 1040 4038 1118 4076; x_wconf 86' lang='lat' dir='ltr'><strong>eraso</strong></span> <span class='ocrx_word' id='word_1_286' title='bbox 1136 4026 1243 4089; x_wconf 79' lang='lat' dir='ltr'><strong>vestigia</strong></span> <span class='ocrx_word' id='word_1_287' title='bbox 1261 4026 1325 4077; x_wconf 90' lang='lat' dir='ltr'><strong>sunt</strong></span> <span class='ocrx_word' id='word_1_288' title='bbox 1340 4023 1477 4076; x_wconf 86' lang='lat' dir='ltr'><strong>literarum</strong></span> <span class='ocrx_word' id='word_1_289' title='bbox 1494 4025 1592 4087; x_wconf 71' lang='grc'><strong>4444444,</strong></span> <span class='ocrx_word' id='word_1_290' title='bbox 1609 4027 1641 4075; x_wconf 89' lang='lat' dir='ltr'><strong>ut</strong></span> <span class='ocrx_word' id='word_1_291' title='bbox 1656 4026 1698 4076; x_wconf 85' lang='lat' dir='ltr'><strong>est</strong></span> <span class='ocrx_word' id='word_1_292' title='bbox 1714 4026 1741 4077; x_wconf 90' lang='lat' dir='ltr'><strong>in</strong></span> 
     </span>
    </p>
   </div>
   <div class='ocr_carea' id='block_1_6' title="bbox 409 4097 1739 4209">
    <p class='ocr_par' dir='ltr' id='par_1_6' title="bbox 409 4097 1739 4209">
     <span class='ocr_line' id='line_1_28' title="bbox 409 4097 1739 4209; baseline 0.001 -57"><span class='ocrx_word' id='word_1_293' title='bbox 409 4101 470 4164; x_wconf 88' lang='grc'><strong>844)</strong></span> <span class='ocrx_word' id='word_1_294' title='bbox 489 4127 517 4138; x_wconf 91' lang='grc'>-</span> <span class='ocrx_word' id='word_1_295' title='bbox 540 4102 565 4151; x_wconf 75' lang='lat'><strong>2.</strong></span> <span class='ocrx_word' id='word_1_296' title='bbox 583 4102 749 4151; x_wconf 72' lang='lat' dir='ltr'><strong>immansueta</strong></span> <span class='ocrx_word' id='word_1_297' title='bbox 765 4100 785 4150; x_wconf 96' lang='lat'>0</span> <span class='ocrx_word' id='word_1_298' title='bbox 803 4113 865 4150; x_wconf 89' lang='lat' dir='ltr'><strong>cum</strong></span> <span class='ocrx_word' id='word_1_299' title='bbox 882 4098 983 4164; x_wconf 88' lang='lat' dir='ltr'><strong>aliquot</strong></span> <span class='ocrx_word' id='word_1_300' title='bbox 999 4100 1079 4152; x_wconf 88' lang='lat' dir='ltr'><strong>codd.</strong></span> <span class='ocrx_word' id='word_1_301' title='bbox 1098 4100 1239 4159; x_wconf 85' lang='lat' dir='ltr'><strong>Lactantil;</strong></span> <span class='ocrx_word' id='word_1_302' title='bbox 1258 4101 1286 4149; x_wconf 90' lang='lat' dir='ltr'><strong>al</strong></span> <span class='ocrx_word' id='word_1_303' title='bbox 1302 4112 1328 4150; x_wconf 87' lang='lat' dir='ltr'><strong>v.</strong></span> <span class='ocrx_word' id='word_1_304' title='bbox 1347 4097 1489 4164; x_wconf 79' lang='lat' dir='ltr'><strong>Feldlillgel</strong></span> <span class='ocrx_word' id='word_1_305' title='bbox 1505 4099 1540 4150; x_wconf 93' lang='lat' dir='ltr'><strong>ad</strong></span> <span class='ocrx_word' id='word_1_306' title='bbox 1556 4101 1583 4152; x_wconf 82' lang='lat' dir='ltr'><strong>la.</strong></span> <span class='ocrx_word' id='word_1_307' title='bbox 1596 4098 1613 4152; x_wconf 94' lang='lat' dir='ltr'><strong>l.</strong></span> <span class='ocrx_word' id='word_1_308' title='bbox 1633 4102 1739 4209; x_wconf 56' lang='lat' dir='ltr'><strong>stupra.</strong></span> 
     </span>
    </p>
   </div>
   <div class='ocr_carea' id='block_1_7' title="bbox 406 4211 1743 6021">
    <p class='ocr_par' dir='ltr' id='par_1_7' title="bbox 406 4211 1743 6021">
     <span class='ocr_line' id='line_1_29' title="bbox 408 4211 1742 4286; baseline 0.004 -17"><span class='ocrx_word' id='word_1_309' title='bbox 408 4221 439 4273; x_wconf 77' lang='lat' dir='ltr'><strong>V.</strong></span> <span class='ocrx_word' id='word_1_310' title='bbox 453 4222 501 4273; x_wconf 77' lang='lat' dir='ltr'><strong>lid.</strong></span> <span class='ocrx_word' id='word_1_311' title='bbox 515 4220 616 4286; x_wconf 72' lang='lat' dir='ltr'><strong>vogelii</strong></span> <span class='ocrx_word' id='word_1_312' title='bbox 632 4221 757 4272; x_wconf 82' lang='lat' dir='ltr'><strong>observv.</strong></span> <span class='ocrx_word' id='word_1_313' title='bbox 774 4220 809 4271; x_wconf 91' lang='lat' dir='ltr'><strong>ad</strong></span> <span class='ocrx_word' id='word_1_314' title='bbox 828 4220 928 4285; x_wconf 83' lang='lat' dir='ltr'><strong>aliquot</strong></span> <span class='ocrx_word' id='word_1_315' title='bbox 945 4222 999 4271; x_wconf 90' lang='lat' dir='ltr'><strong>th.</strong></span> <span class='ocrx_word' id='word_1_316' title='bbox 1019 4219 1093 4271; x_wconf 91' lang='lat' dir='ltr'><strong>locos</strong></span> <span class='ocrx_word' id='word_1_317' title='bbox 1111 4221 1222 4285; x_wconf 80' lang='lat' dir='ltr'><strong>lBipcnti</strong></span> <span class='ocrx_word' id='word_1_318' title='bbox 1240 4219 1314 4281; x_wconf 81' lang='grc'><strong>4840)</strong></span> <span class='ocrx_word' id='word_1_319' title='bbox 1330 4233 1358 4283; x_wconf 89' lang='lat' dir='ltr'><strong>p.</strong></span> <span class='ocrx_word' id='word_1_320' title='bbox 1371 4220 1404 4269; x_wconf 68' lang='lat'><strong>22</strong></span> <span class='ocrx_word' id='word_1_321' title='bbox 1421 4233 1462 4284; x_wconf 90' lang='lat' dir='ltr'><strong>sq.</strong></span> <span class='ocrx_word' id='word_1_322' title='bbox 1487 4247 1515 4257; x_wconf 93' lang='lat'><em>-</em></span> <span class='ocrx_word' id='word_1_323' title='bbox 1541 4221 1566 4273; x_wconf 91' lang='grc'><strong>4.</strong></span> <span class='ocrx_word' id='word_1_324' title='bbox 1584 4211 1639 4273; x_wconf 83' lang='lat' dir='ltr'><strong>iltid</strong></span> <span class='ocrx_word' id='word_1_325' title='bbox 1654 4236 1689 4273; x_wconf 80' lang='grc'><strong>44</strong></span> <span class='ocrx_word' id='word_1_326' title='bbox 1703 4223 1742 4274; x_wconf 75' lang='lat' dir='ltr'><strong>iis</strong></span> 
     </span>
     <span class='ocr_line' id='line_1_30' title="bbox 408 4293 1742 4361; baseline 0.002 -15"><span class='ocrx_word' id='word_1_327' title='bbox 408 4302 529 4361; x_wconf 70' lang='grc'><strong>44444444</strong></span> <span class='ocrx_word' id='word_1_328' title='bbox 545 4299 579 4356; x_wconf 82' lang='lat' dir='ltr'><strong>A;</strong></span> <span class='ocrx_word' id='word_1_329' title='bbox 598 4298 621 4347; x_wconf 83' lang='lat' dir='ltr'><strong>is</strong></span> <span class='ocrx_word' id='word_1_330' title='bbox 637 4299 726 4349; x_wconf 83' lang='lat' dir='ltr'><strong>omli</strong></span> <span class='ocrx_word' id='word_1_331' title='bbox 745 4323 773 4334; x_wconf 91' lang='lat'>-</span> <span class='ocrx_word' id='word_1_332' title='bbox 793 4299 866 4348; x_wconf 81' lang='grc'><strong>4444444</strong></span> <span class='ocrx_word' id='word_1_333' title='bbox 883 4301 902 4348; x_wconf 83' lang='grc' dir='ltr'><strong>Α</strong></span> <span class='ocrx_word' id='word_1_334' title='bbox 919 4310 980 4361; x_wconf 90' lang='lat' dir='ltr'><strong>sup.</strong></span> <span class='ocrx_word' id='word_1_335' title='bbox 993 4295 1037 4347; x_wconf 89' lang='lat' dir='ltr'><strong>lin.</strong></span> <span class='ocrx_word' id='word_1_336' title='bbox 1058 4320 1086 4334; x_wconf 92' lang='lat'>-</span> <span class='ocrx_word' id='word_1_337' title='bbox 1106 4298 1131 4346; x_wconf 85' lang='lat' dir='ltr'><strong>e.</strong></span> <span class='ocrx_word' id='word_1_338' title='bbox 1149 4300 1270 4360; x_wconf 73' lang='lat' dir='ltr'><strong>epitescat</strong></span> <span class='ocrx_word' id='word_1_339' title='bbox 1287 4293 1353 4356; x_wconf 65' lang='lat' dir='ltr'><strong>Alii,</strong></span> <span class='ocrx_word' id='word_1_340' title='bbox 1370 4302 1504 4360; x_wconf 68' lang='lat' dir='ltr'><strong>coacescat</strong></span> <span class='ocrx_word' id='word_1_341' title='bbox 1520 4294 1588 4358; x_wconf 65' lang='lat' dir='ltr'><strong>liiii,</strong></span> <span class='ocrx_word' id='word_1_342' title='bbox 1605 4311 1638 4347; x_wconf 85' lang='lat' dir='ltr'><strong>oc</strong></span> <span class='ocrx_word' id='word_1_343' title='bbox 1653 4303 1742 4349; x_wconf 81' lang='grc'><strong>444444</strong></span> 
     </span>
     <span class='ocr_line' id='line_1_31' title="bbox 408 4371 1742 4437; baseline 0.002 -14"><span class='ocrx_word' id='word_1_344' title='bbox 408 4371 443 4435; x_wconf 88' lang='lat'><strong>0,</strong></span> <span class='ocrx_word' id='word_1_345' title='bbox 467 4377 492 4423; x_wconf 84' lang='grc'><strong>44</strong></span> <span class='ocrx_word' id='word_1_346' title='bbox 507 4379 640 4437; x_wconf 75' lang='grc'><strong>4444444444</strong></span> <span class='ocrx_word' id='word_1_347' title='bbox 657 4371 809 4436; x_wconf 77' lang='lat' dir='ltr'><strong>Feldhttgel.</strong></span> <span class='ocrx_word' id='word_1_348' title='bbox 844 4371 954 4423; x_wconf 86' lang='lat' dir='ltr'><strong>Diillcile</strong></span> <span class='ocrx_word' id='word_1_349' title='bbox 978 4371 1050 4423; x_wconf 91' lang='lat' dir='ltr'><strong>dictu</strong></span> <span class='ocrx_word' id='word_1_350' title='bbox 1074 4373 1116 4422; x_wconf 86' lang='lat' dir='ltr'><strong>est</strong></span> <span class='ocrx_word' id='word_1_351' title='bbox 1135 4373 1204 4423; x_wconf 87' lang='lat' dir='ltr'><strong>sitne</strong></span> <span class='ocrx_word' id='word_1_352' title='bbox 1222 4375 1342 4435; x_wconf 73' lang='lat' dir='ltr'><strong>cpnocat</strong></span> <span class='ocrx_word' id='word_1_353' title='bbox 1360 4372 1449 4435; x_wconf 75' lang='grc'><strong>44444.)</strong></span> <span class='ocrx_word' id='word_1_354' title='bbox 1467 4384 1498 4421; x_wconf 83' lang='grc'><strong>44</strong></span> <span class='ocrx_word' id='word_1_355' title='bbox 1514 4371 1674 4436; x_wconf 79' lang='lat' dir='ltr'><strong>glossemate</strong></span> <span class='ocrx_word' id='word_1_356' title='bbox 1691 4375 1742 4426; x_wconf 91' lang='lat' dir='ltr'><strong>ad·</strong></span> 
     </span>
     <span class='ocr_line' id='line_1_32' title="bbox 408 4445 1741 4511; baseline 0.004 -14"><span class='ocrx_word' id='word_1_357' title='bbox 408 4446 518 4505; x_wconf 80' lang='lat' dir='ltr'><strong>lectum.</strong></span> <span class='ocrx_word' id='word_1_358' title='bbox 535 4447 607 4511; x_wconf 88' lang='lat' dir='ltr'><strong>quod</strong></span> <span class='ocrx_word' id='word_1_359' title='bbox 624 4446 844 4499; x_wconf 85' lang='lat' dir='ltr'><strong>verisimillimum</strong></span> <span class='ocrx_word' id='word_1_360' title='bbox 863 4446 976 4500; x_wconf 85' lang='lat' dir='ltr'><strong>ridetur.</strong></span> <span class='ocrx_word' id='word_1_361' title='bbox 995 4459 1058 4496; x_wconf 87' lang='lat' dir='ltr'><strong>cum</strong></span> <span class='ocrx_word' id='word_1_362' title='bbox 1075 4447 1233 4511; x_wconf 87' lang='lat' dir='ltr'><strong>praesertim</strong></span> <span class='ocrx_word' id='word_1_363' title='bbox 1245 4445 1395 4496; x_wconf 88' lang='lat' dir='ltr'><strong>Lactantius</strong></span> <span class='ocrx_word' id='word_1_364' title='bbox 1413 4457 1520 4510; x_wconf 88' lang='lat' dir='ltr'><strong>quoque</strong></span> <span class='ocrx_word' id='word_1_365' title='bbox 1537 4451 1697 4501; x_wconf 88' lang='lat' dir='ltr'><strong>sententiam</strong></span> <span class='ocrx_word' id='word_1_366' title='bbox 1713 4452 1741 4502; x_wconf 88' lang='lat' dir='ltr'><strong>tn</strong></span> 
     </span>
     <span class='ocr_line' id='line_1_33' title="bbox 407 4521 1738 4587; baseline 0.005 -16"><span class='ocrx_word' id='word_1_367' title='bbox 407 4533 467 4572; x_wconf 81' lang='lat' dir='ltr'><strong>voe.</strong></span> <span class='ocrx_word' id='word_1_368' title='bbox 485 4522 631 4572; x_wconf 77' lang='grc'><strong>4444444444·</strong></span> <span class='ocrx_word' id='word_1_369' title='bbox 647 4522 752 4582; x_wconf 88' lang='lat' dir='ltr'><strong>finierit,</strong></span> <span class='ocrx_word' id='word_1_370' title='bbox 770 4535 803 4571; x_wconf 88' lang='lat' dir='ltr'><strong>an</strong></span> <span class='ocrx_word' id='word_1_371' title='bbox 821 4526 898 4583; x_wconf 83' lang='lat' dir='ltr'><strong>atque</strong></span> <span class='ocrx_word' id='word_1_372' title='bbox 913 4526 1035 4585; x_wconf 78' lang='lat' dir='ltr'><strong>opnoscot</strong></span> <span class='ocrx_word' id='word_1_373' title='bbox 1051 4522 1250 4587; x_wconf 80' lang='lat' dir='ltr'><strong>corrigendum.</strong></span> <span class='ocrx_word' id='word_1_374' title='bbox 1271 4548 1299 4559; x_wconf 91' lang='lat'>-</span> <span class='ocrx_word' id='word_1_375' title='bbox 1317 4522 1371 4572; x_wconf 85' lang='grc'><strong>4444</strong></span> <span class='ocrx_word' id='word_1_376' title='bbox 1387 4521 1406 4571; x_wconf 92' lang='grc'><strong>8</strong></span> <span class='ocrx_word' id='word_1_377' title='bbox 1424 4533 1484 4587; x_wconf 91' lang='lat' dir='ltr'><strong>sup.</strong></span> <span class='ocrx_word' id='word_1_378' title='bbox 1497 4521 1541 4574; x_wconf 90' lang='lat' dir='ltr'><strong>lin.</strong></span> <span class='ocrx_word' id='word_1_379' title='bbox 1563 4550 1590 4562; x_wconf 92' lang='lat'>-</span> <span class='ocrx_word' id='word_1_380' title='bbox 1607 4538 1668 4576; x_wconf 78' lang='lat' dir='ltr'><strong>vero</strong></span> <span class='ocrx_word' id='word_1_381' title='bbox 1684 4538 1738 4578; x_wconf 88' lang='lat' dir='ltr'><strong>om.</strong></span> 
     </span>
     <span class='ocr_line' id='line_1_34' title="bbox 407 4596 1743 4664; baseline 0.006 -19"><span class='ocrx_word' id='word_1_382' title='bbox 407 4596 478 4645; x_wconf 92' lang='grc'><strong>8-</strong></span> <span class='ocrx_word' id='word_1_383' title='bbox 496 4596 520 4647; x_wconf 88' lang='grc'><strong>6.</strong></span> <span class='ocrx_word' id='word_1_384' title='bbox 538 4598 566 4645; x_wconf 88' lang='grc'><strong>44</strong></span> <span class='ocrx_word' id='word_1_385' title='bbox 581 4598 681 4661; x_wconf 76' lang='lat' dir='ltr'><strong>inperito</strong></span> <span class='ocrx_word' id='word_1_386' title='bbox 699 4610 761 4647; x_wconf 90' lang='lat' dir='ltr'><strong>uos:</strong></span> <span class='ocrx_word' id='word_1_387' title='bbox 780 4599 807 4646; x_wconf 86' lang='grc'><strong>44</strong></span> <span class='ocrx_word' id='word_1_388' title='bbox 824 4610 878 4647; x_wconf 90' lang='lat' dir='ltr'><strong>om.</strong></span> <span class='ocrx_word' id='word_1_389' title='bbox 892 4597 947 4656; x_wconf 79' lang='lat' dir='ltr'><strong>CO.</strong></span> <span class='ocrx_word' id='word_1_390' title='bbox 966 4599 993 4648; x_wconf 82' lang='lat' dir='ltr'><strong>io</strong></span> <span class='ocrx_word' id='word_1_391' title='bbox 1008 4613 1099 4664; x_wconf 77' lang='lat' dir='ltr'><strong>periers</strong></span> <span class='ocrx_word' id='word_1_392' title='bbox 1114 4600 1236 4650; x_wconf 76' lang='lat' dir='ltr'><strong>Davisius</strong></span> <span class='ocrx_word' id='word_1_393' title='bbox 1255 4626 1282 4635; x_wconf 96' lang='lat'><em>-</em></span> <span class='ocrx_word' id='word_1_394' title='bbox 1303 4603 1407 4660; x_wconf 83' lang='lat' dir='ltr'><strong>praeter</strong></span> <span class='ocrx_word' id='word_1_395' title='bbox 1423 4611 1466 4647; x_wconf 85' lang='lat' dir='ltr'><strong>sos</strong></span> <span class='ocrx_word' id='word_1_396' title='bbox 1481 4604 1565 4649; x_wconf 83' lang='grc'><strong>444444</strong></span> <span class='ocrx_word' id='word_1_397' title='bbox 1584 4602 1603 4652; x_wconf 87' lang='lat' dir='ltr'><strong>c</strong></span> <span class='ocrx_word' id='word_1_398' title='bbox 1623 4625 1650 4638; x_wconf 89' lang='lat'><em>-</em></span> <span class='ocrx_word' id='word_1_399' title='bbox 1670 4601 1743 4652; x_wconf 79' lang='grc'><strong>444444</strong></span> 
     </span>
     <span class='ocr_line' id='line_1_35' title="bbox 407 4671 1738 4739; baseline 0.006 -19"><span class='ocrx_word' id='word_1_400' title='bbox 407 4672 456 4721; x_wconf 84' lang='lat' dir='ltr'><strong>sisi</strong></span> <span class='ocrx_word' id='word_1_401' title='bbox 469 4671 582 4735; x_wconf 80' lang='lat' dir='ltr'><strong>perlecta</strong></span> <span class='ocrx_word' id='word_1_402' title='bbox 599 4672 683 4722; x_wconf 81' lang='lat' dir='ltr'><strong>Bake:</strong></span> <span class='ocrx_word' id='word_1_403' title='bbox 707 4672 778 4722; x_wconf 82' lang='lat' dir='ltr'><strong>uliud</strong></span> <span class='ocrx_word' id='word_1_404' title='bbox 794 4674 821 4721; x_wconf 86' lang='grc'><strong>44</strong></span> <span class='ocrx_word' id='word_1_405' title='bbox 838 4685 863 4722; x_wconf 84' lang='lat' dir='ltr'><strong>se</strong></span> <span class='ocrx_word' id='word_1_406' title='bbox 877 4673 986 4735; x_wconf 69' lang='grc'><strong>44414444</strong></span> <span class='ocrx_word' id='word_1_407' title='bbox 1003 4677 1066 4737; x_wconf 88' lang='lat' dir='ltr'><strong>(uon</strong></span> <span class='ocrx_word' id='word_1_408' title='bbox 1082 4675 1204 4737; x_wconf 73' lang='lat' dir='ltr'><strong>perfecto)</strong></span> <span class='ocrx_word' id='word_1_409' title='bbox 1223 4674 1256 4733; x_wconf 88' lang='lat' dir='ltr'><strong>C,</strong></span> <span class='ocrx_word' id='word_1_410' title='bbox 1280 4674 1351 4724; x_wconf 84' lang='lat' dir='ltr'><strong>atiud</strong></span> <span class='ocrx_word' id='word_1_411' title='bbox 1368 4686 1445 4735; x_wconf 72' lang='grc'><strong>444444</strong></span> <span class='ocrx_word' id='word_1_412' title='bbox 1460 4674 1487 4723; x_wconf 90' lang='grc'><strong>44</strong></span> <span class='ocrx_word' id='word_1_413' title='bbox 1503 4687 1529 4724; x_wconf 87' lang='lat' dir='ltr'><strong>se</strong></span> <span class='ocrx_word' id='word_1_414' title='bbox 1543 4675 1655 4739; x_wconf 68' lang='lat' dir='ltr'><strong>perlecta</strong></span> <span class='ocrx_word' id='word_1_415' title='bbox 1672 4678 1692 4727; x_wconf 93' lang='grc'>0</span> <span class='ocrx_word' id='word_1_416' title='bbox 1710 4702 1738 4713; x_wconf 87' lang='lat'><strong>·-</strong></span> 
     </span>
     <span class='ocr_line' id='line_1_36' title="bbox 409 4746 1741 4815; baseline 0.004 -18"><span class='ocrx_word' id='word_1_417' title='bbox 409 4746 434 4798; x_wconf 83' lang='grc'><strong>4.</strong></span> <span class='ocrx_word' id='word_1_418' title='bbox 451 4748 582 4812; x_wconf 82' lang='lat' dir='ltr'><strong>perducto.</strong></span> <span class='ocrx_word' id='word_1_419' title='bbox 600 4748 735 4798; x_wconf 79' lang='lat' dir='ltr'><strong>Naturalis</strong></span> <span class='ocrx_word' id='word_1_420' title='bbox 751 4754 786 4798; x_wconf 87' lang='lat' dir='ltr'><strong>est</strong></span> <span class='ocrx_word' id='word_1_421' title='bbox 803 4749 824 4798; x_wconf 88' lang='lat' dir='ltr'><strong>ll</strong></span> <span class='ocrx_word' id='word_1_422' title='bbox 844 4774 871 4784; x_wconf 91' lang='lat'>-</span> <span class='ocrx_word' id='word_1_423' title='bbox 892 4762 967 4811; x_wconf 79' lang='grc'><strong>44444</strong></span> <span class='ocrx_word' id='word_1_424' title='bbox 983 4750 1028 4801; x_wconf 82' lang='lat' dir='ltr'><strong>deo</strong></span> <span class='ocrx_word' id='word_1_425' title='bbox 1044 4750 1074 4799; x_wconf 73' lang='grc' dir='ltr'><strong>8ι</strong></span> <span class='ocrx_word' id='word_1_426' title='bbox 1093 4753 1161 4815; x_wconf 81' lang='lat' dir='ltr'><strong>(post</strong></span> <span class='ocrx_word' id='word_1_427' title='bbox 1177 4752 1222 4800; x_wconf 84' lang='grc'><strong>444</strong></span> <span class='ocrx_word' id='word_1_428' title='bbox 1239 4751 1281 4800; x_wconf 84' lang='grc'><strong>444</strong></span> <span class='ocrx_word' id='word_1_429' title='bbox 1296 4754 1320 4800; x_wconf 86' lang='grc'><strong>44</strong></span> <span class='ocrx_word' id='word_1_430' title='bbox 1336 4762 1395 4813; x_wconf 87' lang='lat' dir='ltr'><strong>sup.</strong></span> <span class='ocrx_word' id='word_1_431' title='bbox 1408 4748 1463 4811; x_wconf 89' lang='lat' dir='ltr'><strong>lin.)</strong></span> <span class='ocrx_word' id='word_1_432' title='bbox 1480 4776 1514 4788; x_wconf 89' lang='lat'><em>-</em></span> <span class='ocrx_word' id='word_1_433' title='bbox 1530 4749 1555 4801; x_wconf 89' lang='grc'><strong>8.</strong></span> <span class='ocrx_word' id='word_1_434' title='bbox 1573 4764 1650 4815; x_wconf 82' lang='lat' dir='ltr'><strong>quom</strong></span> <span class='ocrx_word' id='word_1_435' title='bbox 1666 4752 1741 4815; x_wconf 80' lang='lat' dir='ltr'><strong>(quod</strong></span> 
     </span>
     <span class='ocr_line' id='line_1_37' title="bbox 409 4820 1739 4889; baseline 0.003 -15"><span class='ocrx_word' id='word_1_436' title='bbox 409 4823 490 4885; x_wconf 83' lang='grc'><strong>4444.)</strong></span> <span class='ocrx_word' id='word_1_437' title='bbox 506 4836 564 4873; x_wconf 73' lang='lat' dir='ltr'><strong>mon</strong></span> <span class='ocrx_word' id='word_1_438' title='bbox 578 4823 653 4873; x_wconf 81' lang='lat' dir='ltr'><strong>itali</strong></span> <span class='ocrx_word' id='word_1_439' title='bbox 681 4849 709 4859; x_wconf 94' lang='lat'><em>-</em></span> <span class='ocrx_word' id='word_1_440' title='bbox 733 4823 839 4887; x_wconf 85' lang='lat' dir='ltr'><strong>propior</strong></span> <span class='ocrx_word' id='word_1_441' title='bbox 855 4823 874 4873; x_wconf 92' lang='grc'><strong>8</strong></span> <span class='ocrx_word' id='word_1_442' title='bbox 892 4824 918 4873; x_wconf 87' lang='lat' dir='ltr'><strong>in</strong></span> <span class='ocrx_word' id='word_1_443' title='bbox 931 4837 984 4875; x_wconf 90' lang='lat' dir='ltr'><strong>ras.</strong></span> <span class='ocrx_word' id='word_1_444' title='bbox 1013 4852 1040 4863; x_wconf 89' lang='lat'><strong>·-</strong></span> <span class='ocrx_word' id='word_1_445' title='bbox 1067 4820 1260 4889; x_wconf 65' lang='grc'><strong>4444444484441</strong></span> <span class='ocrx_word' id='word_1_446' title='bbox 1279 4850 1307 4861; x_wconf 89' lang='lat'>-</span> <span class='ocrx_word' id='word_1_447' title='bbox 1331 4824 1355 4875; x_wconf 81' lang='lat'><strong>9.</strong></span> <span class='ocrx_word' id='word_1_448' title='bbox 1368 4826 1551 4876; x_wconf 72' lang='lat' dir='ltr'><strong>cmmoditatis</strong></span> <span class='ocrx_word' id='word_1_449' title='bbox 1566 4824 1632 4878; x_wconf 82' lang='lat' dir='ltr'><strong>A¹B¹</strong></span> <span class='ocrx_word' id='word_1_450' title='bbox 1650 4853 1678 4864; x_wconf 88' lang='lat'><em>-</em></span> <span class='ocrx_word' id='word_1_451' title='bbox 1698 4828 1739 4879; x_wconf 88' lang='grc'><strong>40.</strong></span> 
     </span>
     <span class='ocr_line' id='line_1_38' title="bbox 408 4896 1739 4964; baseline 0.002 -14"><span class='ocrx_word' id='word_1_452' title='bbox 408 4898 522 4950; x_wconf 66' lang='lat' dir='ltr'><strong>comita</strong></span> <span class='ocrx_word' id='word_1_453' title='bbox 537 4897 598 4949; x_wconf 86' lang='lat' dir='ltr'><strong>ll¹ll</strong></span> <span class='ocrx_word' id='word_1_454' title='bbox 618 4924 645 4934; x_wconf 93' lang='lat'><em>-</em></span> <span class='ocrx_word' id='word_1_455' title='bbox 663 4896 733 4949; x_wconf 79' lang='lat' dir='ltr'><strong>nobis</strong></span> <span class='ocrx_word' id='word_1_456' title='bbox 744 4899 894 4962; x_wconf 71' lang='lat' dir='ltr'><strong>confortatio</strong></span> <span class='ocrx_word' id='word_1_457' title='bbox 911 4900 933 4950; x_wconf 88' lang='lat' dir='ltr'><strong>li</strong></span> <span class='ocrx_word' id='word_1_458' title='bbox 953 4926 980 4936; x_wconf 90' lang='lat'>—</span> <span class='ocrx_word' id='word_1_459' title='bbox 1000 4900 1041 4949; x_wconf 91' lang='grc'><strong>44.</strong></span> <span class='ocrx_word' id='word_1_460' title='bbox 1059 4899 1131 4964; x_wconf 71' lang='grc'><strong>44444</strong></span> <span class='ocrx_word' id='word_1_461' title='bbox 1147 4897 1185 4961; x_wconf 83' lang='lat'><strong>13¹,</strong></span> <span class='ocrx_word' id='word_1_462' title='bbox 1203 4899 1272 4951; x_wconf 84' lang='lat' dir='ltr'><strong>bacis</strong></span> <span class='ocrx_word' id='word_1_463' title='bbox 1287 4905 1372 4951; x_wconf 84' lang='lat' dir='ltr'><strong>terroe</strong></span> <span class='ocrx_word' id='word_1_464' title='bbox 1386 4902 1417 4960; x_wconf 82' lang='grc' dir='ltr'><strong>Α,</strong></span> <span class='ocrx_word' id='word_1_465' title='bbox 1436 4900 1485 4951; x_wconf 87' lang='lat' dir='ltr'><strong>sed</strong></span> <span class='ocrx_word' id='word_1_466' title='bbox 1498 4902 1584 4952; x_wconf 78' lang='lat' dir='ltr'><strong>cister</strong></span> <span class='ocrx_word' id='word_1_467' title='bbox 1600 4902 1627 4952; x_wconf 89' lang='lat' dir='ltr'><strong>in</strong></span> <span class='ocrx_word' id='word_1_468' title='bbox 1638 4914 1690 4953; x_wconf 90' lang='lat' dir='ltr'><strong>ras.</strong></span> <span class='ocrx_word' id='word_1_469' title='bbox 1711 4924 1739 4939; x_wconf 90' lang='lat'><strong>-·</strong></span> 
     </span>
     <span class='ocr_line' id='line_1_39' title="bbox 409 4974 1741 5040; baseline 0 -15"><span class='ocrx_word' id='word_1_470' title='bbox 409 4974 450 5025; x_wconf 80' lang='lat' dir='ltr'><strong>ts.</strong></span> <span class='ocrx_word' id='word_1_471' title='bbox 469 4986 580 5036; x_wconf 74' lang='lat' dir='ltr'><strong>quentin</strong></span> <span class='ocrx_word' id='word_1_472' title='bbox 594 4986 621 5037; x_wconf 84' lang='lat' dir='ltr'><strong>p.</strong></span> <span class='ocrx_word' id='word_1_473' title='bbox 634 4979 669 5024; x_wconf 86' lang='lat' dir='ltr'><strong>est</strong></span> <span class='ocrx_word' id='word_1_474' title='bbox 686 4975 771 5025; x_wconf 85' lang='lat' dir='ltr'><strong>Bake:</strong></span> <span class='ocrx_word' id='word_1_475' title='bbox 795 4976 861 5038; x_wconf 79' lang='lat' dir='ltr'><strong>quod</strong></span> <span class='ocrx_word' id='word_1_476' title='bbox 875 4989 902 5038; x_wconf 89' lang='lat' dir='ltr'><strong>p.</strong></span> <span class='ocrx_word' id='word_1_477' title='bbox 914 4976 946 5025; x_wconf 91' lang='lat' dir='ltr'><strong>sit</strong></span> <span class='ocrx_word' id='word_1_478' title='bbox 964 4976 1011 5026; x_wconf 89' lang='lat' dir='ltr'><strong>CO</strong></span> <span class='ocrx_word' id='word_1_479' title='bbox 1028 4974 1088 5039; x_wconf 87' lang='lat' dir='ltr'><strong>(sed</strong></span> <span class='ocrx_word' id='word_1_480' title='bbox 1106 4978 1127 5027; x_wconf 84' lang='grc' dir='ltr'>Α</span> <span class='ocrx_word' id='word_1_481' title='bbox 1145 4976 1210 5040; x_wconf 81' lang='lat' dir='ltr'><strong>quod</strong></span> <span class='ocrx_word' id='word_1_482' title='bbox 1227 4989 1259 5026; x_wconf 83' lang='lat' dir='ltr'><strong>er</strong></span> <span class='ocrx_word' id='word_1_483' title='bbox 1278 4975 1374 5035; x_wconf 84' lang='grc'><strong>4444),</strong></span> <span class='ocrx_word' id='word_1_484' title='bbox 1397 4989 1461 5038; x_wconf 83' lang='lat' dir='ltr'><strong>quos</strong></span> <span class='ocrx_word' id='word_1_485' title='bbox 1473 4989 1501 5039; x_wconf 86' lang='lat' dir='ltr'><strong>p.</strong></span> <span class='ocrx_word' id='word_1_486' title='bbox 1514 4977 1546 5026; x_wconf 86' lang='lat' dir='ltr'><strong>sit</strong></span> <span class='ocrx_word' id='word_1_487' title='bbox 1563 4977 1673 5037; x_wconf 78' lang='lat' dir='ltr'><strong>nautes,</strong></span> <span class='ocrx_word' id='word_1_488' title='bbox 1692 4989 1741 5038; x_wconf 84' lang='lat' dir='ltr'><strong>quo</strong></span> 
     </span>
     <span class='ocr_line' id='line_1_40' title="bbox 406 5048 1742 5113; baseline 0.001 -15"><span class='ocrx_word' id='word_1_489' title='bbox 406 5060 433 5111; x_wconf 80' lang='lat' dir='ltr'><strong>p.</strong></span> <span class='ocrx_word' id='word_1_490' title='bbox 443 5049 474 5113; x_wconf 68' lang='grc'><strong>44</strong></span> <span class='ocrx_word' id='word_1_491' title='bbox 490 5048 603 5112; x_wconf 85' lang='lat' dir='ltr'><strong>Ernesti,</strong></span> <span class='ocrx_word' id='word_1_492' title='bbox 622 5050 784 5113; x_wconf 70' lang='lat' dir='ltr'><strong>compsit</strong></span> <span class='ocrx_word' id='word_1_493' title='bbox 802 5050 876 5110; x_wconf 82' lang='lat' dir='ltr'><strong>lieth,</strong></span> <span class='ocrx_word' id='word_1_494' title='bbox 895 5052 961 5112; x_wconf 81' lang='lat' dir='ltr'><strong>quod</strong></span> <span class='ocrx_word' id='word_1_495' title='bbox 974 5064 1002 5113; x_wconf 91' lang='lat' dir='ltr'><strong>p.</strong></span> <span class='ocrx_word' id='word_1_496' title='bbox 1014 5056 1049 5100; x_wconf 85' lang='lat' dir='ltr'><strong>est</strong></span> <span class='ocrx_word' id='word_1_497' title='bbox 1065 5049 1139 5101; x_wconf 83' lang='lat' dir='ltr'><strong>lilotz</strong></span> <span class='ocrx_word' id='word_1_498' title='bbox 1158 5077 1185 5086; x_wconf 92' lang='lat'><em>-</em></span> <span class='ocrx_word' id='word_1_499' title='bbox 1209 5051 1249 5101; x_wconf 82' lang='grc'><strong>48.</strong></span> <span class='ocrx_word' id='word_1_500' title='bbox 1267 5050 1469 5113; x_wconf 61' lang='lat' dir='ltr'><strong>inertissimam</strong></span> <span class='ocrx_word' id='word_1_501' title='bbox 1487 5075 1519 5088; x_wconf 87' lang='lat'><strong>·-</strong></span> <span class='ocrx_word' id='word_1_502' title='bbox 1540 5050 1581 5102; x_wconf 89' lang='grc'><strong>44.</strong></span> <span class='ocrx_word' id='word_1_503' title='bbox 1600 5051 1665 5101; x_wconf 83' lang='lat' dir='ltr'><strong>ortis</strong></span> <span class='ocrx_word' id='word_1_504' title='bbox 1680 5063 1742 5100; x_wconf 80' lang='grc'><strong>4444</strong></span> 
     </span>
     <span class='ocr_line' id='line_1_41' title="bbox 407 5121 1742 5187; baseline 0.003 -14"><span class='ocrx_word' id='word_1_505' title='bbox 407 5123 598 5174; x_wconf 70' lang='lat' dir='ltr'><strong>inamabilis</strong></span> <span class='ocrx_word' id='word_1_506' title='bbox 613 5121 642 5175; x_wconf 87' lang='grc' dir='ltr'><strong>8Ι</strong></span> <span class='ocrx_word' id='word_1_507' title='bbox 662 5152 689 5162; x_wconf 91' lang='grc'>-</span> <span class='ocrx_word' id='word_1_508' title='bbox 718 5127 758 5176; x_wconf 78' lang='lat' dir='ltr'><strong>lt.</strong></span> <span class='ocrx_word' id='word_1_509' title='bbox 776 5125 878 5175; x_wconf 76' lang='grc'><strong>44444444</strong></span> <span class='ocrx_word' id='word_1_510' title='bbox 894 5126 960 5185; x_wconf 60' lang='lat' dir='ltr'><strong>set</strong></span> <span class='ocrx_word' id='word_1_511' title='bbox 978 5126 1082 5176; x_wconf 80' lang='lat' dir='ltr'><strong>solertes</strong></span> <span class='ocrx_word' id='word_1_512' title='bbox 1100 5123 1129 5176; x_wconf 87' lang='grc' dir='ltr'><strong>8ι</strong></span> <span class='ocrx_word' id='word_1_513' title='bbox 1148 5153 1175 5163; x_wconf 90' lang='grc'>-</span> <span class='ocrx_word' id='word_1_514' title='bbox 1203 5125 1243 5176; x_wconf 83' lang='grc'><strong>44.</strong></span> <span class='ocrx_word' id='word_1_515' title='bbox 1261 5127 1303 5177; x_wconf 82' lang='lat' dir='ltr'><strong>scd</strong></span> <span class='ocrx_word' id='word_1_516' title='bbox 1320 5126 1342 5177; x_wconf 86' lang='grc'><strong>44</strong></span> <span class='ocrx_word' id='word_1_517' title='bbox 1358 5126 1442 5177; x_wconf 75' lang='lat' dir='ltr'><strong>Balla:</strong></span> <span class='ocrx_word' id='word_1_518' title='bbox 1461 5128 1504 5178; x_wconf 84' lang='lat' dir='ltr'><strong>sed</strong></span> <span class='ocrx_word' id='word_1_519' title='bbox 1519 5133 1543 5177; x_wconf 95' lang='grc'><strong>44</strong></span> <span class='ocrx_word' id='word_1_520' title='bbox 1559 5127 1589 5187; x_wconf 85' lang='lat' dir='ltr'><strong>C,</strong></span> <span class='ocrx_word' id='word_1_521' title='bbox 1607 5128 1650 5178; x_wconf 85' lang='lat' dir='ltr'><strong>sed</strong></span> <span class='ocrx_word' id='word_1_522' title='bbox 1665 5128 1742 5177; x_wconf 86' lang='grc'><strong>444444</strong></span> 
     </span>
     <span class='ocr_line' id='line_1_42' title="bbox 408 5198 1741 5265; baseline 0.002 -16"><span class='ocrx_word' id='word_1_523' title='bbox 408 5198 429 5250; x_wconf 88' lang='grc'><strong>0</strong></span> <span class='ocrx_word' id='word_1_524' title='bbox 449 5225 477 5237; x_wconf 90' lang='grc'><strong>-</strong></span> <span class='ocrx_word' id='word_1_525' title='bbox 496 5205 556 5249; x_wconf 75' lang='grc'><strong>4444.</strong></span> <span class='ocrx_word' id='word_1_526' title='bbox 570 5201 616 5251; x_wconf 90' lang='grc'><strong>80</strong></span> <span class='ocrx_word' id='word_1_527' title='bbox 634 5227 662 5237; x_wconf 91' lang='grc'><strong>-</strong></span> <span class='ocrx_word' id='word_1_528' title='bbox 685 5202 722 5251; x_wconf 86' lang='lat' dir='ltr'><strong>ts.</strong></span> <span class='ocrx_word' id='word_1_529' title='bbox 735 5200 900 5252; x_wconf 71' lang='grc'><strong>4444444444</strong></span> <span class='ocrx_word' id='word_1_530' title='bbox 911 5202 1067 5252; x_wconf 75' lang='grc'><strong>4444444444</strong></span> <span class='ocrx_word' id='word_1_531' title='bbox 1082 5201 1257 5265; x_wconf 73' lang='lat' dir='ltr'><strong>inuttipsntios</strong></span> <span class='ocrx_word' id='word_1_532' title='bbox 1274 5202 1303 5264; x_wconf 92' lang='grc'><strong>0,</strong></span> <span class='ocrx_word' id='word_1_533' title='bbox 1321 5199 1370 5253; x_wconf 86' lang='lat' dir='ltr'><strong>sed</strong></span> <span class='ocrx_word' id='word_1_534' title='bbox 1388 5202 1415 5252; x_wconf 89' lang='lat' dir='ltr'><strong>tn</strong></span> <span class='ocrx_word' id='word_1_535' title='bbox 1432 5200 1494 5253; x_wconf 90' lang='lat' dir='ltr'><strong>adn.</strong></span> <span class='ocrx_word' id='word_1_536' title='bbox 1509 5200 1637 5253; x_wconf 82' lang='lat' dir='ltr'><strong>intellexit</strong></span> <span class='ocrx_word' id='word_1_537' title='bbox 1653 5200 1741 5252; x_wconf 85' lang='lat' dir='ltr'><strong>locum</strong></span> 
     </span>
     <span class='ocr_line' id='line_1_43' title="bbox 408 5271 1739 5342; baseline 0 -17"><span class='ocrx_word' id='word_1_538' title='bbox 408 5275 447 5326; x_wconf 92' lang='lat' dir='ltr'><strong>slc</strong></span> <span class='ocrx_word' id='word_1_539' title='bbox 465 5274 600 5327; x_wconf 87' lang='lat' dir='ltr'><strong>edendum</strong></span> <span class='ocrx_word' id='word_1_540' title='bbox 619 5290 692 5337; x_wconf 84' lang='lat' dir='ltr'><strong>esse,</strong></span> <span class='ocrx_word' id='word_1_541' title='bbox 715 5279 746 5327; x_wconf 92' lang='lat' dir='ltr'><strong>ut</strong></span> <span class='ocrx_word' id='word_1_542' title='bbox 767 5290 847 5342; x_wconf 91' lang='lat' dir='ltr'><strong>supra</strong></span> <span class='ocrx_word' id='word_1_543' title='bbox 865 5277 978 5329; x_wconf 88' lang='lat' dir='ltr'><strong>lecimus</strong></span> <span class='ocrx_word' id='word_1_544' title='bbox 1006 5302 1033 5314; x_wconf 93' lang='lat'>-</span> <span class='ocrx_word' id='word_1_545' title='bbox 1061 5289 1106 5327; x_wconf 84' lang='grc'><strong>444</strong></span> <span class='ocrx_word' id='word_1_546' title='bbox 1122 5277 1183 5327; x_wconf 81' lang='lat' dir='ltr'><strong>sotis</strong></span> <span class='ocrx_word' id='word_1_547' title='bbox 1199 5277 1377 5341; x_wconf 74' lang='grc'><strong>4444444444444</strong></span> <span class='ocrx_word' id='word_1_548' title='bbox 1399 5278 1418 5328; x_wconf 89' lang='lat' dir='ltr'>C</span> <span class='ocrx_word' id='word_1_549' title='bbox 1443 5278 1628 5342; x_wconf 68' lang='lat' dir='ltr'><strong>(intemperies</strong></span> <span class='ocrx_word' id='word_1_550' title='bbox 1644 5271 1739 5339; x_wconf 73' lang='lat' dir='ltr'><strong>A²s¹lz</strong></span> 
     </span>
     <span class='ocr_line' id='line_1_44' title="bbox 406 5349 1741 5417; baseline 0.001 -16"><span class='ocrx_word' id='word_1_551' title='bbox 406 5352 561 5401; x_wconf 76' lang='grc'><strong>4444444444</strong></span> <span class='ocrx_word' id='word_1_552' title='bbox 576 5352 753 5416; x_wconf 76' lang='lat' dir='ltr'><strong>intellipentics</strong></span> <span class='ocrx_word' id='word_1_553' title='bbox 768 5353 801 5411; x_wconf 90' lang='lat'><strong>0;</strong></span> <span class='ocrx_word' id='word_1_554' title='bbox 825 5352 992 5403; x_wconf 87' lang='lat' dir='ltr'><strong>intercidisse</strong></span> <span class='ocrx_word' id='word_1_555' title='bbox 1009 5355 1070 5417; x_wconf 88' lang='lat' dir='ltr'><strong>post</strong></span> <span class='ocrx_word' id='word_1_556' title='bbox 1086 5352 1148 5402; x_wconf 85' lang='lat' dir='ltr'><strong>satis</strong></span> <span class='ocrx_word' id='word_1_557' title='bbox 1163 5350 1324 5403; x_wconf 84' lang='lat' dir='ltr'><strong>adieclivum</strong></span> <span class='ocrx_word' id='word_1_558' title='bbox 1342 5354 1388 5402; x_wconf 90' lang='lat' dir='ltr'><strong>aul</strong></span> <span class='ocrx_word' id='word_1_559' title='bbox 1403 5353 1571 5417; x_wconf 88' lang='lat' dir='ltr'><strong>participium</strong></span> <span class='ocrx_word' id='word_1_560' title='bbox 1589 5349 1741 5415; x_wconf 88' lang='lat' dir='ltr'><strong>complures</strong></span> 
     </span>
     <span class='ocr_line' id='line_1_45' title="bbox 407 5424 1741 5493; baseline 0 -17"><span class='ocrx_word' id='word_1_561' title='bbox 407 5424 609 5489; x_wconf 78' lang='lat' dir='ltr'><strong>intellexerunt,</strong></span> <span class='ocrx_word' id='word_1_562' title='bbox 633 5429 663 5476; x_wconf 90' lang='lat' dir='ltr'><strong>ut</strong></span> <span class='ocrx_word' id='word_1_563' title='bbox 678 5428 771 5488; x_wconf 76' lang='lat' dir='ltr'><strong>sturm,</strong></span> <span class='ocrx_word' id='word_1_564' title='bbox 789 5433 901 5491; x_wconf 81' lang='lat' dir='ltr'><strong>opertas,</strong></span> <span class='ocrx_word' id='word_1_565' title='bbox 920 5429 1068 5488; x_wconf 65' lang='lat' dir='ltr'><strong>mastrucas,</strong></span> <span class='ocrx_word' id='word_1_566' title='bbox 1087 5428 1220 5487; x_wconf 68' lang='grc'><strong>44444444)</strong></span> <span class='ocrx_word' id='word_1_567' title='bbox 1247 5428 1304 5493; x_wconf 87' lang='lat' dir='ltr'><strong>ipsa</strong></span> <span class='ocrx_word' id='word_1_568' title='bbox 1327 5429 1458 5479; x_wconf 81' lang='grc'><strong>4444444444</strong></span> <span class='ocrx_word' id='word_1_569' title='bbox 1479 5427 1576 5479; x_wconf 87' lang='lat' dir='ltr'><strong>deesse</strong></span> <span class='ocrx_word' id='word_1_570' title='bbox 1598 5425 1741 5492; x_wconf 87' lang='lat' dir='ltr'><strong>aliquando</strong></span> 
     </span>
     <span class='ocr_line' id='line_1_46' title="bbox 408 5500 1741 5566; baseline 0.002 -15"><span class='ocrx_word' id='word_1_571' title='bbox 408 5502 521 5552; x_wconf 87' lang='lat' dir='ltr'><strong>oonteci.</strong></span> <span class='ocrx_word' id='word_1_572' title='bbox 541 5527 568 5539; x_wconf 93' lang='lat'>-</span> <span class='ocrx_word' id='word_1_573' title='bbox 593 5502 722 5553; x_wconf 78' lang='grc'><strong>4444444444</strong></span> <span class='ocrx_word' id='word_1_574' title='bbox 737 5506 865 5554; x_wconf 70' lang='lat' dir='ltr'><strong>iuratus:</strong></span> <span class='ocrx_word' id='word_1_575' title='bbox 883 5504 1004 5555; x_wconf 81' lang='grc'><strong>44444444</strong></span> <span class='ocrx_word' id='word_1_576' title='bbox 1021 5504 1051 5554; x_wconf 89' lang='lat' dir='ltr'><strong>C.</strong></span> <span class='ocrx_word' id='word_1_577' title='bbox 1078 5500 1196 5554; x_wconf 78' lang='lat' dir='ltr'><strong>Aliorum</strong></span> <span class='ocrx_word' id='word_1_578' title='bbox 1213 5504 1381 5555; x_wconf 86' lang='lat' dir='ltr'><strong>coniecturas</strong></span> <span class='ocrx_word' id='word_1_579' title='bbox 1398 5502 1432 5554; x_wconf 86' lang='lat' dir='ltr'><strong>de</strong></span> <span class='ocrx_word' id='word_1_580' title='bbox 1449 5501 1507 5553; x_wconf 89' lang='lat' dir='ltr'><strong>loco</strong></span> <span class='ocrx_word' id='word_1_581' title='bbox 1525 5502 1653 5566; x_wconf 86' lang='lat' dir='ltr'><strong>impedito</strong></span> <span class='ocrx_word' id='word_1_582' title='bbox 1670 5515 1695 5552; x_wconf 85' lang='grc'><strong>4.</strong></span> <span class='ocrx_word' id='word_1_583' title='bbox 1714 5502 1741 5553; x_wconf 89' lang='lat' dir='ltr'><strong>iu</strong></span> 
     </span>
     <span class='ocr_line' id='line_1_47' title="bbox 408 5576 1742 5650; baseline 0.002 -26"><span class='ocrx_word' id='word_1_584' title='bbox 408 5578 555 5627; x_wconf 84' lang='lat' dir='ltr'><strong>comment.</strong></span> <span class='ocrx_word' id='word_1_585' title='bbox 575 5576 735 5641; x_wconf 77' lang='lat' dir='ltr'><strong>Faldhtigelii</strong></span> <span class='ocrx_word' id='word_1_586' title='bbox 753 5592 779 5643; x_wconf 95' lang='lat' dir='ltr'><strong>p.</strong></span> <span class='ocrx_word' id='word_1_587' title='bbox 789 5578 831 5630; x_wconf 83' lang='lat' dir='ltr'><strong>l9.</strong></span> <span class='ocrx_word' id='word_1_588' title='bbox 852 5605 879 5615; x_wconf 93' lang='lat'><em>-</em></span> <span class='ocrx_word' id='word_1_589' title='bbox 906 5579 948 5629; x_wconf 77' lang='lat' dir='ltr'><strong>ad.</strong></span> <span class='ocrx_word' id='word_1_590' title='bbox 966 5584 1060 5630; x_wconf 79' lang='lat' dir='ltr'><strong>ceteros</strong></span> <span class='ocrx_word' id='word_1_591' title='bbox 1076 5580 1191 5629; x_wconf 83' lang='grc'><strong>44444444</strong></span> <span class='ocrx_word' id='word_1_592' title='bbox 1207 5580 1246 5640; x_wconf 69' lang='grc'><strong>84,</strong></span> <span class='ocrx_word' id='word_1_593' title='bbox 1264 5584 1348 5650; x_wconf 70' lang='grc'><strong>444444</strong></span> <span class='ocrx_word' id='word_1_594' title='bbox 1364 5578 1527 5628; x_wconf 75' lang='grc'><strong>4444444444</strong></span> <span class='ocrx_word' id='word_1_595' title='bbox 1551 5605 1584 5616; x_wconf 90' lang='grc'>-</span> <span class='ocrx_word' id='word_1_596' title='bbox 1609 5578 1650 5629; x_wconf 84' lang='lat' dir='ltr'><strong>st.</strong></span> <span class='ocrx_word' id='word_1_597' title='bbox 1668 5578 1742 5628; x_wconf 82' lang='grc'><strong>4444</strong></span> 
     </span>
     <span class='ocr_line' id='line_1_48' title="bbox 407 5650 1741 5717; baseline 0.001 -16"><span class='ocrx_word' id='word_1_598' title='bbox 407 5650 472 5701; x_wconf 84' lang='grc'><strong>44444·</strong></span> <span class='ocrx_word' id='word_1_599' title='bbox 490 5650 525 5700; x_wconf 86' lang='lat' dir='ltr'><strong>ll:</strong></span> <span class='ocrx_word' id='word_1_600' title='bbox 552 5653 1411 5717; x_wconf 69' lang='grc'><strong>444444.48,44444444440-84.144444444444444,144444</strong></span> <span class='ocrx_word' id='word_1_601' title='bbox 1426 5653 1525 5703; x_wconf 73' lang='grc'><strong>44444444</strong></span> <span class='ocrx_word' id='word_1_602' title='bbox 1540 5652 1604 5702; x_wconf 83' lang='grc'><strong>448</strong></span> <span class='ocrx_word' id='word_1_603' title='bbox 1623 5678 1651 5687; x_wconf 89' lang='grc'><strong>-</strong></span> <span class='ocrx_word' id='word_1_604' title='bbox 1669 5654 1697 5703; x_wconf 86' lang='grc'><strong>44</strong></span> <span class='ocrx_word' id='word_1_605' title='bbox 1713 5666 1741 5703; x_wconf 84' lang='lat' dir='ltr'><strong>eo</strong></span> 
     </span>
     <span class='ocr_line' id='line_1_49' title="bbox 409 5724 1741 5794; baseline 0.002 -17"><span class='ocrx_word' id='word_1_606' title='bbox 409 5724 527 5777; x_wconf 81' lang='lat' dir='ltr'><strong>malebat</strong></span> <span class='ocrx_word' id='word_1_607' title='bbox 543 5727 612 5778; x_wconf 78' lang='lat' dir='ltr'><strong>Bake</strong></span> <span class='ocrx_word' id='word_1_608' title='bbox 632 5753 659 5764; x_wconf 92' lang='lat'><em>-</em></span> <span class='ocrx_word' id='word_1_609' title='bbox 678 5726 719 5777; x_wconf 76' lang='lat'><strong>2³.</strong></span> <span class='ocrx_word' id='word_1_610' title='bbox 737 5730 808 5779; x_wconf 81' lang='lat' dir='ltr'><strong>mimi</strong></span> <span class='ocrx_word' id='word_1_611' title='bbox 826 5729 975 5792; x_wconf 76' lang='lat' dir='ltr'><strong>ltetdegger</strong></span> <span class='ocrx_word' id='word_1_612' title='bbox 991 5729 1050 5794; x_wconf 88' lang='lat' dir='ltr'><strong>lqul</strong></span> <span class='ocrx_word' id='word_1_613' title='bbox 1066 5730 1126 5779; x_wconf 83' lang='lat' dir='ltr'><strong>erat</strong></span> <span class='ocrx_word' id='word_1_614' title='bbox 1141 5727 1240 5781; x_wconf 86' lang='lat' dir='ltr'><strong>sodalis</strong></span> <span class='ocrx_word' id='word_1_615' title='bbox 1257 5727 1406 5794; x_wconf 74' lang='lat' dir='ltr'><strong>phllologici</strong></span> <span class='ocrx_word' id='word_1_616' title='bbox 1423 5727 1556 5779; x_wconf 86' lang='lat' dir='ltr'><strong>seminarit</strong></span> <span class='ocrx_word' id='word_1_617' title='bbox 1573 5728 1741 5779; x_wconf 74' lang='lat' dir='ltr'><strong>Monacensis</strong></span> 
     </span>
     <span class='ocr_line' id='line_1_50' title="bbox 409 5802 1740 5869; baseline 0.002 -19"><span class='ocrx_word' id='word_1_618' title='bbox 409 5814 434 5851; x_wconf 85' lang='lat' dir='ltr'><strong>a.</strong></span> <span class='ocrx_word' id='word_1_619' title='bbox 448 5802 522 5862; x_wconf 80' lang='grc'><strong>4887,</strong></span> <span class='ocrx_word' id='word_1_620' title='bbox 540 5814 594 5865; x_wconf 91' lang='lat' dir='ltr'><strong>quo</strong></span> <span class='ocrx_word' id='word_1_621' title='bbox 612 5802 679 5853; x_wconf 88' lang='lat' dir='ltr'><strong>haec</strong></span> <span class='ocrx_word' id='word_1_622' title='bbox 696 5803 873 5867; x_wconf 79' lang='lat' dir='ltr'><strong>scripsimuslz</strong></span> <span class='ocrx_word' id='word_1_623' title='bbox 892 5804 966 5854; x_wconf 79' lang='grc'><strong>444444</strong></span> <span class='ocrx_word' id='word_1_624' title='bbox 981 5806 1016 5861; x_wconf 86' lang='lat' dir='ltr'><strong>C;</strong></span> <span class='ocrx_word' id='word_1_625' title='bbox 1033 5805 1150 5867; x_wconf 78' lang='lat' dir='ltr'><strong>inprimis</strong></span> <span class='ocrx_word' id='word_1_626' title='bbox 1166 5802 1318 5869; x_wconf 75' lang='lat' dir='ltr'><strong>Feldhllgel,</strong></span> <span class='ocrx_word' id='word_1_627' title='bbox 1336 5804 1402 5854; x_wconf 82' lang='grc'><strong>444444</strong></span> <span class='ocrx_word' id='word_1_628' title='bbox 1411 5803 1496 5867; x_wconf 82' lang='lat' dir='ltr'><strong>Toup,</strong></span> <span class='ocrx_word' id='word_1_629' title='bbox 1513 5803 1606 5853; x_wconf 81' lang='grc'><strong>4444444</strong></span> <span class='ocrx_word' id='word_1_630' title='bbox 1616 5802 1740 5865; x_wconf 80' lang='grc'><strong>84444444,</strong></span> 
     </span>
     <span class='ocr_line' id='line_1_51' title="bbox 409 5877 1739 5945; baseline 0.004 -20"><span class='ocrx_word' id='word_1_631' title='bbox 409 5877 438 5926; x_wconf 88' lang='grc'><strong>44</strong></span> <span class='ocrx_word' id='word_1_632' title='bbox 452 5878 564 5927; x_wconf 60' lang='lat' dir='ltr'><strong>miseris</strong></span> <span class='ocrx_word' id='word_1_633' title='bbox 579 5877 650 5929; x_wconf 84' lang='lat' dir='ltr'><strong>Bake</strong></span> <span class='ocrx_word' id='word_1_634' title='bbox 669 5904 697 5915; x_wconf 94' lang='lat'>-</span> <span class='ocrx_word' id='word_1_635' title='bbox 723 5878 763 5930; x_wconf 80' lang='lat' dir='ltr'><strong>st.</strong></span> <span class='ocrx_word' id='word_1_636' title='bbox 783 5880 879 5944; x_wconf 80' lang='grc'><strong>4))44444</strong></span> <span class='ocrx_word' id='word_1_637' title='bbox 896 5880 926 5943; x_wconf 83' lang='lat' dir='ltr'><strong>ll,</strong></span> <span class='ocrx_word' id='word_1_638' title='bbox 944 5880 1090 5945; x_wconf 65' lang='lat' dir='ltr'><strong>spiritali</strong></span> <span class='ocrx_word' id='word_1_639' title='bbox 1110 5904 1137 5918; x_wconf 92' lang='lat'>-</span> <span class='ocrx_word' id='word_1_640' title='bbox 1157 5878 1499 5932; x_wconf 64' lang='lat' dir='ltr'><strong>consenescit·</strong></span> <span class='ocrx_word' id='word_1_641' title='bbox 1517 5877 1691 5941; x_wconf 68' lang='grc'><strong>4444444440</strong></span> <span class='ocrx_word' id='word_1_642' title='bbox 1710 5902 1739 5919; x_wconf 90' lang='grc'><strong>-</strong></span> 
     </span>
     <span class='ocr_line' id='line_1_52' title="bbox 410 5951 777 6021; baseline 0 -14"><span class='ocrx_word' id='word_1_643' title='bbox 410 5956 435 6007; x_wconf 86' lang='lat' dir='ltr'><strong>tt</strong></span> <span class='ocrx_word' id='word_1_644' title='bbox 449 5952 485 6004; x_wconf 80' lang='lat' dir='ltr'><strong>tii</strong></span> <span class='ocrx_word' id='word_1_645' title='bbox 501 5955 546 6021; x_wconf 73' lang='lat' dir='ltr'><strong>qui</strong></span> <span class='ocrx_word' id='word_1_646' title='bbox 561 5955 722 6020; x_wconf 67' lang='lat' dir='ltr'><strong>appellemur</strong></span> <span class='ocrx_word' id='word_1_647' title='bbox 738 5951 777 6009; x_wconf 69' lang='lat'><strong>1³¹.</strong></span> 
     </span>
    </p>
   </div>
   <div class='ocr_carea' id='block_1_8' title="bbox 0 0 2176 7459">
    <p class='ocr_par' dir='ltr' id='par_1_8' title="bbox 0 0 2176 7459">
     <span class='ocr_line' id='line_1_53' title="bbox 0 0 2176 7459; baseline 0 0"><span class='ocrx_word' id='word_1_648' title='bbox 0 0 2176 7459; x_wconf 95' lang='lat' dir='ltr'><strong> </strong></span> 
     </span>
    </p>
   </div>
  </div>
 </body>
</html>
