4342 7459
449 1238 512 1305 “8
894 1245 949 1308 Illi
970 1243 1141 1308 DEORUM
1161 1244 1327 1311 NATURA

448 1402 524 1465 tiam
546 1422 651 1468 rernm
671 1401 848 1466 futurarum
869 1403 992 1467 homini
1015 1405 1157 1487 prolecto
1180 1412 1309 1470 estnec
1330 1405 1384 1469 alii
1399 1407 1548 1490 cuiquam
1561 1426 1581 1470 a
1596 1405 1646 1471 dis
1661 1385 1802 1471 inmun·

449 1494 562 1559 talibus
584 1496 667 1562 data.
705 1496 794 1571 Quae
816 1499 843 1561 si
866 1499 991 1581 singula
1005 1519 1061 1563 ros
1075 1499 1157 1562 forte
1172 1519 1236 1562 non
1251 1508 1390 1575 movent,
1411 1501 1560 1564 universa
1574 1507 1659 1565 certe
1674 1509 1781 1566 tamen

448 1589 530 1651 inter
557 1609 592 1653 se
614 1609 737 1654 conexa
758 1600 855 1675 atque
877 1594 1043 1657 coniuncta
1065 1615 1193 1659 movere
1216 1595 1384 1660 debebant.
1429 1593 1502 1659 lbi.
1524 1599 1590 1661 Nec
1611 1614 1687 1659 vero
1708 1596 1782 1659 uni·

445 1703 540 1748 ¹verso
563 1686 671 1766 generi
691 1683 855 1748 hominum
878 1686 997 1762 solum,
1020 1688 1076 1751 sed
1099 1689 1194 1751 etiam
1217 1690 1350 1772 singulis
1369 1711 1388 1755 a
1404 1690 1452 1753 dis
1468 1689 1689 1754 inmortalibus
1704 1709 1781 1753 eon·

422 1776 509 1840 eruli
531 1786 564 1840 et
584 1778 744 1861 provideri
765 1777 854 1842 solet.
891 1779 977 1843 Licet
1002 1783 1086 1846 enirn
1109 1783 1294 1847 contrahere
1316 1784 1553 1848 universitatem
1574 1785 1700 1868 generis
1721 1785 1781 1849 hu·

445 1872 531 1935 mani
561 1892 695 1955 eamque
723 1871 878 1954 gradatim
906 1874 947 1937 ad
977 1876 1162 1957 pauciores,
1191 1884 1351 1960 postremo
1379 1878 1536 1941 deducere
1560 1878 1600 1942 ad
1623 1878 1780 1961 singulos.

445 1964 557 2029 vat.
581 1967 660 2029 Nam
682 1966 709 2029 ei
732 1968 877 2031 omnibus
899 1969 1096 2044 hominibus,
1118 1972 1174 2053 qui
1197 1971 1315 2054 ubique
1338 1980 1427 2046 sunt,
1449 1991 1651 2056 quacumque
1671 1974 1780 2035 inore

444 2078 483 2122 ac
504 2066 592 2140 parte
614 2066 769 2123 terrarum
790 2061 830 2124 ab
851 2062 984 2126 huiusce
1002 2070 1121 2139 terrae,
1143 2085 1239 2147 quam
1255 2086 1313 2129 nos
1327 2067 1514 2142 incolimus,
1537 2064 1779 2130 continuatione

445 2154 643 2229 distantium,
665 2155 743 2217 deos
765 2156 932 2219 consulere
954 2177 1121 2221 censemus
1142 2159 1183 2221 ob
1205 2179 1259 2222 eas
1281 2180 1411 2235 causas,
1433 2181 1514 2244 quas
1535 2167 1609 2224 ante
1631 2159 1779 2233 diximus,

407 2246 495 2310 echis
517 2268 649 2331 quoqne
670 2248 852 2311 hominibus
874 2250 1060 2325 consulunt,
1082 2252 1138 2335 qui
1160 2253 1219 2316 has
1240 2253 1406 2317 nobiscum
1429 2262 1528 2318 terras
1545 2254 1585 2317 ab
1601 2253 1724 2316 oriente
1737 2251 1779 2315 ed

445 2339 641 2404 occidentem
669 2341 788 2405 colunt.
832 2336 905 2405 465.
930 2344 986 2406 Sin
1014 2353 1120 2408 autem
1146 2348 1187 2409 iis
1214 2346 1400 2421 consulunt,
1429 2349 1485 2431 qui
1508 2348 1602 2431 quasi
1633 2365 1779 2430 magnam

445 2435 604 2517 quandam
625 2435 761 2503 insulam
783 2435 943 2511 incolunt,
966 2458 1060 2521 quam
1082 2459 1141 2502 nos
1164 2439 1273 2503 orbem
1295 2447 1397 2503 terrae
1411 2460 1574 2516 vocamus,
1596 2442 1693 2504 etiam
1713 2439 1779 2504 illis

445 2529 631 2601 consulunt,
660 2530 717 2613 qui
749 2538 854 2613 partes
877 2532 945 2594 eius
972 2532 1097 2596 insulae
1125 2542 1247 2609 teuent,
1274 2535 1451 2617 Europam,
1478 2535 1602 2610 Asiam,
1630 2533 1778 2598 Africam.

443 2622 528 2705 Ergo
549 2630 582 2685 et
603 2643 710 2687 eenrm
732 2633 836 2707 partes
858 2624 1007 2707 diligunt,
1032 2634 1069 2689 ut
1089 2629 1237 2702 Romam,
1258 2628 1414 2701 Athenas,
1437 2628 1598 2711 Spartam,
1620 2627 1778 2703 Rhodum,

406 2723 477 2780 teet
497 2736 604 2780 earum
625 2718 750 2781 urbium
773 2720 940 2801 separatim
963 2720 1003 2782 ab
1021 2721 1179 2785 universis
1194 2722 1335 2805 singulos
1350 2720 1497 2805 diligunt,
1519 2730 1554 2786 ut
1567 2720 1678 2807 Pyrrhi
1692 2721 1778 2784 bello

445 2809 588 2886 Curium,
618 2812 811 2885 Fabricium,
843 2812 1093 2889 Coruncanium,
1121 2817 1222 2898 primo
1244 2817 1363 2878 Punico
1387 2815 1579 2890 Calatinum,
1604 2815 1777 2889 Duellium,

442 2903 621 2979 Metellum,
653 2907 825 2981 Lutatium,
856 2906 996 2972 secundo
1026 2909 1223 2983 Maxumum,
1250 2910 1450 2983 Marcellum,
1476 2909 1673 2984 Africanum,
1705 2916 1778 2992 post

441 2998 502 3063 hos
523 3000 672 3074 Paulum,
700 2998 888 3076 Gracchum,
919 3001 1084 3076 Catonem,
1116 3011 1281 3085 patrumve
1304 3004 1456 3066 memoria
1478 3003 1676 3087 Scipionem,
1698 3003 1778 3065 Lae·

442 3093 535 3168 lium,
563 3094 746 3177 multosque
774 3102 939 3177 practerea
966 3104 999 3158 et
1027 3104 1136 3159 nostra
1165 3096 1278 3159 civitae
1300 3104 1331 3159 et
1352 3097 1484 3160 Graecia
1506 3098 1578 3159 tulit
1599 3095 1776 3185 singulares

404 3189 545 3265 sorim,
572 3208 708 3272 quorum
737 3190 897 3252 neminem
923 3189 986 3252 nisi
1015 3190 1143 3252 iurante
1172 3188 1232 3252 deo
1261 3188 1357 3252 talem
1378 3188 1477 3253 inisse
1500 3189 1696 3254 credendum
1718 3196 1775 3252 est.

442 3278 513 3346 too.
538 3283 628 3358 Quae
656 3283 736 3345 ratio
764 3288 876 3364 poetas
905 3302 1117 3366 maxumeque
1146 3284 1318 3346 Homerum
1348 3283 1480 3366 inpulit,
1516 3291 1552 3346 ut
1578 3282 1775 3366 principibus

440 3376 589 3450 heroum,
611 3376 709 3450 Ulixi,
731 3375 895 3450 Diomedi,
917 3377 1162 3460 Agamemnoni,
1184 3377 1316 3451 Achilli,
1338 3384 1440 3440 certos
1463 3378 1541 3440 deos
1556 3376 1775 3441 discriminum

442 3482 475 3536 et
506 3469 720 3557 periculorum
754 3470 886 3533 comites
915 3469 1114 3553 adiungeret.
1159 3472 1326 3533 Praeterea
1353 3470 1494 3553 ipsorum
1523 3469 1655 3534 deorum
1680 3488 1774 3553 saepe

440 3565 655 3652 praesentiae,
686 3564 796 3647 quales
824 3585 919 3648 supra
941 3565 1202 3638 commemorari,
1232 3563 1395 3627 declarant
1416 3564 1455 3627 ab
1477 3564 1517 3626 iis
1540 3570 1571 3627 et
1593 3563 1773 3626 civitatibus

402 3669 475 3724 sest
495 3658 629 3741 singulis
650 3658 832 3720 hominibus
854 3658 998 3721 consuli:
1021 3654 1108 3741 quod
1131 3658 1261 3740 quidem
1281 3657 1478 3739 intellegitur
1498 3658 1592 3721 etiam
1615 3653 1774 3740 significa·

440 3754 582 3828 tionibus
603 3771 710 3814 rerum
732 3750 925 3827 futurarum,
948 3772 1029 3835 qnae
1051 3760 1117 3813 tum
1133 3748 1377 3822 dormientibus,
1401 3757 1467 3813 tum
1482 3750 1686 3833 vigilantibus
1700 3768 1774 3833 por·

439 3848 624 3912 tenduntur.
662 3843 762 3907 Multa
783 3852 945 3927 praeterea
966 3847 1115 3919 ostentis,
1145 3846 1243 3908 multa
1266 3845 1348 3907 extis
1370 3843 1578 3907 admonemur
1599 3843 1771 3927 multisque

439 3942 534 4006 rebus
556 3940 643 4013 aliis,
671 3958 750 4022 quas
772 3938 939 4002 diuturnus
960 3960 1038 4002 usus
1061 3940 1105 4001 ita
1127 3940 1267 4013 notarit,
1298 3947 1334 4001 ut
1355 3945 1455 4000 artem
1477 3937 1682 4000 divinationis
1703 3936 1772 4000 effi·

439 4045 537 4101 ceret.
583 4030 656 4096 l67.
680 4034 778 4094 Nemo
801 4034 897 4115 igitur
918 4035 966 4095 vir
988 4052 1120 4114 magnus
1143 4033 1212 4095 sine
1234 4032 1343 4115 aliquo
1363 4031 1479 4095 adflatu
1495 4029 1604 4093 divino
1620 4049 1771 4114 umquam

401 4131 509 4195 sciuit.
537 4132 601 4192 Nec
616 4147 690 4190 vero
706 4128 738 4189 id
751 4128 794 4190 ita
810 4127 1017 4190 refellendum
1034 4137 1097 4201 est,
1114 4135 1162 4200 ut,
1178 4127 1205 4189 si
1220 4126 1379 4208 segetibus
1395 4135 1449 4189 aut
1465 4126 1579 4188 vinetis
1594 4125 1772 4208 cuiuspiam

439 4232 609 4307 tempestas
632 4221 776 4284 nocuerit
798 4231 852 4284 aut
879 4222 905 4283 si
929 4220 1006 4305 quid
1030 4242 1047 4284 e
1069 4223 1152 4283 vitae
1176 4220 1347 4283 commodis
1370 4240 1461 4282 casus
1483 4218 1663 4294 abstulerit,
1688 4239 1771 4292 eum,

439 4321 489 4383 cui
512 4317 588 4400 quid
611 4317 723 4378 horum
746 4314 908 4388 acciderit,
931 4323 987 4377 aut
1008 4316 1148 4379 invisum
1171 4314 1232 4376 deo
1255 4321 1309 4377 aut
1331 4314 1509 4394 neglectum
1532 4313 1629 4376 adeo
1651 4311 1772 4374 iudice·

438 4432 518 4475 mus.
553 4413 666 4493 blegne
688 4409 720 4472 di
743 4417 867 4483 curant,
890 4429 986 4491 parra
1007 4410 1189 4491 neglegunt.
1233 4408 1357 4489 Magnis
1376 4417 1481 4471 autem
1504 4408 1578 4471 viris
1601 4425 1771 4490 prosperae

438 4525 562 4589 semper
583 4525 692 4568 ornnes
715 4524 782 4577 res,
810 4506 836 4565 si
858 4503 987 4586 quidem
1014 4505 1090 4566 satis
1112 4523 1130 4564 a
1152 4502 1269 4565 nostris
1292 4511 1324 4563 et
1345 4523 1362 4564 a
1385 4502 1527 4584 principe
1550 4498 1770 4584 philosophiae

400 4600 565 4663 a80crate
588 4598 706 4662 dictum
729 4608 777 4661 est
798 4598 837 4660 de
859 4598 1054 4661 ubertatibus
1076 4596 1200 4661 virtutis
1222 4603 1253 4657 et
1279 4596 1388 4677 copiis.

503 4825 526 4872 t.
545 4822 699 4883 alicuiquam
715 4818 755 4877 tt;
779 4819 811 4868 cb
827 4820 879 4868 ulio
895 4820 1014 4878 cuiquam
1035 4818 1060 4868 in
1079 4830 1163 4880 marg.
1183 4831 1218 4868 m.
1238 4830 1294 4867 sec.
1311 4818 1332 4864 V
1352 4843 1379 4852 -
1398 4818 1422 4866 2.
1440 4816 1539 4866 meieni
1555 4816 1604 4876 νη
1626 4822 1728 4867 moueat
1744 4818 1770 4881 (s

437 4900 464 4948 in
482 4900 583 4957 rasura)
600 4900 621 4946 A
641 4924 667 4933 -
687 4897 711 4945 3.
730 4902 804 4957 utque
820 4896 908 4944 iecere
926 4895 945 4944 C
965 4920 992 4929 -
1012 4894 1129 4943 debebunt
1146 4889 1293 4944 AB¹EV¹2
1313 4891 1416 4941 debeam
1433 4894 1469 4951 P;
1487 4890 1604 4942 debebunt
1620 4890 1722 4943 B²CW
1740 4917 1768 4929 -

437 4975 462 5024 9.
481 4975 634 5022 damnarer
651 4972 726 5028 AB¹;
750 4972 901 5021 costumiam
919 4970 948 5017 V¹
968 4994 994 5004 -
1019 4969 1080 5019 obas
1098 4969 1268 5033 (superseri
1285 4971 1346 5019 ante
1364 4969 1389 5029 o)
1407 4973 1445 5022 A:
1470 4968 1500 5017 ob
1516 4969 1561 5017 baa
1578 4966 1723 5020 BCEPV
1739 4992 1768 5005 —·

437 5046 683 5099 4663011161-
710 5048 749 5096 lh.
769 5046 898 5108 quondum
917 5057 1039 5106 magnum
1063 5046 1111 5094 ΡΟ
1137 5072 1163 5080 -
1187 5046 1227 5094 lb.
1246 5045 1357 5105 separati
1374 5045 1395 5091 A
1415 5069 1442 5079 -
1461 5043 1501 5093 to.
1519 5039 1720 5092 conieceirenc
1740 5066 1767 5077 -

437 5124 477 5173 td.
496 5124 613 5172 duellione
630 5120 670 5173 a:
696 5122 846 5171 DuiliumO
870 5146 898 5155 -
921 5120 962 5169 tl.
981 5120 1101 5169 luscium
1123 5119 1172 5169 AB
1197 5144 1223 5154 -
1250 5119 1394 5181 africanum
1416 5130 1485 5166 corr.
1505 5131 1537 5166 er
1555 5117 1685 5180 africanos
1700 5117 1719 5166 B
1736 5140 1769 5152 -

436 5199 478 5249 ⁴8.
494 5204 629 5261 pcsmmce
645 5195 684 5248 a:
701 5202 852 5258 petrumque
869 5193 1028 5253 Lambinus;
1046 5199 1151 5256 putrem
1167 5207 1226 5243 uero
1244 5194 1263 5242 0
1279 5220 1304 5229 -
1323 5194 1364 5242 20.
1384 5193 1454 5240 circe
1470 5205 1540 5241 corr.
1560 5205 1592 5240 ex
1609 5204 1683 5241 ueros
1699 5191 1721 5239 V
1740 5215 1767 5225 -

435 5274 477 5323 ἥ.
495 5273 613 5322 herchem
629 5268 690 5320 AV¹
707 5296 740 5306 -—
761 5270 836 5318 utici.
855 5268 947 5317 achilli.
967 5269 1154 5331 opomernrrorri.
1174 5269 1257 5317 achilli
1274 5271 1293 5317 P
1312 5293 1337 5303 -
1362 5269 1476 5316 diorrcedii
1498 5269 1673 5330 uqameuooni
1690 5263 1721 5314 V¹
1740 5290 1767 5301 ·-

435 5350 477 5400 23.
493 5355 624 5412 praetereo
639 5348 751 5409 ipsorum
764 5372 777 5383 ·
787 5371 801 5382 -
811 5349 893 5394 cneo
909 5344 1071 5393 divinationis
1084 5343 1190 5407 efficeret
1202 5341 1235 5392 ab
1248 5340 1370 5392 hocloco
1383 5341 1467 5391 aliene
1479 5342 1612 5399 videntur,
1626 5340 1769 5403 desumpta

436 5439 468 5475 es
486 5421 710 5489 praecedentibus
728 5420 743 5482 θ
761 5420 808 5469 tot
825 5432 866 5482 sq.
882 5443 909 5453 -
928 5418 969 5468 al.
989 5417 1022 5467 cb
1038 5418 1069 5467 iis
1087 5419 1106 5468 C
1119 5418 1156 5465 V:
1176 5417 1208 5465 cb
1223 5419 1245 5466 is
1262 5430 1331 5466 corr.
1350 5419 1377 5466 in
1393 5417 1426 5467 ab
1442 5418 1473 5466 iia
1488 5419 1509 5466 A
1521 5432 1527 5472 3
1546 5418 1578 5465 nb
1595 5417 1633 5465 leis
1649 5416 1726 5467 BEP
1739 5438 1767 5452 -

435 5506 459 5551 et
475 5502 503 5548 iu
519 5497 662 5549 muitotibua
678 5496 730 5548 PV
748 5495 782 5557 (in
801 5495 823 5543 V
839 5494 1000 5559 praepositio
1018 5506 1073 5543 sec.
1093 5507 1130 5543 ru.
1149 5496 1280 5556 expuncta
1299 5495 1346 5553 est)
1364 5519 1396 5527 —
1415 5493 1457 5541 ii.
1475 5493 1556 5541 multu
1573 5494 1599 5541 ie
1616 5490 1721 5543 euticii
1740 5515 1768 5527 -

437 5575 478 5625 30.
504 5576 530 5624 id
547 5570 730 5623 lleindordus:
758 5583 811 5619 om.
831 5570 851 5618 0
878 5595 905 5604 -
934 5568 1103 5631 refellendum]
1130 5570 1209 5618 «Non
1231 5569 1317 5630 agitur
1334 5567 1367 5616 de
1386 5567 1541 5625 refellendo,
1561 5568 1609 5618 sed
1627 5578 1768 5631 quousque

437 5647 662 5714 progrediendum
679 5648 713 5696 sit
729 5646 755 5695 in
773 5646 817 5703 iis,
837 5657 905 5707 quae
923 5644 1003 5704 fiunt,
1022 5643 1055 5693 ad
1074 5645 1127 5693 vim
1140 5643 1255 5693 divinam
1270 5643 1438 5693 revocandis.
1457 5644 1512 5693 Nec
1523 5641 1766 5692 tamensatislecit:

435 5726 486 5773 Nec
502 5736 562 5773 uere
577 5724 616 5771 ito
632 5720 821 5783 intelleperrdum
837 5724 886 5779 est,
908 5724 937 5767 ut
954 5722 1022 5786 cet»
1040 5720 1150 5768 Mancre.
1179 5718 1247 5767 Fert.
1266 5731 1311 5767 nec
1327 5731 1386 5767 oero
1402 5718 1429 5766 id
1445 5718 1481 5766 itu
1494 5718 1659 5779 praecedere
1674 5721 1723 5777 est,
1740 5721 1768 5765 est

435 5803 487 5850 cet.
508 5826 535 5837 -
554 5799 595 5848 et.
613 5810 627 5847 e
644 5798 668 5846 in
687 5810 738 5846 ras.
758 5808 794 5844 m.
813 5807 868 5845 sec.
887 5796 925 5851 A;
948 5795 979 5842 de
996 5792 1055 5843 cod.
1075 5793 1193 5851 Pithoei;
1212 5807 1229 5841 u
1246 5793 1265 5842 E
1286 5819 1312 5828 -
1331 5793 1459 5841 statuerit
1475 5805 1547 5841 corase
1564 5794 1582 5842 P
1602 5817 1628 5826 -
1648 5791 1689 5843 33.
1707 5793 1769 5855 post

435 5887 531 5938 mopso
546 5874 625 5923 unius
642 5870 744 5921 litterae
762 5881 855 5919 rasura
873 5869 957 5919 estin
974 5871 995 5917 A
1014 5896 1042 5907 —
1058 5880 1196 5930 prosperae
1212 5880 1308 5928 semper
1324 5867 1420 5918 ACP:
1441 5879 1560 5928 prospere
1575 5878 1671 5928 seraper
1688 5863 1767 5917 BEV

436 5952 506 6015 (post
518 5960 639 6013 prospere
654 5946 766 6010 margini
782 5946 900 5997 emtore
916 5943 1082 6009 adscriptum
1099 5941 1182 5994 habet
1198 5941 1244 6005 V);
1259 5954 1380 6004 prospere
1395 5954 1490 6003 seraper
1506 5941 1621 5993 eoeeireu
1636 5941 1668 5992 0.
