4342 7459
491 1232 553 1301 tet
776 1239 830 1302 llll
851 1239 1009 1303 FllllBUS
1031 1236 1229 1302 BONORUil
1250 1238 1303 1301 ΕΤ
1325 1236 1526 1302 ilbeliUbl

490 1407 599 1471 neseio
632 1426 694 1492 qua
727 1407 880 1490 singulari
908 1407 1050 1492 nequitia
1079 1406 1240 1490 praeditos
1270 1406 1414 1470 videmus
1444 1413 1548 1470 umen
1578 1413 1610 1470 et
1631 1425 1764 1491 corpore
1785 1413 1819 1471 et

490 1500 597 1565 animo
619 1501 739 1565 moveri
762 1521 887 1583 semper
908 1508 953 1575 et,
984 1521 1056 1564 cum
1081 1520 1116 1563 re
1138 1499 1225 1561 nulla
1247 1499 1461 1583 impediantur
1481 1500 1675 1575 necessaria,
1697 1507 1753 1564 ant
1771 1499 1819 1563 al·

491 1594 617 1657 reolum
644 1614 776 1677 poscere
804 1603 860 1659 aut
881 1614 1035 1678 quaerere
1059 1594 1242 1677 quempiam
1271 1592 1381 1656 ludum
1403 1601 1457 1656 aut
1477 1613 1655 1657 sermonem
1676 1593 1819 1677 aliquem

491 1689 668 1771 requirere,
690 1707 827 1771 cumque
849 1707 915 1751 non
937 1688 1075 1751 habeant
1097 1688 1249 1768 ingenuas
1272 1707 1313 1749 ex
1336 1686 1479 1750 doctrina
1494 1687 1738 1761 oblectationes,
1760 1688 1821 1750 eir·

465 1779 580 1844 tculos
602 1781 727 1864 aliquos
749 1789 782 1845 et
803 1780 1018 1845 sessiunculas
1040 1780 1227 1843 consectari.
1265 1779 1350 1854 Quin
1373 1799 1413 1841 ne
1434 1779 1554 1843 bestiae
1573 1778 1718 1861 quidem,
1741 1800 1820 1863 quas

492 1872 711 1937 delectationis
734 1894 830 1937 eausa
852 1873 1085 1948 concludimus,
1109 1892 1180 1935 cum
1203 1871 1363 1954 copiosius
1384 1871 1524 1946 alantur,
1548 1891 1644 1956 quam
1666 1873 1692 1936 si
1714 1880 1823 1936 essent

491 1965 625 2042 liberae,
660 1966 753 2031 facile
787 1968 952 2051 patiuntur
978 1988 1049 2031 sese
1078 1966 1233 2030 contineri
1269 1971 1439 2048 motusque
1468 1966 1589 2030 solutos
1617 1974 1650 2030 et
1676 1985 1775 2049 vagos
1802 1986 1822 2029 a

491 2068 605 2124 natura
626 2062 686 2124 sibi
707 2062 840 2125 tributos
862 2061 1037 2144 requirunt.
1080 2057 1131 2121 57.
1154 2060 1280 2142 ltaque,
1303 2065 1338 2120 ut
1360 2060 1498 2141 quisque
1518 2060 1636 2143 optime
1657 2067 1751 2122 natus
1773 2060 1822 2121 ia·

492 2153 684 2237 stitutusque
706 2163 771 2229 est,
800 2174 870 2218 esse
892 2155 1022 2218 omnino
1046 2153 1126 2215 nolit
1147 2155 1180 2214 in
1202 2153 1285 2225 vita,
1312 2153 1338 2214 si
1365 2153 1514 2232 gerundis
1536 2152 1671 2234 negotiis
1693 2152 1822 2214 orbatus

456 2247 596 2329 seposuit
622 2247 829 2332 paratissimis
851 2248 937 2310 vesci
957 2245 1182 2329 voluptatibus.
1222 2247 1301 2307 Nam
1322 2252 1378 2307 aut
1398 2246 1545 2327 privatim
1566 2243 1689 2329 aliquid
1707 2263 1822 2329 gerere

493 2339 632 2414 malunt,
664 2348 719 2403 aut
747 2340 802 2423 qui
829 2340 942 2403 altiore
964 2341 1070 2402 animo
1092 2347 1166 2401 sunt
1187 2346 1359 2421 capessunt
1378 2358 1445 2400 rem
1467 2339 1626 2420 publicam
1647 2337 1823 2401 bonoribus

492 2433 701 2516 imperiisque
722 2432 956 2516 adipiscendis,
978 2441 1033 2497 aut
1055 2441 1138 2495 totos
1153 2453 1188 2495 se
1203 2431 1241 2494 ad
1259 2431 1362 2494 studia
1377 2431 1539 2495 doctrinae
1554 2431 1737 2495 conterunt:
1759 2449 1824 2513 qua

493 2527 527 2588 in
549 2526 614 2590 vita
634 2533 756 2589 tantum
777 2526 868 2589 abest
888 2535 924 2589 ut
944 2526 1121 2608 voluptates
1148 2531 1381 2598 consectentur,
1410 2526 1504 2588 etiam
1532 2544 1639 2599 curas,
1668 2524 1824 2587 sollicitu-

495 2618 606 2693 dines,
627 2618 753 2701 vigilias
774 2619 952 2703 perferunt,
975 2620 1159 2702 optimaque
1181 2627 1270 2701 parte
1285 2617 1443 2691 bominis,
1466 2638 1547 2701 quae
1562 2620 1594 2681 in
1608 2619 1702 2682 nobis
1717 2619 1824 2682 divina

457 2711 643 2776 seducenda
665 2719 727 2786 est,
748 2712 868 2793 ingenii
890 2721 923 2775 et
943 2712 1059 2775 mentis
1076 2711 1144 2775 acie
1159 2711 1319 2785 fruuntur,
1342 2732 1402 2775 nec
1416 2712 1610 2795 voluptatem
1624 2713 1824 2797 requirentes

496 2826 556 2870 nec
576 2805 736 2889 fugientes
756 2805 907 2873 laborem.
952 2808 1017 2868 Nec
1039 2825 1114 2868 vero
1144 2805 1355 2869 intermittunt
1377 2815 1432 2869 aut
1452 2804 1693 2869 admirationem
1716 2824 1825 2869 earum

495 2920 617 2975 rerum,
643 2918 726 2983 quae
752 2906 827 2961 sunt
854 2900 893 2961 ab
918 2900 1058 2982 antiquis
1087 2907 1245 2981 repertae,
1274 2907 1330 2963 aut
1357 2900 1634 2980 investigationem
1655 2916 1824 2962 novaruma

498 3013 562 3077 quo
585 2992 691 3056 studio
713 3011 783 3055 cum
807 2992 914 3055 satiari
929 3012 995 3055 non
1010 2992 1150 3075 possint,
1174 2994 1315 3055 omnium
1332 3001 1507 3056 ceterarum
1520 3012 1625 3056 rerum
1640 2991 1731 3056 obliti
1745 2989 1826 3053 nibil

496 3086 671 3161 abiectum,
692 3084 772 3148 nihil
793 3084 914 3148 humile
937 3087 1093 3168 cogitant,
1125 3094 1278 3170 tantaque
1300 3096 1347 3150 eat
1368 3088 1415 3149 vis
1437 3085 1553 3148 talibus
1574 3086 1608 3148 in
1630 3085 1761 3158 studiis,
1789 3090 1826 3146 nt

458 3195 553 3245 iteos
575 3180 686 3253 etiam,
709 3178 765 3261 qui
787 3178 847 3241 sibi
869 3178 949 3242 alies
970 3188 1206 3263 proposuerunt
1226 3176 1305 3242 lines
1326 3180 1499 3253 bonomm,
1522 3199 1603 3262 quos
1620 3180 1757 3243 utilitate
1772 3184 1826 3240 aut

495 3273 658 3356 voluptate
688 3271 844 3354 dirigunt,
873 3280 979 3335 tamen
1007 3274 1040 3335 in
1071 3275 1165 3338 rebus
1193 3274 1383 3358 quaerendis
1413 3273 1675 3357 explicandisque
1702 3270 1825 3334 naturis

495 3374 616 3430 aetates
638 3372 802 3429 conterere
825 3365 998 3428 videamus.
1087 3408 1089 3411 >

581 3458 670 3521 XXI.
694 3456 745 3519 58.
774 3460 859 3540 urge
885 3457 947 3520 boc
972 3458 1101 3541 quidem
1130 3470 1276 3543 apparet,
1306 3459 1363 3525 rios
1385 3461 1425 3524 ad
1447 3459 1605 3543 agendum
1628 3476 1699 3522 esse
1720 3464 1825 3521 natos.

497 3551 667 3614 Actionem
689 3558 793 3613 autem
815 3570 933 3631 genera
953 3551 1061 3633 plura,
1091 3562 1127 3615 ut
1153 3555 1363 3618 obscurentur
1384 3554 1477 3616 etiam
1499 3553 1622 3615 minora
1643 3552 1829 3625 maioribus,

459 3643 655 3712 ssmaximae
679 3649 787 3706 autem
815 3650 890 3707 sunt
910 3644 1064 3725 primum,
1095 3653 1130 3708 ut
1150 3647 1228 3709 mibi
1251 3646 1381 3731 quidem
1404 3648 1530 3711 videtur
1550 3654 1583 3709 et
1602 3646 1660 3719 iis,
1690 3664 1826 3727 quorum

498 3757 584 3801 nunc
612 3737 646 3801 in
673 3736 797 3800 ratione
827 3756 1005 3812 versamur,
1039 3738 1250 3804 consideratio
1279 3742 1482 3823 cognitioque
1510 3760 1614 3803 rerum
1641 3737 1826 3801 caelestium

497 3838 532 3894 et
560 3850 686 3904 suum,
715 3849 795 3914 quas
823 3850 843 3893 a
870 3837 984 3893 natura
1012 3832 1185 3896 occultatas
1215 3842 1247 3897 et
1276 3834 1409 3896 latentes
1431 3832 1581 3915 indagare
1602 3831 1684 3894 ratio
1706 3836 1827 3914 potest,

498 3924 613 3988 deinde
642 3943 747 3987 rerum
772 3923 971 4007 publicarum
992 3923 1223 3990 administratio
1246 3936 1299 3992 aut
1319 3926 1559 3990 administrandi
1581 3924 1731 3998 scientia,
1759 3931 1827 3986 tum

497 4015 654 4102 prudens,
679 4024 867 4101 temperata,
897 4015 1004 4092 sortis,
1034 4018 1120 4082 insta
1140 4022 1220 4083 ratio
1243 4021 1450 4104 reliquaeque
1472 4020 1606 4082 virtutes
1628 4024 1660 4083 et
1681 4016 1823 4080 actiones

460 4113 667 4178 suuaabus
689 4119 915 4195 congruentes,
938 4132 1019 4195 quae
1041 4133 1105 4177 uno
1121 4115 1216 4178 verbo
1232 4113 1389 4197 complexi
1405 4112 1511 4176 omnia
1524 4111 1659 4174 honesta
1673 4108 1826 4171 dicimus:

498 4207 539 4271 ad
568 4226 703 4289 quorum
732 4212 764 4269 et
790 4205 1004 4288 cognitionem
1034 4214 1065 4269 et
1091 4228 1184 4270 usum
1212 4209 1274 4271 iam
1297 4206 1490 4269 corroborati
1512 4212 1624 4267 natura
1646 4203 1715 4285 ipsa
1736 4219 1827 4283 prae-

499 4308 595 4365 eunte
617 4299 814 4365 deducimur.
858 4298 1007 4362 Omnium
1029 4299 1114 4362 enim
1137 4321 1241 4364 rerum
1263 4300 1421 4384 principia
1442 4318 1539 4382 paria
1561 4304 1652 4370 sunt,
1681 4294 1737 4357 sed
1754 4292 1827 4355 'suis

498 4394 774 4479 progressionibus
795 4412 853 4456 usa
873 4402 1047 4475 augentur,
1069 4413 1127 4457 nec
1148 4395 1216 4457 sine
1239 4414 1350 4459 causa:
1372 4397 1406 4458 in
1429 4397 1530 4478 primo
1550 4396 1634 4457 enim
1648 4399 1721 4455 ortu
1743 4391 1828 4453 inest

499 4490 649 4553 tenentes
681 4507 718 4552 ae
749 4486 883 4550 mollitia
913 4487 1084 4569 quaedam,
1117 4495 1153 4551 ut
1184 4508 1242 4551 nec
1272 4508 1323 4552 res
1351 4489 1459 4553 videre
1482 4489 1617 4571 optimas
1647 4506 1706 4550 nee
1734 4503 1827 4568 agere

461 4582 634 4665 sepossint.
676 4582 809 4645 Virtutis
836 4582 920 4644 enim
948 4580 1122 4664 beataeque
1150 4582 1249 4656 vitae,
1279 4602 1362 4665 qnae
1392 4582 1454 4645 duo
1484 4583 1620 4645 maxime
1649 4578 1828 4664 expetenda

501 4683 590 4750 sunt,
620 4675 722 4738 serius
750 4674 858 4737 lumen
887 4682 1035 4756 apparet,
1065 4675 1164 4739 multo
1193 4676 1288 4740 etiam
1315 4677 1434 4750 serius,
1465 4683 1500 4738 ut
1520 4677 1613 4760 plane
1635 4674 1743 4759 qualia
1763 4673 1829 4736 sint

565 4948 590 4996 l.
609 4946 668 5011 quo]
687 4948 766 5009 quill
785 4972 813 4985 -
836 4948 948 5009 aequmst
965 4948 1030 4997 CG:
1052 4949 1158 5012 segnitie
1175 4949 1225 4997 BD
1244 4973 1270 4982 -
1296 4949 1426 4998 stammas
1442 4949 1463 4997 D
1483 4974 1510 4984 -
1529 4953 1552 4997 et
1568 4949 1630 4997 ante
1647 4960 1716 5008 cosp.
1734 4943 1828 4995 omi}

501 5022 562 5081 (oon
579 5021 639 5082 BD)
660 5049 686 5058 -
713 5023 737 5071 2.
755 5037 813 5073 meis
834 5026 895 5085 (non
912 5022 1004 5083 mosen)
1026 5036 1055 5072 re
1077 5024 1194 5073 etlemE
1217 5049 1243 5058 -
1267 5024 1346 5085 emto]
1363 5030 1390 5073 ut
1406 5024 1451 5072 itta
1466 5024 1485 5072 B
1503 5050 1536 5059 -
1558 5022 1582 5073 l.
1601 5020 1659 5085 uon]
1677 5019 1778 5070 euboli
1799 5043 1826 5057 -

499 5096 524 5144 e.
537 5096 599 5158 quin
614 5108 645 5144 oe
656 5096 689 5145 B:
708 5100 769 5160 quta
780 5106 803 5149 te
816 5100 877 5159 (non
889 5100 925 5156 det
939 5099 970 5154 Β;
989 5099 1026 5148 Ne
1036 5100 1060 5148 bl
1068 5100 1097 5148 0.
1118 5100 1336 5149 Coniunctionem
1354 5096 1541 5161 particularum
1554 5099 1614 5160 quio
1626 5099 1653 5145 et
1663 5109 1694 5146 ea
1704 5121 1718 5132 ·
1729 5093 1829 5155 quidem

500 5169 527 5219 in
549 5171 728 5221 enuntiatione
751 5175 871 5236 negativa
894 5185 984 5223 sermo
1005 5174 1111 5223 Latinos
1129 5186 1181 5222 non
1200 5175 1282 5235 magis
1300 5184 1427 5235 respuere
1445 5170 1549 5220 videtur
1566 5184 1646 5234 quam
1664 5170 1830 5222 coniunctio·

500 5258 563 5296 nem
586 5244 774 5308 particularum
796 5249 857 5309 quin
878 5250 905 5296 et
924 5248 1000 5296 attam
1022 5249 1048 5297 in
1065 5249 1195 5297 sententio
1216 5247 1379 5297 affirmativa.
1400 5271 1427 5281 —
1451 5245 1557 5310 quidem]
1576 5246 1670 5307 quidB
1691 5272 1718 5281 -
1737 5245 1762 5293 7.
1780 5253 1830 5293 sese

501 5323 562 5382 (non
579 5320 611 5380 set
633 5319 713 5367 etiam
734 5321 754 5371 Β
779 5348 804 5359 -
833 5322 857 5370 Β.
874 5322 980 5382 requirit
1003 5322 1022 5371 Β
1046 5348 1072 5357 -
1101 5322 1164 5370 9.si
1186 5319 1304 5384 gemmatis
1325 5334 1350 5368 a.
1369 5320 1444 5380 possit
1461 5318 1562 5368 orbatus
1575 5334 1602 5382 p.
1620 5334 1644 5369 o.
1662 5318 1830 5381 uoluptatibus

499 5396 599 5445 Nonius
615 5407 642 5458 p.
655 5393 712 5446 tls.
727 5419 754 5430 -
775 5395 814 5444 40.
833 5396 935 5456 aliquod
952 5396 1000 5444 BE
1015 5423 1040 5431 -
1062 5395 1101 5445 13.
1119 5396 1285 5445 solicitudioes
1301 5394 1320 5443 B
1332 5411 1338 5451 ;
1357 5395 1497 5444 colbertinus
1514 5394 1533 5443 E
1546 5419 1572 5429 —
1592 5395 1633 5444 lb,
1651 5408 1696 5443 aec
1711 5393 1830 5455 uolupta-

498 5474 548 5519 tem
562 5470 716 5532 requirentes
731 5481 785 5518 om.
804 5470 823 5518 Β
843 5493 870 5506 -
890 5470 930 5518 lt.
950 5468 991 5532 ab]
1009 5469 1052 5517 sub
1069 5471 1088 5519 B
1109 5497 1133 5508 -
1155 5469 1340 5534 inuestipottoat
1357 5469 1416 5518 Β-
1438 5469 1587 5530 iexposctss
1603 5470 1754 5519 Ernestius:
1770 5478 1830 5530 pos-

498 5548 556 5593 suas
572 5542 651 5592 codd.
671 5545 698 5591 et
714 5542 767 5592 iio
786 5567 814 5579 -
834 5543 874 5592 io.
893 5542 976 5605 etium]
995 5548 1017 5592 et
1034 5544 1053 5592 Β
1074 5571 1100 5580 -
1120 5543 1160 5596 ai.
1179 5546 1281 5593 minore
1296 5541 1440 5606 maioribus]
1458 5543 1595 5592 maioribus
1610 5543 1747 5593 minoribus
1763 5542 1783 5591 B
1800 5564 1828 5575 -

498 5618 539 5667 25.
558 5618 603 5679 bur
618 5618 652 5677 B;
670 5618 708 5665 liis
724 5619 744 5666 0
760 5640 789 5653 -
808 5617 849 5666 26.
868 5618 1033 5695 cognitioque
1041 5619 1189 5669 blanoilus:
1208 5620 1351 5682 copotcieae
1367 5620 1401 5678 Β;
1420 5618 1598 5681 capitotiovel)
1613 5643 1639 5653 -
1659 5618 1700 5666 27.
1719 5614 1829 5676 hiantes]

498 5692 605 5742 moesus
621 5693 643 5742 D
662 5717 690 5728 -
708 5691 750 5741 29.
767 5692 853 5753 sortis,
872 5692 940 5742 testo
955 5706 979 5741 r.
998 5692 1156 5757 Madvigius:
1175 5694 1236 5756 sorti
1252 5696 1273 5743 st
1289 5695 1356 5742 insto
1373 5695 1407 5749 Β;
1425 5693 1498 5755 tortis
1507 5708 1530 5741 r.
1545 5694 1581 5749 1);
1599 5692 1671 5753 sortis
1687 5696 1711 5740 et
1727 5691 1827 5739 turtur.

499 5766 519 5814 O
538 5792 565 5801 -
589 5766 629 5816 30.
647 5766 752 5815 fficiam
769 5767 835 5828 (non
851 5765 972 5827 dumus)
996 5767 1075 5817 etiam
1094 5769 1113 5818 E
1137 5793 1162 5802 -
1186 5766 1227 5816 33.
1245 5768 1299 5831 nec]
1321 5772 1344 5817 et
1365 5768 1383 5816 Β
1408 5793 1435 5802 -
1460 5768 1488 5816 in
1505 5769 1683 5830 primoum.
1706 5763 1831 5826 quaedum

498 5839 598 5890 Nonius
615 5853 642 5903 p.
661 5839 717 5890 see.
737 5866 765 5877 -
788 5839 830 5890 ti.
848 5841 965 5890 meritos
985 5842 1098 5894 Nonius:
1120 5842 1245 5892 mneritas
1266 5841 1345 5892 codd.
1365 5840 1483 5892 Tulliani.
1506 5868 1530 5881 -
1558 5854 1589 5891 oc
1610 5840 1718 5891 mollitio
1737 5837 1787 5889 BE
1804 5837 1831 5887 et

499 5912 611 5963 Nonlus:
631 5919 655 5964 et
670 5914 777 5965 audita
792 5914 833 5976 it;
850 5919 875 5965 et
890 5915 1040 5967 metuero
1060 5943 1086 5953 -
1106 5916 1146 5967 33.
1162 5921 1266 5979 porroet
1283 5917 1312 5967 Β.
