4342 7459
656 1271 724 1334 nvn.
744 1270 799 1335 rv.
827 1270 900 1334 cn.
922 1270 1241 1336 xxvu-xxvnn
1268 1270 1314 1355 §s
1333 1268 1484 1335 xu-so.
1670 1261 1732 1334 us

409 1459 489 1503 esse.
526 1440 567 1501 At
589 1438 665 1522 quid
687 1441 772 1503 inter
793 1447 954 1523 parentem
978 1449 1010 1504 et
1031 1441 1189 1504 servulum
1206 1441 1344 1516 intersit,
1366 1440 1508 1523 intellegi
1531 1447 1562 1504 et
1584 1448 1732 1522 potestat

409 1533 512 1597 dehet.
556 1535 640 1616 Ergo
663 1535 696 1596 in
718 1534 922 1617 guhemando
945 1536 1041 1608 nihil,
1069 1536 1103 1597 in
1125 1533 1230 1599 officio
1253 1535 1424 1618 plurimum
1445 1536 1590 1610 interest,
1613 1555 1676 1617 quo
1698 1535 1731 1597 in

409 1647 524 1710 genere
546 1636 703 1710 peccetur.
739 1630 779 1691 Et
801 1629 826 1691 si
849 1628 882 1690 in
904 1629 973 1712 ipsa
989 1630 1217 1711 gubernatione
1231 1630 1432 1712 neglegentia
1446 1639 1493 1693 est
1508 1629 1597 1693 naus
1613 1649 1732 1703 eversa,

408 1723 511 1785 maius
533 1730 582 1785 est
603 1730 767 1806 peccatum
790 1724 822 1785 in
845 1743 922 1786 auro
945 1744 1040 1806 qnam
1062 1725 1095 1786 in
1118 1724 1219 1806 palea.
1254 1724 1407 1787 Omnibus
1429 1724 1513 1787 enim
1536 1724 1654 1787 artibus
1676 1744 1733 1786 vo·

409 1814 511 1878 lumus
533 1817 713 1879 attributam
736 1836 806 1879 esse
829 1838 914 1892 eam,
937 1837 1019 1901 quae
1041 1818 1217 1882 communis
1239 1818 1417 1901 appellatur
1434 1817 1614 1902 prudentia,
1637 1824 1756 1900 quaml

410 1928 532 1983 omnes,
555 1911 743 1994 cuicumque
761 1908 892 1974 artificio
914 1920 1081 1993 praesunt,
1105 1899 1221 1976 debent
1240 1912 1368 1976 habere.
1400 1912 1448 1975 lta
1466 1933 1508 1975 ne
1522 1912 1584 1977 hoe
1603 1912 1732 1996 quidem

411 2004 504 2067 modo
526 2005 615 2085 paria
636 2013 767 2087 peccata
788 2013 873 2067 sunt

492 2096 636 2159 XXVlll.
659 2096 709 2159 77.
728 2098 868 2181 Urguent
888 2105 995 2162 tamen
1020 2108 1052 2163 et
1073 2101 1152 2163 nihil
1167 2102 1340 2165 remittunt.
1380 2101 1550 2176 Quoniam,
1571 2098 1732 2183 inquiunt,

410 2210 502 2253 omne
530 2198 695 2273 peccatum
718 2191 942 2255 imbecillitatis
965 2200 996 2255 et
1017 2193 1252 2258 inconstantiae
1273 2202 1339 2269 est,
1366 2194 1447 2258 haec
1474 2202 1578 2259 artem
1600 2194 1676 2256 vitia
1699 2193 1732 2255 in

410 2284 556 2347 omnihus
579 2284 683 2347 stultis
705 2306 806 2368 aeque
830 2295 1050 2367 magnasunt,
1073 2308 1204 2352 necesse
1220 2297 1268 2353 est
1282 2289 1371 2371 paria
1385 2308 1455 2352 esse
1470 2294 1617 2371 peccata:
1640 2286 1770 2368 quasitt

410 2398 483 2441 vero
506 2387 560 2441 aut
582 2378 773 2442 concedatur
792 2380 825 2442 in
848 2380 994 2444 omnibus
1016 2381 1120 2444 stultis
1142 2402 1244 2465 aeque
1266 2402 1379 2464 magna
1400 2401 1470 2444 esse
1485 2380 1561 2445 vitia
1575 2388 1607 2441 et
1621 2378 1732 2442 eadem

408 2471 622 2534 imbecillitate
646 2481 677 2536 et
698 2474 910 2536 inconstantia
931 2474 966 2540 L.
990 2475 1149 2538 Tubulum
1170 2475 1283 2550 luisse,
1305 2496 1369 2558 qua
1384 2476 1489 2550 illum,
1511 2473 1601 2538 cuius
1615 2474 1643 2537 is
1658 2493 1733 2537 con·

409 2565 574 2628 demnatus
597 2575 646 2630 est
666 2567 849 2649 rogatione,
877 2569 911 2629 P.
937 2568 1137 2643 Scaevolam,
1160 2576 1192 2633 et
1213 2568 1304 2652 quasi
1327 2569 1406 2633 nihil
1429 2570 1511 2632 inter
1532 2588 1582 2632 res
1604 2587 1732 2650 quoque

408 2659 510 2741 ipsas,
532 2660 565 2721 in
589 2659 702 2742 quihus
725 2669 889 2742 peccatur,
912 2661 1050 2736 intersit,
1070 2672 1120 2737 ut,
1143 2685 1206 2746 quo
1228 2664 1287 2726 hae
1310 2663 1444 2727 maiores
1463 2663 1641 2725 minoresve
1658 2661 1731 2734 sint,

407 2772 446 2816 eo
468 2773 550 2836 quae
572 2762 743 2836 peccentur
764 2754 797 2816 iu
819 2754 869 2817 his
891 2754 986 2817 rebus
1006 2764 1061 2818 ant
1081 2758 1201 2820 maiora
1224 2758 1288 2820 sint
1309 2765 1366 2820 aut
1378 2756 1518 2820 minorat
1550 2751 1770 2837 78.1uqueu

408 2848 533 2909 -iam
560 2848 645 2910 enim
674 2847 879 2911 concludatur
908 2850 1007 2913 oratio
1029 2884 1070 2896 -
1092 2852 1152 2915 hoc
1180 2872 1245 2915 uno
1267 2851 1345 2914 vitio
1373 2851 1510 2914 maxime
1532 2848 1610 2911 mihi
1631 2848 1730 2932 preren

407 2940 554 3003 videntur
579 2940 627 3002 tui
659 2941 776 3015 Stoici,
808 2941 895 3024 quod
922 2963 957 3005 se
989 2963 1085 3025 posse
1113 2952 1224 3028 putant
1252 2946 1331 3008 duas
1360 2944 1532 3008 contrarias
1559 2940 1732 3005 sententias

407 3036 562 3115 optinere.
605 3033 689 3108 Quid
718 3035 803 3097 enim
834 3043 883 3097 est
912 3044 974 3098 tam
1003 3058 1182 3120 repugnans
1205 3058 1300 3121 quam
1329 3039 1465 3101 eundem
1493 3036 1614 3109 dicem,
1645 3034 1731 3118 quod

407 3128 574 3192 honestum
604 3128 662 3201 sit,
691 3129 794 3191 solum
824 3128 856 3191 id
883 3129 1002 3192 bonum
1025 3151 1110 3206 esse,
1140 3132 1194 3215 qui
1215 3133 1301 3195 dieat
1321 3132 1544 3215 appetitionem
1564 3150 1670 3193 rerum
1691 3127 1730 3193 ad

407 3222 577 3285 vivendum
599 3222 904 3287 accommodatarum
927 3243 946 3286 a
968 3233 1079 3287 natura
1103 3225 1294 3308 proiectam?
1327 3227 1376 3287 lta
1397 3245 1469 3289 cum
1490 3244 1528 3287 ea
1550 3222 1661 3287 volunt
1682 3233 1768 3285 re-tt

408 3317 525 3388 tinere,
559 3336 641 3398 quae
675 3316 833 3399 superiori
863 3319 1038 3380 sententiae
1065 3320 1273 3394 conveniunt,
1306 3321 1339 3383 in
1369 3318 1547 3382 Aristonem
1571 3317 1731 3379 incidunt:

408 3430 480 3472 cum
509 3410 541 3472 id
571 3409 716 3491 tugiunt,
746 3430 780 3472 re
810 3410 922 3473 eadem
951 3410 1126 3474 defendunt
1155 3432 1237 3494 quae
1258 3411 1478 3495 Peripatetici,
1506 3410 1602 3474 rerba
1622 3416 1732 3472 tenent

408 3501 578 3566 mordicus.
616 3502 706 3577 Quae
728 3523 836 3566 rursus
859 3503 934 3565 dum
957 3505 1016 3567 sibi
1039 3506 1130 3567 evelli
1153 3525 1194 3568 ex
1216 3526 1272 3570 ore
1292 3506 1420 3579 nolunt,
1445 3504 1638 3569 horridiores
1659 3521 1732 3566 eva-

408 3595 502 3669 dunt,
527 3597 721 3679 asperiores,
749 3597 892 3660 duriores
921 3605 952 3660 et
981 3598 1123 3661 oratioue
1146 3607 1177 3661 et
1199 3601 1347 3664 moribus.
1396 3596 1447 3661 79.
1474 3598 1577 3673 Quam
1603 3596 1731 3661 illorum

406 3690 564 3753 tristitiam
586 3700 684 3773 atque
704 3692 906 3774 asperitatem
926 3692 1052 3773 fugiens
1074 3693 1241 3758 Panaetius
1263 3714 1322 3756 nec
1345 3693 1546 3757 acerbitatem
1561 3690 1768 3754 sententia-rc

407 3804 476 3847 rum
498 3804 557 3847 nec
579 3784 754 3848 disserendi
776 3786 884 3868 spinas
906 3787 1066 3869 probavit,
1094 3784 1218 3869 luitque
1240 3788 1274 3849 in
1295 3787 1395 3851 altero
1417 3807 1531 3870 genere
1554 3786 1679 3860 mitior,
1697 3784 1731 3847 in

407 3878 508 3942 altero
531 3878 696 3953 illustrior,
726 3897 916 3962 semperque
945 3879 1056 3941 hahuit
1077 3879 1110 3942 in
1134 3900 1188 3943 ora
1210 3881 1390 3957 Platonem,
1419 3880 1638 3955 Aristotelem,
1667 3880 1732 3942 Xe·

407 3980 583 4047 nocntem,
606 3972 868 4056 Theophrastum,
891 3972 1128 4046 Dicaearchum,
1149 3982 1184 4037 ut
1201 3974 1434 4057 ipsiusscripta
1450 3973 1626 4038 declarant:
1649 3992 1731 4056 quos

408 4066 536 4149 quidem
559 4067 615 4129 tihi
631 4068 772 4131 studiose
789 4076 821 4129 et
835 4065 1002 4147 diligenter
1015 4068 1196 4130 tractandos
1212 4088 1325 4149 magno
1341 4088 1436 4151 opere
1452 4086 1579 4131 censeo.
1599 4062 1651 4127 80.
1667 4063 1730 4127 Sed

408 4161 557 4242 quoniam
583 4168 614 4223 et
634 4162 867 4242 advesperascit
889 4168 920 4223 et
942 4159 1018 4220 mihi
1041 4159 1081 4221 ad
1104 4159 1210 4223 villam
1233 4164 1454 4225 revertendum
1476 4168 1539 4234 est,
1561 4178 1644 4222 nunc
1659 4157 1767 4240 qui-³⁰

407 4253 478 4315 dem
499 4253 668 4328 hactenus,
689 4276 797 4318 verum
821 4254 882 4316 hoc
904 4254 986 4315 idem
1010 4252 1162 4314 iaciamus
1184 4273 1288 4336 saepe.
1326 4257 1390 4318 Nos
1413 4274 1504 4329 vero,
1531 4253 1637 4335 inquit
1658 4251 1730 4326 ille3

408 4367 478 4410 nam
510 4348 585 4428 quid
614 4369 784 4430 possumus
813 4347 916 4409 facere
939 4347 1073 4408 melius?
1104 4354 1136 4407 et
1157 4346 1237 4408 hanc
1260 4348 1387 4429 quidem
1411 4348 1542 4430 primam
1566 4348 1731 4429 exigama

408 4449 438 4502 te
462 4461 607 4523 operam,
637 4452 672 4504 ut
701 4443 813 4505 audias
835 4462 899 4511 me,
931 4460 1011 4522 quae
1033 4460 1051 4502 a
1074 4448 1104 4501 te
1127 4439 1209 4501 dicta
1232 4448 1321 4514 sunt,
1351 4441 1566 4514 refellentem
1588 4443 1642 4503 scd
1666 4459 1731 4501 me·

407 4543 512 4596 mento
542 4544 587 4607 te,
616 4556 697 4617 quae
720 4556 776 4598 nos
800 4536 987 4606 sentiamus,
1016 4533 1121 4605 omnia
1145 4532 1297 4614 probare,
1319 4535 1379 4597 nisi
1404 4534 1491 4617 quod
1513 4534 1617 4597 verbis
1639 4534 1732 4597 aliter

407 4637 546 4701 utamur,
578 4629 652 4691 mihi
674 4639 777 4692 autem
800 4638 974 4690 vestrorum
998 4627 1078 4689 nihil
1100 4627 1235 4709 probari.
1278 4628 1484 4708 Scrupulum,
1509 4628 1654 4710 inquam,
1675 4626 1768 4690 ath-at

407 4723 511 4796 eunti,
535 4722 590 4785 sed
616 4722 800 4786 videbimus.
838 4723 926 4797 Quae
949 4742 1021 4784 cum
1043 4727 1151 4783 essent
1172 4720 1272 4793 dicta,
1294 4720 1507 4784 discessimus.

472 5011 496 5058 t.
515 5015 537 5059 ct
554 5013 614 5059 ante
630 5015 707 5071 potest
724 5022 778 5059 om.
798 5011 816 5058 B
837 5036 863 5045 -
883 5009 907 5058 6.
926 5010 1071 5069 cuicumque
1089 5006 1243 5069 Madvigius:
1263 5007 1306 5067 qut
1322 5007 1410 5068 usique
1427 5004 1505 5056 codd.
1525 5007 1612 5067 tetiam
1628 5006 1686 5068 BC)
1704 5008 1731 5055 et

407 5083 426 5133 0
446 5110 473 5120 -
493 5085 589 5144 prasini
607 5086 624 5133 B
642 5088 703 5145 (non
722 5085 749 5142 E)
773 5108 799 5117 -
825 5085 923 5144 quidem
938 5084 1011 5131 modo
1027 5082 1104 5143 pario
1124 5081 1280 5130 Lambinus:
1306 5082 1380 5129 modo
1398 5081 1476 5142 pario
1492 5081 1590 5141 amdam
1606 5080 1685 5130 codd,
1704 5083 1731 5130 ct

407 5158 472 5209 MO:
493 5157 526 5207 cl.
542 5160 576 5213 ΙΙ,
596 5158 663 5220 ἓ3ῖ.
680 5185 702 5193 -
725 5159 748 5207 7.
761 5159 810 5207 sint
824 5160 843 5207 E
858 5186 884 5194 -
904 5159 927 5208 8.
943 5158 1074 5218 Quoniam]
1087 5157 1192 5216 omma
1208 5182 1233 5190 —
1254 5157 1278 5205 9.
1296 5157 1366 5220 odio]
1384 5161 1441 5205 sunt
1456 5156 1522 5205 vicia
1538 5156 1557 5205 B
1576 5181 1603 5193 -
1623 5155 1662 5205 tt.
1675 5154 1730 5216 buc]

407 5247 450 5282 acc
467 5235 500 5291 83
520 5247 550 5282 ne
568 5234 586 5282 E
607 5262 633 5270 -
657 5236 695 5283 ⁴5.
714 5234 808 5296 ltaque]
826 5240 901 5295 atquc
917 5234 936 5281 B
956 5237 1016 5293 (non
1028 5233 1056 5290 E)
1072 5259 1099 5269 -
1119 5232 1159 5280 ic.
1177 5231 1265 5294 premi]
1281 5233 1358 5292 primi
1375 5232 1422 5280 BE
1437 5256 1463 5266 -
1483 5230 1523 5280 ta.
1536 5231 1601 5279 enim
1617 5236 1652 5279 cst
1669 5230 1728 5279 BE:

406 5313 440 5355 est
455 5307 521 5355 enim
537 5306 593 5360 alii:
613 5311 676 5356 enim
693 5312 755 5368 (om.
774 5315 816 5366 est}
835 5310 887 5357 M0
907 5334 932 5343 -
953 5309 993 5356 20.
1012 5308 1202 5355 occornmodore
1218 5312 1312 5355 nmero
1329 5308 1348 5355 B
1365 5333 1390 5342 -
1410 5305 1450 5355 23.
1468 5307 1593 5355 mordicus
1610 5318 1663 5355 om.
1682 5304 1730 5354 BE

407 5383 491 5444 spatio
509 5394 593 5429 vacuo
611 5382 710 5432 relicto.
737 5386 783 5443 (De
802 5384 820 5432 E
839 5383 981 5446 Madvigius
998 5380 1079 5430 lalsus
1098 5384 1156 5439 est.)
1177 5405 1202 5415 -
1228 5395 1260 5429 ac
1276 5394 1319 5429 ora
1336 5382 1479 5431 Manutius:
1498 5394 1531 5430 ec
1547 5383 1633 5431 ordino
1650 5378 1729 5431 codd.

408 5456 499 5516 tetiam
518 5457 549 5517 E)
574 5461 601 5506 et
624 5458 676 5506 M0
701 5483 727 5492 -
751 5458 870 5506 volanti}
895 5484 922 5493 -
945 5457 985 5505 32.
1010 5456 1077 5518 quid]
1102 5455 1167 5516 qaod
1183 5455 1231 5505 BE
1251 5480 1276 5490 —
1297 5455 1336 5505 33.
1356 5468 1534 5517 operamne
1551 5461 1573 5505 tc
1589 5468 1642 5506 om.
1662 5455 1681 5504 li
1700 5478 1727 5488 -

407 5528 447 5579 bl.
466 5532 514 5578 nisi
531 5533 551 5579 G
569 5535 595 5580 et
612 5533 758 5581 Manutius:
776 5533 802 5580 ni
820 5533 900 5581 ceteri
912 5530 990 5581 codd.
1006 5555 1031 5565 -
1053 5531 1113 5591 quid
1129 5531 1147 5579 B
1165 5532 1227 5592 (non
1239 5530 1267 5591 El
1282 5555 1308 5566 -
1328 5529 1368 5579 36.
1380 5543 1430 5580 csso
1441 5530 1508 5579 dicto
1519 5530 1567 5580 BE
1581 5555 1606 5567 -
1621 5527 1732 5590 Explicit

406 5604 467 5654 liber
483 5613 589 5667 quartus
606 5608 634 5657 B.
