4342 7459
434 1243 497 1311 loo
882 1248 937 1311 DE
960 1246 1127 1312 DEORUM
1150 1245 1312 1312 NATURA

436 1428 517 1484 rem,
539 1413 576 1471 ut
596 1406 715 1491 apertis
738 1408 873 1473 obscura
894 1404 1130 1492 adsequamur:
1153 1415 1185 1471 at
1206 1408 1376 1471 obscurum
1392 1406 1453 1473 deo
1467 1406 1549 1473 nihil
1563 1414 1671 1492 potest
1685 1427 1768 1475 esse.

435 1505 513 1567 Nam
535 1502 669 1577 iustitie,
692 1521 776 1586 quae
798 1522 890 1566 suum
913 1503 1029 1585 cuique
1053 1501 1228 1576 distribuit,
1257 1502 1335 1585 quid
1358 1503 1493 1586 pertinet
1514 1501 1553 1567 ad
1576 1502 1680 1567 densi
1711 1504 1769 1569 ho-

436 1599 555 1661 minnm
578 1596 664 1660 euim
686 1598 822 1663 societas
843 1604 875 1660 et
897 1597 1116 1670 communitas,
1141 1604 1177 1659 ut
1191 1616 1247 1660 vos
1262 1596 1383 1671 dicitis,
1405 1597 1560 1662 iustitiam
1578 1599 1768 1682 procrearit.

436 1692 657 1776 Temperantia
678 1698 783 1757 autem
806 1697 930 1755 coustm
951 1712 991 1755 ex
1010 1690 1297 1775 praetermittendis
1313 1690 1525 1774 voluptatibus
1540 1696 1693 1777 corporis,
1716 1694 1769 1757 cui

412 1788 463 1851 osi
486 1787 575 1851 locus
597 1787 631 1850 in
653 1786 741 1849 caelo
764 1792 829 1861 est,
857 1791 906 1849 est
933 1786 1027 1848 etiam
1049 1784 1275 1866 voluptatibus.
1312 1786 1391 1847 Nam
1412 1784 1502 1849 fortis
1524 1786 1604 1851 deus
1626 1788 1768 1872 intellegi

436 1881 493 1966 qui
523 1886 630 1963 potest
658 1881 691 1943 in
718 1879 828 1943 dolore
857 1898 897 1943 au
926 1880 961 1942 in
983 1879 1091 1943 labore
1113 1898 1153 1941 an
1176 1880 1208 1941 iu
1232 1878 1390 1961 periculo,
1412 1900 1547 1961 quorum
1571 1879 1667 1944 deum
1689 1881 1770 1945 nihil

436 1975 589 2058 attingit?
624 1970 676 2036 39.
698 1975 763 2036 Nec
785 1974 905 2037 ratione
927 1975 1022 2057 igitur
1044 1980 1183 2035 utentem
1199 1992 1259 2035 uec
1275 1972 1389 2036 virtute
1403 1973 1468 2036 ulla
1483 1974 1660 2058 praeditum
1675 1977 1770 2040 deum

435 2068 620 2152 intellegere
649 2067 705 2151 qni
731 2071 927 2151 possu'musl
959 2069 1024 2129 Nec
1046 2085 1121 2130 vero
1143 2067 1228 2148 volgi
1251 2075 1346 2150 atque
1369 2067 1586 2149 imperitorum
1611 2070 1770 2134 inscitiam

437 2162 604 2247 despicere
626 2183 771 2246 possum,
794 2182 864 2225 cum
888 2180 925 2224 ea
941 2160 1125 2236 considero,
1148 2181 1230 2244 quae
1245 2161 1393 2224 dicuutur
1407 2181 1425 2225 a
1440 2161 1574 2238 Stoicis3
1596 2172 1673 2228 sunt
1686 2164 1771 2228 enim

399 2269 429 2319 4ο
438 2255 492 2320 illa
518 2257 757 2339 imperitorum:
786 2256 905 2338 piscem
936 2255 1006 2338 Syri
1037 2263 1241 2329 venerantur,
1271 2275 1364 2318 omne
1386 2254 1453 2317 lere
1474 2275 1575 2337 genus
1596 2258 1770 2322 bestiarum

436 2350 583 2435 Aegyptii
605 2356 880 2413 consecraverunt
916 2349 982 2412 lam
1004 2369 1079 2413 vero
1102 2350 1133 2411 iu
1150 2349 1281 2411 Graecia
1302 2349 1418 2412 multos
1440 2349 1558 2413 habent
1579 2369 1621 2414 ex
1636 2351 1773 2416 bomini·

435 2444 496 2507 hus
511 2443 609 2507 deos:
631 2444 826 2507 Alabandum
838 2442 1027 2517 Alabandis,
1048 2442 1181 2505 Tenedii
1196 2443 1342 2517 Tenueu,
1364 2441 1591 2519 Leucotheam,
1615 2446 1772 2528 quaefult

437 2537 511 2612 luo,
534 2544 567 2601 et
588 2538 658 2601 eius
676 2538 898 2600 Palaemonem
914 2534 1013 2599 hlium
1028 2543 1141 2599 cuncta
1157 2535 1305 2609 Graecia,
1327 2536 1514 2611 Herculem,
1535 2539 1771 2624 Aesculapium,

438 2630 657 2716 Tyndaridas:
685 2630 856 2694 Romulum
882 2630 982 2693 nostri
1013 2630 1156 2713 aliosque
1183 2631 1369 2711 compluris,
1399 2648 1480 2714 quos
1502 2634 1595 2714 quasi
1618 2652 1719 2697 noros
1741 2639 1773 2697 et

401 2723 656 2806 saadacripticios
685 2724 771 2787 cives
792 2724 825 2786 iu
847 2723 970 2788 caelum
992 2732 1136 2808 receptos
1159 2732 1279 2809 putant.
1316 2724 1400 2787 XVI.
1423 2722 1474 2787 to.
1497 2725 1584 2790 llaec
1606 2726 1706 2810 igitur
1724 2727 1772 2791 iu·

439 2817 534 2881 docti.
566 2816 653 2893 Quid
675 2837 732 2881 vos
754 2818 965 2901 philosophi?
988 2820 1042 2901 qui
1059 2818 1217 2881 meliora?
1245 2817 1362 2881 Omitto
1384 2818 1455 2894 illa,
1478 2827 1553 2884 sunt
1574 2820 1661 2883 euim
1683 2838 1772 2905 prae-

438 2912 542 2975 clara:
564 2912 606 2974 sit
627 2930 703 2974 saue
725 2911 804 2975 deus
825 2913 895 2996 ipse
917 2912 1064 2976 mundus.
1097 2913 1167 2975 Hoc
1190 2910 1286 2975 credo
1307 2909 1385 2975 illud
1408 2931 1478 2975 esse

522 3037 564 3053 -
586 3005 791 3069 sublimen
813 3006 1003 3081 caudens,
1027 3026 1141 3090 quem
1163 3008 1360 3070 invocant
1381 3026 1515 3070 omues
1536 3008 1677 3071 Iovem.

439 3101 511 3178 Qua
538 3121 574 3165 re
603 3101 699 3183 igitur
720 3101 820 3186 pluris
842 3101 1041 3184 adiungimus
1064 3100 1167 3163 deos?
1196 3108 1314 3184 quanta
1335 3107 1442 3163 autem
1465 3108 1513 3164 est
1535 3120 1645 3165 eorum
1667 3102 1773 3167 multi·

401 3196 535 3260 mtudoi
560 3194 636 3259 mihi
659 3196 788 3280 quidem
810 3215 887 3259 sane
909 3195 998 3258 multi
1021 3194 1178 3257 ridentur.
1217 3194 1364 3278 Singulas
1387 3196 1471 3257 enim
1494 3194 1603 3259 stellae
1624 3215 1774 3262 numeras

439 3291 516 3354 deos
539 3309 659 3373 eosque
680 3298 736 3353 aut
757 3290 920 3353 beluarum
942 3290 1073 3353 nomine
1096 3289 1254 3372 appellas,
1283 3296 1318 3352 ut
1340 3288 1489 3371 Capram,
1519 3296 1555 3352 ut
1576 3290 1717 3372 Nepam,
1739 3298 1774 3356 ur

439 3386 591 3459 Taurum,
614 3390 649 3447 ut
670 3384 829 3458 Leonem,
852 3390 908 3447 aut
929 3403 1034 3446 rerum
1056 3384 1282 3456 inanimatum,
1304 3388 1339 3445 ut
1361 3384 1460 3465 Argo,
1482 3390 1517 3445 ut
1537 3385 1643 3458 Aram,
1664 3390 1701 3447 ut
1714 3382 1775 3448 Cu·

439 3495 563 3542 ronam.
608 3472 662 3540 hl.
692 3475 755 3541 Sed
786 3485 823 3541 ut
851 3480 929 3541 haec
957 3477 1188 3552 concedantur,
1217 3477 1340 3559 reliqua
1364 3476 1420 3559 qui
1443 3476 1570 3539 taudem
1592 3495 1658 3540 uon
1681 3477 1774 3542 modo

440 3570 588 3645 concedi,
621 3570 677 3634 sed
708 3572 838 3634 omuino
867 3572 1010 3653 intellegi
1039 3574 1201 3654 possuntt
1234 3570 1312 3632 Cum
1340 3568 1447 3652 fruges
1471 3570 1635 3645 Cererem,
1666 3572 1775 3634 unum

402 3666 590 3734 rsLiberum
608 3665 754 3739 dicimus,
772 3685 889 3747 genere
904 3686 963 3729 nos
979 3665 1107 3750 quidem
1123 3662 1276 3726 sermonis
1291 3663 1411 3725 utimur
1426 3664 1554 3738 usitato,
1569 3663 1626 3727 sed
1642 3684 1776 3749 ecquem

442 3769 504 3824 tum
534 3767 691 3824 amentem
714 3779 784 3823 esse
807 3768 914 3844 putas,
943 3760 999 3843 qui
1021 3759 1119 3832 illud,
1142 3777 1205 3842 quo
1229 3765 1392 3831 vescatur,
1426 3758 1521 3821 deum
1544 3759 1653 3822 credat
1679 3762 1775 3823 essei

442 3857 519 3918 Nam
550 3874 632 3938 quos
657 3854 697 3916 ab
726 3854 909 3917 hominibus
931 3853 1116 3937 pervenisse
1138 3853 1218 3915 dicis
1244 3849 1283 3915 ad
1305 3852 1397 3925 deos,
1425 3861 1459 3914 tu
1483 3852 1598 3915 reddes
1620 3854 1776 3918 rationem

441 3948 598 4032 quemad
621 3946 749 4011 modum
778 3948 810 4010 id
840 3945 906 4011 fieri
934 3947 1075 4031 potuerit
1097 3953 1231 4010 auteur
1252 3942 1318 4007 lieri
1342 3946 1489 4030 desierit,
1521 3954 1553 4010 et
1574 3965 1634 4029 ego
1657 3946 1776 4010 discam

442 4040 588 4104 libenter.
622 4041 694 4115 Quo
722 4040 817 4104 modo
845 4063 928 4106 nunc
950 4042 1079 4126 quidem
1103 4048 1168 4115 est,
1197 4061 1260 4103 non
1283 4040 1393 4114 video,
1424 4060 1487 4122 quo
1510 4048 1603 4123 pacto
1625 4040 1698 4115 ille,
1727 4039 1776 4104 cui

403 4135 499 4203 enain
524 4142 631 4198 monte
654 4134 772 4197 Oetaeo
795 4135 910 4199 inlatae
932 4134 1095 4216 lampades
1117 4133 1284 4207 lueruntn,
1307 4140 1341 4195 ut
1362 4134 1406 4196 ait
1422 4135 1550 4207 Accius,
1571 4132 1630 4197 'uin
1647 4135 1776 4197 domum

442 4235 599 4291 aeternam
624 4231 741 4311 patriar
766 4250 806 4291 ex
828 4229 883 4293 illo
905 4230 1017 4292 ardore
1039 4230 1237 4313 pervenerit,
1265 4247 1359 4309 quem
1382 4235 1487 4290 tamen
1511 4230 1668 4291 Homerus
1691 4229 1777 4311 apud

442 4323 561 4385 inferos
598 4323 760 4385 conveniri
793 4322 868 4386 facit
901 4324 941 4385 ab
975 4323 1065 4386 Ulixe
1099 4323 1180 4384 sicut
1214 4328 1350 4395 ceteros,
1384 4323 1440 4404 qui
1471 4331 1675 4385 excesserant
1704 4324 1777 4385 vita.

443 4413 494 4478 42.
518 4416 732 4500 Quamquam,
758 4437 852 4498 quem
876 4417 1074 4499 potissimum
1098 4416 1268 4478 Herculem
1289 4416 1440 4491 colamus,
1463 4416 1544 4479 scire
1567 4435 1643 4478 sane
1667 4415 1777 4491 velim;

443 4509 543 4594 pluris
566 4510 650 4574 enim
673 4511 801 4573 tradunt
822 4511 913 4573 nobis
936 4511 974 4584 ii,
997 4511 1053 4593 qui
1073 4510 1240 4573 interiores
1257 4518 1436 4573 scrutantur
1452 4520 1483 4573 et
1497 4509 1678 4574 reconditas
1694 4509 1778 4573 litte·

510 4756 533 4805 4.
552 4768 687 4816 opscurum
703 4756 723 4804 A
744 4778 771 4790 -
791 4755 815 4803 2.
834 4755 923 4816 cuique
939 4754 1026 4804 tribuit
1043 4756 1062 4804 E
1083 4781 1109 4790 -
1130 4756 1154 4803 5.
1173 4754 1299 4815 inteilequi
1317 4768 1386 4803 corr.
1401 4766 1436 4804 m.
1452 4767 1507 4803 sec,
1521 4755 1546 4802 iu
1558 4753 1669 4815 intellegi
1685 4752 1777 4814 puiA3

444 4830 551 4893 intellcpi
567 4832 629 4893 (om.
644 4831 697 4892 qui)
716 4831 734 4880 C
750 4857 777 4866 -
797 4830 820 4878 6.
836 4835 917 4891 potest
933 4831 1018 4879 dolore
1034 4845 1068 4879 an
1084 4832 1112 4880 in
1127 4829 1238 4891 periculo
1255 4844 1289 4877 uu
1306 4831 1333 4877 in
1350 4830 1464 4879 dolorcP
1480 4856 1505 4865 -
1525 4829 1549 4878 8.
1568 4829 1694 4877 inscitiam
1706 4840 1776 4877 corr.

444 4917 477 4954 ex
498 4907 614 4954 inscitum
636 4905 688 4953 AV
706 4932 733 4942 -
757 4904 781 4953 9.
800 4904 939 4953 dicitur'V¹
958 4932 990 4941 -
1007 4907 1072 4955 enim
1093 4906 1185 4954 similia
1208 4904 1286 4954 Bake.
1307 4930 1335 4941 -
1361 4905 1401 4953 li.
1421 4904 1557 4953 Alabandis
1579 4897 1778 4966 (Ἅλαβανδεῑς)

444 4981 573 5031 Bouhier:
593 4981 717 5031 Alabandi
734 4979 795 5031 llo.
815 4981 853 5030 Cl.
875 4981 1026 5030 Lachmann
1044 4980 1078 5028 ad
1098 4981 1199 5029 Lucret.
1220 4993 1246 5043 p.
1265 4979 1322 5028 28i.
1344 5005 1371 5014 —
1393 4979 1492 5029 Tenedii
1509 4980 1627 5028 Marsus:
1650 4975 1777 5029 amenta

443 5057 502 5119 (nisi
520 5055 591 5119 quod
609 5058 634 5106 iu
653 5059 673 5107 A
691 5058 752 5105 ante
770 5058 786 5103 d
802 5069 936 5119 superscr.
956 5058 996 5105 est
1013 5070 1044 5112 n,
1064 5058 1093 5103 ut
1110 5055 1144 5103 sit
1161 5054 1265 5113 tenendi)
1284 5054 1303 5102 0
1324 5080 1350 5089 —
1370 5058 1459 5102 tannen
1476 5054 1586 5103 ABPV
1605 5053 1640 5113 [iu
1658 5052 1677 5100 B
1696 5051 1780 5101 altera

442 5144 459 5179 n
476 5143 610 5194 superscr.
629 5131 695 5191 esti:
720 5135 791 5179 tenen
809 5131 845 5186 ῦς
870 5136 967 5179 munna
984 5131 1021 5187 E;
1051 5131 1136 5179 Tenem
1154 5131 1181 5180 0.
1208 5129 1247 5180 Cl.
1267 5130 1369 5179 Verria.
1389 5128 1433 5179 lib.
1454 5130 1463 5177 l
1483 5130 1497 5190 ἓ
1516 5129 1556 5183 49.
1577 5153 1603 5162 -
1627 5128 1781 5178 haselbaum

443 5203 517 5256 llV¹:
542 5206 709 5254 matoneum
726 5210 744 5254 A
756 5205 775 5255 C
786 5204 805 5253 E
816 5202 847 5251 V‘
860 5233 886 5241 -
907 5204 946 5253 43.
961 5205 1018 5254 inca
1033 5206 1071 5265 (in
1084 5205 1184 5265 rasura)
1202 5207 1221 5254 B
1240 5231 1267 5241 -
1287 5205 1423 5266 asclepium
1441 5207 1583 5267 (superscr.
1596 5204 1779 5266 aesculapium)

442 5283 472 5332 C.
492 5281 531 5332 Cl.
550 5280 565 5344 ἓ
583 5280 622 5331 te.
636 5282 677 5329 bl.
690 5279 731 5330 83.
753 5305 779 5315 -
807 5278 848 5328 ll.
866 5284 979 5328 nostrum
997 5279 1019 5330 a
1040 5308 1066 5316 -
1091 5282 1130 5330 45.
1150 5282 1317 5342 adscriptitios
1334 5280 1404 5341 Ac,
1423 5280 1579 5342 ascripticios
1596 5278 1618 5326 V
1638 5304 1664 5313 -
1687 5280 1781 5328 indocti

441 5358 484 5419 oui
504 5355 640 5417 philosophi
662 5356 724 5405 duos
744 5358 788 5419 qui
809 5356 915 5405 meliora
931 5358 949 5405 P
969 5381 996 5392 ·-
1020 5358 1059 5406 ⁴7.
1077 5358 1185 5405 mundus
1202 5359 1261 5406 deus
1276 5359 1330 5419 ipre
1347 5359 1364 5406 P
1386 5383 1413 5393 -
1435 5356 1473 5405 48.
1491 5356 1592 5404 sublimo
1609 5352 1672 5403 ao.
1698 5354 1737 5403 Cl.
1757 5354 1779 5403 ll

442 5431 524 5496 §L-
544 5430 584 5480 49.
602 5436 687 5479 numm
703 5445 789 5481 eorum
805 5434 836 5480 sit
852 5431 1015 5480 multitudoP
1029 5459 1055 5467 —
1076 5434 1116 5481 20.
1129 5444 1336 5481 numeramus--
1346 5432 1501 5494 appellamur
1518 5428 1603 5479 Halm.
1620 5456 1646 5465 -
1666 5429 1707 5477 ii.
1722 5441 1781 5479 ean-

441 5520 488 5568 que
505 5508 524 5555 P
544 5531 571 5542 -
589 5505 686 5566 Nepam
702 5508 823 5557 Ursinus:
847 5504 973 5567 lupam‘ll
994 5534 1018 5544 -
1038 5507 1079 5556 22.
1099 5507 1271 5555 inanimarum
1288 5508 1368 5556 ABV
1386 5509 1423 5567 (in
1442 5506 1491 5555 BV
1509 5518 1543 5554 m.
1564 5517 1619 5554 sec.
1639 5516 1777 5568 superscr.

441 5583 493 5639 tat:
518 5581 664 5629 animarum
682 5580 719 5635 ῦς
742 5581 945 5630 inanimatorum
963 5581 1019 5630 EO.
1040 5580 1078 5629 Cl.
1099 5580 1202 5642 iladvig
1219 5580 1252 5629 nd
1271 5583 1325 5630 Cic.
1345 5581 1378 5631 de
1398 5581 1450 5630 l'iu.
1470 5580 1561 5644 pali.
1579 5607 1606 5615 -
1625 5580 1667 5629 25.
1685 5593 1783 5630 aermo-

441 5668 484 5704 nes
500 5669 570 5706 corr.
590 5656 616 5705 iu
633 5668 745 5705 smmum
762 5656 783 5705 V
800 5682 824 5691 -
843 5657 976 5716 haecquem
994 5656 1144 5715 ABCPV,
1163 5657 1279 5716 hecquem
1291 5658 1311 5706 E
1324 5682 1350 5691 -
1367 5657 1408 5705 26.
1425 5655 1575 5717 putamusC
1591 5680 1617 5689 -
1632 5654 1673 5704 27.
1687 5668 1783 5717 perrre-

442 5731 507 5780 nisre
523 5732 628 5780 dminus
644 5732 701 5781 deos
718 5733 736 5781 Ρ
756 5758 783 5768 -
802 5732 889 5780 reddes
901 5730 1089 5781 ABCEPV¹:
1110 5731 1184 5779 redde
1202 5729 1261 5780 v²0
1277 5759 1302 5767 -
1323 5731 1362 5780 28.
1382 5730 1416 5795 id]
1434 5727 1474 5780 idi
1493 5730 1541 5779 AC
1560 5731 1587 5777 et
1605 5741 1697 5793 margo
1716 5730 1739 5779 V
1754 5756 1781 5767 -

443 5805 484 5856 30.
507 5812 591 5856 oetaeo
609 5807 644 5857 C:
667 5807 910 5866 moctacoAEPV,
934 5813 1029 5856 metaao
1048 5807 1065 5855 Β
1090 5834 1115 5842 -
1136 5806 1237 5867 fuerunt
1253 5809 1291 5855 A:
1314 5806 1407 5866 suerint
1424 5805 1534 5855 8CEV
1557 5828 1584 5839 -
1609 5804 1695 5853 accius
1711 5804 1781 5855 AB:

444 5882 528 5931 accius
544 5882 581 5938 C;
604 5883 717 5932 secunus
734 5883 781 5940 V¹;
804 5883 884 5931 actim
900 5882 946 5940 V²;
965 5882 1045 5932 Attius
1062 5880 1112 5931 ΕΟ
1133 5907 1161 5917 -
1179 5880 1219 5931 34.
1239 5882 1376 5931 armarium
1393 5884 1413 5930 A
1430 5907 1463 5917 -
1481 5881 1521 5930 ³2.
1540 5884 1682 5929 accurunt
1698 5876 1732 5929 V¹
1749 5907 1783 5918 -

443 5956 500 6006 uita
516 5956 552 6020 (tu
564 5967 600 6008 m.
614 5969 669 6008 sec.
683 5957 710 6008 in
721 5956 785 6020 ras.)
797 5970 951 6022 mamaeam
962 5959 1000 6017 A,
1019 5958 1066 6007 uic
1082 5968 1187 6019 uquam.
1206 5970 1282 6019 quam
1298 5959 1317 6008 P
1337 5982 1365 5993 -
1383 5955 1422 6007 34.
1443 5956 1478 6005 nil
1494 5953 1592 6016 ARV,
1613 5954 1640 6005 lii
1656 5955 1686 6005 P.
