4342 7459
728 1250 797 1315 m.
817 1250 872 1316 ru.
900 1249 974 1315 cn.
996 1251 1152 1316 x-xu.
1178 1248 1225 1335 ss
1246 1246 1393 1316 aa-so.
1668 1244 1725 1316 rol

408 1423 578 1503 potestate,
605 1418 710 1501 ipsum
732 1418 870 1502 denique
893 1416 1041 1483 officium.
1087 1419 1212 1496 Quaero
1234 1420 1344 1502 igitur,
1371 1418 1551 1504 quomodo
1577 1418 1638 1484 bae
1662 1428 1732 1485 tan·
1809 1422 1811 1427 ’

408 1520 459 1576 tae
490 1513 782 1575 commendationes
804 1532 822 1575 a
844 1518 955 1576 natura
983 1513 1144 1596 proiectae
1166 1513 1268 1577 subito
1290 1533 1310 1582 a
1331 1511 1486 1596 sapientia
1507 1513 1636 1579 relictae
1659 1516 1732 1579 sint.

408 1602 460 1667 27.
484 1605 579 1681 Quod
601 1606 629 1669 si
651 1625 717 1668 non
738 1606 876 1672 bominis
898 1627 1053 1671 summum
1079 1609 1199 1673 bonum
1221 1627 1462 1692 quaereremus,
1490 1608 1546 1674 sed
1568 1608 1731 1672 cuiusdam

409 1697 596 1773 animantis,
625 1700 653 1764 is
681 1708 786 1764 autem
814 1709 907 1795 esset⁸
920 1702 997 1764 nibil
1023 1702 1085 1766 nisi
1108 1703 1232 1766 animus
1253 1736 1294 1746 —
1316 1703 1409 1767 liceat
1429 1705 1514 1768 enim
1535 1698 1652 1785 fingere
1675 1702 1734 1765 ali·

410 1793 487 1875 quid
517 1794 586 1857 eius
614 1796 719 1870 modi,
750 1816 816 1878 quo
846 1816 954 1859 verum
982 1796 1105 1860 facilius
1128 1796 1321 1879 reperiamus
1343 1830 1402 1871 —,
1431 1804 1536 1860 tamen
1556 1796 1603 1858 illi
1626 1795 1756 1858 animos

409 1906 474 1949 nou
506 1893 590 1951 esset
621 1888 674 1952 bic
704 1898 810 1953 vester
833 1886 914 1951 linis.
955 1887 1157 1952 Desideraret
1178 1887 1261 1952 enim
1282 1887 1512 1965 valetudinem,
1546 1890 1733 1953 vacuitatem

410 1979 546 2056 doloris,
566 1991 732 2067 appeteret
752 1984 848 2047 etiam
870 1982 1143 2046 conservationem
1165 1982 1214 2044 sui
1237 2001 1409 2066 earumque
1435 2003 1539 2046 rerum
1559 1980 1735 2045 custodiam

410 2070 570 2158 finemque
591 2075 652 2139 sibi
674 2077 882 2140 constitueret
903 2075 1075 2139 secundum
1098 2083 1241 2138 naturam
1264 2077 1385 2153 vivere,
1407 2077 1493 2160 quod
1516 2084 1580 2151 est,
1601 2083 1636 2138 nt
1657 2074 1736 2149 dixi,

410 2166 529 2231 babere
550 2186 605 2242 ea,
628 2188 709 2251 quae
731 2170 905 2232 secundum
927 2176 1072 2231 naturam
1095 2169 1172 2243 sini,
1195 2169 1243 2233 rel
1266 2170 1373 2235 omnia
1387 2172 1438 2235 rel
1459 2170 1595 2254 plurima
1617 2177 1650 2233 et
1670 2187 1736 2231 ma·

410 2260 508 2323 xima.
550 2257 601 2323 28.
625 2261 859 2345 Cuiuscumque
889 2262 972 2325 enim
1001 2262 1085 2325 modi
1116 2261 1233 2327 animal
1262 2266 1480 2340 constitueris,
1512 2286 1643 2331 necesse
1672 2272 1775 2339 esau

411 2357 507 2418 etiam
529 2354 557 2418 si
580 2355 612 2418 id
634 2356 703 2419 sine
725 2375 858 2437 corpore
879 2355 937 2430 sit,
959 2358 1181 2441 attingimus,
1204 2366 1393 2424 tamenesse
1412 2360 1564 2425 inanimo
1580 2358 1737 2443 quaedam

411 2448 527 2511 similia
555 2467 679 2523 eorum,
707 2468 789 2531 quae
811 2449 939 2512 suntin
962 2470 1113 2534 corpore,
1141 2458 1178 2515 nt
1199 2452 1288 2516 nullo
1310 2454 1423 2529 modo,
1446 2454 1507 2518 nisi
1531 2463 1565 2519 ut
1586 2452 1737 2538 exposui,

411 2541 561 2606 constitui
584 2543 687 2626 possit
708 2543 781 2606 finis
803 2543 970 2606 bonorum.
1015 2545 1209 2630 Chrysippus
1231 2553 1335 2612 autem
1358 2568 1520 2633 exponens
1542 2546 1738 2611 differentias

412 2635 617 2700 animantium
638 2638 683 2700 ait
704 2637 781 2701 alias
803 2656 911 2700 earum
935 2658 1066 2722 corpore
1090 2640 1264 2715 excellere,
1292 2639 1370 2704 alias
1392 2649 1499 2705 autem
1520 2641 1641 2715 animo,
1674 2659 1738 2702 non

412 2730 516 2796 nullas
546 2732 653 2795 valere
679 2739 814 2817 utroquo
836 2751 885 2806 re,
915 2731 1029 2797 deiude
1053 2735 1208 2816 disputat,
1240 2734 1326 2817 quod
1348 2735 1504 2818 cuiusque
1525 2735 1650 2817 generis
1671 2733 1777 2796 ani-rs

412 2827 565 2890 mentium
593 2827 690 2890 statui
720 2826 830 2888 deceat
862 2831 1048 2891 extremum.
1094 2828 1171 2892 Cum
1197 2835 1304 2892 autem
1324 2827 1485 2891 bominem
1506 2827 1540 2891 in
1562 2847 1601 2891 eo
1623 2845 1739 2909 genere

411 2920 589 3003 posuisset,
618 2928 654 2984 ut
682 2920 712 2983 ei
734 2920 887 2983 tribueret
906 2920 1004 2984 animi
1028 2922 1265 2995 excellentiam,
1293 2942 1448 2985 summum
1469 2921 1588 2986 bonum
1609 2922 1641 2986 id
1664 2940 1740 2984 con·

414 3013 523 3089 stituit,
545 3034 612 3078 non
633 3022 670 3078 ut
691 3014 847 3078 excellere
860 3015 993 3089 animus,
1015 3015 1070 3078 sed
1095 3025 1130 3079 ut
1151 3016 1230 3079 nibil
1253 3035 1323 3079 esse
1345 3025 1471 3098 praeter
1491 3016 1630 3079 animum
1652 3014 1740 3078 ride-

412 3118 506 3174 retur.
557 3109 628 3172 xli.
658 3108 727 3172 Uno
760 3116 865 3172 autem
898 3108 992 3173 modo
1022 3109 1056 3171 in
1084 3110 1199 3172 virtute
1228 3108 1297 3172 sola
1326 3129 1483 3172 summum
1511 3109 1630 3172 bonum
1654 3116 1740 3172 recte

413 3209 597 3286 poneretur,
626 3203 653 3266 si
681 3202 766 3287 quod
796 3211 881 3267 esset
908 3202 1038 3276 animal,
1070 3202 1157 3286 quod
1186 3211 1289 3266 totum
1312 3223 1352 3266 ex
1374 3211 1480 3266 mente
1502 3210 1676 3278 constaret,
1706 3201 1778 3265 idto

412 3298 516 3379 ipsum
538 3305 644 3359 tamen
667 3297 729 3370 sic,
752 3304 788 3360 ut
809 3316 846 3360 ea
869 3316 957 3360 mens
979 3298 1059 3360 nibil
1081 3298 1213 3362 baberet
1233 3298 1266 3361 in
1289 3319 1337 3373 se,
1360 3297 1444 3382 quod
1461 3303 1546 3361 esset
1566 3297 1739 3360 secundum

413 3398 573 3465 naturam,
603 3398 640 3453 nt
667 3390 815 3455 valetudo
838 3401 895 3454 est.
938 3388 990 3455 29.
1013 3392 1075 3455 Sed
1098 3393 1131 3455 id
1154 3412 1193 3455 ne
1215 3391 1346 3475 cogitari
1370 3392 1498 3476 quidem
1520 3397 1625 3475 potest
1646 3390 1740 3475 quale

414 3484 470 3561 sit,
491 3495 612 3548 utnon
634 3493 791 3570 repugnet
811 3486 915 3567 ipsum
939 3485 1009 3549 sibi.

498 3581 553 3643 Sin
575 3579 654 3644 dicit
673 3579 835 3643 obscurari
859 3579 1015 3662 quaedam
1030 3601 1088 3644 nec
1103 3600 1262 3665 apparere,
1285 3580 1361 3665 quia
1375 3578 1468 3643 valde
1483 3599 1579 3662 parra
1593 3579 1665 3654 sint,
1680 3589 1740 3645 nos

414 3691 543 3758 quoque
567 3671 787 3735 concedimus:
819 3672 904 3756 quod
929 3673 1004 3737 dicit
1024 3674 1180 3758 Epicurus
1203 3676 1296 3739 etiam
1320 3675 1358 3737 de
1380 3674 1558 3757 voluptate,
1580 3693 1661 3756 quae
1683 3676 1778 3738 mi-ss

412 3766 518 3831 nimae
540 3768 603 3831 sint
623 3766 818 3848 voluptates,
841 3787 895 3830 eas
917 3768 1078 3831 obscurari
1101 3789 1195 3851 saepe
1218 3769 1373 3832 etobrui.
1406 3767 1467 3830 Sed
1485 3788 1550 3831 non
1565 3769 1685 3832 suntin
1700 3789 1739 3832 eo

414 3880 529 3943 genere
551 3869 657 3925 tantm
678 3860 921 3923 commoditates
943 3862 1084 3943 corporis
1106 3870 1232 3946 tamque
1255 3862 1427 3945 productae
1449 3863 1641 3945 temporibus
1660 3870 1741 3925 tam·

414 3975 476 4039 que
509 3955 635 4018 multae.
683 3955 794 4038 ltaque
820 3955 852 4016 in
882 3954 997 4037 quibus
1026 3962 1154 4038 propter
1182 3975 1289 4019 eorum
1326 3955 1528 4037 exiguitatem
1560 3956 1739 4020 obscuratio

414 4049 635 4133 consequitur,
663 4068 756 4131 saepe
785 4048 898 4112 accidit
924 4056 960 4112 ut
988 4048 1069 4111 nibil
1099 4050 1251 4114 iuteresse
1273 4057 1382 4113 nostra
1403 4049 1570 4124 fateamur,
1599 4050 1664 4113 sint
1685 4048 1739 4111 illa

415 4162 516 4206 necne
544 4143 623 4217 sint,
653 4150 688 4205 ut
717 4143 748 4204 in
776 4143 860 4217 sole,
891 4141 977 4225 quod
1004 4161 1022 4204 a
1045 4151 1074 4206 te
1098 4143 1277 4219 dicebatur,
1308 4144 1467 4208 lucernam
1489 4143 1637 4207 adbibere
1660 4141 1776 4204 nihilao

414 4237 548 4300 interest
573 4246 628 4300 aut
655 4237 833 4300 teruncium
860 4237 986 4299 adicere
1017 4237 1123 4301 Croesi
1154 4239 1317 4320 pecuniae.
1361 4235 1411 4298 30.
1435 4237 1556 4312 Quibus
1578 4245 1683 4300 autem
1704 4236 1737 4297 in

415 4331 509 4394 rebus
531 4339 617 4395 tanta
637 4331 815 4395 obscuratio
838 4351 901 4394 nou
924 4327 972 4404 lit,
996 4326 1062 4394 fieri
1086 4340 1189 4395 tamen
1213 4339 1316 4412 potest
1336 4339 1372 4393 ut
1391 4331 1423 4392 id
1438 4332 1559 4414 ipsum,
1582 4329 1668 4415 quod
1690 4329 1739 4391 in-

417 4433 528 4500 terest,
557 4446 621 4490 non
650 4426 692 4488 sit
720 4445 877 4508 magnum.
921 4426 960 4488 Ut
989 4424 1031 4497 ei,
1061 4426 1117 4508 qui
1147 4426 1283 4488 iucunde
1305 4426 1420 4488 vixerit
1440 4445 1539 4488 annos
1561 4424 1688 4498 decem,
1711 4424 1738 4487 si

416 4537 517 4602 aeque
543 4520 608 4583 vita
637 4517 775 4583 iucunda
805 4526 965 4583 menstrua
986 4520 1135 4594 addatur,
1163 4521 1238 4603 quia
1260 4526 1450 4582 momentum
1472 4518 1603 4602 aliquod
1624 4517 1740 4580 babent

416 4611 456 4674 ad
485 4613 655 4676 iucundum
684 4613 839 4687 accessio,
869 4614 986 4676 bonum
1017 4613 1075 4676 sita
1109 4616 1135 4677 si
1163 4623 1267 4677 autem
1295 4614 1326 4676 id
1350 4635 1414 4677 non
1438 4612 1641 4686 coucedatur,
1674 4626 1776 4675 nonas

417 4707 568 4771 contiuuo
590 4708 655 4771 rita
675 4708 769 4770 beata
791 4707 918 4770 tollitur.
963 4706 1050 4769 Bona
1072 4715 1177 4770 autem
1200 4708 1339 4791 corporis
1361 4708 1435 4770 huic
1456 4715 1547 4781 sunt,
1573 4707 1659 4789 quod
1681 4725 1739 4788 po·

417 4801 532 4863 sterius
554 4801 665 4885 posui,
688 4800 850 4863 similiora.
893 4800 1017 4863 Habent
1039 4803 1121 4863 enim
1144 4803 1356 4865 accessionem
1379 4800 1521 4882 diguam,
1543 4800 1655 4882 inqua
1676 4799 1741 4862 ela·

417 4891 565 4968 boretur,
587 4900 622 4957 ut
644 4893 722 4956 mibi
744 4894 778 4956 in
799 4895 860 4957 boc
877 4894 974 4958 Stoici
990 4895 1088 4957 iocari
1103 4894 1271 4958 videantur
1285 4895 1458 4969 interdum,
1480 4914 1551 4957 cum
1566 4893 1609 4956 ita
1625 4892 1740 4972 dicant,

418 4987 443 5047 si
464 4985 506 5049 ad
526 4987 614 5050 illam
635 4990 745 5063 dmm,
768 5008 850 5071 quae
875 5008 945 5051 cum
969 4988 1084 5052 virtute
1107 4989 1251 5072 degatur,
1274 4989 1413 5073 ampulla
1434 4996 1489 5051 aut
1505 4987 1636 5070 strigilis
1650 5005 1740 5050 acce-

482 5267 507 5316 l.
524 5281 573 5330 quo
588 5269 671 5331 modo]
687 5265 740 5332 qud
757 5270 813 5319 BE.
834 5269 872 5320 Cl.
892 5268 906 5333 S
925 5270 965 5319 ll.
984 5269 1024 5319 33.
1046 5296 1072 5306 -
1091 5271 1146 5335 boe]
1162 5272 1204 5321 bec
1220 5270 1268 5321 BE
1286 5296 1312 5305 -
1332 5270 1356 5320 3.
1374 5270 1482 5319 homines
1498 5269 1547 5320 ΒΕ
1567 5297 1594 5307 -
1613 5282 1742 5331 queremus

418 5339 466 5389 ΒΕ
484 5366 511 5377 -
536 5341 561 5394 l.
579 5342 609 5408 la]
625 5344 670 5405 bys
686 5345 735 5394 BE
754 5370 781 5381 -
807 5346 847 5394 li.
865 5351 894 5393 ut
910 5344 986 5408 ηυὶὶο]
1004 5351 1026 5394 et
1042 5346 1110 5395 callo
1127 5346 1146 5395 Β
1166 5373 1193 5383 -
1220 5345 1494 5396 cenomanenses:
1520 5345 1655 5394 animantis
1672 5345 1691 5395 0
1711 5368 1739 5381 -

419 5414 459 5464 46.
476 5428 567 5479 peren
584 5430 638 5468 om.
657 5419 676 5468 Β
695 5445 722 5455 ·-
743 5421 782 5470 48.
802 5421 921 5470 excelles
937 5421 1035 5469 coimus
1052 5422 1114 5471 BC:
1135 5422 1263 5471 excelleret
1280 5421 1379 5470 animus
1393 5422 1429 5475 D:
1448 5419 1566 5469 ascellam
1582 5420 1666 5468 ocioso
1678 5419 1698 5468 0
1712 5446 1740 5456 -

417 5488 459 5539 st.
476 5492 539 5541 sicat
556 5492 617 5554 (non
634 5493 677 5554 stol
696 5495 775 5544 etiam
793 5495 812 5544 E
832 5521 858 5529 -
878 5496 919 5544 tt.
937 5496 964 5542 id
979 5495 1018 5558 ce]
1036 5509 1066 5544 ne
1082 5497 1109 5544 id
1125 5497 1143 5545 Β
1164 5525 1190 5533 -
1210 5495 1250 5546 il.
1269 5497 1353 5545 dicant
1369 5496 1418 5545 BE
1437 5495 1464 5555 (B
1482 5508 1531 5558 per
1544 5491 1741 5557 compendium)

422 5589 448 5600 -
467 5564 597 5616 &mori
613 5569 737 5629 quaedam
754 5568 848 5618 codd:
868 5570 991 5630 quaedam
1008 5569 1137 5618 obscurata
1154 5572 1218 5619 0-
1234 5572 1275 5620 tt.
1294 5572 1368 5620 aiom
1385 5569 1448 5618 BE:
1467 5580 1520 5618 om.
1539 5568 1592 5618 tto
1606 5592 1632 5601 -
1652 5567 1692 5616 26.
1711 5565 1744 5630 et]

418 5639 498 5687 eciam
514 5641 533 5689 Β
553 5666 579 5677 -
599 5641 641 5693 ta.
659 5656 745 5693 sonan
761 5646 789 5695 Ρ.
809 5644 953 5693 llanutius:
972 5657 1059 5693 aarum
1076 5644 1154 5694 codd.
1173 5648 1200 5695 et
1217 5648 1236 5694 0
1255 5672 1281 5681 —
1301 5646 1341 5695 30.
1359 5644 1442 5710 mene]
1459 5657 1534 5693 neme
1550 5643 1638 5693 BE-
1657 5643 1684 5691 is
1700 5655 1744 5691 so·

419 5712 467 5762 lem
482 5713 534 5765 BD
554 5739 582 5752 ·-
600 5718 673 5783 quod]
692 5719 770 5781 quill
790 5745 816 5754 -
836 5718 876 5768 ³⁴.
896 5720 948 5781 cut]
965 5726 993 5769 at
1010 5722 1029 5769 E
1049 5748 1075 5757 -
1095 5721 1136 5770 32.
1153 5722 1181 5783 til
1198 5720 1355 5783 Madvigius:
1376 5721 1407 5769 sit
1424 5718 1501 5769 codd.
1521 5720 1547 5768 et
1564 5718 1584 5766 0
1600 5743 1633 5753 -
1649 5716 1691 5767 35.
1709 5719 1744 5767 ad

420 5788 556 5839 Μανῆ
571 5795 677 5843 comeo
693 5793 851 5844 Lambinus:
875 5796 909 5843 od
925 5796 1060 5845 tumendum
1076 5799 1237 5846 occasionem
1255 5799 1289 5853 Β;
1314 5797 1347 5845 cd
1368 5796 1500 5845 iocundam
1517 5792 1678 5843 accessionem
1694 5793 1743 5843 ΒΕ

423 5886 450 5899 -
470 5862 561 5914 m
576 5872 660 5917 suen
675 5868 705 5917 st.
723 5868 752 5917 Si
767 5875 851 5918 noum
867 5870 888 5918 Ι)
908 5896 931 5907 -
952 5872 974 5918 si
989 5870 1082 5920 codd:
1102 5872 1140 5921 sin
1158 5885 1219 5922 cum
1236 5872 1350 5921 Manutio
1367 5871 1431 5921 0-
1447 5869 1488 5919 37.
1506 5866 1636 5931 similiora]
1653 5868 1675 5917 st
1690 5881 1744 5918 πιο-

421 5936 488 5989 liora
502 5939 552 5991 ΒΕ
569 5967 603 5980 -
618 5941 660 5994 tt.
678 5942 792 6008 donatur]
810 5944 909 5994 dicmur
925 5944 954 5994 B.

474 6040 658 6092 omacrr.
1509 6032 1545 6101 ll
