4342 7459
663 1244 801 1309 nnnc
830 1239 1223 1309 cmxxu-xxvun
1244 1234 1475 1323 §soc-ror.
1669 1234 1732 1301 ree

407 1406 465 1473 aed
486 1425 572 1482 eam,
594 1411 630 1470 ut
650 1424 702 1469 res
724 1404 882 1479 declarat,
909 1403 1021 1470 falsam
1042 1403 1210 1468 iudicavitr
1239 1421 1321 1487 quae
1342 1408 1410 1468 erat
1429 1401 1519 1468 talias
1547 1418 1677 1465 manere
1697 1398 1732 1463 in

407 1502 525 1585 patria,
547 1521 618 1565 esse
640 1498 749 1565 domui
770 1519 848 1565 suae
868 1519 938 1563 cum
960 1519 1077 1573 uxore,
1101 1518 1172 1563 oum
1194 1496 1312 1573 liberis,
1334 1517 1430 1580 quam
1452 1496 1660 1562 calamitatem
1680 1514 1733 1560 ac·

408 1595 551 1678 cepisset
578 1595 612 1658 io
637 1593 723 1658 hello
752 1612 951 1657 communem
978 1593 1126 1657 fortunae
1152 1591 1286 1657 bellicae
1313 1592 1507 1656 iudicantem
1528 1600 1636 1665 tenera
1657 1612 1733 1657 oon·

408 1688 523 1754 solaris
546 1688 707 1772 dignitatis
728 1687 871 1772 gradum.
917 1688 996 1763 Quis
1022 1687 1103 1752 haec
1133 1694 1228 1770 negat
1248 1706 1319 1751 esse
1339 1685 1450 1751 uliliat
1481 1706 1577 1772 quern
1599 1691 1732 1753 censeat

406 1782 594 1865 Magnitudo
625 1782 722 1847 animi
752 1789 785 1848 et
812 1780 964 1847 fortitudo
992 1789 1097 1865 negat
1146 1780 1276 1844 XXVII.
1306 1775 1378 1842 l00.
1406 1780 1488 1844 Num
1509 1780 1756 1865 locupletiorceo

407 1875 537 1958 quaeris
558 1879 725 1941 auctorest
761 1877 881 1941 Harum
902 1876 988 1941 enim
1010 1884 1059 1940 eet
1079 1876 1230 1939 virtmum
1244 1874 1408 1957 proprium
1423 1873 1504 1938 nihil
1517 1876 1733 1951 extimescere,

407 1969 514 2033 omnia
533 1967 674 2034 humana
696 1970 879 2054 despicere,
908 1969 990 2033 nihil
1020 1968 1109 2055 quod
1131 1968 1253 2032 homini
1274 1966 1419 2032 accidere
1438 1969 1541 2054 possit
1560 1969 1734 2034 intoleran-

408 2061 482 2125 dum
511 2069 634 2146 putare.
677 2064 788 2148 ltaque
817 2062 895 2148 quid
923 2064 1021 2127 fecitl
1064 2065 1101 2125 ln
1123 2069 1268 2127 senatum
1289 2061 1387 2137 venit,
1407 2063 1556 2128 mandata
1575 2064 1734 2147 exposuit,

407 2156 597 2222 seutentiam
618 2176 659 2220 ne
682 2156 804 2222 diceret
824 2157 997 2231 recusarit,
1022 2175 1138 2240 «quam
1160 2154 1215 2220 diu
1237 2155 1305 2219 iure
1325 2156 1461 2221 iurando
1481 2155 1622 2222 hostiurn
1643 2162 1734 2221 tene·

405 2255 504 2324 retur,
526 2268 593 2313 non
614 2268 684 2314 esee
706 2270 740 2313 se
763 2258 970 2314 senatorem.»
1007 2250 1114 2333 atque
1135 2247 1215 2312 illud
1237 2249 1333 2314 etiarn
1354 2284 1395 2297 -
1419 2269 1459 2314 ao
1481 2250 1611 2315 stultum
1632 2250 1771 2316 homi-so

405 2360 499 2407 uem»
523 2340 639 2406 dixerit
660 2343 818 2427 quispiam
842 2351 891 2407 set
911 2351 1141 2428 repugnantem
1155 2342 1285 2408 utilitati
1299 2346 1416 2410 suaelo
1432 2346 1579 2410 -reddi
1592 2347 1734 2431 captivos

407 2435 536 2518 negavit
558 2454 629 2500 esse
650 2436 747 2501 utile:
770 2437 844 2500 illos
865 2437 951 2501 enim
972 2435 1194 2502 adulescentes
1215 2456 1286 2501 esee
1308 2444 1341 2502 et
1360 2438 1462 2503 honos
1484 2438 1593 2515 duces,
1614 2458 1649 2504 se
1669 2438 1734 2504 iam

408 2529 589 2595 conlectum
618 2538 791 2595 senectute.
841 2530 939 2596 Cuius
968 2550 1040 2596 cum
1067 2530 1220 2595 valuisset
1248 2532 1440 2608 ramentas,
1476 2533 1592 2618 captivi
1619 2532 1734 2598 retenti

408 2632 497 2702 sunt,
526 2625 596 2708 ipse
616 2625 842 2708 Karthaginem
863 2625 976 2700 rediit,
1009 2645 1116 2709 neque
1144 2646 1218 2690 eum
1245 2628 1359 2691 caritas
1379 2627 1501 2712 patriae
1521 2628 1654 2693 retinuit
1673 2646 1735 2692 neo

408 2740 548 2784 suorum.
591 2721 703 2803 Neque
725 2739 801 2784 vero
823 2727 889 2784 tum
911 2720 1076 2804 ignorabat
1097 2739 1132 2783 ee
1154 2721 1194 2785 ad
1217 2722 1469 2787 crudelissimum
1488 2722 1613 2788 hostem
1640 2730 1672 2788 et
1691 2721 1733 2787 ad
1742 2732 1771 2781 ⁴⁶

408 2814 570 2898 exquisita
591 2815 749 2898 supplicia
770 2812 944 2899 proficisci,
972 2816 1028 2882 sed
1050 2817 1101 2880 ius
1123 2815 1291 2882 iurandum
1315 2818 1569 2884 conservandum
1591 2817 1733 2900 putabat

408 2910 521 2994 ltaque
543 2916 627 2984 turn,
655 2929 727 2973 oum
757 2909 920 2993 vigilam
948 2910 1137 2985 necabatur,
1165 2917 1234 2975 erat
1260 2912 1294 2975 in
1314 2912 1447 2977 meliore
1469 2930 1564 2977 causa
1587 2908 1735 2995 quamsi

408 3002 496 3067 domi
518 3023 618 3067 senex
638 3004 794 3086 captivus,
822 3004 969 3087 periurus
990 3005 1167 3069 consularis
1188 3006 1403 3071 remansisset.
1451 3000 1524 3069 tol.
1548 3004 1608 3068 sac
1627 3003 1734 3078 stulte,

408 3100 466 3183 qui
487 3119 550 3164 non
572 3098 668 3163 modo
689 3117 757 3161 non
777 3098 938 3162 censuerit
957 3099 1098 3182 captivos
1120 3098 1343 3173 remittendos,
1364 3119 1473 3163 rerum
1494 3097 1590 3164 etiem
1611 3096 1735 3161 dissua-

407 3193 513 3257 serit.»
559 3193 631 3268 Quo
654 3190 749 3255 modo
771 3191 889 3255 stultat
921 3191 1073 3267 etiamne,
1095 3193 1123 3256 si
1142 3192 1191 3257 rei
1212 3192 1357 3276 publicae
1377 3192 1597 3258 eonduoehntt
1629 3197 1772 3275 potestat

408 3292 533 3360 autem,
556 3285 644 3369 quod
666 3286 777 3350 inutile
798 3286 845 3350 rei
866 3286 1014 3370 publicae
1035 3286 1093 3361 sit,
1114 3286 1147 3350 id
1169 3286 1319 3371 cuiquam
1341 3287 1404 3353 oiri
1425 3286 1504 3350 uh'le
1525 3288 1620 3351 esset

492 3380 638 3445 xxvtss.
672 3381 860 3445 Pervertunt
885 3380 1033 3444 homines
1060 3399 1114 3455 ea,
1143 3400 1226 3465 quae
1255 3388 1330 3446 sunt
1357 3380 1564 3447 fundamenta
1591 3384 1734 3455 naturae,

408 3493 481 3537 cnm
508 3473 676 3539 utilitatem
703 3475 744 3539 ah
771 3475 939 3540 honestate
968 3475 1149 3557 seiungunt.
1199 3475 1318 3540 Omnes
1339 3476 1425 3542 euim
1445 3474 1627 3559 expetimus
1647 3472 1734 3538 utili·

408 3574 504 3632 tatem
526 3566 568 3631 ad
589 3587 724 3651 eamque
744 3569 887 3651 rapimur
907 3588 967 3632 nec
987 3566 1092 3632 lacere
1113 3568 1207 3634 aliter
1227 3568 1294 3632 ullo
1316 3568 1411 3633 modo
1432 3588 1610 3652 possamus.
1653 3568 1734 3632 Nam

408 3660 481 3744 quis
503 3661 628 3743 estqui
649 3661 740 3725 utilia
761 3662 884 3745 tugiatt
905 3670 960 3727 aut
981 3664 1051 3747 quia
1073 3663 1181 3746 petius
1202 3662 1259 3747 qui
1281 3682 1399 3728 canon
1414 3661 1647 3728 studiosissime
1661 3668 1771 3745 per-²⁸

408 3758 581 3838 sequaturl
624 3754 688 3818 Sed
716 3756 793 3840 quia
818 3775 975 3840 nusquam
1002 3776 1172 3841 pessumus
1195 3755 1257 3821 nisi
1277 3757 1312 3821 in
1332 3756 1443 3833 lande,
1473 3754 1607 3832 decore,
1633 3754 1735 3821 hone-

409 3854 490 3911 state
512 3847 602 3912 utilia
624 3849 782 3933 reperire,
810 3859 978 3934 propterea
999 3851 1055 3916 illa
1075 3852 1177 3934 prima
1198 3856 1231 3912 et
1252 3869 1374 3915 summa
1394 3848 1564 3925 hahemus,
1586 3847 1734 3914 utilitatis

408 3961 525 4006 nomeu
552 3962 617 4007 non
646 3951 712 4009 tam
740 3944 943 4028 splendidum
971 3964 1067 4028 quam
1096 3944 1309 4009 necessarium
1337 3943 1493 4008 ducimus.
1543 3938 1616 4006 lot.
1647 3940 1734 4018 Quid

409 4044 457 4100 eat
477 4036 589 4118 igilur,
611 4035 730 4100 dixerit
751 4036 844 4120 quie,
864 4038 900 4100 in
922 4038 991 4101 iure
1013 4038 1169 4102 iurandol
1206 4039 1287 4102 Num
1309 4037 1424 4103 iratum
1445 4040 1591 4103 tinamm
1604 4036 1734 4101 loveml

408 4131 450 4193 at
469 4129 531 4194 hoc
552 4130 683 4215 quidem
705 4150 871 4195 commune
894 4138 943 4195 est
964 4131 1107 4194 omnium
1129 4130 1406 4214 philosophorum,
1420 4151 1486 4196 non
1500 4149 1612 4197 eorum
1628 4126 1772 4205 modo,³⁰

409 4224 466 4307 qui
487 4224 582 4287 deum
603 4225 681 4290 nihil
703 4226 821 4290 hahere
842 4227 946 4309 ipsum
968 4226 1089 4307 negotii
1111 4224 1239 4299 dicunt,
1267 4223 1348 4288 nihil
1369 4224 1522 4290 exhihere
1543 4224 1650 4298 alteri,
1676 4222 1734 4288 sed

408 4338 517 4382 eorum
540 4318 646 4394 etiam,
670 4321 724 4403 qui
746 4319 840 4381 deum
863 4340 987 4403 semper
1007 4337 1101 4400 apere
1116 4316 1239 4400 aliquid
1255 4323 1287 4380 et
1301 4317 1406 4379 moliri
1420 4317 1546 4395 volunt,
1562 4336 1735 4401 numquam

408 4431 468 4474 nec
489 4412 584 4476 irasci
606 4412 700 4476 deum
727 4434 787 4478 neo
808 4433 933 4478 nocere.
977 4411 1064 4488 Quid
1092 4418 1199 4475 autem
1227 4411 1326 4475 iratus
1345 4412 1489 4496 luppiter
1518 4412 1590 4495 plus
1617 4429 1734 4476 nocere

409 4506 564 4588 potuisset
585 4527 682 4591 quam
703 4508 814 4573 nocuit
834 4508 895 4572 sihi
917 4508 987 4592 ipse
1001 4505 1163 4588 Requlusl
1198 4504 1293 4569 Nulla
1312 4505 1409 4588 igitur
1422 4506 1469 4572 vis
1482 4505 1545 4572 luit
1557 4505 1735 4589 religionis¹

410 4617 493 4681 quae
523 4606 642 4667 mutam
669 4603 838 4667 utilitatem
867 4609 1072 4686 perverteret.
1113 4600 1164 4664 Au
1192 4618 1233 4663 ne
1260 4600 1394 4683 turpiter
1413 4598 1552 4664 facoeetl
1595 4600 1771 4664 summes

413 4693 562 4759 «minima
590 4695 774 4760 demoliar
818 4698 899 4762 Num
929 4697 1024 4779 igitur
1052 4702 1174 4759 tantum
1203 4693 1278 4759 mali
1307 4693 1470 4778 turpiludo
1496 4694 1560 4760 iata
1585 4690 1734 4770 habehat,

409 4797 565 4871 quantum
587 4790 642 4855 ille
663 4791 846 4857 cruciatus?
880 4790 1004 4856 Deinde
1025 4789 1106 4855 illud
1127 4789 1223 4855 etiam
1245 4790 1329 4872 apud
1349 4789 1490 4865 Accium,

922 4957 965 4972 -
1006 4951 1049 4970 -
1091 4955 1132 4968 -
1174 4921 1371 5006 Fregistin
1398 4919 1543 4987 lideml

577 5016 707 5101 Neque
735 5016 824 5081 dedi
853 5037 982 5103 neque
1010 5017 1056 5082 do
1083 5016 1242 5081 inlideli
1272 5016 1450 5100 cuiquam

475 5291 499 5339 l.
517 5289 686 5342 ardenam
707 5318 734 5331 -
752 5292 778 5342 l.
795 5292 880 5343 mmet
896 5292 1041 5344 senen:
1060 5292 1192 5343 donico.
1220 5289 1279 5342 vid.
1297 5290 1356 5341 otto
1373 5284 1732 5352 adremusnnpmta-

408 5375 453 5415 aaa
468 5365 495 5415 in
512 5375 527 5415 o
544 5369 708 5430 expunctum
724 5369 775 5418 est.
794 5392 822 5403 -
841 5367 866 5419 l.
882 5372 960 5431 nepot
975 5368 1122 5419 senen:
1141 5372 1213 5431 mort
1228 5377 1269 5416 co
1288 5390 1316 5404 -
1343 5366 1369 5416 o.
1386 5365 1456 5415 Noae
1470 5366 1529 5415 Aa:
1546 5363 1615 5415 Nom
1631 5360 1734 5413 euna

410 5439 650 5492 -dorsotortrll
678 5469 707 5480 -
734 5442 1526 5506 mproprtamotrrsrenunarmosnmproprtame-
1552 5436 1735 5490 mittemini-

407 5526 593 5566 Μουκι-
615 5512 1735 5583 sammua-to.rsnseoss]rertoA-st.patrtscostrsre-ttrosc

407 5590 618 5651 &mmo
645 5618 672 5629 -
699 5586 1736 5656 taqatoedoA—td.rtattcttd.t.lt.l’.cosdacslatlpetertcatemqaod

408 5666 574 5728 rstpadtlsae
590 5668 677 5719 matus
692 5669 733 5729 eit,
750 5668 1103 5731 tdcstqaoeatotatttscaso
1119 5669 1219 5719 Nonius
1236 5682 1262 5733 p.
1273 5668 1331 5720 art.
1359 5694 1387 5706 —
1413 5666 1456 5717 tl.
1472 5664 1582 5727 nodato
1599 5666 1696 5712 mewa
1719 5671 1735 5710 e

410 5742 1037 5806 —teoasportmqaoetoas‘soscse-
1061 5738 1733 5808 aareppetnnlt-prlmoczetprteoc-

409 5814 1099 5883 os.oessrse²usne:srossnan¹;1omqo
1126 5846 1154 5857 -
1180 5819 1387 5883 wilelmo
1414 5840 1441 5854 -
1469 5812 1732 5879 depromente:

408 5893 1445 5959 promerente-aeNsanJNoac-hsdslotcrheletttlhlteh-
1468 5889 1733 5943 dtactirsslla-

410 5964 452 6016 38.
468 5966 597 6031 frewine
612 5970 758 6032 reflatu
775 5970 874 6035 [replet
888 5983 914 6021 e.
