4342 7459
730 1250 798 1313 u..
819 1252 962 1316 naua
984 1253 1177 1320 vu-vur.
1205 1251 1251 1336 §s
1273 1250 1417 1317 ao-ar.
1677 1243 1738 1311 roa

409 1420 477 1482 lans
498 1417 618 1483 doloris
639 1419 869 1484 medicamenta
890 1422 945 1484 illa
966 1422 1124 1505 Epicurea
1144 1429 1303 1506 tamquam
1329 1422 1368 1485 de
1390 1420 1551 1486 narthecio
1574 1425 1736 1504 promont:

410 1511 446 1574 si
474 1512 635 1593 gravis,
664 1514 818 1588 brevis;
851 1516 886 1578 si
914 1515 1079 1598 longus,
1111 1517 1226 1580 levis.
1271 1518 1373 1580 Unum
1394 1516 1523 1591 nescio,
1553 1535 1618 1600 quo
1640 1514 1736 1579 modo

409 1606 528 1689 possit,
551 1606 580 1670 si
600 1607 784 1673 luxuriosus
805 1610 860 1683 sit,
881 1610 988 1673 finitas
1010 1611 1196 1694 cupiditates
1219 1610 1345 1673 babere.

494 1700 578 1763 vm.
592 1698 645 1765 23.
661 1702 745 1778 Quid
761 1723 835 1786 crgo
850 1705 963 1767 attinet
979 1703 1084 1767 dicere
1101 1705 1207 1768 nibil
1229 1700 1430 1776 haberem,
1453 1701 1556 1785 quod
1578 1721 1737 1785 repren-

409 1794 553 1869 derem,
575 1795 609 1858 si
629 1795 775 1859 finitas
798 1798 1042 1879 cupiditates
1064 1798 1272 1862 haberentt
1294 1798 1355 1861 boc
1376 1794 1559 1870 estdicero,
1582 1816 1661 1860 non
1682 1808 1760 1859 re-s

409 1888 643 1972 pranderem
664 1899 814 1964 asotos,
838 1893 871 1954 si
894 1911 967 1953 non
990 1899 1126 1956 essent
1147 1893 1269 1955 asoti:
1296 1891 1357 1953 isto
1380 1890 1492 1964 modo,
1514 1909 1555 1951 ne
1577 1889 1736 1973 improbos

410 1981 555 2065 quidem,
584 1983 612 2045 si
633 1993 741 2047 essent
761 1985 835 2048 boni
857 1985 926 2047 viri.
968 1985 1025 2047 llic
1048 1985 1143 2049 borno
1166 2006 1295 2049 severus
1317 1984 1475 2047 luxuriam
1498 1983 1600 2066 ipsam
1622 2002 1736 2065 perse

409 2076 661 2159 reprendendam
690 2098 754 2140 non
784 2086 881 2162 putat.
926 2079 965 2141 Et
985 2078 1132 2153 hercule,
1162 2080 1341 2160 Torquate,
1369 2085 1405 2140 ut
1426 2098 1535 2141 verum
1556 2075 1737 2159 loquamur,

409 2170 437 2233 si
460 2190 616 2233 summum
638 2171 756 2235 bonum
779 2173 923 2254 voluptas
946 2180 1009 2246 est,
1033 2173 1209 2236 rectissime
1223 2193 1288 2235 non
1303 2179 1404 2254 putat.
1436 2171 1543 2235 Nolim
1559 2172 1643 2234 enim
1659 2170 1736 2233 mibi

409 2262 527 2347 fingere
556 2273 677 2337 asotos,
708 2274 744 2328 ut
771 2267 897 2340 soletis,
929 2268 983 2350 qui
1015 2268 1046 2330 in
1077 2287 1217 2330 mensam
1240 2273 1370 2330 vomant
1391 2272 1422 2328 et
1444 2266 1500 2348 qui
1521 2264 1562 2329 de
1584 2265 1773 2328 conviviisn

409 2358 593 2421 auferantur
616 2359 769 2441 crudique
793 2359 943 2442 postridie
966 2381 1001 2423 se
1024 2381 1132 2423 rursus
1151 2361 1362 2443 ingurgitent,
1384 2360 1438 2444 qui
1457 2358 1567 2433 solem,
1589 2367 1624 2422 ut
1638 2359 1736 2431 aiunt,

409 2474 468 2517 nec
496 2452 694 2516 occidentem
723 2473 873 2535 nmquam
895 2454 1029 2516 viderint
1058 2474 1117 2517 nec
1149 2455 1317 2528 orientem,
1346 2453 1402 2537 qui
1424 2452 1620 2535 consumptis
1641 2451 1737 2535 patri-

408 2549 523 2612 moniis
545 2554 676 2629 egeant:
699 2568 793 2610 nemo
815 2557 957 2612 nostrum
980 2548 1070 2611 istius
1092 2548 1218 2630 generis
1231 2556 1338 2612 asotos
1357 2547 1496 2611 iucunde
1510 2552 1599 2629 putat
1613 2540 1736 2608 virere':

408 2641 555 2715 mundos,
578 2640 743 2722 elegantis,
766 2642 894 2724 optimis
909 2642 1002 2715 cocis,
1025 2642 1207 2725 pistoribus,
1229 2643 1363 2725 piscatu,
1385 2640 1534 2725 aucupio,
1554 2637 1736 2713 venatione,

407 2734 458 2799 bis
480 2734 629 2802 omuibus
651 2735 835 2817 exquisitis,
856 2736 987 2798 vitantis
1008 2736 1212 2809 cruditatem,
1746 2749 1772 2794 rs

491 2861 533 2875 -
553 2860 597 2875 -
617 2859 660 2875 -
680 2860 723 2875 -
745 2828 884 2911 quibu'
907 2830 1034 2892 vinum
1080 2867 1086 2878 ·

491 2921 682 2985 Daturum
705 2942 722 2983 e
745 2922 867 3005 pleno
890 2922 987 2995 siet,
1010 2921 1236 3001 †birsizon
1254 2920 1299 3004 (ut
1312 2923 1357 2985 ait
1371 2917 1534 3001 Lucilius)
1557 2922 1621 2985 cui
1644 2918 1703 2983 nil

490 3017 587 3079 Dum
609 3016 663 3079 sit
684 3016 743 3079 vis
766 3023 803 3079 et
824 3017 1009 3078 sacculus
1032 3016 1276 3091 abstulerit,

407 3108 588 3173 adhibentis
610 3109 704 3172 ludos
727 3120 759 3172 et
781 3129 861 3191 quae
884 3119 1045 3182 secuntur,
1067 3109 1132 3182 ilia,
1155 3111 1271 3193 quibus
1289 3109 1436 3172 detractis
1453 3108 1567 3171 clamat
1579 3110 1734 3191 Epicurus

407 3225 443 3267 se
465 3205 588 3267 nescire
610 3204 687 3287 quid
710 3204 751 3267 sit
772 3204 906 3267 bonum:
936 3202 1040 3266 adsint
1061 3205 1156 3267 etiarn
1178 3203 1308 3266 formosi
1331 3203 1435 3286 pueri,
1459 3203 1516 3286 qui
1540 3203 1771 3277 ministrent320

407 3299 600 3380 respondeat
630 3298 681 3360 bis
703 3298 815 3371 vestis,
847 3306 1029 3379 argentum,
1064 3298 1278 3373 Corinthium,
1307 3298 1395 3360 locus
1418 3297 1505 3380 ipse,
1537 3290 1733 3359 aedificium:

407 3391 467 3454 bas
489 3411 565 3472 ergo
588 3398 695 3455 motos
709 3392 791 3455 bene
807 3392 935 3475 quidem
950 3394 1057 3456 vivere
1072 3400 1128 3454 aut
1142 3394 1233 3455 beate
1249 3411 1421 3474 numquam
1437 3390 1582 3453 dixerim.
1618 3385 1669 3449 il.
1684 3387 1734 3449 Ex

407 3505 472 3568 quo
494 3483 647 3560 eflicitur,
676 3506 741 3549 non
763 3493 799 3549 ut
819 3486 963 3569 voluptas
986 3508 1026 3551 ne
1049 3490 1090 3550 sit
1112 3489 1271 3572 voluptas,
1301 3486 1358 3551 sed
1379 3493 1415 3549 ut
1436 3486 1583 3568 voluptas
1605 3502 1669 3546 non
1691 3482 1734 3545 sit

406 3599 565 3641 summum
586 3580 716 3643 bonum.
752 3583 816 3643 Nec
838 3580 908 3653 ille,
931 3584 987 3664 qui
1008 3583 1183 3664 Diogenem
1206 3582 1345 3645 Stoicum
1367 3577 1565 3653 adulescens,
1586 3583 1659 3661 post
1677 3596 1733 3639 au·

407 3680 471 3734 tem
493 3673 676 3737 Panaetium
698 3676 857 3748 audierat,
888 3676 1031 3750 Laelius,
1062 3697 1101 3738 eo
1124 3676 1228 3739 dictus
1250 3683 1299 3737 est
1320 3675 1463 3757 sapiens,
1490 3674 1575 3757 quod
1598 3692 1662 3735 nou
1683 3671 1769 3733 ines

407 3765 588 3848 tellegeret,
619 3768 697 3852 quid
727 3769 947 3832 suavissimum
978 3777 1077 3844 esset,
1098 3803 1140 3817 -
1161 3790 1221 3833 nec
1250 3770 1333 3831 enim
1358 3769 1516 3850 sequitur,
1547 3774 1583 3829 ut
1604 3765 1655 3829 cui
1678 3784 1733 3829 cor

406 3861 528 3944 sapiat,
551 3862 581 3923 ei
603 3882 669 3925 non
691 3865 792 3945 sapiat
814 3862 951 3945 palatus,
973 3895 1015 3909 -
1036 3862 1094 3926 sed
1116 3864 1191 3947 quie
1212 3862 1301 3944 parvi
1324 3861 1356 3923 id
1379 3862 1517 3925 duceret.

491 3954 722 4039 Olapatbs,
745 3966 787 4018 ut
807 3956 979 4029 iactare,
1001 3976 1069 4019 nec
1092 3977 1132 4019 es
1155 3957 1247 4020 sati'
1269 3955 1442 4040 cognitu’
1465 3956 1533 4039 qui
1555 3953 1627 4019 sisi

490 4048 534 4109 ln
558 4069 632 4131 quo
653 4050 806 4113 Laeliu'
829 4050 1044 4123 clamores,
1067 4046 1195 4137 σοφὸς
1217 4050 1308 4125 ille,
1330 4048 1497 4113 solebat

489 4140 639 4215 Edere,
661 4144 906 4226 compellans
929 4144 1082 4224 gumias
1106 4166 1153 4207 ex
1175 4146 1316 4207 ordine
1339 4150 1508 4206 nostros.

407 4235 570 4297 Praeclare
592 4236 732 4310 Laelius,
756 4247 786 4299 et
809 4246 892 4300 recte
915 4232 1036 4324 ooqo'g,
1058 4239 1203 4321 illudque
1225 4259 1315 4301 vere:

491 4326 519 4389 0
542 4329 674 4403 Publi,
697 4351 715 4393 o
738 4351 899 4412 gurges,
923 4330 1104 4393 Galloni:
1131 4353 1170 4394 es
1192 4331 1306 4394 bomo
1329 4332 1464 4404 miser,
1487 4330 1632 4413 inquit.

492 4422 647 4486 Cenasti
669 4426 705 4487 in
728 4426 808 4487 vita
831 4446 1042 4507 numquam
1064 4427 1182 4499 bene,
1205 4447 1287 4487 cum
1309 4425 1436 4489 omnia
1457 4426 1496 4488 in
1519 4425 1600 4486 ista

492 4514 693 4581 Consumis
716 4519 869 4601 squilla
891 4529 1006 4602 atque
1036 4520 1283 4601 acipensere
1306 4539 1392 4581 cum
1415 4518 1631 4581 decimano.

407 4610 436 4673 ls
457 4610 536 4672 haec
559 4609 716 4693 loquitur,
739 4613 794 4694 qui
818 4615 850 4675 in
872 4613 1034 4696 voluptate
1056 4614 1136 4676 nibil
1159 4633 1280 4697 ponens
1302 4620 1396 4694 negat
1419 4632 1491 4675 eum
1510 4612 1592 4675 bene
1607 4621 1769 4684 cenare‚³t

471 4970 494 5018 t.
513 4968 674 5017 nartbetiob
695 4994 721 5005 -
746 4966 769 5016 l.
791 4968 861 5028 Quod
877 4981 937 5030 ergo
954 4969 972 5016 Β
993 4993 1019 5003 -
1039 4967 1165 5017 baberet
1186 4997 1211 5005 -
1236 4970 1260 5018 7.
1280 4966 1385 5031 quiden]
1404 4967 1515 5028 qunt
1535 4994 1562 5003 -
1581 4967 1625 5016 boa
1641 4968 1734 5017 bomini

406 5045 423 5093 ll
443 5068 469 5079 -
489 5043 513 5093 8.
533 5048 649 5102 torquete
666 5044 814 5104 (superscr.
834 5056 848 5089 c
866 5056 921 5091 sec.
940 5056 991 5092 m.:
1011 5059 1026 5092 o
1043 5044 1209 5104 torqaatetit
1235 5069 1261 5079 -
1292 5044 1331 5091 tt.
1347 5044 1440 5104 posteri
1457 5043 1496 5092 die
1513 5040 1557 5100 A¹;
1580 5049 1678 5105 postero
1696 5044 1735 5093 die

407 5119 462 5168 A²C
483 5145 510 5153 -
530 5118 570 5165 ta.
589 5118 744 5180 occidentem]
763 5118 807 5165 boc
823 5119 949 5165 cadentem
967 5116 997 5167 Αι
1011 5146 1037 5154 -
1058 5119 1097 5167 43.
1117 5121 1187 5167 istius
1200 5146 1236 5155 --
1247 5119 1376 5167 venatione
1395 5117 1471 5166 allert
1483 5117 1582 5166 Nonius
1594 5116 1733 5167 Marcellus

406 5206 430 5255 p.
450 5193 508 5240 ΞΠ.
528 5216 556 5225 -
575 5193 671 5250 cicere,
690 5193 794 5240 mundos
811 5194 830 5240 0
849 5218 874 5226 -
897 5194 936 5241 to'.
955 5194 1042 5253 quibus
1060 5193 1138 5242 codd.
1155 5220 1180 5228 —-
1202 5195 1241 5243 ti.
1260 5193 1312 5256 siet]
1329 5194 1361 5241 sit
1378 5194 1426 5241 ΑΒ
1447 5218 1472 5227 -
1493 5193 1602 5240 hirsizon
1619 5196 1653 5242 A:
1672 5192 1733 5252 bry-

406 5269 474 5315 sizon
496 5268 531 5322 B:
556 5268 681 5328 birsipbon
703 5267 758 5324 nlii;
781 5269 821 5315 bic
841 5268 939 5329 sipiroce
960 5268 994 5323 0;
1019 5270 1076 5329 Ην
1098 5269 1197 5329 sipboue
1215 5268 1238 5316 bl
1259 5292 1284 5301 -
1308 5268 1351 5331 nil]
1369 5267 1431 5315 nibil
1446 5266 1496 5316 ΑΒ
1515 5293 1541 5301 -
1568 5267 1608 5316 48.
1628 5268 1687 5314 dnm
1703 5269 1734 5315 sit

407 5343 527 5392 ABCE:
551 5344 663 5404 Dernpsit
679 5344 733 5391 blo
754 5369 778 5379 -
802 5342 847 5405 cis]
870 5344 916 5390 nia
934 5343 1075 5393 Lambinus
1095 5369 1121 5377 -
1145 5349 1168 5391 et
1184 5344 1247 5392 AB:
1271 5347 1315 5391 aut
1333 5343 1352 5391 0
1367 5368 1394 5378 -·
1414 5341 1453 5390 is.
1473 5342 1531 5390 adli.
1550 5342 1620 5391 ludas
1635 5340 1734 5391 Lucilio

408 5419 532 5467 tribuito
553 5445 579 5452 —
603 5420 643 5469 20.
663 5421 728 5467 adsit
744 5417 773 5468 A¹
793 5445 819 5452 -
848 5420 888 5467 22.
907 5433 966 5480 erqo
988 5420 1052 5467 Ab:
1080 5432 1124 5480 eqo
1146 5419 1165 5465 0
1186 5444 1211 5453 —
1237 5418 1290 5481 ont]
1308 5417 1370 5465 otB
1392 5441 1420 5453 -
1438 5415 1479 5464 26.
1499 5416 1563 5465 enim
1580 5418 1691 5478 sequitur
1707 5423 1734 5466 nt

406 5495 454 5558 cui]
471 5508 530 5556 erpo
547 5507 635 5554 seqner
651 5500 673 5543 et
690 5496 708 5543 B
729 5521 755 5529 -
779 5494 819 5542 ai.
835 5495 951 5556 palatum
968 5508 983 5543 e
1001 5492 1107 5542 duobus
1124 5490 1202 5541 codd.
1223 5492 1341 5541 Davisius
1360 5516 1387 5526 -
1413 5490 1453 5539 28.
1473 5491 1508 5554 nt]
1526 5496 1549 5541 et
1566 5493 1585 5541 E
1605 5518 1631 5526 -
1650 5504 1735 5541 neces

407 5571 465 5616 sotis
481 5569 666 5618 Lachmanuus
685 5568 730 5625 tad
750 5570 852 5617 Ltrcret.
873 5583 898 5632 p.
918 5570 976 5629 tet:
1000 5582 1030 5617 ne
1050 5569 1150 5617 cessatis
1173 5568 1237 5625 AB3
1261 5579 1354 5615 necesse
1371 5571 1406 5615 est
1422 5566 1441 5615 C
1452 5567 1476 5614 bl
1488 5568 1507 5616 0
1525 5592 1553 5603 -
1576 5566 1676 5629 cognitu
1692 5568 1735 5627 qui

408 5644 467 5692 ab:
487 5645 588 5707 cognitu
604 5645 659 5703 quis
677 5644 710 5700 E;
734 5646 840 5704 copriiin'
859 5644 899 5692 cui
917 5643 970 5691 ΜΟ
990 5669 1016 5679 -
1041 5643 1081 5692 29.
1101 5643 1203 5706 Laeliu']
1230 5644 1330 5705 cognita
1347 5642 1433 5691 ioeiien
1449 5643 1498 5690 ΑΒ
1520 5668 1547 5678 -
1570 5642 1658 5702 sophos
1673 5642 1732 5699 ΑΒ,

408 5719 467 5768 item
485 5732 511 5767 v.
525 5721 565 5769 34.
581 5745 608 5756 -
629 5720 669 5769 30.
687 5722 787 5782 gumias
804 5725 838 5769 .t:
858 5722 957 5782 guimas
974 5720 1022 5768 BE
1038 5746 1064 5755 -
1083 5720 1123 5768 at.
1143 5720 1203 5767 iilud
1219 5731 1277 5766 uere
1294 5719 1312 5766 B
1333 5745 1358 5753 -
1378 5717 1418 5765 32.
1431 5717 1558 5766 mser-ns:
1579 5716 1663 5766 miseri
1676 5717 1732 5766 A¹B

410 5817 435 5829 ·
454 5794 494 5844 33.
513 5798 607 5865 agnosci
624 5800 658 5852 .t;
680 5798 784 5844 certastis
802 5799 835 5853 ti;
854 5797 962 5845 coenasti
979 5796 1032 5845 tto
1053 5823 1079 5833 -
1099 5798 1176 5845 istob
1188 5822 1220 5832 -
1237 5794 1276 5846 at.
1295 5793 1428 5855 Consumis]
1448 5793 1480 5841 cri
1495 5791 1572 5841 sumis
1588 5794 1618 5840 Al
1634 5818 1661 5828 -
1679 5792 1734 5839 aci-

406 5872 513 5936 pensere]
532 5872 656 5921 accubans
673 5885 731 5920 aere
747 5873 810 5926 AB;
835 5871 957 5920 accedant
974 5872 1068 5921 aercE
1092 5899 1117 5907 -
1142 5885 1198 5920 cunr
1214 5872 1241 5918 in
1259 5871 1311 5918 dec.
1332 5868 1527 5925 Lambinus-
1549 5867 1678 5916 decimano
1698 5870 1731 5916 A:

409 5946 539 5997 maincia
556 5948 591 6007 B;
610 5947 747 5997 aemmorw
765 5948 818 5997 lio
831 5971 859 5982 -
879 5947 920 5996 35.
938 5946 1006 6009 baec]
1024 5947 1063 5995 bic
1081 5946 1098 5996 B
1119 5972 1146 5983 -
1164 5958 1255 5998 cenare
1270 5945 1333 5996 AB:
1352 5944 1536 6003 conanum
1555 5942 1619 5993 item
1630 5941 1706 5992 intra.
