4342 7459
649 1322 654 1332 ,
712 1259 840 1323 nnn.
871 1253 1426 1341 cn.nr-nn1.ssser-iaa.
1673 1260 1736 1330 tao

408 1426 464 1485 tur
488 1421 559 1503 ipsa
586 1438 645 1502 per
665 1437 744 1483 sese.
787 1419 853 1481 Iam
874 1416 1011 1500 gallinae
1032 1436 1173 1501 avesque
1193 1417 1337 1502 reliquae
1358 1426 1390 1482 et
1410 1420 1552 1503 quietum
1572 1425 1739 1507 requirnnt

408 1515 450 1581 ad
479 1514 667 1598 pariendum
695 1513 799 1577 locum
828 1520 861 1575 et
890 1512 1006 1575 cubilia
1027 1508 1090 1575 sibi
1111 1511 1270 1596 nidosque
1291 1520 1482 1577 comtruunt
1500 1534 1624 1599 eosqne‘
1640 1537 1736 1601 qnam

407 1618 543 1694 possim
565 1607 761 1671 mollissume
782 1607 1002 1680 substernunt,
1024 1614 1170 1689 utquam
1190 1604 1351 1671 facillume
1364 1626 1424 1671 ora
1438 1618 1612 1685 serventur,
1635 1613 1738 1694 eqni·

408 1704 470 1767 bus
491 1702 599 1786 pullos
621 1721 691 1765 cum
713 1700 928 1774 excuderunt,
949 1699 994 1762 ita
1015 1706 1160 1773 mentor,
1183 1707 1219 1762 ut
1236 1708 1268 1763 et
1282 1700 1389 1783 pinnis
1403 1700 1546 1777 foveant,
1567 1722 1608 1766 ne
1623 1704 1738 1786 frigore

408 1797 590 1870 laedantur,
612 1802 659 1869 et,
681 1794 709 1858 si
730 1803 779 1857 est
799 1793 887 1857 calor
899 1812 919 1856 a
933 1793 1015 1867 sole,
1038 1813 1073 1857 se
1089 1802 1260 1875 opponant
1293 1793 1371 1857 Cum
1386 1803 1491 1858 autem
1505 1796 1584 1880 pulli
1599 1798 1763 1880 pinnuliss

408 1891 455 1953 nti
476 1895 628 1973 possum,
650 1895 718 1951 tum
739 1887 862 1951 volatus
884 1906 994 1950 eorum
1015 1895 1131 1949 matres
1153 1895 1403 1970 prosequuntur,
1425 1888 1546 1973 reliqna
1564 1909 1641 1953 cura
1662 1890 1740 1954 libe·

408 1991 529 2047 rantur.
575 1978 649 2044 430.
680 1980 814 2044 Accedit
842 1978 882 2042 ad
911 1999 977 2042 non
1004 1980 1165 2044 nullorum
1192 1980 1400 2045 animantium
1428 1990 1461 2045 et
1488 2002 1595 2047 earum
1626 2004 1740 2059 rerum,

408 2096 490 2161 quas
512 2086 597 2140 terra
618 2076 732 2159 gignit,
754 2075 1026 2137 conservationem
1049 2081 1081 2136 et
1102 2075 1237 2138 salutem
1258 2075 1420 2139 bominum
1442 2077 1537 2140 etiam
1557 2079 1696 2143 sollertia
1709 2087 1741 2141 ct

409 2170 597 2253 diligentia3
630 2189 703 2232 nam
733 2170 850 2232 multae
878 2177 912 2232 et
939 2168 1076 2251 pecudes
1099 2177 1132 2230 et
1152 2168 1266 2252 stirpes
1288 2178 1376 2244 snnt,
1399 2190 1482 2254 quae
1502 2171 1571 2235 sine
1591 2191 1741 2255 procura·

409 2265 497 2327 tione
525 2263 690 2326 bominum
718 2262 825 2325 salvae
855 2281 1010 2325 essenon
1037 2269 1182 2343 possunt
1217 2264 1351 2344 Magnae
1371 2264 1466 2326 etiam
1488 2266 1741 2347 opportunitates
1751 2274 1779 2323 to

409 2359 449 2422 ad
480 2357 599 2421 cultum
623 2357 789 2420 hominum
811 2363 908 2439 atque
929 2356 1154 2418 abundantiam
1176 2355 1257 2419 aliae
1280 2356 1352 2419 aliis
1371 2358 1405 2420 in
1427 2357 1508 2421 locis
1528 2361 1740 2441 reperiuntur.

410 2455 588 2535 Aegyptum
611 2450 702 2513 Nilus
724 2451 840 2531 inrigat
855 2457 903 2524 et,
925 2469 997 2512 cum
1013 2457 1080 2513 tota
1095 2458 1213 2513 aestate
1230 2450 1372 2513 obrutam
1387 2453 1613 2535 oppletamque
1628 2453 1741 2525 tenuit,

412 2555 479 2610 tum
500 2544 622 2608 recedit
645 2544 847 2627 mollitosque
870 2551 902 2606 et
924 2544 1090 2606 oblimatos
1112 2562 1205 2625 agros
1227 2544 1267 2607 ad
1290 2543 1460 2608 serendum
1482 2546 1644 2629 relinquit.
1676 2546 1743 2606 lle·

411 2638 621 2722 sopotamiem
644 2637 780 2701 fertilem
804 2634 900 2699 efficit
921 2637 1113 2720 Euphrates,
1136 2639 1168 2700 in
1191 2658 1285 2722 quam
1308 2648 1388 2721 quot
1409 2658 1509 2703 anuos
1532 2640 1623 2723 qnasi
1641 2656 1742 2700 nosos

410 2753 503 2816 agros
531 2732 663 2794 invehit
706 2731 804 2793 Indus
835 2750 924 2804 vero,
953 2732 1009 2814 qni
1038 2740 1089 2794 est
1115 2734 1257 2795 omnium
1283 2733 1449 2796 fluminum
1471 2734 1645 2806 maximus,
1677 2746 1781 2796 nonio

409 2846 493 2910 aqna
514 2824 617 2887 solum
638 2844 731 2907 agros
753 2824 903 2888 laetificat
924 2833 956 2886 et
978 2826 1114 2907 mitigat,
1137 2826 1193 2889 sed
1215 2844 1272 2888 eos
1295 2827 1391 2888 etiam
1413 2829 1570 2900 conserit3
1598 2845 1743 2908 magnum

410 2922 497 2985 enim
519 2919 583 2981 rim
605 2920 762 2982 seminum
785 2939 893 2981 secum
907 2917 1058 2980 frumenti
1075 2920 1224 2982 similium
1239 2920 1359 2982 dicitur
1371 2921 1547 3004 deportare.
1575 2915 1646 2981 t3i.
1662 2917 1744 2981 ldul·

409 3026 507 3097 taqne
528 3014 592 3076 alia
611 3013 646 3075 in
667 3012 741 3075 aliis
763 3012 842 3075 locis
863 3012 1153 3075 commemorabilia
1167 3013 1307 3095 prolerre
1322 3034 1471 3095 possum,
1493 3014 1608 3077 multos
1623 3012 1743 3075 fertiles

408 3128 503 3191 agros
525 3107 604 3169 alios
625 3106 760 3169 aliorum
782 3106 951 3170 fructuum.
994 3106 1075 3168 Liii.
1098 3104 1161 3168 Sed
1182 3106 1239 3167 ills
1260 3115 1380 3189 quanta
1401 3108 1580 3189 benignitas
1604 3115 1743 3178 naturae,

410 3200 497 3286 quod
519 3209 583 3264 tam
605 3200 705 3263 multa
727 3200 766 3261 ad
789 3199 996 3272 vescendum,
1018 3207 1081 3263 tam
1104 3199 1190 3262 varia
1212 3207 1245 3262 et
1266 3207 1330 3262 tam
1344 3201 1483 3264 iucunda
1499 3201 1614 3283 gignit,
1637 3214 1782 3281 nequeat

410 3315 449 3359 ea
478 3312 544 3357 uno
578 3300 720 3376 tempore
752 3293 849 3367 anni,
891 3302 927 3356 ut
957 3312 1084 3376 semper
1115 3301 1148 3357 et
1177 3293 1318 3355 novitate
1346 3294 1541 3358 delectemur
1570 3301 1602 3357 et
1631 3294 1741 3376 copial

410 3390 514 3466 Quam
543 3388 748 3468 tempestivos
777 3396 882 3450 antem
910 3385 1015 3460 dedit,
1045 3407 1141 3471 quam
1169 3386 1323 3449 salutares
1351 3406 1417 3450 non
1445 3389 1540 3450 modo
1567 3387 1744 3460 bominum,

411 3484 467 3549 sed
500 3482 594 3546 etiam
627 3481 786 3562 pecudum
819 3482 948 3563 generi,
980 3481 1020 3544 iis
1051 3481 1191 3564 denique
1223 3480 1391 3554 omnibns,
1431 3501 1515 3563 qnae
1549 3482 1697 3543 oriuntur
1726 3500 1744 3543 e

410 3588 515 3652 terra,
549 3583 662 3640 ventos
695 3576 842 3638 Etesiasl
882 3594 1018 3658 quorum
1050 3576 1127 3638 llatu
1160 3573 1249 3637 nimii
1282 3582 1499 3656 temperantur
1531 3575 1671 3648 calores;
1704 3573 1744 3636 ab

411 3672 513 3737 isdem
536 3670 631 3732 etiam
657 3670 803 3733 maritimi
836 3688 947 3731 cursus
976 3669 1096 3731 celeres
1125 3677 1157 3732 et
1184 3669 1260 3732 certi
1290 3667 1479 3749 diriguntur.
1525 3669 1625 3733 lllulta
1653 3685 1783 3751 prae-as

411 3764 568 3829 tereunda
595 3771 684 3835 sunt,
718 3771 750 3825 et
777 3771 882 3825 tamen
911 3762 1010 3825 multa
1039 3762 1195 3826 dicuntur.
1251 3757 1323 3823 l32.
1353 3763 1538 3827 Enumerari
1568 3764 1651 3825 enim
1679 3780 1744 3824 non

410 3866 548 3944 possunt
578 3858 743 3920 lluminum
779 3856 1049 3939 opportunitates,
1083 3865 1190 3919 aestus
1222 3855 1370 3920 maritimi
1403 3852 1561 3940 [multum]
1591 3854 1745 3919 acceden-

412 3964 461 4019 tes
494 3963 528 4017 et
559 3952 766 4026 recedentes,
810 3959 933 4012 montes
966 3951 1071 4013 vestiti
1105 3958 1201 4031 atque
1234 3950 1417 4024 silvestres,
1458 3951 1578 4013 salinae
1614 3949 1653 4011 ab
1689 3967 1745 4012 ora

413 4049 571 4112 maritima
593 4046 839 4118 remotissimae,
869 4043 1172 4107 medicamentorum
1195 4042 1381 4106 salutarium
1403 4043 1608 4124 plenissimae
1631 4053 1744 4117 terrae,

411 4143 533 4222 †artes
556 4140 694 4221 deniqne
722 4138 970 4200 innumerabiles
998 4137 1037 4198 ad
1059 4137 1177 4198 victum
1200 4145 1233 4198 et
1253 4136 1293 4198 ad
1317 4138 1413 4199 vitam
1436 4138 1642 4199 necessariae.
1679 4137 1782 4203 lamto

413 4237 475 4299 diei
510 4237 675 4315 noctisque
707 4232 894 4295 vicissitudo
928 4238 1096 4293 conservat
1128 4232 1306 4292 animantes
1340 4231 1481 4293 tribuens
1510 4229 1598 4292 aliud
1630 4229 1744 4312 agendi

413 4339 553 4411 tempus,
582 4328 669 4390 aliud
692 4328 888 4411 quiescendi.
927 4326 980 4387 Sic
1004 4324 1146 4407 undique
1169 4325 1254 4386 omni
1275 4325 1398 4386 ratione
1420 4324 1618 4386 concluditur
1639 4331 1744 4385 mente

480 4612 504 4659 t.
523 4610 678 4670 reliquerunt
694 4606 726 4656 V¹
746 4635 773 4643 —
793 4608 817 4657 3.
836 4621 849 4658 s
866 4605 905 4658 ll:
924 4620 958 4656 ae
974 4606 994 4655 0
1011 4633 1043 4641 —
1062 4604 1085 4655 l.
1105 4603 1260 4652 secudum
1277 4603 1417 4653 ARCPV
1435 4603 1649 4666 (invsuperscr.
1667 4604 1743 4663 sinti:

413 4686 561 4738 acudors'nt
580 4685 616 4739 Ες
635 4684 792 4733 metuerant
810 4683 830 4731 0
848 4686 874 4731 ct
893 4685 1034 4744 (superscr.
1054 4680 1115 4737 rint)
1134 4691 1225 4740 margo
1238 4678 1269 4726 V.
1288 4677 1433 4727 elidentur
1449 4679 1566 4727 editores
1585 4693 1636 4727 που
1654 4692 1746 4728 recur-

414 4760 467 4812 dali
489 4773 549 4810 esse
572 4773 657 4822 aeque
680 4763 752 4808 recte
775 4758 826 4807 dici
849 4758 970 4806 accudere
991 4768 1038 4802 ova
1059 4758 1139 4816 atque
1157 4752 1305 4808 excluderc3
1329 4750 1444 4814 alioquin
1462 4755 1616 4802 excuderunt
1633 4768 1648 4803 c
1666 4753 1745 4803 codd.

414 4838 617 4887 restituissent.»
631 4836 738 4882 Manita.
759 4834 796 4883 Cl.
812 4834 825 4895 s
841 4832 896 4881 til.
912 4858 938 4867 -
953 4829 976 4880 l.
989 4830 1073 4889 pinnis
1083 4854 1098 4864 —
1107 4829 1241 4888 -pinnulis
1252 4830 1273 4876 Α
1285 4829 1303 4876 C
1316 4828 1352 4875 V:
1370 4830 1458 4888 permit
1468 4854 1481 4866 -
1492 4831 1628 4888 -pennulis
1642 4832 1659 4878 B
1671 4832 1688 4879 E
1700 4832 1745 4880 ΡΟ

417 4939 444 4950 -
464 4913 488 4961 6.
505 4915 671 4973 prosecuntur
688 4911 706 4959 C
726 4934 754 4944 ·-
781 4910 805 4958 t.
824 4908 922 4957 Accedit
946 4905 1098 4955 Ernestius:
1127 4904 1221 4952 accedit
1244 4900 1406 4957 elinantio:
1433 4905 1528 4954 acomit
1544 4914 1628 4955 uatem
1645 4906 1695 4955 olii.
1716 4933 1743 4943 -

414 4990 439 5040 8.
457 4990 533 5037 wem
550 4985 590 5037 ti:
610 4999 663 5035 om.
678 4986 697 5033 0
717 5011 744 5021 -
765 4986 804 5034 ld.
823 4996 929 5043 magnas
948 4985 982 5036 l³;
1001 4992 1110 5040 manoe
1126 4993 1151 5027 se
1168 4977 1269 5040 (litteris
1286 4992 1311 5027 sc
1328 4979 1474 5041 expunctis)
1490 4980 1509 5026 l'
1522 5006 1548 5016 -
1568 4985 1748 5041 oportunitates

414 5064 515 5115 scaz
534 5064 597 5110 item
615 5074 640 5109 v.
659 5061 699 5109 27.
721 5088 747 5096 -
774 5062 813 5107 lt.
832 5058 1030 5106 habundantiam
1047 5053 1137 5103 CEW
1157 5080 1183 5090 —
1210 5056 1385 5115 repperiuntur
1404 5052 1433 5103 V¹
1451 5079 1478 5090 -
1504 5056 1543 5105 43.
1563 5058 1596 5105 ad
1617 5059 1747 5106 serendum

413 5138 527 5203 agrosO
547 5163 574 5172 -
601 5135 641 5185 ll.
660 5140 720 5196 quot
737 5147 816 5183 annos
833 5134 898 5182 GE:
927 5132 993 5193 quud
1012 5143 1092 5177 aranos
1108 5130 1213 5179 ABPl'
1239 5132 1312 5190 [quod
1328 5144 1397 5179 corr.
1417 5132 1442 5179 in
1466 5138 1525 5190 quot
1546 5134 1652 5191 wll:
1678 5139 1748 5193 qnot-

413 5216 488 5264 annis
505 5214 525 5262 0
545 5237 571 5247 -
593 5213 632 5259 ⁴5.
650 5212 724 5258 indus
741 5224 809 5258 corr.
832 5222 863 5258 er
882 5209 952 5256 indcis
969 5206 1019 5254 ΒΥ
1039 5232 1067 5241 ·-
1088 5206 1127 5253 lli.
1146 5212 1169 5254 ct
1185 5207 1278 5268 irrigat
1296 5207 1314 5254 C
1334 5232 1360 5240 -
1383 5205 1422 5254 ta.
1441 5207 1466 5253 ia
1483 5207 1540 5255 aliis
1557 5205 1595 5256 ‘liz
1614 5208 1672 5253 ullis
1689 5207 1746 5255 inO

417 5316 444 5326 -
463 5289 504 5338 20.
523 5288 600 5334 uaria
618 5291 640 5334 et
657 5292 709 5334 tom
728 5283 773 5332 Vi:
792 5286 883 5333 uariae
902 5286 954 5330 tam
971 5284 990 5330 A
1005 5282 1050 5337 l'¹;
1070 5281 1143 5328 uarie
1160 5286 1212 5329 tarn
1226 5281 1261 5335 it;
1280 5282 1356 5329 uaria
1374 5286 1426 5329 tom
1444 5282 1537 5334 CEP:
1555 5282 1629 5328 varia
1647 5287 1747 5339 lanaque

415 5366 435 5415 0
454 5389 480 5399 -
500 5363 541 5412 23.
559 5363 693 5421 iisdemque
709 5365 745 5419 Α,
764 5361 890 5420 udansque
907 5360 925 5406 B
944 5382 971 5391 -
993 5357 1170 5416 catenantur
1187 5362 1209 5403 et
1226 5362 1295 5404 terra
1313 5357 1331 5403 B
1349 5383 1375 5391 -
1395 5355 1435 5405 tt.
1455 5359 1542 5404 etesias
1559 5368 1626 5404 corr.
1641 5357 1665 5403 in
1678 5358 1743 5403 ette-

413 5440 465 5489 rios
483 5439 517 5493 V;
538 5436 641 5485 etbcsios
659 5441 801 5497 (superscr.
820 5447 875 5481 reos
892 5434 907 5481 i.
928 5445 951 5481 e,
972 5432 1087 5488 stltereasl
1106 5432 1124 5479 B
1145 5457 1171 5465 -
1194 5431 1286 5479 coloris
1304 5433 1321 5479 Ρ
1341 5454 1366 5466 -
1386 5431 1427 5479 27.
1447 5431 1551 5477 multum
1568 5433 1708 5479 accedentes
1725 5435 1747 5478 et

413 5514 552 5564 recedentes
568 5509 608 5560 ll:
632 5516 685 5560 tum
701 5511 842 5558 accedentes
858 5515 911 5556 tum
927 5507 1065 5556 recedentes
1081 5504 1241 5558 Lambinus:
1262 5511 1349 5553 mutuo
1366 5506 1506 5554 accedentes
1523 5511 1545 5554 ct
1562 5507 1699 5554 recedentes
1715 5505 1744 5553 0.

415 5590 469 5650 Ego
486 5586 592 5635 mium
608 5584 719 5642 seclusi,
739 5586 810 5646 quod
830 5596 917 5646 neque
935 5582 997 5630 huic
1015 5579 1072 5629 loco
1091 5585 1182 5642 aptum
1201 5585 1241 5630 est
1259 5593 1346 5643 neque
1363 5594 1417 5643 quo
1436 5580 1515 5628 modo
1533 5594 1564 5628 er
1581 5585 1667 5628 mutuo
1685 5590 1746 5626 cor·

416 5664 503 5725 rumpi
521 5663 636 5725 potuerit
653 5660 740 5708 tideo.
764 5659 888 5708 Additum
906 5658 1011 5708 videtur
1028 5655 1062 5704 ab
1081 5656 1202 5712 bomine,
1222 5658 1264 5704 cui
1282 5657 1396 5719 epitheta
1415 5658 1555 5703 accedentes
1570 5662 1593 5704 et
1610 5655 1748 5702 recedentes

416 5739 487 5789 nude
512 5739 595 5801 posita
619 5736 804 5798 displicebant.
829 5735 879 5785 sed
899 5734 932 5784 cl.
951 5734 984 5783 de
1003 5732 1110 5781 divinat.
1131 5732 1151 5780 ll
1170 5730 1184 5793 g
1202 5730 1250 5780 ll:
1270 5732 1299 5779 de
1314 5732 1422 5779 arumnis
1437 5730 1558 5786 uestibus,
1578 5742 1684 5790 quoram
1700 5741 1747 5776 oo-

416 5827 496 5863 cessus
512 5821 535 5862 st
550 5825 659 5862 recessus
675 5813 750 5859 tianae
766 5817 835 5859 motu
850 5810 1031 5873 godmantur.
1053 5831 1078 5843 -
1100 5808 1139 5856 td.
1157 5808 1237 5868 plenis
1252 5820 1363 5857 summae
1380 5807 1399 5855 B
1419 5829 1445 5841 -
1466 5806 1505 5853 30.
1525 5810 1592 5853 artes
1609 5806 1634 5854 io
1653 5817 1744 5854 rasura

417 5890 439 5940 Δ
457 5887 514 5947 (sed
532 5894 567 5937 tes
583 5886 617 5936 ab
635 5888 741 5950 antiqua
760 5886 824 5948 m.);
843 5886 1038 5944 restituemus,
1057 5885 1124 5935 dotes
1140 5883 1351 5934 Schoemannus.
1369 5907 1395 5918 -
1415 5882 1519 5945 densique
1536 5881 1631 5945 (prima
1648 5877 1705 5943 syll.
1719 5882 1745 5931 in

417 5968 482 6028 ras.)
498 5964 529 6014 Α.
