<?xml version="1.0" encoding="UTF-8"?>
<!DOCTYPE html PUBLIC "-//W3C//DTD XHTML 1.0 Transitional//EN"
    "http://www.w3.org/TR/xhtml1/DTD/xhtml1-transitional.dtd">
<html xmlns="http://www.w3.org/1999/xhtml" xml:lang="en" lang="en">
 <head>
  <title>
</title>
<meta http-equiv="Content-Type" content="text/html;charset=utf-8" />
  <meta name='ocr-system' content='tesseract 3.04.00' />
  <meta name='ocr-capabilities' content='ocr_page ocr_carea ocr_par ocr_line ocrx_word'/>
</head>
<body>
  <div class='ocr_page' id='page_1' title='image "./operaquaesupers00halmgoog/operaquaesupers00halmgoog_0249.png"; bbox 0 0 4342 7459; ppageno 0'>
   <div class='ocr_carea' id='block_1_1' title="bbox 661 1266 1745 1362">
    <p class='ocr_par' dir='ltr' id='par_1_1' title="bbox 661 1266 1745 1362">
     <span class='ocr_line' id='line_1_1' title="bbox 661 1266 1745 1362; baseline -0.012 -16"><span class='ocrx_word' id='word_1_1' title='bbox 661 1284 728 1346; x_wconf 86' lang='lat' dir='ltr'><strong>Lm.</strong></span> <span class='ocrx_word' id='word_1_2' title='bbox 751 1283 776 1344; x_wconf 94' lang='lat' dir='ltr'><strong>l.</strong></span> <span class='ocrx_word' id='word_1_3' title='bbox 807 1280 883 1344; x_wconf 75' lang='lat' dir='ltr'><strong>Cur.</strong></span> <span class='ocrx_word' id='word_1_4' title='bbox 903 1280 1202 1343; x_wconf 70' lang='lat' dir='ltr'><strong>xxm-xxxii.</strong></span> <span class='ocrx_word' id='word_1_5' title='bbox 1228 1276 1275 1362; x_wconf 65' lang='lat' dir='ltr'><strong>§S</strong></span> <span class='ocrx_word' id='word_1_6' title='bbox 1295 1275 1441 1341; x_wconf 72' lang='lat'><strong><em>74-78.</em></strong></span> <span class='ocrx_word' id='word_1_7' title='bbox 1681 1266 1745 1337; x_wconf 74' lang='lat'><strong>233</strong></span> 
     </span>
    </p>
   </div>
   <div class='ocr_carea' id='block_1_2' title="bbox 405 1439 1787 3682">
    <p class='ocr_par' dir='ltr' id='par_1_2' title="bbox 405 1439 1769 1902">
     <span class='ocr_line' id='line_1_2' title="bbox 405 1439 1746 1516; baseline -0.007 -7"><span class='ocrx_word' id='word_1_8' title='bbox 405 1444 475 1510; x_wconf 85' lang='lat' dir='ltr'><strong>lesti</strong></span> <span class='ocrx_word' id='word_1_9' title='bbox 497 1444 583 1506; x_wconf 81' lang='lat' dir='ltr'><strong>vitae</strong></span> <span class='ocrx_word' id='word_1_10' title='bbox 606 1443 726 1516; x_wconf 90' lang='lat' dir='ltr'><strong>simile,</strong></span> <span class='ocrx_word' id='word_1_11' title='bbox 749 1448 781 1504; x_wconf 91' lang='lat' dir='ltr'><strong>et</strong></span> <span class='ocrx_word' id='word_1_12' title='bbox 803 1441 972 1504; x_wconf 89' lang='lat' dir='ltr'><strong>cum-illoc</strong></span> <span class='ocrx_word' id='word_1_13' title='bbox 995 1461 1034 1502; x_wconf 84' lang='lat' dir='ltr'><strong>ex</strong></span> <span class='ocrx_word' id='word_1_14' title='bbox 1057 1439 1108 1501; x_wconf 89' lang='lat' dir='ltr'><strong>bis</strong></span> <span class='ocrx_word' id='word_1_15' title='bbox 1131 1439 1244 1502; x_wconf 86' lang='lat' dir='ltr'><strong>vinclis</strong></span> <span class='ocrx_word' id='word_1_16' title='bbox 1268 1440 1373 1503; x_wconf 78' lang='lat' dir='ltr'><strong>emissi</strong></span> <span class='ocrx_word' id='word_1_17' title='bbox 1388 1439 1542 1515; x_wconf 82' lang='lat' dir='ltr'><strong>feremur,</strong></span> <span class='ocrx_word' id='word_1_18' title='bbox 1563 1439 1668 1504; x_wconf 90' lang='lat' dir='ltr'><strong>minus</strong></span> <span class='ocrx_word' id='word_1_19' title='bbox 1683 1445 1746 1500; x_wconf 85' lang='lat' dir='ltr'><strong>tar·</strong></span> 
     </span>
     <span class='ocr_line' id='line_1_3' title="bbox 406 1531 1747 1616; baseline -0.004 -14"><span class='ocrx_word' id='word_1_20' title='bbox 406 1538 532 1602; x_wconf 86' lang='lat' dir='ltr'><strong>dabitur</strong></span> <span class='ocrx_word' id='word_1_21' title='bbox 554 1557 666 1600; x_wconf 88' lang='lat' dir='ltr'><strong>cursus</strong></span> <span class='ocrx_word' id='word_1_22' title='bbox 688 1537 877 1598; x_wconf 89' lang='lat' dir='ltr'><strong>animorum.</strong></span> <span class='ocrx_word' id='word_1_23' title='bbox 917 1535 994 1595; x_wconf 88' lang='lat' dir='ltr'><strong>Nam</strong></span> <span class='ocrx_word' id='word_1_24' title='bbox 1017 1537 1070 1616; x_wconf 91' lang='lat' dir='ltr'><strong>qui</strong></span> <span class='ocrx_word' id='word_1_25' title='bbox 1094 1534 1127 1595; x_wconf 92' lang='lat' dir='ltr'><strong>io</strong></span> <span class='ocrx_word' id='word_1_26' title='bbox 1151 1532 1358 1615; x_wconf 85' lang='lat' dir='ltr'><strong>compedibus</strong></span> <span class='ocrx_word' id='word_1_27' title='bbox 1381 1535 1523 1615; x_wconf 91' lang='lat' dir='ltr'><strong>corporis</strong></span> <span class='ocrx_word' id='word_1_28' title='bbox 1537 1552 1664 1615; x_wconf 82' lang='lat' dir='ltr'><strong>semper</strong></span> <span class='ocrx_word' id='word_1_29' title='bbox 1678 1531 1747 1596; x_wconf 83' lang='lat' dir='ltr'><strong>tue·</strong></span> 
     </span>
     <span class='ocr_line' id='line_1_4' title="bbox 406 1626 1744 1710; baseline -0.007 -15"><span class='ocrx_word' id='word_1_30' title='bbox 406 1641 495 1705; x_wconf 92' lang='lat' dir='ltr'><strong>runt,</strong></span> <span class='ocrx_word' id='word_1_31' title='bbox 519 1633 613 1694; x_wconf 82' lang='lat' dir='ltr'><strong>etium</strong></span> <span class='ocrx_word' id='word_1_32' title='bbox 637 1652 708 1694; x_wconf 93' lang='lat' dir='ltr'><strong>cum</strong></span> <span class='ocrx_word' id='word_1_33' title='bbox 732 1630 828 1692; x_wconf 90' lang='lat' dir='ltr'><strong>soluti</strong></span> <span class='ocrx_word' id='word_1_34' title='bbox 853 1635 943 1698; x_wconf 90' lang='lat' dir='ltr'><strong>suut,</strong></span> <span class='ocrx_word' id='word_1_35' title='bbox 966 1628 1087 1690; x_wconf 87' lang='lat' dir='ltr'><strong>tardius</strong></span> <span class='ocrx_word' id='word_1_36' title='bbox 1102 1627 1342 1710; x_wconf 82' lang='lat' dir='ltr'><strong>ingrediuntur,</strong></span> <span class='ocrx_word' id='word_1_37' title='bbox 1364 1636 1399 1689; x_wconf 91' lang='lat' dir='ltr'><strong>ut</strong></span> <span class='ocrx_word' id='word_1_38' title='bbox 1419 1627 1457 1700; x_wconf 93' lang='lat' dir='ltr'><strong>ii,</strong></span> <span class='ocrx_word' id='word_1_39' title='bbox 1480 1630 1533 1710; x_wconf 92' lang='lat' dir='ltr'><strong>qui</strong></span> <span class='ocrx_word' id='word_1_40' title='bbox 1549 1626 1632 1689; x_wconf 83' lang='lat' dir='ltr'><strong>terro</strong></span> <span class='ocrx_word' id='word_1_41' title='bbox 1648 1626 1744 1689; x_wconf 84' lang='lat' dir='ltr'><strong>vincti</strong></span> 
     </span>
     <span class='ocr_line' id='line_1_5' title="bbox 408 1722 1743 1805; baseline -0.004 -18"><span class='ocrx_word' id='word_1_42' title='bbox 408 1727 524 1788; x_wconf 90' lang='lat' dir='ltr'><strong>multos</strong></span> <span class='ocrx_word' id='word_1_43' title='bbox 546 1745 647 1788; x_wconf 91' lang='lat' dir='ltr'><strong>annos</strong></span> <span class='ocrx_word' id='word_1_44' title='bbox 669 1725 806 1785; x_wconf 75' lang='lat' dir='ltr'><strong>tuterunt.</strong></span> <span class='ocrx_word' id='word_1_45' title='bbox 838 1723 910 1796; x_wconf 88' lang='lat' dir='ltr'><strong>Quo</strong></span> <span class='ocrx_word' id='word_1_46' title='bbox 933 1743 1003 1783; x_wconf 91' lang='lat' dir='ltr'><strong>cum</strong></span> <span class='ocrx_word' id='word_1_47' title='bbox 1028 1725 1221 1794; x_wconf 83' lang='lat' dir='ltr'><strong>venerimus,</strong></span> <span class='ocrx_word' id='word_1_48' title='bbox 1243 1730 1308 1783; x_wconf 93' lang='lat' dir='ltr'><strong>tum</strong></span> <span class='ocrx_word' id='word_1_49' title='bbox 1333 1722 1472 1805; x_wconf 91' lang='lat' dir='ltr'><strong>denique</strong></span> <span class='ocrx_word' id='word_1_50' title='bbox 1491 1722 1650 1793; x_wconf 86' lang='lat' dir='ltr'><strong>vivemus;</strong></span> <span class='ocrx_word' id='word_1_51' title='bbox 1673 1740 1743 1782; x_wconf 83' lang='lat' dir='ltr'><strong>uam</strong></span> 
     </span>
     <span class='ocr_line' id='line_1_6' title="bbox 407 1816 1769 1902; baseline -0.003 -20"><span class='ocrx_word' id='word_1_52' title='bbox 407 1820 483 1882; x_wconf 89' lang='lat' dir='ltr'><strong>haec</strong></span> <span class='ocrx_word' id='word_1_53' title='bbox 505 1820 634 1902; x_wconf 92' lang='lat' dir='ltr'><strong>quidem</strong></span> <span class='ocrx_word' id='word_1_54' title='bbox 659 1820 722 1879; x_wconf 88' lang='lat' dir='ltr'><strong>vita</strong></span> <span class='ocrx_word' id='word_1_55' title='bbox 747 1838 829 1879; x_wconf 90' lang='lat' dir='ltr'><strong>mors</strong></span> <span class='ocrx_word' id='word_1_56' title='bbox 853 1826 916 1889; x_wconf 88' lang='lat' dir='ltr'><strong>est,</strong></span> <span class='ocrx_word' id='word_1_57' title='bbox 940 1836 1034 1897; x_wconf 87' lang='lat' dir='ltr'><strong>qnam</strong></span> <span class='ocrx_word' id='word_1_58' title='bbox 1058 1817 1223 1879; x_wconf 89' lang='lat' dir='ltr'><strong>lamentari</strong></span> <span class='ocrx_word' id='word_1_59' title='bbox 1248 1835 1392 1897; x_wconf 88' lang='lat' dir='ltr'><strong>possem,</strong></span> <span class='ocrx_word' id='word_1_60' title='bbox 1415 1818 1441 1878; x_wconf 90' lang='lat' dir='ltr'><strong>si</strong></span> <span class='ocrx_word' id='word_1_61' title='bbox 1465 1816 1586 1878; x_wconf 89' lang='lat' dir='ltr'><strong>liberet.</strong></span> <span class='ocrx_word' id='word_1_62' title='bbox 1754 1818 1769 1865; x_wconf 71' lang='grc' dir='ltr'>ὓ</span> 
     </span>
    </p>

    <p class='ocr_par' dir='ltr' id='par_1_3' title="bbox 408 1909 1787 3403">
     <span class='ocr_line' id='line_1_7' title="bbox 491 1909 1743 1994; baseline -0.004 -20"><span class='ocrx_word' id='word_1_63' title='bbox 491 1911 543 1974; x_wconf 86' lang='grc'><strong>76.</strong></span> <span class='ocrx_word' id='word_1_64' title='bbox 573 1915 609 1974; x_wconf 98' lang='lat' dir='ltr'><strong><em>A.</em></strong></span> <span class='ocrx_word' id='word_1_65' title='bbox 633 1912 716 1973; x_wconf 88' lang='lat' dir='ltr'><strong>Satis</strong></span> <span class='ocrx_word' id='word_1_66' title='bbox 747 1920 779 1971; x_wconf 93' lang='lat' dir='ltr'><strong>tu</strong></span> <span class='ocrx_word' id='word_1_67' title='bbox 805 1911 933 1991; x_wconf 89' lang='lat' dir='ltr'><strong>quidem</strong></span> <span class='ocrx_word' id='word_1_68' title='bbox 957 1911 989 1970; x_wconf 90' lang='lat' dir='ltr'><strong>in</strong></span> <span class='ocrx_word' id='word_1_69' title='bbox 1014 1910 1239 1994; x_wconf 81' lang='lat' dir='ltr'><strong>Consolatione</strong></span> <span class='ocrx_word' id='word_1_70' title='bbox 1262 1929 1296 1971; x_wconf 93' lang='lat' dir='ltr'><strong>es</strong></span> <span class='ocrx_word' id='word_1_71' title='bbox 1319 1909 1526 1982; x_wconf 87' lang='lat' dir='ltr'><strong>lamentatus,</strong></span> <span class='ocrx_word' id='word_1_72' title='bbox 1554 1928 1649 1992; x_wconf 91' lang='lat' dir='ltr'><strong>quam</strong></span> <span class='ocrx_word' id='word_1_73' title='bbox 1673 1928 1743 1970; x_wconf 90' lang='lat' dir='ltr'><strong>cnm</strong></span> 
     </span>
     <span class='ocr_line' id='line_1_8' title="bbox 409 2002 1744 2087; baseline -0.004 -20"><span class='ocrx_word' id='word_1_74' title='bbox 409 2007 493 2087; x_wconf 75' lang='lat' dir='ltr'><strong>lego,</strong></span> <span class='ocrx_word' id='word_1_75' title='bbox 516 2007 597 2067; x_wconf 80' lang='lat' dir='ltr'>nihil</span> <span class='ocrx_word' id='word_1_76' title='bbox 620 2004 704 2066; x_wconf 93' lang='lat' dir='ltr'><strong>malo</strong></span> <span class='ocrx_word' id='word_1_77' title='bbox 728 2023 823 2086; x_wconf 91' lang='lat' dir='ltr'><strong>quam</strong></span> <span class='ocrx_word' id='word_1_78' title='bbox 849 2004 905 2064; x_wconf 87' lang='lat' dir='ltr'><strong>bas</strong></span> <span class='ocrx_word' id='word_1_79' title='bbox 927 2023 978 2064; x_wconf 90' lang='lat' dir='ltr'><strong>res</strong></span> <span class='ocrx_word' id='word_1_80' title='bbox 1000 2005 1199 2086; x_wconf 75' lang='lat' dir='ltr'><strong>relinquere,</strong></span> <span class='ocrx_word' id='word_1_81' title='bbox 1221 2002 1366 2065; x_wconf 83' lang='lat' dir='ltr'><strong>hisvero</strong></span> <span class='ocrx_word' id='word_1_82' title='bbox 1389 2002 1483 2066; x_wconf 93' lang='lat' dir='ltr'><strong>modo</strong></span> <span class='ocrx_word' id='word_1_83' title='bbox 1507 2003 1621 2067; x_wconf 88' lang='lat' dir='ltr'><strong>auditis</strong></span> <span class='ocrx_word' id='word_1_84' title='bbox 1644 2003 1744 2065; x_wconf 94' lang='lat' dir='ltr'><strong>multo</strong></span> 
     </span>
     <span class='ocr_line' id='line_1_9' title="bbox 408 2097 1744 2182; baseline -0.005 -19"><span class='ocrx_word' id='word_1_85' title='bbox 408 2102 518 2182; x_wconf 70' lang='lat' dir='ltr'><strong>magis.</strong></span> <span class='ocrx_word' id='word_1_86' title='bbox 554 2102 596 2162; x_wconf 92' lang='lat' dir='ltr'><strong><em>M</em></strong></span> <span class='ocrx_word' id='word_1_87' title='bbox 622 2100 734 2160; x_wconf 89' lang='lat' dir='ltr'><strong>Veniet</strong></span> <span class='ocrx_word' id='word_1_88' title='bbox 756 2106 882 2178; x_wconf 87' lang='lat' dir='ltr'><strong>tempus</strong></span> <span class='ocrx_word' id='word_1_89' title='bbox 905 2105 937 2158; x_wconf 92' lang='lat' dir='ltr'><strong>et</strong></span> <span class='ocrx_word' id='word_1_90' title='bbox 959 2098 1089 2178; x_wconf 88' lang='lat' dir='ltr'><strong>quidem</strong></span> <span class='ocrx_word' id='word_1_91' title='bbox 1113 2098 1275 2169; x_wconf 75' lang='lat' dir='ltr'><strong>celeriter,</strong></span> <span class='ocrx_word' id='word_1_92' title='bbox 1298 2097 1365 2159; x_wconf 86' lang='lat' dir='ltr'><strong>sive</strong></span> <span class='ocrx_word' id='word_1_93' title='bbox 1387 2097 1573 2160; x_wconf 87' lang='lat' dir='ltr'><strong>retractabis</strong></span> <span class='ocrx_word' id='word_1_94' title='bbox 1588 2097 1655 2159; x_wconf 81' lang='lat' dir='ltr'><strong>sire</strong></span> <span class='ocrx_word' id='word_1_95' title='bbox 1671 2114 1744 2177; x_wconf 94' lang='lat' dir='ltr'><strong>pro·</strong></span> 
     </span>
     <span class='ocr_line' id='line_1_10' title="bbox 409 2191 1745 2278; baseline -0.004 -23"><span class='ocrx_word' id='word_1_96' title='bbox 409 2194 550 2278; x_wconf 80' lang='lat' dir='ltr'><strong>perabis3</strong></span> <span class='ocrx_word' id='word_1_97' title='bbox 574 2193 661 2254; x_wconf 83' lang='lat' dir='ltr'><strong>volat</strong></span> <span class='ocrx_word' id='word_1_98' title='bbox 683 2193 767 2253; x_wconf 89' lang='lat' dir='ltr'><strong>enim</strong></span> <span class='ocrx_word' id='word_1_99' title='bbox 790 2200 887 2253; x_wconf 87' lang='lat' dir='ltr'><strong>aetas.</strong></span> <span class='ocrx_word' id='word_1_100' title='bbox 925 2194 1060 2253; x_wconf 88' lang='lat' dir='ltr'><strong>&#39;lantum</strong></span> <span class='ocrx_word' id='word_1_101' title='bbox 1083 2199 1187 2252; x_wconf 89' lang='lat' dir='ltr'><strong>autem</strong></span> <span class='ocrx_word' id='word_1_102' title='bbox 1211 2191 1302 2253; x_wconf 87' lang='lat' dir='ltr'><strong>abest</strong></span> <span class='ocrx_word' id='word_1_103' title='bbox 1323 2191 1362 2253; x_wconf 91' lang='lat' dir='ltr'><strong>ab</strong></span> <span class='ocrx_word' id='word_1_104' title='bbox 1386 2212 1440 2265; x_wconf 91' lang='lat' dir='ltr'><strong>eo,</strong></span> <span class='ocrx_word' id='word_1_105' title='bbox 1464 2200 1498 2256; x_wconf 92' lang='lat' dir='ltr'><strong>ut</strong></span> <span class='ocrx_word' id='word_1_106' title='bbox 1521 2193 1638 2255; x_wconf 86' lang='lat' dir='ltr'><strong>malum</strong></span> <span class='ocrx_word' id='word_1_107' title='bbox 1661 2209 1745 2251; x_wconf 87' lang='lat' dir='ltr'><strong>mors</strong></span> 
     </span>
     <span class='ocr_line' id='line_1_11' title="bbox 408 2283 1784 2370; baseline -0.005 -20"><span class='ocrx_word' id='word_1_108' title='bbox 408 2290 463 2361; x_wconf 90' lang='lat' dir='ltr'><strong>sit,</strong></span> <span class='ocrx_word' id='word_1_109' title='bbox 487 2286 574 2370; x_wconf 94' lang='lat' dir='ltr'><strong>quod</strong></span> <span class='ocrx_word' id='word_1_110' title='bbox 599 2286 655 2347; x_wconf 92' lang='lat' dir='ltr'><strong>tibi</strong></span> <span class='ocrx_word' id='word_1_111' title='bbox 679 2286 797 2347; x_wconf 90' lang='lat' dir='ltr'><strong>dudum</strong></span> <span class='ocrx_word' id='word_1_112' title='bbox 821 2284 1004 2356; x_wconf 84' lang='lat' dir='ltr'><strong>videbatur,</strong></span> <span class='ocrx_word' id='word_1_113' title='bbox 1032 2293 1069 2347; x_wconf 94' lang='lat' dir='ltr'><strong>ut</strong></span> <span class='ocrx_word' id='word_1_114' title='bbox 1091 2304 1201 2346; x_wconf 89' lang='lat' dir='ltr'><strong>verear</strong></span> <span class='ocrx_word' id='word_1_115' title='bbox 1222 2305 1263 2347; x_wconf 89' lang='lat' dir='ltr'><strong>ne</strong></span> <span class='ocrx_word' id='word_1_116' title='bbox 1285 2283 1406 2348; x_wconf 91' lang='lat' dir='ltr'><strong>bomini</strong></span> <span class='ocrx_word' id='word_1_117' title='bbox 1431 2287 1507 2348; x_wconf 93' lang='lat' dir='ltr'><strong>nihil</strong></span> <span class='ocrx_word' id='word_1_118' title='bbox 1533 2286 1658 2348; x_wconf 88' lang='lat' dir='ltr'><strong>sitnon</strong></span> <span class='ocrx_word' id='word_1_119' title='bbox 1680 2286 1784 2344; x_wconf 81' lang='lat' dir='ltr'><strong>ma·t⁰</strong></span> 
     </span>
     <span class='ocr_line' id='line_1_12' title="bbox 409 2376 1745 2463; baseline -0.005 -20"><span class='ocrx_word' id='word_1_120' title='bbox 409 2383 472 2444; x_wconf 92' lang='lat' dir='ltr'><strong>lum</strong></span> <span class='ocrx_word' id='word_1_121' title='bbox 506 2379 609 2452; x_wconf 91' lang='lat' dir='ltr'><strong>aliud,</strong></span> <span class='ocrx_word' id='word_1_122' title='bbox 639 2388 724 2441; x_wconf 86' lang='lat' dir='ltr'><strong>certe</strong></span> <span class='ocrx_word' id='word_1_123' title='bbox 757 2381 798 2440; x_wconf 90' lang='lat' dir='ltr'><strong>sit</strong></span> <span class='ocrx_word' id='word_1_124' title='bbox 824 2379 902 2440; x_wconf 92' lang='lat' dir='ltr'><strong>nihil</strong></span> <span class='ocrx_word' id='word_1_125' title='bbox 927 2379 1045 2440; x_wconf 94' lang='lat' dir='ltr'><strong>bonum</strong></span> <span class='ocrx_word' id='word_1_126' title='bbox 1069 2377 1156 2440; x_wconf 91' lang='lat' dir='ltr'><strong>aliud</strong></span> <span class='ocrx_word' id='word_1_127' title='bbox 1179 2380 1304 2459; x_wconf 90' lang='lat' dir='ltr'><strong>potius,</strong></span> <span class='ocrx_word' id='word_1_128' title='bbox 1338 2380 1364 2440; x_wconf 90' lang='lat' dir='ltr'><strong>si</strong></span> <span class='ocrx_word' id='word_1_129' title='bbox 1388 2381 1517 2463; x_wconf 90' lang='lat' dir='ltr'><strong>quidem</strong></span> <span class='ocrx_word' id='word_1_130' title='bbox 1543 2379 1591 2441; x_wconf 83' lang='lat' dir='ltr'><strong>vel</strong></span> <span class='ocrx_word' id='word_1_131' title='bbox 1621 2380 1652 2440; x_wconf 90' lang='lat' dir='ltr'><strong>di</strong></span> <span class='ocrx_word' id='word_1_132' title='bbox 1684 2376 1745 2459; x_wconf 91' lang='lat' dir='ltr'><strong>ipsi</strong></span> 
     </span>
     <span class='ocr_line' id='line_1_13' title="bbox 408 2471 1747 2553; baseline -0.004 -16"><span class='ocrx_word' id='word_1_133' title='bbox 408 2477 457 2539; x_wconf 79' lang='lat' dir='ltr'><strong>rel</strong></span> <span class='ocrx_word' id='word_1_134' title='bbox 485 2496 558 2538; x_wconf 87' lang='lat' dir='ltr'><strong>cum</strong></span> <span class='ocrx_word' id='word_1_135' title='bbox 588 2475 637 2536; x_wconf 94' lang='lat' dir='ltr'><strong>dis</strong></span> <span class='ocrx_word' id='word_1_136' title='bbox 666 2473 762 2534; x_wconf 83' lang='lat' dir='ltr'><strong>futuri</strong></span> <span class='ocrx_word' id='word_1_137' title='bbox 794 2494 913 2535; x_wconf 89' lang='lat' dir='ltr'><strong>sumus.</strong></span> <span class='ocrx_word' id='word_1_138' title='bbox 951 2478 987 2534; x_wconf 91' lang='lat' dir='ltr'><strong><em>A.</em></strong></span> <span class='ocrx_word' id='word_1_139' title='bbox 1012 2473 1097 2547; x_wconf 84' lang='lat' dir='ltr'><strong>Quid</strong></span> <span class='ocrx_word' id='word_1_140' title='bbox 1122 2471 1242 2536; x_wconf 77' lang='lat' dir='ltr'><strong>referti</strong></span> <span class='ocrx_word' id='word_1_141' title='bbox 1275 2474 1318 2536; x_wconf 88' lang='lat' dir='ltr'><strong>M.</strong></span> <span class='ocrx_word' id='word_1_142' title='bbox 1341 2475 1465 2536; x_wconf 79' lang='lat' dir='ltr'><strong>Adsunt</strong></span> <span class='ocrx_word' id='word_1_143' title='bbox 1486 2476 1569 2536; x_wconf 90' lang='lat' dir='ltr'><strong>euim</strong></span> <span class='ocrx_word' id='word_1_144' title='bbox 1593 2473 1647 2553; x_wconf 87' lang='lat' dir='ltr'><strong>qui</strong></span> <span class='ocrx_word' id='word_1_145' title='bbox 1668 2471 1747 2532; x_wconf 90' lang='lat' dir='ltr'><strong>baec</strong></span> 
     </span>
     <span class='ocr_line' id='line_1_14' title="bbox 409 2565 1747 2650; baseline -0.006 -18"><span class='ocrx_word' id='word_1_146' title='bbox 409 2591 470 2632; x_wconf 92' lang='lat' dir='ltr'><strong>nou</strong></span> <span class='ocrx_word' id='word_1_147' title='bbox 503 2570 649 2650; x_wconf 78' lang='lat' dir='ltr'><strong>probent.</strong></span> <span class='ocrx_word' id='word_1_148' title='bbox 691 2569 760 2646; x_wconf 83' lang='lat' dir='ltr'><strong>Ego</strong></span> <span class='ocrx_word' id='word_1_149' title='bbox 791 2576 896 2628; x_wconf 86' lang='lat' dir='ltr'><strong>autem</strong></span> <span class='ocrx_word' id='word_1_150' title='bbox 926 2586 1101 2649; x_wconf 83' lang='lat' dir='ltr'><strong>numquam</strong></span> <span class='ocrx_word' id='word_1_151' title='bbox 1131 2567 1175 2628; x_wconf 89' lang='lat' dir='ltr'><strong>ita</strong></span> <span class='ocrx_word' id='word_1_152' title='bbox 1204 2575 1235 2629; x_wconf 89' lang='lat' dir='ltr'><strong>te</strong></span> <span class='ocrx_word' id='word_1_153' title='bbox 1265 2566 1298 2626; x_wconf 90' lang='lat' dir='ltr'><strong>in</strong></span> <span class='ocrx_word' id='word_1_154' title='bbox 1330 2566 1391 2628; x_wconf 90' lang='lat' dir='ltr'><strong>hoc</strong></span> <span class='ocrx_word' id='word_1_155' title='bbox 1414 2585 1559 2629; x_wconf 91' lang='lat' dir='ltr'><strong>sermone</strong></span> <span class='ocrx_word' id='word_1_156' title='bbox 1582 2565 1747 2636; x_wconf 76' lang='lat' dir='ltr'><strong>dimittam,</strong></span> 
     </span>
     <span class='ocr_line' id='line_1_15' title="bbox 411 2658 1745 2745; baseline -0.006 -18"><span class='ocrx_word' id='word_1_157' title='bbox 411 2665 473 2728; x_wconf 91' lang='lat' dir='ltr'><strong>ulla</strong></span> <span class='ocrx_word' id='word_1_158' title='bbox 497 2665 544 2725; x_wconf 92' lang='lat' dir='ltr'><strong>uti</strong></span> <span class='ocrx_word' id='word_1_159' title='bbox 562 2662 691 2724; x_wconf 84' lang='lat' dir='ltr'><strong>ratione</strong></span> <span class='ocrx_word' id='word_1_160' title='bbox 714 2680 799 2721; x_wconf 90' lang='lat' dir='ltr'><strong>mors</strong></span> <span class='ocrx_word' id='word_1_161' title='bbox 822 2661 877 2722; x_wconf 92' lang='lat' dir='ltr'><strong>tibi</strong></span> <span class='ocrx_word' id='word_1_162' title='bbox 900 2661 999 2722; x_wconf 85' lang='lat' dir='ltr'><strong>videri</strong></span> <span class='ocrx_word' id='word_1_163' title='bbox 1025 2659 1140 2722; x_wconf 88' lang='lat' dir='ltr'><strong>malum</strong></span> <span class='ocrx_word' id='word_1_164' title='bbox 1165 2662 1276 2742; x_wconf 87' lang='lat' dir='ltr'><strong>possit.</strong></span> <span class='ocrx_word' id='word_1_165' title='bbox 1313 2658 1363 2721; x_wconf 83' lang='lat'><strong>77.</strong></span> <span class='ocrx_word' id='word_1_166' title='bbox 1387 2661 1423 2723; x_wconf 89' lang='lat' dir='ltr'><strong><em>A.</em></strong></span> <span class='ocrx_word' id='word_1_167' title='bbox 1447 2661 1508 2736; x_wconf 83' lang='lat' dir='ltr'><strong>Qui</strong></span> <span class='ocrx_word' id='word_1_168' title='bbox 1532 2669 1649 2745; x_wconf 87' lang='lat' dir='ltr'><strong>potest,</strong></span> <span class='ocrx_word' id='word_1_169' title='bbox 1675 2678 1745 2721; x_wconf 89' lang='lat' dir='ltr'><strong>cum</strong></span> 
     </span>
     <span class='ocr_line' id='line_1_16' title="bbox 409 2753 1785 2838; baseline -0.007 -16"><span class='ocrx_word' id='word_1_170' title='bbox 409 2761 465 2822; x_wconf 92' lang='lat' dir='ltr'><strong>ista</strong></span> <span class='ocrx_word' id='word_1_171' title='bbox 488 2758 715 2838; x_wconf 71' lang='lat' dir='ltr'><strong>cognoverim?</strong></span> <span class='ocrx_word' id='word_1_172' title='bbox 753 2756 794 2817; x_wconf 93' lang='lat' dir='ltr'><strong><em>M.</em></strong></span> <span class='ocrx_word' id='word_1_173' title='bbox 819 2755 881 2829; x_wconf 87' lang='lat' dir='ltr'><strong>Qui</strong></span> <span class='ocrx_word' id='word_1_174' title='bbox 907 2756 1006 2837; x_wconf 84' lang='lat' dir='ltr'><strong>possit</strong></span> <span class='ocrx_word' id='word_1_175' title='bbox 1028 2755 1142 2834; x_wconf 77' lang='lat' dir='ltr'><strong>rogat?</strong></span> <span class='ocrx_word' id='word_1_176' title='bbox 1176 2754 1325 2817; x_wconf 83' lang='lat' dir='ltr'><strong>Catervae</strong></span> <span class='ocrx_word' id='word_1_177' title='bbox 1348 2757 1480 2818; x_wconf 89' lang='lat' dir='ltr'><strong>veniunt</strong></span> <span class='ocrx_word' id='word_1_178' title='bbox 1507 2763 1617 2818; x_wconf 88' lang='lat' dir='ltr'><strong>contra</strong></span> <span class='ocrx_word' id='word_1_179' title='bbox 1640 2753 1785 2814; x_wconf 82' lang='lat' dir='ltr'><strong>dicen-¹⁵</strong></span> 
     </span>
     <span class='ocr_line' id='line_1_17' title="bbox 410 2847 1748 2931; baseline -0.004 -18"><span class='ocrx_word' id='word_1_180' title='bbox 410 2854 485 2913; x_wconf 89' lang='lat' dir='ltr'><strong>tium</strong></span> <span class='ocrx_word' id='word_1_181' title='bbox 516 2871 574 2911; x_wconf 86' lang='lat' dir='ltr'><strong>nec</strong></span> <span class='ocrx_word' id='word_1_182' title='bbox 603 2850 707 2912; x_wconf 85' lang='lat' dir='ltr'><strong>solum</strong></span> <span class='ocrx_word' id='word_1_183' title='bbox 731 2851 978 2930; x_wconf 86' lang='lat' dir='ltr'><strong>Epicureorum,</strong></span> <span class='ocrx_word' id='word_1_184' title='bbox 1009 2867 1091 2931; x_wconf 93' lang='lat' dir='ltr'><strong>quos</strong></span> <span class='ocrx_word' id='word_1_185' title='bbox 1114 2847 1262 2929; x_wconf 90' lang='lat' dir='ltr'><strong>equidem</strong></span> <span class='ocrx_word' id='word_1_186' title='bbox 1287 2867 1350 2909; x_wconf 92' lang='lat' dir='ltr'><strong>uon</strong></span> <span class='ocrx_word' id='word_1_187' title='bbox 1374 2850 1533 2930; x_wconf 89' lang='lat' dir='ltr'><strong>despicio,</strong></span> <span class='ocrx_word' id='word_1_188' title='bbox 1562 2848 1616 2910; x_wconf 90' lang='lat' dir='ltr'><strong>sed</strong></span> <span class='ocrx_word' id='word_1_189' title='bbox 1640 2847 1748 2908; x_wconf 88' lang='lat' dir='ltr'><strong>nescio</strong></span> 
     </span>
     <span class='ocr_line' id='line_1_18' title="bbox 410 2941 1748 3029; baseline -0.004 -22"><span class='ocrx_word' id='word_1_190' title='bbox 410 2964 473 3029; x_wconf 90' lang='lat' dir='ltr'><strong>quo</strong></span> <span class='ocrx_word' id='word_1_191' title='bbox 496 2943 593 3006; x_wconf 92' lang='lat' dir='ltr'><strong>modo</strong></span> <span class='ocrx_word' id='word_1_192' title='bbox 616 2943 820 3005; x_wconf 89' lang='lat' dir='ltr'><strong>doctissimus</strong></span> <span class='ocrx_word' id='word_1_193' title='bbox 841 2943 994 3025; x_wconf 91' lang='lat' dir='ltr'><strong>quisque,</strong></span> <span class='ocrx_word' id='word_1_194' title='bbox 1017 2961 1180 3003; x_wconf 86' lang='lat' dir='ltr'><strong>acerrume</strong></span> <span class='ocrx_word' id='word_1_195' title='bbox 1203 2951 1308 3004; x_wconf 89' lang='lat' dir='ltr'><strong>autem</strong></span> <span class='ocrx_word' id='word_1_196' title='bbox 1333 2941 1466 3006; x_wconf 89' lang='lat' dir='ltr'><strong>deliciae</strong></span> <span class='ocrx_word' id='word_1_197' title='bbox 1492 2962 1579 3006; x_wconf 85' lang='lat' dir='ltr'><strong>mene</strong></span> <span class='ocrx_word' id='word_1_198' title='bbox 1600 2943 1748 3005; x_wconf 86' lang='lat' dir='ltr'><strong>Dicaear-</strong></span> 
     </span>
     <span class='ocr_line' id='line_1_19' title="bbox 410 3035 1748 3119; baseline -0.003 -19"><span class='ocrx_word' id='word_1_199' title='bbox 410 3044 485 3103; x_wconf 86' lang='lat' dir='ltr'><strong>chus</strong></span> <span class='ocrx_word' id='word_1_200' title='bbox 513 3048 623 3100; x_wconf 90' lang='lat' dir='ltr'><strong>contra</strong></span> <span class='ocrx_word' id='word_1_201' title='bbox 655 3038 735 3099; x_wconf 92' lang='lat' dir='ltr'><strong>banc</strong></span> <span class='ocrx_word' id='word_1_202' title='bbox 757 3038 1024 3099; x_wconf 89' lang='lat' dir='ltr'><strong>immortalitatem</strong></span> <span class='ocrx_word' id='word_1_203' title='bbox 1049 3035 1210 3097; x_wconf 86' lang='lat' dir='ltr'><strong>disseruit.</strong></span> <span class='ocrx_word' id='word_1_204' title='bbox 1249 3038 1276 3098; x_wconf 93' lang='lat' dir='ltr'><strong>ls</strong></span> <span class='ocrx_word' id='word_1_205' title='bbox 1306 3038 1389 3100; x_wconf 91' lang='lat' dir='ltr'><strong>enim</strong></span> <span class='ocrx_word' id='word_1_206' title='bbox 1413 3038 1470 3099; x_wconf 89' lang='lat' dir='ltr'><strong>tris</strong></span> <span class='ocrx_word' id='word_1_207' title='bbox 1493 3037 1591 3098; x_wconf 90' lang='lat' dir='ltr'><strong>libros</strong></span> <span class='ocrx_word' id='word_1_208' title='bbox 1613 3035 1748 3119; x_wconf 81' lang='lat' dir='ltr'><strong>scripsit,</strong></span> 
     </span>
     <span class='ocr_line' id='line_1_20' title="bbox 410 3126 1749 3216; baseline -0.006 -21"><span class='ocrx_word' id='word_1_209' title='bbox 410 3136 462 3216; x_wconf 90' lang='lat' dir='ltr'><strong>qui</strong></span> <span class='ocrx_word' id='word_1_210' title='bbox 494 3133 637 3194; x_wconf 84' lang='lat' dir='ltr'><strong>Lesbiaci</strong></span> <span class='ocrx_word' id='word_1_211' title='bbox 666 3140 834 3204; x_wconf 89' lang='lat' dir='ltr'><strong>vocantur,</strong></span> <span class='ocrx_word' id='word_1_212' title='bbox 864 3131 948 3214; x_wconf 93' lang='lat' dir='ltr'><strong>quod</strong></span> <span class='ocrx_word' id='word_1_213' title='bbox 980 3130 1142 3213; x_wconf 78' lang='lat' dir='ltr'><strong>Mytilenis</strong></span> <span class='ocrx_word' id='word_1_214' title='bbox 1172 3149 1276 3192; x_wconf 87' lang='lat' dir='ltr'><strong>sermo</strong></span> <span class='ocrx_word' id='word_1_215' title='bbox 1308 3130 1459 3203; x_wconf 89' lang='lat' dir='ltr'><strong>habetur,</strong></span> <span class='ocrx_word' id='word_1_216' title='bbox 1489 3132 1521 3193; x_wconf 91' lang='lat' dir='ltr'><strong>in</strong></span> <span class='ocrx_word' id='word_1_217' title='bbox 1545 3130 1660 3213; x_wconf 87' lang='lat' dir='ltr'><strong>quibus</strong></span> <span class='ocrx_word' id='word_1_218' title='bbox 1682 3126 1749 3189; x_wconf 85' lang='lat' dir='ltr'><strong>volt</strong></span> 
     </span>
     <span class='ocr_line' id='line_1_21' title="bbox 412 3223 1787 3306; baseline -0.004 -19"><span class='ocrx_word' id='word_1_219' title='bbox 412 3225 536 3289; x_wconf 77' lang='lat' dir='ltr'><strong>edicere</strong></span> <span class='ocrx_word' id='word_1_220' title='bbox 559 3227 682 3288; x_wconf 88' lang='lat' dir='ltr'><strong>animos</strong></span> <span class='ocrx_word' id='word_1_221' title='bbox 705 3245 775 3287; x_wconf 91' lang='lat' dir='ltr'><strong>esse</strong></span> <span class='ocrx_word' id='word_1_222' title='bbox 799 3226 947 3287; x_wconf 91' lang='lat' dir='ltr'><strong>mortalis.</strong></span> <span class='ocrx_word' id='word_1_223' title='bbox 978 3223 1076 3285; x_wconf 87' lang='lat' dir='ltr'><strong>Stoici</strong></span> <span class='ocrx_word' id='word_1_224' title='bbox 1093 3231 1198 3285; x_wconf 89' lang='lat' dir='ltr'><strong>autem</strong></span> <span class='ocrx_word' id='word_1_225' title='bbox 1222 3242 1350 3285; x_wconf 89' lang='lat' dir='ltr'><strong>usuram</strong></span> <span class='ocrx_word' id='word_1_226' title='bbox 1365 3225 1458 3286; x_wconf 91' lang='lat' dir='ltr'><strong>nobis</strong></span> <span class='ocrx_word' id='word_1_227' title='bbox 1478 3224 1656 3306; x_wconf 79' lang='lat' dir='ltr'><strong>largiuntur</strong></span> <span class='ocrx_word' id='word_1_228' title='bbox 1671 3228 1787 3284; x_wconf 72' lang='lat' dir='ltr'><strong>tam-²⁰</strong></span> 
     </span>
     <span class='ocr_line' id='line_1_22' title="bbox 411 3317 1558 3403; baseline -0.005 -20"><span class='ocrx_word' id='word_1_229' title='bbox 411 3342 503 3403; x_wconf 92' lang='lat' dir='ltr'><strong>quam</strong></span> <span class='ocrx_word' id='word_1_230' title='bbox 527 3319 725 3382; x_wconf 81' lang='lat' dir='ltr'><strong>cornicibus:</strong></span> <span class='ocrx_word' id='word_1_231' title='bbox 749 3317 801 3380; x_wconf 92' lang='lat' dir='ltr'><strong>diu</strong></span> <span class='ocrx_word' id='word_1_232' title='bbox 826 3338 991 3380; x_wconf 85' lang='lat' dir='ltr'><strong>mansuros</strong></span> <span class='ocrx_word' id='word_1_233' title='bbox 1014 3319 1105 3379; x_wconf 91' lang='lat' dir='ltr'><strong>aiunt</strong></span> <span class='ocrx_word' id='word_1_234' title='bbox 1123 3318 1263 3390; x_wconf 89' lang='lat' dir='ltr'><strong>animos,</strong></span> <span class='ocrx_word' id='word_1_235' title='bbox 1286 3337 1412 3399; x_wconf 83' lang='lat' dir='ltr'><strong>semper</strong></span> <span class='ocrx_word' id='word_1_236' title='bbox 1433 3326 1558 3400; x_wconf 82' lang='lat' dir='ltr'><strong>negant.</strong></span> 
     </span>
    </p>

    <p class='ocr_par' dir='ltr' id='par_1_4' title="bbox 415 3410 1751 3682">
     <span class='ocr_line' id='line_1_23' title="bbox 495 3410 1748 3493; baseline -0.004 -18"><span class='ocrx_word' id='word_1_237' title='bbox 495 3415 627 3476; x_wconf 80' lang='lat' dir='ltr'><strong>xxxtt.</strong></span> <span class='ocrx_word' id='word_1_238' title='bbox 649 3416 731 3475; x_wconf 91' lang='lat' dir='ltr'><strong>Num</strong></span> <span class='ocrx_word' id='word_1_239' title='bbox 754 3433 817 3474; x_wconf 91' lang='lat' dir='ltr'><strong>non</strong></span> <span class='ocrx_word' id='word_1_240' title='bbox 843 3415 889 3473; x_wconf 87' lang='lat' dir='ltr'><strong>vis</strong></span> <span class='ocrx_word' id='word_1_241' title='bbox 912 3413 1009 3493; x_wconf 83' lang='lat' dir='ltr'><strong>igitur</strong></span> <span class='ocrx_word' id='word_1_242' title='bbox 1028 3410 1139 3471; x_wconf 89' lang='lat' dir='ltr'><strong>audire</strong></span> <span class='ocrx_word' id='word_1_243' title='bbox 1155 3428 1228 3483; x_wconf 87' lang='lat' dir='ltr'><strong>cur,</strong></span> <span class='ocrx_word' id='word_1_244' title='bbox 1252 3412 1345 3471; x_wconf 90' lang='lat' dir='ltr'><strong>etiam</strong></span> <span class='ocrx_word' id='word_1_245' title='bbox 1362 3412 1388 3472; x_wconf 87' lang='lat' dir='ltr'><strong>si</strong></span> <span class='ocrx_word' id='word_1_246' title='bbox 1405 3412 1449 3473; x_wconf 88' lang='lat' dir='ltr'><strong>ita</strong></span> <span class='ocrx_word' id='word_1_247' title='bbox 1464 3413 1520 3484; x_wconf 92' lang='lat' dir='ltr'><strong>sit,</strong></span> <span class='ocrx_word' id='word_1_248' title='bbox 1545 3418 1628 3472; x_wconf 88' lang='lat' dir='ltr'><strong>mors</strong></span> <span class='ocrx_word' id='word_1_249' title='bbox 1643 3418 1748 3472; x_wconf 88' lang='lat' dir='ltr'><strong>tamen</strong></span> 
     </span>
     <span class='ocr_line' id='line_1_24' title="bbox 415 3503 1749 3585; baseline -0.004 -16"><span class='ocrx_word' id='word_1_250' title='bbox 415 3528 475 3570; x_wconf 92' lang='lat' dir='ltr'><strong>non</strong></span> <span class='ocrx_word' id='word_1_251' title='bbox 499 3509 540 3570; x_wconf 92' lang='lat' dir='ltr'><strong>sit</strong></span> <span class='ocrx_word' id='word_1_252' title='bbox 563 3508 594 3569; x_wconf 90' lang='lat' dir='ltr'><strong>in</strong></span> <span class='ocrx_word' id='word_1_253' title='bbox 619 3507 732 3569; x_wconf 73' lang='lat' dir='ltr'><strong>malis?</strong></span> <span class='ocrx_word' id='word_1_254' title='bbox 763 3508 800 3567; x_wconf 88' lang='lat' dir='ltr'><strong>A.</strong></span> <span class='ocrx_word' id='word_1_255' title='bbox 823 3507 863 3567; x_wconf 92' lang='lat' dir='ltr'><strong>Ut</strong></span> <span class='ocrx_word' id='word_1_256' title='bbox 882 3507 1022 3575; x_wconf 87' lang='lat' dir='ltr'><strong>videtur,</strong></span> <span class='ocrx_word' id='word_1_257' title='bbox 1046 3504 1102 3565; x_wconf 86' lang='lat' dir='ltr'><strong>sed</strong></span> <span class='ocrx_word' id='word_1_258' title='bbox 1119 3524 1169 3564; x_wconf 87' lang='lat' dir='ltr'><strong>rue</strong></span> <span class='ocrx_word' id='word_1_259' title='bbox 1192 3523 1285 3565; x_wconf 89' lang='lat' dir='ltr'><strong>nemo</strong></span> <span class='ocrx_word' id='word_1_260' title='bbox 1301 3505 1340 3564; x_wconf 91' lang='lat' dir='ltr'><strong>de</strong></span> <span class='ocrx_word' id='word_1_261' title='bbox 1362 3505 1585 3567; x_wconf 83' lang='lat' dir='ltr'><strong>inmortalitate</strong></span> <span class='ocrx_word' id='word_1_262' title='bbox 1601 3503 1749 3585; x_wconf 88' lang='lat' dir='ltr'><strong>depellet.</strong></span> 
     </span>
     <span class='ocr_line' id='line_1_25' title="bbox 415 3597 1751 3682; baseline -0.001 -21"><span class='ocrx_word' id='word_1_263' title='bbox 415 3598 463 3664; x_wconf 78' lang='lat'><strong><em>78.</em></strong></span> <span class='ocrx_word' id='word_1_264' title='bbox 483 3603 528 3665; x_wconf 83' lang='lat' dir='ltr'><strong><em>M</em></strong></span> <span class='ocrx_word' id='word_1_265' title='bbox 550 3601 663 3662; x_wconf 75' lang='lat' dir='ltr'><strong>baudo</strong></span> <span class='ocrx_word' id='word_1_266' title='bbox 693 3601 726 3661; x_wconf 94' lang='lat' dir='ltr'><strong>id</strong></span> <span class='ocrx_word' id='word_1_267' title='bbox 753 3600 898 3682; x_wconf 90' lang='lat' dir='ltr'><strong>quidem,</strong></span> <span class='ocrx_word' id='word_1_268' title='bbox 927 3599 987 3661; x_wconf 90' lang='lat' dir='ltr'><strong>etsi</strong></span> <span class='ocrx_word' id='word_1_269' title='bbox 1010 3597 1089 3660; x_wconf 92' lang='lat' dir='ltr'><strong>nibil</strong></span> <span class='ocrx_word' id='word_1_270' title='bbox 1111 3598 1207 3660; x_wconf 89' lang='lat' dir='ltr'><strong>nimis</strong></span> <span class='ocrx_word' id='word_1_271' title='bbox 1229 3606 1357 3680; x_wconf 88' lang='lat' dir='ltr'><strong>oportet</strong></span> <span class='ocrx_word' id='word_1_272' title='bbox 1378 3598 1557 3675; x_wconf 78' lang='lat' dir='ltr'><strong>confidere3</strong></span> <span class='ocrx_word' id='word_1_273' title='bbox 1587 3617 1751 3661; x_wconf 85' lang='lat' dir='ltr'><strong>movemur</strong></span> 
     </span>
    </p>
   </div>
   <div class='ocr_carea' id='block_1_3' title="bbox 413 3859 1815 6019">
    <p class='ocr_par' dir='ltr' id='par_1_5' title="bbox 413 3859 1815 6019">
     <span class='ocr_line' id='line_1_26' title="bbox 473 3859 1752 3922; baseline -0.002 -11"><span class='ocrx_word' id='word_1_274' title='bbox 473 3862 499 3911; x_wconf 83' lang='grc'><strong>3.</strong></span> <span class='ocrx_word' id='word_1_275' title='bbox 517 3862 544 3909; x_wconf 82' lang='lat' dir='ltr'><strong>hi</strong></span> <span class='ocrx_word' id='word_1_276' title='bbox 567 3862 618 3911; x_wconf 81' lang='lat' dir='ltr'><strong>uit</strong></span> <span class='ocrx_word' id='word_1_277' title='bbox 635 3860 722 3922; x_wconf 81' lang='lat' dir='ltr'><strong>(etiam</strong></span> <span class='ocrx_word' id='word_1_278' title='bbox 739 3873 797 3909; x_wconf 73' lang='lat' dir='ltr'><strong>mm</strong></span> <span class='ocrx_word' id='word_1_279' title='bbox 808 3886 822 3896; x_wconf 94' lang='lat'>-</span> <span class='ocrx_word' id='word_1_280' title='bbox 833 3873 940 3909; x_wconf 81' lang='lat' dir='ltr'><strong>-annor</strong></span> <span class='ocrx_word' id='word_1_281' title='bbox 954 3860 1057 3921; x_wconf 72' lang='lat' dir='ltr'><strong>[turoni</strong></span> <span class='ocrx_word' id='word_1_282' title='bbox 1073 3873 1127 3909; x_wconf 89' lang='lat' dir='ltr'><strong>om.</strong></span> <span class='ocrx_word' id='word_1_283' title='bbox 1148 3859 1175 3919; x_wconf 79' lang='grc' dir='ltr'><strong>Β)</strong></span> <span class='ocrx_word' id='word_1_284' title='bbox 1195 3885 1222 3895; x_wconf 85' lang='grc'><strong>-</strong></span> <span class='ocrx_word' id='word_1_285' title='bbox 1244 3862 1268 3909; x_wconf 78' lang='grc'><strong>5.</strong></span> <span class='ocrx_word' id='word_1_286' title='bbox 1286 3859 1404 3909; x_wconf 76' lang='lat' dir='ltr'><strong>liberetur</strong></span> <span class='ocrx_word' id='word_1_287' title='bbox 1422 3860 1441 3910; x_wconf 92' lang='lat' dir='ltr'>C</span> <span class='ocrx_word' id='word_1_288' title='bbox 1460 3886 1487 3896; x_wconf 94' lang='lat'><strong>·-</strong></span> <span class='ocrx_word' id='word_1_289' title='bbox 1507 3860 1532 3912; x_wconf 89' lang='lat'><strong>8.</strong></span> <span class='ocrx_word' id='word_1_290' title='bbox 1550 3860 1662 3910; x_wconf 78' lang='lat' dir='ltr'><strong>celeriter</strong></span> <span class='ocrx_word' id='word_1_291' title='bbox 1678 3859 1752 3908; x_wconf 79' lang='lat' dir='ltr'><strong>liittr-</strong></span> 
     </span>
     <span class='ocr_line' id='line_1_27' title="bbox 416 3935 1752 3995; baseline -0.002 -8"><span class='ocrx_word' id='word_1_292' title='bbox 416 3950 475 3987; x_wconf 88' lang='lat' dir='ltr'><strong>ner:</strong></span> <span class='ocrx_word' id='word_1_293' title='bbox 495 3939 609 3987; x_wconf 69' lang='lat' dir='ltr'><strong>crantor</strong></span> <span class='ocrx_word' id='word_1_294' title='bbox 626 3943 649 3984; x_wconf 79' lang='lat' dir='ltr'><strong>ct</strong></span> <span class='ocrx_word' id='word_1_295' title='bbox 667 3938 717 3985; x_wconf 83' lang='lat' dir='ltr'><strong>ct)</strong></span> <span class='ocrx_word' id='word_1_296' title='bbox 737 3961 762 3969; x_wconf 93' lang='lat'>—</span> <span class='ocrx_word' id='word_1_297' title='bbox 784 3938 824 3985; x_wconf 89' lang='lat' dir='ltr'><strong>tt.</strong></span> <span class='ocrx_word' id='word_1_298' title='bbox 844 3937 915 3983; x_wconf 84' lang='lat' dir='ltr'><strong>atiud</strong></span> <span class='ocrx_word' id='word_1_299' title='bbox 930 3943 1005 3995; x_wconf 81' lang='lat' dir='ltr'><strong>certe,</strong></span> <span class='ocrx_word' id='word_1_300' title='bbox 1023 3937 1065 3983; x_wconf 80' lang='lat' dir='ltr'><strong>red</strong></span> <span class='ocrx_word' id='word_1_301' title='bbox 1081 3936 1143 3983; x_wconf 86' lang='lat' dir='ltr'><strong>nihii</strong></span> <span class='ocrx_word' id='word_1_302' title='bbox 1161 3935 1217 3983; x_wconf 84' lang='lat' dir='ltr'><strong><em>CO.</em></strong></span> <span class='ocrx_word' id='word_1_303' title='bbox 1238 3936 1349 3985; x_wconf 78' lang='lat' dir='ltr'><strong>«Utrum</strong></span> <span class='ocrx_word' id='word_1_304' title='bbox 1367 3935 1475 3985; x_wconf 85' lang='lat' dir='ltr'><strong>tandem</strong></span> <span class='ocrx_word' id='word_1_305' title='bbox 1494 3937 1582 3985; x_wconf 90' lang='lat' dir='ltr'><strong>minus</strong></span> <span class='ocrx_word' id='word_1_306' title='bbox 1595 3937 1752 3986; x_wconf 88' lang='lat' dir='ltr'><strong>estetcou-</strong></span> 
     </span>
     <span class='ocr_line' id='line_1_28' title="bbox 415 4011 1751 4074; baseline -0.002 -13"><span class='ocrx_word' id='word_1_307' title='bbox 415 4013 536 4063; x_wconf 87' lang='lat' dir='ltr'><strong>tidentius</strong></span> <span class='ocrx_word' id='word_1_308' title='bbox 558 4012 650 4060; x_wconf 86' lang='lat' dir='ltr'><strong>dicere</strong></span> <span class='ocrx_word' id='word_1_309' title='bbox 674 4012 814 4068; x_wconf 85' lang='lat' dir='ltr'><strong>convenit,</strong></span> <span class='ocrx_word' id='word_1_310' title='bbox 837 4011 934 4059; x_wconf 80' lang='lat' dir='ltr'><strong>nihilne</strong></span> <span class='ocrx_word' id='word_1_311' title='bbox 960 4011 1030 4059; x_wconf 81' lang='lat' dir='ltr'><strong>atiud</strong></span> <span class='ocrx_word' id='word_1_312' title='bbox 1051 4011 1143 4059; x_wconf 85' lang='lat' dir='ltr'><strong>bonnm</strong></span> <span class='ocrx_word' id='word_1_313' title='bbox 1160 4021 1220 4059; x_wconf 86' lang='lat' dir='ltr'><strong>esse</strong></span> <span class='ocrx_word' id='word_1_314' title='bbox 1241 4011 1337 4070; x_wconf 81' lang='lat' dir='ltr'><strong>potins,</strong></span> <span class='ocrx_word' id='word_1_315' title='bbox 1361 4023 1395 4059; x_wconf 86' lang='lat' dir='ltr'><strong>en</strong></span> <span class='ocrx_word' id='word_1_316' title='bbox 1417 4011 1488 4059; x_wconf 84' lang='lat' dir='ltr'><strong>maio</strong></span> <span class='ocrx_word' id='word_1_317' title='bbox 1512 4013 1620 4074; x_wconf 88' lang='lat' dir='ltr'><strong>praeter</strong></span> <span class='ocrx_word' id='word_1_318' title='bbox 1637 4013 1751 4059; x_wconf 87' lang='lat' dir='ltr'><strong>mortem</strong></span> 
     </span>
     <span class='ocr_line' id='line_1_29' title="bbox 415 4084 1753 4141; baseline -0.002 -5"><span class='ocrx_word' id='word_1_319' title='bbox 415 4091 498 4137; x_wconf 75' lang='lat' dir='ltr'><strong>omnio</strong></span> <span class='ocrx_word' id='word_1_320' title='bbox 516 4088 598 4136; x_wconf 80' lang='lat' dir='ltr'><strong>esset</strong></span> <span class='ocrx_word' id='word_1_321' title='bbox 616 4099 775 4134; x_wconf 76' lang='lat' dir='ltr'><strong>sunrrnurnne</strong></span> <span class='ocrx_word' id='word_1_322' title='bbox 794 4084 895 4134; x_wconf 92' lang='lat' dir='ltr'><strong>bonum</strong></span> <span class='ocrx_word' id='word_1_323' title='bbox 914 4099 974 4134; x_wconf 84' lang='lat' dir='ltr'><strong>esse</strong></span> <span class='ocrx_word' id='word_1_324' title='bbox 993 4089 1118 4141; x_wconf 78' lang='lat' dir='ltr'><strong>mortem,</strong></span> <span class='ocrx_word' id='word_1_325' title='bbox 1139 4099 1171 4133; x_wconf 83' lang='lat' dir='ltr'><strong>an</strong></span> <span class='ocrx_word' id='word_1_326' title='bbox 1189 4084 1287 4132; x_wconf 82' lang='lat' dir='ltr'><strong>soionr‘t</strong></span> <span class='ocrx_word' id='word_1_327' title='bbox 1304 4086 1379 4134; x_wconf 88' lang='lat' dir='ltr'><strong>Prius</strong></span> <span class='ocrx_word' id='word_1_328' title='bbox 1397 4085 1485 4135; x_wconf 91' lang='lat' dir='ltr'><strong>minus</strong></span> <span class='ocrx_word' id='word_1_329' title='bbox 1500 4099 1561 4135; x_wconf 88' lang='lat' dir='ltr'><strong>esse</strong></span> <span class='ocrx_word' id='word_1_330' title='bbox 1573 4085 1638 4134; x_wconf 89' lang='lat' dir='ltr'><strong>vidit</strong></span> <span class='ocrx_word' id='word_1_331' title='bbox 1650 4085 1753 4134; x_wconf 88' lang='lat' dir='ltr'><strong>itottin-</strong></span> 
     </span>
     <span class='ocr_line' id='line_1_30' title="bbox 416 4160 1751 4224; baseline -0.001 -14"><span class='ocrx_word' id='word_1_332' title='bbox 416 4175 492 4222; x_wconf 71' lang='lat' dir='ltr'><strong>perus</strong></span> <span class='ocrx_word' id='word_1_333' title='bbox 510 4174 561 4210; x_wconf 85' lang='lat' dir='ltr'><strong>nec</strong></span> <span class='ocrx_word' id='word_1_334' title='bbox 580 4164 682 4209; x_wconf 84' lang='lat' dir='ltr'><strong>temere</strong></span> <span class='ocrx_word' id='word_1_335' title='bbox 701 4161 843 4221; x_wconf 89' lang='lat' dir='ltr'><strong>quisquam</strong></span> <span class='ocrx_word' id='word_1_336' title='bbox 864 4162 1000 4220; x_wconf 73' lang='lat' dir='ltr'><strong>negaverit</strong></span> <span class='ocrx_word' id='word_1_337' title='bbox 1017 4161 1066 4208; x_wconf 85' lang='lat' dir='ltr'><strong>nisi</strong></span> <span class='ocrx_word' id='word_1_338' title='bbox 1084 4161 1128 4219; x_wconf 85' lang='lat' dir='ltr'><strong>qui</strong></span> <span class='ocrx_word' id='word_1_339' title='bbox 1147 4160 1181 4207; x_wconf 90' lang='lat' dir='ltr'><strong>sit</strong></span> <span class='ocrx_word' id='word_1_340' title='bbox 1199 4161 1377 4221; x_wconf 85' lang='lat' dir='ltr'><strong>praeiudicata</strong></span> <span class='ocrx_word' id='word_1_341' title='bbox 1396 4162 1520 4224; x_wconf 88' lang='lat' dir='ltr'><strong>opinione</strong></span> <span class='ocrx_word' id='word_1_342' title='bbox 1539 4165 1671 4211; x_wconf 89' lang='lat' dir='ltr'><strong>caecatus.</strong></span> <span class='ocrx_word' id='word_1_343' title='bbox 1697 4160 1751 4210; x_wconf 85' lang='lat' dir='ltr'><strong>Tali</strong></span> 
     </span>
     <span class='ocr_line' id='line_1_31' title="bbox 415 4235 1751 4296; baseline 0.001 -14"><span class='ocrx_word' id='word_1_344' title='bbox 415 4241 499 4285; x_wconf 85' lang='lat' dir='ltr'><strong>autem</strong></span> <span class='ocrx_word' id='word_1_345' title='bbox 519 4238 545 4284; x_wconf 89' lang='lat' dir='ltr'><strong>in</strong></span> <span class='ocrx_word' id='word_1_346' title='bbox 564 4235 717 4296; x_wconf 83' lang='lat' dir='ltr'><strong>gradatione</strong></span> <span class='ocrx_word' id='word_1_347' title='bbox 740 4235 803 4294; x_wconf 83' lang='lat' dir='ltr'><strong>quid</strong></span> <span class='ocrx_word' id='word_1_348' title='bbox 822 4242 888 4282; x_wconf 82' lang='lat' dir='ltr'><strong>certe</strong></span> <span class='ocrx_word' id='word_1_349' title='bbox 904 4235 1053 4294; x_wconf 80' lang='lat' dir='ltr'><strong>significare</strong></span> <span class='ocrx_word' id='word_1_350' title='bbox 1079 4238 1178 4295; x_wconf 84' lang='lat' dir='ltr'><strong>potest,</strong></span> <span class='ocrx_word' id='word_1_351' title='bbox 1204 4236 1251 4283; x_wconf 87' lang='lat' dir='ltr'><strong>nisi</strong></span> <span class='ocrx_word' id='word_1_352' title='bbox 1274 4250 1319 4294; x_wconf 77' lang='lat' dir='ltr'><strong>ea,</strong></span> <span class='ocrx_word' id='word_1_353' title='bbox 1342 4237 1384 4285; x_wconf 92' lang='lat' dir='ltr'><strong>cui</strong></span> <span class='ocrx_word' id='word_1_354' title='bbox 1408 4236 1528 4285; x_wconf 88' lang='lat' dir='ltr'><strong>additum</strong></span> <span class='ocrx_word' id='word_1_355' title='bbox 1551 4238 1598 4295; x_wconf 87' lang='lat' dir='ltr'><strong>sit,</strong></span> <span class='ocrx_word' id='word_1_356' title='bbox 1621 4236 1751 4285; x_wconf 84' lang='lat' dir='ltr'><strong>sententia</strong></span> 
     </span>
     <span class='ocr_line' id='line_1_32' title="bbox 415 4308 1753 4373; baseline -0.001 -13"><span class='ocrx_word' id='word_1_357' title='bbox 415 4314 499 4360; x_wconf 90' lang='lat' dir='ltr'><strong>minus</strong></span> <span class='ocrx_word' id='word_1_358' title='bbox 517 4311 618 4373; x_wconf 82' lang='lat' dir='ltr'><strong>aliquid</strong></span> <span class='ocrx_word' id='word_1_359' title='bbox 637 4313 687 4357; x_wconf 83' lang='lat' dir='ltr'><strong>‹tici</strong></span> <span class='ocrx_word' id='word_1_360' title='bbox 707 4315 733 4357; x_wconf 85' lang='lat' dir='ltr'><strong>et</strong></span> <span class='ocrx_word' id='word_1_361' title='bbox 750 4310 822 4371; x_wconf 83' lang='lat' dir='ltr'><strong>quod</strong></span> <span class='ocrx_word' id='word_1_362' title='bbox 841 4311 940 4358; x_wconf 84' lang='lat' dir='ltr'><strong>certios</strong></span> <span class='ocrx_word' id='word_1_363' title='bbox 958 4310 1092 4358; x_wconf 82' lang='lat' dir='ltr'><strong>attirmore</strong></span> <span class='ocrx_word' id='word_1_364' title='bbox 1111 4309 1206 4357; x_wconf 74' lang='lat' dir='ltr'><strong>liceat?</strong></span> <span class='ocrx_word' id='word_1_365' title='bbox 1233 4310 1323 4371; x_wconf 88' lang='lat' dir='ltr'><strong>ltaque</strong></span> <span class='ocrx_word' id='word_1_366' title='bbox 1342 4311 1363 4358; x_wconf 90' lang='lat' dir='ltr'><strong>si</strong></span> <span class='ocrx_word' id='word_1_367' title='bbox 1382 4308 1466 4359; x_wconf 86' lang='lat' dir='ltr'><strong>lenius</strong></span> <span class='ocrx_word' id='word_1_368' title='bbox 1484 4311 1634 4359; x_wconf 85' lang='lat' dir='ltr'><strong>remedium</strong></span> <span class='ocrx_word' id='word_1_369' title='bbox 1652 4308 1753 4359; x_wconf 88' lang='lat' dir='ltr'><strong>nullum</strong></span> 
     </span>
     <span class='ocr_line' id='line_1_33' title="bbox 413 4382 1755 4446; baseline -0.003 -12"><span class='ocrx_word' id='word_1_370' title='bbox 413 4390 496 4445; x_wconf 82' lang='lat' dir='ltr'><strong>esset,</strong></span> <span class='ocrx_word' id='word_1_371' title='bbox 516 4400 548 4433; x_wconf 86' lang='lat' dir='ltr'><strong>ex</strong></span> <span class='ocrx_word' id='word_1_372' title='bbox 568 4386 712 4446; x_wconf 85' lang='lat' dir='ltr'><strong>tlottingeri</strong></span> <span class='ocrx_word' id='word_1_373' title='bbox 732 4387 896 4438; x_wconf 75' lang='lat' dir='ltr'><strong>contectum,</strong></span> <span class='ocrx_word' id='word_1_374' title='bbox 918 4387 945 4431; x_wconf 94' lang='lat' dir='ltr'><strong>ut</strong></span> <span class='ocrx_word' id='word_1_375' title='bbox 964 4384 1025 4431; x_wconf 86' lang='lat' dir='ltr'><strong>tecit</strong></span> <span class='ocrx_word' id='word_1_376' title='bbox 1043 4382 1170 4443; x_wconf 88' lang='lat' dir='ltr'><strong>Woltius,</strong></span> <span class='ocrx_word' id='word_1_377' title='bbox 1189 4384 1362 4433; x_wconf 88' lang='lat' dir='ltr'><strong>scribendum</strong></span> <span class='ocrx_word' id='word_1_378' title='bbox 1382 4389 1438 4433; x_wconf 84' lang='lat' dir='ltr'><strong>erut</strong></span> <span class='ocrx_word' id='word_1_379' title='bbox 1459 4409 1484 4420; x_wconf 95' lang='lat'>-</span> <span class='ocrx_word' id='word_1_380' title='bbox 1505 4385 1590 4442; x_wconf 83' lang='lat' dir='ltr'><strong>atiud,</strong></span> <span class='ocrx_word' id='word_1_381' title='bbox 1612 4391 1677 4434; x_wconf 79' lang='lat' dir='ltr'><strong>certo</strong></span> <span class='ocrx_word' id='word_1_382' title='bbox 1693 4386 1755 4439; x_wconf 71' lang='lat' dir='ltr'><strong>nihii</strong></span> 
     </span>
     <span class='ocr_line' id='line_1_34' title="bbox 414 4458 1753 4520; baseline -0.001 -11"><span class='ocrx_word' id='word_1_383' title='bbox 414 4464 511 4511; x_wconf 87' lang='lat' dir='ltr'><strong>omisso</strong></span> <span class='ocrx_word' id='word_1_384' title='bbox 529 4458 660 4508; x_wconf 85' lang='lat' dir='ltr'><strong>vocabulo</strong></span> <span class='ocrx_word' id='word_1_385' title='bbox 678 4461 728 4507; x_wconf 83' lang='lat' dir='ltr'><strong>sed.</strong></span> <span class='ocrx_word' id='word_1_386' title='bbox 757 4461 824 4518; x_wconf 85' lang='lat' dir='ltr'><strong>Quid</strong></span> <span class='ocrx_word' id='word_1_387' title='bbox 844 4461 944 4518; x_wconf 72' lang='lat' dir='ltr'><strong>igitur‘t</strong></span> <span class='ocrx_word' id='word_1_388' title='bbox 962 4459 1139 4508; x_wconf 82' lang='lat' dir='ltr'><strong>scribendum</strong></span> <span class='ocrx_word' id='word_1_389' title='bbox 1157 4463 1213 4508; x_wconf 86' lang='lat' dir='ltr'><strong>est:</strong></span> <span class='ocrx_word' id='word_1_390' title='bbox 1233 4462 1317 4520; x_wconf 83' lang='lat' dir='ltr'><strong>atiud,</strong></span> <span class='ocrx_word' id='word_1_391' title='bbox 1336 4462 1449 4509; x_wconf 71' lang='lat' dir='ltr'><strong>certarit</strong></span> <span class='ocrx_word' id='word_1_392' title='bbox 1466 4461 1591 4510; x_wconf 86' lang='lat' dir='ltr'><strong>nihitcet.</strong></span> <span class='ocrx_word' id='word_1_393' title='bbox 1613 4462 1651 4510; x_wconf 84' lang='lat' dir='ltr'><strong>ct.</strong></span> <span class='ocrx_word' id='word_1_394' title='bbox 1667 4461 1708 4517; x_wconf 84' lang='lat' dir='ltr'><strong>tlt,</strong></span> <span class='ocrx_word' id='word_1_395' title='bbox 1721 4459 1753 4508; x_wconf 79' lang='grc'><strong>36</strong></span> 
     </span>
     <span class='ocr_line' id='line_1_35' title="bbox 414 4533 1752 4599; baseline 0.001 -15"><span class='ocrx_word' id='word_1_396' title='bbox 414 4533 487 4598; x_wconf 81' lang='lat' dir='ltr'><strong>(quoe</strong></span> <span class='ocrx_word' id='word_1_397' title='bbox 504 4542 528 4584; x_wconf 76' lang='lat' dir='ltr'><strong>te</strong></span> <span class='ocrx_word' id='word_1_398' title='bbox 543 4537 652 4595; x_wconf 73' lang='lat' dir='ltr'><strong>forsitan</strong></span> <span class='ocrx_word' id='word_1_399' title='bbox 666 4536 775 4595; x_wconf 81' lang='lat' dir='ltr'><strong>potuerit</strong></span> <span class='ocrx_word' id='word_1_400' title='bbox 789 4547 915 4595; x_wconf 79' lang='lat' dir='ltr'><strong>ponqere,</strong></span> <span class='ocrx_word' id='word_1_401' title='bbox 934 4547 983 4582; x_wconf 91' lang='lat' dir='ltr'><strong>non</strong></span> <span class='ocrx_word' id='word_1_402' title='bbox 999 4537 1081 4594; x_wconf 83' lang='lat' dir='ltr'><strong>potnit</strong></span> <span class='ocrx_word' id='word_1_403' title='bbox 1097 4541 1162 4582; x_wconf 84' lang='lat' dir='ltr'><strong>certe</strong></span> <span class='ocrx_word' id='word_1_404' title='bbox 1178 4537 1244 4583; x_wconf 84' lang='lat' dir='ltr'><strong>vires</strong></span> <span class='ocrx_word' id='word_1_405' title='bbox 1259 4537 1397 4599; x_wconf 65' lang='lat' dir='ltr'><strong>prospere).</strong></span> <span class='ocrx_word' id='word_1_406' title='bbox 1416 4536 1457 4585; x_wconf 79' lang='lat'><strong>73.</strong></span> <span class='ocrx_word' id='word_1_407' title='bbox 1486 4537 1524 4585; x_wconf 90' lang='lat' dir='ltr'><strong>De</strong></span> <span class='ocrx_word' id='word_1_408' title='bbox 1544 4537 1638 4586; x_wconf 88' lang='lat' dir='ltr'><strong>iterato</strong></span> <span class='ocrx_word' id='word_1_409' title='bbox 1649 4538 1680 4585; x_wconf 88' lang='lat' dir='ltr'><strong>sit</strong></span> <span class='ocrx_word' id='word_1_410' title='bbox 1692 4536 1752 4585; x_wconf 83' lang='lat' dir='ltr'><strong>vide</strong></span> 
     </span>
     <span class='ocr_line' id='line_1_36' title="bbox 415 4609 1750 4671; baseline 0.001 -13"><span class='ocrx_word' id='word_1_411' title='bbox 415 4614 447 4659; x_wconf 86' lang='lat' dir='ltr'><strong>sis</strong></span> <span class='ocrx_word' id='word_1_412' title='bbox 466 4610 507 4667; x_wconf 83' lang='lat' dir='ltr'><strong>tv,</strong></span> <span class='ocrx_word' id='word_1_413' title='bbox 526 4612 567 4658; x_wconf 82' lang='lat'><strong>50.</strong></span> <span class='ocrx_word' id='word_1_414' title='bbox 589 4610 659 4658; x_wconf 66' lang='lat' dir='ltr'><strong>itt)</strong></span> <span class='ocrx_word' id='word_1_415' title='bbox 689 4611 707 4665; x_wconf 83' lang='grc' dir='ltr'><strong>Ι,</strong></span> <span class='ocrx_word' id='word_1_416' title='bbox 727 4610 788 4656; x_wconf 71' lang='lat'><strong><em>20..</em></strong></span> <span class='ocrx_word' id='word_1_417' title='bbox 806 4610 849 4657; x_wconf 89' lang='lat' dir='ltr'><strong><em>W.</em></strong></span> <span class='ocrx_word' id='word_1_418' title='bbox 870 4635 890 4642; x_wconf 97' lang='lat'>-</span> <span class='ocrx_word' id='word_1_419' title='bbox 924 4611 962 4657; x_wconf 73' lang='lat' dir='ltr'><strong>tu.</strong></span> <span class='ocrx_word' id='word_1_420' title='bbox 985 4610 1165 4668; x_wconf 73' lang='lat' dir='ltr'><strong>ul&#39;rcgderus,</strong></span> <span class='ocrx_word' id='word_1_421' title='bbox 1193 4613 1222 4657; x_wconf 88' lang='lat' dir='ltr'><strong>ut</strong></span> <span class='ocrx_word' id='word_1_422' title='bbox 1245 4609 1286 4657; x_wconf 87' lang='lat' dir='ltr'><strong>ulii</strong></span> <span class='ocrx_word' id='word_1_423' title='bbox 1306 4609 1442 4671; x_wconf 81' lang='lat' dir='ltr'><strong>A(uditorr)</strong></span> <span class='ocrx_word' id='word_1_424' title='bbox 1465 4610 1556 4659; x_wconf 88' lang='lat' dir='ltr'><strong>tribuit</strong></span> <span class='ocrx_word' id='word_1_425' title='bbox 1574 4614 1653 4660; x_wconf 87' lang='lat' dir='ltr'><strong>etiam</strong></span> <span class='ocrx_word' id='word_1_426' title='bbox 1672 4610 1750 4660; x_wconf 90' lang='lat' dir='ltr'><strong>illud:</strong></span> 
     </span>
     <span class='ocr_line' id='line_1_37' title="bbox 413 4683 1753 4746; baseline -0.001 -11"><span class='ocrx_word' id='word_1_427' title='bbox 413 4689 504 4735; x_wconf 78' lang='lat' dir='ltr'><strong>Adsunt</strong></span> <span class='ocrx_word' id='word_1_428' title='bbox 521 4687 602 4742; x_wconf 84' lang='lat' dir='ltr'><strong>eninr,</strong></span> <span class='ocrx_word' id='word_1_429' title='bbox 621 4685 664 4746; x_wconf 85' lang='lat' dir='ltr'><strong>qui</strong></span> <span class='ocrx_word' id='word_1_430' title='bbox 682 4685 742 4731; x_wconf 76' lang='lat' dir='ltr'><strong>nnec</strong></span> <span class='ocrx_word' id='word_1_431' title='bbox 759 4699 809 4732; x_wconf 88' lang='lat' dir='ltr'><strong>non</strong></span> <span class='ocrx_word' id='word_1_432' title='bbox 825 4683 938 4744; x_wconf 83' lang='lat' dir='ltr'><strong>probent.</strong></span> <span class='ocrx_word' id='word_1_433' title='bbox 961 4686 1040 4733; x_wconf 83' lang='lat' dir='ltr'><strong>Recte</strong></span> <span class='ocrx_word' id='word_1_434' title='bbox 1058 4683 1178 4741; x_wconf 81' lang='lat' dir='ltr'><strong>Woltius.</strong></span> <span class='ocrx_word' id='word_1_435' title='bbox 1198 4683 1255 4732; x_wconf 85' lang='lat' dir='ltr'><strong>ulii:</strong></span> <span class='ocrx_word' id='word_1_436' title='bbox 1274 4687 1303 4734; x_wconf 92' lang='lat' dir='ltr'><strong>A.</strong></span> <span class='ocrx_word' id='word_1_437' title='bbox 1322 4685 1388 4745; x_wconf 82' lang='lat' dir='ltr'><strong>Quid</strong></span> <span class='ocrx_word' id='word_1_438' title='bbox 1404 4686 1499 4745; x_wconf 70' lang='lat' dir='ltr'><strong>refert?</strong></span> <span class='ocrx_word' id='word_1_439' title='bbox 1515 4687 1551 4735; x_wconf 88' lang='lat' dir='ltr'><strong>M.</strong></span> <span class='ocrx_word' id='word_1_440' title='bbox 1566 4686 1681 4746; x_wconf 74' lang='lat' dir='ltr'><strong>(lictori.)</strong></span> <span class='ocrx_word' id='word_1_441' title='bbox 1698 4687 1753 4735; x_wconf 91' lang='lat' dir='ltr'><strong>Ad-</strong></span> 
     </span>
     <span class='ocr_line' id='line_1_38' title="bbox 414 4758 1755 4823; baseline -0.001 -15"><span class='ocrx_word' id='word_1_442' title='bbox 414 4769 483 4808; x_wconf 81' lang='lat' dir='ltr'><strong>runt</strong></span> <span class='ocrx_word' id='word_1_443' title='bbox 504 4761 570 4808; x_wconf 80' lang='lat' dir='ltr'><strong>enirn</strong></span> <span class='ocrx_word' id='word_1_444' title='bbox 596 4759 631 4818; x_wconf 82' lang='lat' dir='ltr'><strong>(cl</strong></span> <span class='ocrx_word' id='word_1_445' title='bbox 657 4760 729 4819; x_wconf 71' lang='lat' dir='ltr'><strong>§tlt</strong></span> <span class='ocrx_word' id='word_1_446' title='bbox 754 4760 796 4818; x_wconf 82' lang='lat' dir='ltr'><strong>qni</strong></span> <span class='ocrx_word' id='word_1_447' title='bbox 821 4760 881 4805; x_wconf 83' lang='lat' dir='ltr'><strong>haec</strong></span> <span class='ocrx_word' id='word_1_448' title='bbox 900 4759 942 4818; x_wconf 79' lang='lat' dir='ltr'><strong>(cte</strong></span> <span class='ocrx_word' id='word_1_449' title='bbox 961 4758 1167 4819; x_wconf 77' lang='lat' dir='ltr'><strong>immortalitate)</strong></span> <span class='ocrx_word' id='word_1_450' title='bbox 1185 4774 1234 4808; x_wconf 88' lang='lat' dir='ltr'><strong>non</strong></span> <span class='ocrx_word' id='word_1_451' title='bbox 1250 4760 1354 4821; x_wconf 87' lang='lat' dir='ltr'><strong>probent</strong></span> <span class='ocrx_word' id='word_1_452' title='bbox 1372 4760 1452 4822; x_wconf 72' lang='lat' dir='ltr'><strong>(cpuod</strong></span> <span class='ocrx_word' id='word_1_453' title='bbox 1471 4762 1503 4809; x_wconf 89' lang='lat' dir='ltr'><strong>bt.</strong></span> <span class='ocrx_word' id='word_1_454' title='bbox 1523 4761 1579 4823; x_wconf 87' lang='lat' dir='ltr'><strong>ipse</strong></span> <span class='ocrx_word' id='word_1_455' title='bbox 1598 4758 1676 4823; x_wconf 92' lang='lat' dir='ltr'><strong>paulo</strong></span> <span class='ocrx_word' id='word_1_456' title='bbox 1695 4763 1755 4823; x_wconf 87' lang='lat' dir='ltr'><strong>post</strong></span> 
     </span>
     <span class='ocr_line' id='line_1_39' title="bbox 415 4833 1752 4898; baseline 0.001 -15"><span class='ocrx_word' id='word_1_457' title='bbox 415 4838 521 4898; x_wconf 87' lang='lat' dir='ltr'><strong>repetit:</strong></span> <span class='ocrx_word' id='word_1_458' title='bbox 543 4837 665 4883; x_wconf 84' lang='lat' dir='ltr'><strong>Cotcrooc</strong></span> <span class='ocrx_word' id='word_1_459' title='bbox 682 4835 783 4881; x_wconf 84' lang='lat' dir='ltr'><strong>ueniunt</strong></span> <span class='ocrx_word' id='word_1_460' title='bbox 801 4840 888 4882; x_wconf 87' lang='lat' dir='ltr'><strong>contro</strong></span> <span class='ocrx_word' id='word_1_461' title='bbox 907 4835 1060 4896; x_wconf 81' lang='lat' dir='ltr'><strong>dicentium).</strong></span> <span class='ocrx_word' id='word_1_462' title='bbox 1089 4834 1141 4896; x_wconf 76' lang='lat' dir='ltr'><strong>tipo</strong></span> <span class='ocrx_word' id='word_1_463' title='bbox 1159 4838 1211 4883; x_wconf 90' lang='lat' dir='ltr'><strong>cet.</strong></span> <span class='ocrx_word' id='word_1_464' title='bbox 1238 4835 1275 4883; x_wconf 61' lang='lat' dir='ltr'><strong>ct,</strong></span> <span class='ocrx_word' id='word_1_465' title='bbox 1297 4835 1311 4896; x_wconf 64' lang='grc' dir='ltr'><strong>ἓ</strong></span> <span class='ocrx_word' id='word_1_466' title='bbox 1329 4835 1369 4891; x_wconf 78' lang='lat' dir='ltr'><strong>li,</strong></span> <span class='ocrx_word' id='word_1_467' title='bbox 1389 4834 1434 4882; x_wconf 87' lang='lat' dir='ltr'><strong>ubi</strong></span> <span class='ocrx_word' id='word_1_468' title='bbox 1452 4834 1523 4884; x_wconf 88' lang='lat' dir='ltr'><strong>idem</strong></span> <span class='ocrx_word' id='word_1_469' title='bbox 1541 4834 1597 4884; x_wconf 87' lang='lat' dir='ltr'><strong>ultis</strong></span> <span class='ocrx_word' id='word_1_470' title='bbox 1615 4833 1704 4883; x_wconf 89' lang='lat' dir='ltr'><strong>verbis</strong></span> <span class='ocrx_word' id='word_1_471' title='bbox 1722 4838 1752 4884; x_wconf 89' lang='lat' dir='ltr'><strong>A.</strong></span> 
     </span>
     <span class='ocr_line' id='line_1_40' title="bbox 415 4908 1756 4965; baseline -0.001 -6"><span class='ocrx_word' id='word_1_472' title='bbox 415 4913 489 4960; x_wconf 80' lang='lat' dir='ltr'><strong>etit.</strong></span> <span class='ocrx_word' id='word_1_473' title='bbox 510 4911 628 4958; x_wconf 81' lang='lat' dir='ltr'><strong>dicunt·</strong></span> <span class='ocrx_word' id='word_1_474' title='bbox 647 4909 689 4957; x_wconf 89' lang='lat' dir='ltr'><strong>W.</strong></span> <span class='ocrx_word' id='word_1_475' title='bbox 711 4935 738 4943; x_wconf 96' lang='lat'>-</span> <span class='ocrx_word' id='word_1_476' title='bbox 759 4910 799 4958; x_wconf 80' lang='lat' dir='ltr'><strong>ti.</strong></span> <span class='ocrx_word' id='word_1_477' title='bbox 818 4910 872 4955; x_wconf 84' lang='lat' dir='ltr'><strong>otto</strong></span> <span class='ocrx_word' id='word_1_478' title='bbox 890 4910 928 4956; x_wconf 83' lang='lat' dir='ltr'><strong>uti</strong></span> <span class='ocrx_word' id='word_1_479' title='bbox 945 4911 1044 4957; x_wconf 83' lang='lat' dir='ltr'><strong>ratione</strong></span> <span class='ocrx_word' id='word_1_480' title='bbox 1062 4908 1220 4959; x_wconf 84' lang='lat' dir='ltr'><strong>Lambinus:</strong></span> <span class='ocrx_word' id='word_1_481' title='bbox 1244 4911 1297 4958; x_wconf 85' lang='lat' dir='ltr'><strong>otto</strong></span> <span class='ocrx_word' id='word_1_482' title='bbox 1314 4912 1561 4965; x_wconf 62' lang='lat' dir='ltr'><strong>mirationem:</strong></span> <span class='ocrx_word' id='word_1_483' title='bbox 1584 4910 1638 4958; x_wconf 84' lang='lat' dir='ltr'><strong>uita</strong></span> <span class='ocrx_word' id='word_1_484' title='bbox 1655 4911 1756 4958; x_wconf 83' lang='lat' dir='ltr'><strong>ratione</strong></span> 
     </span>
     <span class='ocr_line' id='line_1_41' title="bbox 414 4982 1815 5046; baseline -0.001 -12"><span class='ocrx_word' id='word_1_485' title='bbox 414 4992 439 5033; x_wconf 73' lang='grc' dir='ltr'><strong>ιιι</strong></span> <span class='ocrx_word' id='word_1_486' title='bbox 455 4986 615 5046; x_wconf 72' lang='grc' dir='ltr'><strong>Τιειιᾱιιιιε.</strong></span> <span class='ocrx_word' id='word_1_487' title='bbox 639 5012 664 5019; x_wconf 85' lang='grc'><strong>--</strong></span> <span class='ocrx_word' id='word_1_488' title='bbox 690 4986 729 5031; x_wconf 78' lang='lat' dir='ltr'><strong>ts.</strong></span> <span class='ocrx_word' id='word_1_489' title='bbox 748 4998 825 5046; x_wconf 74' lang='lat' dir='ltr'><strong>roqos</strong></span> <span class='ocrx_word' id='word_1_490' title='bbox 848 4983 898 5032; x_wconf 87' lang='lat' dir='ltr'><strong>dcl.</strong></span> <span class='ocrx_word' id='word_1_491' title='bbox 920 4985 989 5032; x_wconf 72' lang='lat' dir='ltr'><strong>Balce</strong></span> <span class='ocrx_word' id='word_1_492' title='bbox 1008 4982 1023 5031; x_wconf 92' lang='lat' dir='ltr'><strong>l.</strong></span> <span class='ocrx_word' id='word_1_493' title='bbox 1045 4982 1060 5032; x_wconf 96' lang='grc' dir='ltr'><strong>Ι.</strong></span> <span class='ocrx_word' id='word_1_494' title='bbox 1081 4997 1106 5045; x_wconf 89' lang='lat' dir='ltr'><strong>p.</strong></span> <span class='ocrx_word' id='word_1_495' title='bbox 1126 4984 1166 5031; x_wconf 77' lang='lat'><strong>79.</strong></span> <span class='ocrx_word' id='word_1_496' title='bbox 1186 5011 1219 5020; x_wconf 95' lang='lat'>—</span> <span class='ocrx_word' id='word_1_497' title='bbox 1238 4987 1277 5035; x_wconf 84' lang='lat' dir='ltr'><strong>to.</strong></span> <span class='ocrx_word' id='word_1_498' title='bbox 1296 4986 1400 5044; x_wconf 81' lang='lat' dir='ltr'><strong>respicio</strong></span> <span class='ocrx_word' id='word_1_499' title='bbox 1420 4985 1541 5034; x_wconf 82' lang='lat' dir='ltr'><strong>Bouhier.</strong></span> <span class='ocrx_word' id='word_1_500' title='bbox 1561 4984 1691 5046; x_wconf 85' lang='lat' dir='ltr'><strong>Equidem</strong></span> <span class='ocrx_word' id='word_1_501' title='bbox 1710 4985 1754 5033; x_wconf 77' lang='lat' dir='ltr'><strong>do·</strong></span> <span class='ocrx_word' id='word_1_502' title='bbox 1812 5017 1815 5023; x_wconf 89' lang='lat'><em>-</em></span> 
     </span>
     <span class='ocr_line' id='line_1_42' title="bbox 414 5057 1752 5127; baseline 0 -18"><span class='ocrx_word' id='word_1_503' title='bbox 414 5064 488 5121; x_wconf 77' lang='lat' dir='ltr'><strong>spicio</strong></span> <span class='ocrx_word' id='word_1_504' title='bbox 510 5057 663 5127; x_wconf 72' lang='lat' dir='ltr'><strong>ripnnnnig</strong></span> <span class='ocrx_word' id='word_1_505' title='bbox 686 5060 800 5122; x_wconf 78' lang='lat' dir='ltr'><strong>accipio,</strong></span> <span class='ocrx_word' id='word_1_506' title='bbox 825 5066 854 5107; x_wconf 90' lang='lat' dir='ltr'><strong>ut</strong></span> <span class='ocrx_word' id='word_1_507' title='bbox 879 5062 920 5108; x_wconf 90' lang='lat' dir='ltr'><strong>est</strong></span> <span class='ocrx_word' id='word_1_508' title='bbox 939 5060 993 5108; x_wconf 86' lang='lat' dir='ltr'><strong>tere</strong></span> <span class='ocrx_word' id='word_1_509' title='bbox 1012 5060 1032 5107; x_wconf 97' lang='lat' dir='ltr'><strong>lt</strong></span> <span class='ocrx_word' id='word_1_510' title='bbox 1052 5059 1066 5121; x_wconf 59' lang='grc' dir='ltr'><strong>ἕ</strong></span> <span class='ocrx_word' id='word_1_511' title='bbox 1085 5060 1109 5107; x_wconf 77' lang='lat' dir='ltr'><strong>t.</strong></span> <span class='ocrx_word' id='word_1_512' title='bbox 1133 5061 1233 5110; x_wconf 88' lang='lat' dir='ltr'><strong>Sensus</strong></span> <span class='ocrx_word' id='word_1_513' title='bbox 1257 5064 1310 5109; x_wconf 89' lang='lat' dir='ltr'><strong>est:</strong></span> <span class='ocrx_word' id='word_1_514' title='bbox 1337 5074 1403 5108; x_wconf 74' lang='lat' dir='ltr'><strong>«nec</strong></span> <span class='ocrx_word' id='word_1_515' title='bbox 1421 5059 1507 5109; x_wconf 90' lang='lat' dir='ltr'><strong>solum</strong></span> <span class='ocrx_word' id='word_1_516' title='bbox 1527 5061 1657 5123; x_wconf 76' lang='lat' dir='ltr'><strong>Epicurei,</strong></span> <span class='ocrx_word' id='word_1_517' title='bbox 1676 5073 1752 5123; x_wconf 82' lang='lat' dir='ltr'><strong>quos.</strong></span> 
     </span>
     <span class='ocr_line' id='line_1_43' title="bbox 416 5133 1753 5199; baseline -0.002 -14"><span class='ocrx_word' id='word_1_518' title='bbox 416 5136 519 5185; x_wconf 87' lang='lat' dir='ltr'><strong>tametsi</strong></span> <span class='ocrx_word' id='word_1_519' title='bbox 538 5148 590 5183; x_wconf 93' lang='lat' dir='ltr'><strong>non</strong></span> <span class='ocrx_word' id='word_1_520' title='bbox 609 5135 796 5190; x_wconf 81' lang='lat' dir='ltr'><strong>doctissimos,</strong></span> <span class='ocrx_word' id='word_1_521' title='bbox 821 5149 873 5183; x_wconf 91' lang='lat' dir='ltr'><strong>non</strong></span> <span class='ocrx_word' id='word_1_522' title='bbox 894 5140 982 5182; x_wconf 88' lang='lat' dir='ltr'><strong>tamen</strong></span> <span class='ocrx_word' id='word_1_523' title='bbox 1001 5135 1121 5195; x_wconf 85' lang='lat' dir='ltr'><strong>despicio</strong></span> <span class='ocrx_word' id='word_1_524' title='bbox 1140 5137 1211 5192; x_wconf 83' lang='lat' dir='ltr'><strong>(sunt</strong></span> <span class='ocrx_word' id='word_1_525' title='bbox 1228 5134 1352 5184; x_wconf 80' lang='lat' dir='ltr'><strong>videlicet</strong></span> <span class='ocrx_word' id='word_1_526' title='bbox 1368 5136 1417 5182; x_wconf 81' lang='lat' dir='ltr'><strong>viri</strong></span> <span class='ocrx_word' id='word_1_527' title='bbox 1435 5133 1511 5192; x_wconf 81' lang='lat' dir='ltr'><strong>boni,</strong></span> <span class='ocrx_word' id='word_1_528' title='bbox 1534 5134 1676 5199; x_wconf 89' lang='lat' dir='ltr'><strong>simplices)</strong></span> <span class='ocrx_word' id='word_1_529' title='bbox 1695 5133 1753 5193; x_wconf 85' lang='lat' dir='ltr'><strong>sed,</strong></span> 
     </span>
     <span class='ocr_line' id='line_1_44' title="bbox 415 5210 1755 5273; baseline -0.001 -14"><span class='ocrx_word' id='word_1_530' title='bbox 415 5211 484 5272; x_wconf 87' lang='lat' dir='ltr'><strong>quod</strong></span> <span class='ocrx_word' id='word_1_531' title='bbox 505 5213 580 5273; x_wconf 91' lang='lat' dir='ltr'><strong>peius</strong></span> <span class='ocrx_word' id='word_1_532' title='bbox 599 5215 656 5267; x_wconf 80' lang='lat' dir='ltr'><strong>est,</strong></span> <span class='ocrx_word' id='word_1_533' title='bbox 678 5211 757 5257; x_wconf 78' lang='lat' dir='ltr'><strong>ctirnn</strong></span> <span class='ocrx_word' id='word_1_534' title='bbox 777 5211 923 5258; x_wconf 82' lang='lat' dir='ltr'><strong>doctissimi</strong></span> <span class='ocrx_word' id='word_1_535' title='bbox 943 5210 1107 5271; x_wconf 82' lang='lat' dir='ltr'><strong>Peripatetici</strong></span> <span class='ocrx_word' id='word_1_536' title='bbox 1126 5215 1216 5258; x_wconf 89' lang='lat' dir='ltr'><strong>contra</strong></span> <span class='ocrx_word' id='word_1_537' title='bbox 1235 5211 1352 5259; x_wconf 80' lang='lat' dir='ltr'><strong>dicunt.»</strong></span> <span class='ocrx_word' id='word_1_538' title='bbox 1371 5211 1415 5258; x_wconf 86' lang='lat' dir='ltr'><strong>On.</strong></span> <span class='ocrx_word' id='word_1_539' title='bbox 1435 5235 1461 5244; x_wconf 93' lang='lat'><em>-</em></span> <span class='ocrx_word' id='word_1_540' title='bbox 1483 5210 1523 5259; x_wconf 75' lang='lat' dir='ltr'><strong>to.</strong></span> <span class='ocrx_word' id='word_1_541' title='bbox 1541 5213 1645 5272; x_wconf 82' lang='lat' dir='ltr'><strong>quisque</strong></span> <span class='ocrx_word' id='word_1_542' title='bbox 1662 5212 1755 5259; x_wconf 81' lang='lat' dir='ltr'><strong>blanu-</strong></span> 
     </span>
     <span class='ocr_line' id='line_1_45' title="bbox 416 5282 1755 5347; baseline -0.001 -15"><span class='ocrx_word' id='word_1_543' title='bbox 416 5288 477 5335; x_wconf 88' lang='lat' dir='ltr'><strong>tius:</strong></span> <span class='ocrx_word' id='word_1_544' title='bbox 498 5289 603 5345; x_wconf 80' lang='lat' dir='ltr'><strong>quisque</strong></span> <span class='ocrx_word' id='word_1_545' title='bbox 617 5288 750 5333; x_wconf 78' lang='lat' dir='ltr'><strong>contemnit</strong></span> <span class='ocrx_word' id='word_1_546' title='bbox 764 5286 795 5337; x_wconf 83' lang='lat' dir='ltr'><strong>lt.</strong></span> <span class='ocrx_word' id='word_1_547' title='bbox 816 5298 839 5343; x_wconf 85' lang='lat' dir='ltr'><strong>q.</strong></span> <span class='ocrx_word' id='word_1_548' title='bbox 853 5287 1002 5345; x_wconf 84' lang='lat' dir='ltr'><strong>contempnit</strong></span> <span class='ocrx_word' id='word_1_549' title='bbox 1015 5288 1034 5332; x_wconf 87' lang='lat' dir='ltr'>G</span> <span class='ocrx_word' id='word_1_550' title='bbox 1046 5300 1050 5338; x_wconf 90' lang='lat'>;</span> <span class='ocrx_word' id='word_1_551' title='bbox 1071 5287 1174 5347; x_wconf 81' lang='lat' dir='ltr'><strong>quisquc</strong></span> <span class='ocrx_word' id='word_1_552' title='bbox 1185 5288 1363 5335; x_wconf 78' lang='lat' dir='ltr'><strong>contemnimur</strong></span> <span class='ocrx_word' id='word_1_553' title='bbox 1375 5286 1403 5334; x_wconf 85' lang='lat' dir='ltr'><strong>li.</strong></span> <span class='ocrx_word' id='word_1_554' title='bbox 1424 5289 1572 5334; x_wconf 72' lang='lat' dir='ltr'><strong>«contemnit</strong></span> <span class='ocrx_word' id='word_1_555' title='bbox 1584 5298 1645 5334; x_wconf 90' lang='lat' dir='ltr'><strong>cnm</strong></span> <span class='ocrx_word' id='word_1_556' title='bbox 1658 5282 1755 5333; x_wconf 81' lang='lat' dir='ltr'><strong>Klotzio</strong></span> 
     </span>
     <span class='ocr_line' id='line_1_46' title="bbox 415 5359 1757 5423; baseline -0.002 -14"><span class='ocrx_word' id='word_1_557' title='bbox 415 5361 565 5418; x_wconf 65' lang='lat' dir='ltr'><strong>isernoros</strong></span> <span class='ocrx_word' id='word_1_558' title='bbox 584 5362 661 5408; x_wconf 89' lang='lat' dir='ltr'><strong>uncis</strong></span> <span class='ocrx_word' id='word_1_559' title='bbox 679 5359 808 5407; x_wconf 80' lang='lat' dir='ltr'><strong>liberavit.</strong></span> <span class='ocrx_word' id='word_1_560' title='bbox 839 5360 898 5407; x_wconf 84' lang='lat' dir='ltr'><strong>htihi</strong></span> <span class='ocrx_word' id='word_1_561' title='bbox 923 5360 1032 5419; x_wconf 78' lang='lat' dir='ltr'><strong>quictem</strong></span> <span class='ocrx_word' id='word_1_562' title='bbox 1057 5374 1109 5410; x_wconf 91' lang='lat' dir='ltr'><strong>non</strong></span> <span class='ocrx_word' id='word_1_563' title='bbox 1129 5374 1286 5423; x_wconf 87' lang='lat' dir='ltr'><strong>persuasum</strong></span> <span class='ocrx_word' id='word_1_564' title='bbox 1306 5364 1346 5410; x_wconf 86' lang='lat' dir='ltr'><strong>est</strong></span> <span class='ocrx_word' id='word_1_565' title='bbox 1365 5361 1522 5409; x_wconf 88' lang='lat' dir='ltr'><strong>Ciceronem</strong></span> <span class='ocrx_word' id='word_1_566' title='bbox 1542 5364 1601 5423; x_wconf 89' lang='lat' dir='ltr'><strong>post</strong></span> <span class='ocrx_word' id='word_1_567' title='bbox 1616 5373 1660 5408; x_wconf 78' lang='lat' dir='ltr'><strong>nec</strong></span> <span class='ocrx_word' id='word_1_568' title='bbox 1677 5360 1757 5407; x_wconf 80' lang='lat' dir='ltr'><strong>sotum</strong></span> 
     </span>
     <span class='ocr_line' id='line_1_47' title="bbox 415 5432 1756 5498; baseline -0.004 -13"><span class='ocrx_word' id='word_1_569' title='bbox 415 5438 596 5497; x_wconf 69' lang='lat' dir='ltr'><strong>Epicureos-oni</strong></span> <span class='ocrx_word' id='word_1_570' title='bbox 615 5436 751 5484; x_wconf 84' lang='lat' dir='ltr'><strong>interiecta</strong></span> <span class='ocrx_word' id='word_1_571' title='bbox 770 5434 845 5482; x_wconf 81' lang='lat' dir='ltr'><strong>brevi</strong></span> <span class='ocrx_word' id='word_1_572' title='bbox 865 5432 905 5482; x_wconf 91' lang='lat' dir='ltr'><strong>illa</strong></span> <span class='ocrx_word' id='word_1_573' title='bbox 924 5435 1053 5483; x_wconf 86' lang='lat' dir='ltr'><strong>sententia</strong></span> <span class='ocrx_word' id='word_1_574' title='bbox 1073 5436 1111 5482; x_wconf 93' lang='lat' dir='ltr'><strong>sic</strong></span> <span class='ocrx_word' id='word_1_575' title='bbox 1130 5448 1242 5497; x_wconf 85' lang='lat' dir='ltr'><strong>pergere</strong></span> <span class='ocrx_word' id='word_1_576' title='bbox 1255 5435 1383 5498; x_wconf 78' lang='lat' dir='ltr'><strong>potuisse,</strong></span> <span class='ocrx_word' id='word_1_577' title='bbox 1403 5438 1431 5483; x_wconf 91' lang='lat' dir='ltr'><strong>ut</strong></span> <span class='ocrx_word' id='word_1_578' title='bbox 1446 5448 1494 5497; x_wconf 92' lang='lat' dir='ltr'><strong>pro</strong></span> <span class='ocrx_word' id='word_1_579' title='bbox 1509 5437 1562 5484; x_wconf 83' lang='lat' dir='ltr'><strong>red</strong></span> <span class='ocrx_word' id='word_1_580' title='bbox 1579 5437 1673 5484; x_wconf 78' lang='lat' dir='ltr'><strong>otium</strong></span> <span class='ocrx_word' id='word_1_581' title='bbox 1690 5434 1756 5481; x_wconf 84' lang='lat' dir='ltr'><strong>otio-</strong></span> 
     </span>
     <span class='ocr_line' id='line_1_48' title="bbox 416 5508 1756 5572; baseline -0.005 -11"><span class='ocrx_word' id='word_1_582' title='bbox 416 5527 471 5561; x_wconf 73' lang='lat' dir='ltr'><strong>mn</strong></span> <span class='ocrx_word' id='word_1_583' title='bbox 486 5513 689 5572; x_wconf 76' lang='lat' dir='ltr'><strong>philosophorum</strong></span> <span class='ocrx_word' id='word_1_584' title='bbox 706 5508 757 5569; x_wconf 74' lang='lat' dir='ltr'><strong>(rel</strong></span> <span class='ocrx_word' id='word_1_585' title='bbox 775 5510 820 5556; x_wconf 78' lang='lat' dir='ltr'><strong>oin·</strong></span> <span class='ocrx_word' id='word_1_586' title='bbox 834 5510 981 5570; x_wconf 72' lang='lat' dir='ltr'><strong>philosophi)</strong></span> <span class='ocrx_word' id='word_1_587' title='bbox 1000 5510 1115 5558; x_wconf 86' lang='lat' dir='ltr'><strong>diceret:</strong></span> <span class='ocrx_word' id='word_1_588' title='bbox 1141 5512 1311 5560; x_wconf 83' lang='lat' dir='ltr'><strong>Dicaearchus</strong></span> <span class='ocrx_word' id='word_1_589' title='bbox 1333 5516 1424 5558; x_wconf 72' lang='lat' dir='ltr'><strong>notens</strong></span> <span class='ocrx_word' id='word_1_590' title='bbox 1453 5511 1539 5568; x_wconf 85' lang='lat' dir='ltr'><strong>Quare</strong></span> <span class='ocrx_word' id='word_1_591' title='bbox 1557 5522 1607 5572; x_wconf 82' lang='lat' dir='ltr'><strong>ego</strong></span> <span class='ocrx_word' id='word_1_592' title='bbox 1624 5508 1756 5556; x_wconf 81' lang='lat' dir='ltr'><strong>connmntt</strong></span> 
     </span>
     <span class='ocr_line' id='line_1_49' title="bbox 418 5580 1755 5648; baseline -0.003 -13"><span class='ocrx_word' id='word_1_593' title='bbox 418 5590 489 5635; x_wconf 89' lang='lat' dir='ltr'><strong>uocis</strong></span> <span class='ocrx_word' id='word_1_594' title='bbox 513 5586 635 5643; x_wconf 84' lang='lat' dir='ltr'><strong>includo,</strong></span> <span class='ocrx_word' id='word_1_595' title='bbox 663 5599 716 5647; x_wconf 91' lang='lat' dir='ltr'><strong>quo</strong></span> <span class='ocrx_word' id='word_1_596' title='bbox 741 5584 823 5632; x_wconf 73' lang='lat' dir='ltr'><strong>serbo</strong></span> <span class='ocrx_word' id='word_1_597' title='bbox 846 5587 947 5632; x_wconf 87' lang='lat' dir='ltr'><strong>omisso</strong></span> <span class='ocrx_word' id='word_1_598' title='bbox 969 5589 1042 5633; x_wconf 88' lang='lat' dir='ltr'><strong>recte</strong></span> <span class='ocrx_word' id='word_1_599' title='bbox 1068 5585 1202 5648; x_wconf 87' lang='lat' dir='ltr'><strong>Epicureis</strong></span> <span class='ocrx_word' id='word_1_600' title='bbox 1227 5597 1320 5648; x_wconf 86' lang='lat' dir='ltr'><strong>purum</strong></span> <span class='ocrx_word' id='word_1_601' title='bbox 1339 5584 1424 5634; x_wconf 90' lang='lat' dir='ltr'><strong>doctis</strong></span> <span class='ocrx_word' id='word_1_602' title='bbox 1441 5582 1586 5633; x_wconf 88' lang='lat' dir='ltr'><strong>doctissimi</strong></span> <span class='ocrx_word' id='word_1_603' title='bbox 1607 5580 1755 5646; x_wconf 83' lang='lat' dir='ltr'><strong>philosophi</strong></span> 
     </span>
     <span class='ocr_line' id='line_1_50' title="bbox 418 5656 1756 5726; baseline -0.006 -15"><span class='ocrx_word' id='word_1_604' title='bbox 418 5662 617 5726; x_wconf 77' lang='lat' dir='ltr'><strong>(Peripatetici),</strong></span> <span class='ocrx_word' id='word_1_605' title='bbox 642 5664 668 5709; x_wconf 88' lang='lat' dir='ltr'><strong>tn</strong></span> <span class='ocrx_word' id='word_1_606' title='bbox 687 5659 784 5721; x_wconf 86' lang='lat' dir='ltr'><strong>quibus</strong></span> <span class='ocrx_word' id='word_1_607' title='bbox 801 5659 994 5716; x_wconf 81' lang='lat' dir='ltr'><strong>Dicaearchus,</strong></span> <span class='ocrx_word' id='word_1_608' title='bbox 1019 5658 1224 5719; x_wconf 83' lang='lat' dir='ltr'><strong>adiunguntur.»</strong></span> <span class='ocrx_word' id='word_1_609' title='bbox 1246 5660 1285 5707; x_wconf 90' lang='lat' dir='ltr'><strong><em>W.</em></strong></span> <span class='ocrx_word' id='word_1_610' title='bbox 1306 5685 1333 5694; x_wconf 97' lang='lat'>-</span> <span class='ocrx_word' id='word_1_611' title='bbox 1356 5672 1487 5707; x_wconf 79' lang='lat' dir='ltr'><strong>accerume</strong></span> <span class='ocrx_word' id='word_1_612' title='bbox 1504 5660 1553 5708; x_wconf 78' lang='lat' dir='ltr'><strong>oti</strong></span> <span class='ocrx_word' id='word_1_613' title='bbox 1571 5682 1597 5691; x_wconf 95' lang='lat'>-</span> <span class='ocrx_word' id='word_1_614' title='bbox 1619 5656 1658 5705; x_wconf 80' lang='grc'><strong>49.</strong></span> <span class='ocrx_word' id='word_1_615' title='bbox 1678 5657 1756 5715; x_wconf 82' lang='lat' dir='ltr'><strong>Mpti-</strong></span> 
     </span>
     <span class='ocr_line' id='line_1_51' title="bbox 418 5730 1752 5796; baseline -0.004 -12"><span class='ocrx_word' id='word_1_616' title='bbox 418 5737 475 5784; x_wconf 76' lang='lat' dir='ltr'><strong>tcnir</strong></span> <span class='ocrx_word' id='word_1_617' title='bbox 493 5736 528 5784; x_wconf 81' lang='lat' dir='ltr'><strong>s:</strong></span> <span class='ocrx_word' id='word_1_618' title='bbox 546 5736 671 5795; x_wconf 69' lang='lat' dir='ltr'><strong>mitylenir</strong></span> <span class='ocrx_word' id='word_1_619' title='bbox 688 5738 721 5794; x_wconf 78' lang='lat' dir='ltr'><strong>G,</strong></span> <span class='ocrx_word' id='word_1_620' title='bbox 740 5736 857 5782; x_wconf 78' lang='lat' dir='ltr'><strong>mitilenis</strong></span> <span class='ocrx_word' id='word_1_621' title='bbox 875 5736 892 5783; x_wconf 85' lang='lat' dir='ltr'><strong>tt</strong></span> <span class='ocrx_word' id='word_1_622' title='bbox 913 5759 938 5768; x_wconf 91' lang='lat'><em>-</em></span> <span class='ocrx_word' id='word_1_623' title='bbox 959 5735 1000 5782; x_wconf 71' lang='lat' dir='ltr'><strong>ti.</strong></span> <span class='ocrx_word' id='word_1_624' title='bbox 1020 5736 1087 5782; x_wconf 78' lang='lat' dir='ltr'><strong>Num</strong></span> <span class='ocrx_word' id='word_1_625' title='bbox 1103 5748 1153 5782; x_wconf 86' lang='lat' dir='ltr'><strong>oon</strong></span> <span class='ocrx_word' id='word_1_626' title='bbox 1170 5734 1208 5781; x_wconf 77' lang='lat' dir='ltr'><strong>sis</strong></span> <span class='ocrx_word' id='word_1_627' title='bbox 1226 5735 1276 5783; x_wconf 85' lang='lat' dir='ltr'><strong>Gli</strong></span> <span class='ocrx_word' id='word_1_628' title='bbox 1295 5733 1361 5795; x_wconf 73' lang='lat' dir='ltr'><strong>ttnG</strong></span> <span class='ocrx_word' id='word_1_629' title='bbox 1380 5735 1443 5796; x_wconf 90' lang='lat' dir='ltr'><strong>post</strong></span> <span class='ocrx_word' id='word_1_630' title='bbox 1458 5733 1524 5780; x_wconf 82' lang='lat' dir='ltr'><strong>Nom</strong></span> <span class='ocrx_word' id='word_1_631' title='bbox 1542 5732 1566 5780; x_wconf 95' lang='lat' dir='ltr'><strong>in</strong></span> <span class='ocrx_word' id='word_1_632' title='bbox 1583 5730 1752 5780; x_wconf 85' lang='lat' dir='ltr'><strong>rusuradua-</strong></span> 
     </span>
     <span class='ocr_line' id='line_1_52' title="bbox 419 5803 1753 5881; baseline -0.003 -13"><span class='ocrx_word' id='word_1_633' title='bbox 419 5832 475 5870; x_wconf 88' lang='lat' dir='ltr'><strong>mm</strong></span> <span class='ocrx_word' id='word_1_634' title='bbox 494 5820 550 5870; x_wconf 86' lang='lat' dir='ltr'><strong>lere</strong></span> <span class='ocrx_word' id='word_1_635' title='bbox 570 5818 716 5868; x_wconf 89' lang='lat' dir='ltr'><strong>litterarum</strong></span> <span class='ocrx_word' id='word_1_636' title='bbox 736 5822 885 5868; x_wconf 75' lang='lat' dir='ltr'><strong>atramento</strong></span> <span class='ocrx_word' id='word_1_637' title='bbox 905 5817 1049 5881; x_wconf 76' lang='lat' dir='ltr'><strong>pallidiore.</strong></span> <span class='ocrx_word' id='word_1_638' title='bbox 1069 5817 1118 5867; x_wconf 88' lang='lat' dir='ltr'><strong>sed</strong></span> <span class='ocrx_word' id='word_1_639' title='bbox 1137 5830 1216 5866; x_wconf 90' lang='lat' dir='ltr'><strong>manu</strong></span> <span class='ocrx_word' id='word_1_640' title='bbox 1235 5818 1352 5879; x_wconf 81' lang='lat' dir='ltr'><strong>antiqua,</strong></span> <span class='ocrx_word' id='word_1_641' title='bbox 1372 5817 1500 5879; x_wconf 89' lang='lat' dir='ltr'><strong>scriptum</strong></span> <span class='ocrx_word' id='word_1_642' title='bbox 1519 5819 1560 5864; x_wconf 90' lang='lat' dir='ltr'><strong>est</strong></span> <span class='ocrx_word' id='word_1_643' title='bbox 1576 5803 1627 5865; x_wconf 60' lang='lat' dir='ltr'><strong>hi.</strong></span> <span class='ocrx_word' id='word_1_644' title='bbox 1642 5828 1665 5865; x_wconf 90' lang='lat' dir='ltr'><strong>e.</strong></span> <span class='ocrx_word' id='word_1_645' title='bbox 1679 5816 1753 5874; x_wconf 81' lang='lat' dir='ltr'><strong>nont:</strong></span> 
     </span>
     <span class='ocr_line' id='line_1_53' title="bbox 419 5890 1754 5957; baseline -0.004 -14"><span class='ocrx_word' id='word_1_646' title='bbox 419 5894 482 5943; x_wconf 70' lang='lat' dir='ltr'><strong>Noni</strong></span> <span class='ocrx_word' id='word_1_647' title='bbox 498 5892 516 5943; x_wconf 82' lang='lat' dir='ltr'><strong>ri</strong></span> <span class='ocrx_word' id='word_1_648' title='bbox 531 5896 572 5943; x_wconf 78' lang='lat' dir='ltr'><strong>uis</strong></span> <span class='ocrx_word' id='word_1_649' title='bbox 590 5898 662 5957; x_wconf 81' lang='lat' dir='ltr'><strong>(oute</strong></span> <span class='ocrx_word' id='word_1_650' title='bbox 679 5896 718 5941; x_wconf 81' lang='lat' dir='ltr'><strong>uis</strong></span> <span class='ocrx_word' id='word_1_651' title='bbox 734 5895 915 5957; x_wconf 89' lang='lat' dir='ltr'><strong>superscripta</strong></span> <span class='ocrx_word' id='word_1_652' title='bbox 934 5891 1019 5942; x_wconf 85' lang='lat' dir='ltr'><strong>littera</strong></span> <span class='ocrx_word' id='word_1_653' title='bbox 1037 5893 1062 5951; x_wconf 83' lang='lat' dir='ltr'><strong>ol</strong></span> <span class='ocrx_word' id='word_1_654' title='bbox 1081 5894 1115 5950; x_wconf 75' lang='lat'><strong>133</strong></span> <span class='ocrx_word' id='word_1_655' title='bbox 1135 5894 1288 5942; x_wconf 74' lang='lat' dir='ltr'><strong>Memnonis</strong></span> <span class='ocrx_word' id='word_1_656' title='bbox 1305 5893 1325 5941; x_wconf 96' lang='lat'>0</span> <span class='ocrx_word' id='word_1_657' title='bbox 1344 5917 1371 5928; x_wconf 93' lang='lat'>-</span> <span class='ocrx_word' id='word_1_658' title='bbox 1390 5892 1412 5941; x_wconf 84' lang='lat' dir='ltr'><strong>ri</strong></span> <span class='ocrx_word' id='word_1_659' title='bbox 1427 5893 1478 5941; x_wconf 76' lang='lat' dir='ltr'><strong>isto</strong></span> <span class='ocrx_word' id='word_1_660' title='bbox 1494 5891 1557 5941; x_wconf 83' lang='lat' dir='ltr'><strong>sitC</strong></span> <span class='ocrx_word' id='word_1_661' title='bbox 1572 5917 1598 5927; x_wconf 90' lang='lat'><em>-</em></span> <span class='ocrx_word' id='word_1_662' title='bbox 1617 5890 1658 5940; x_wconf 72' lang='lat' dir='ltr'><strong>it.</strong></span> <span class='ocrx_word' id='word_1_663' title='bbox 1672 5890 1754 5953; x_wconf 83' lang='lat' dir='ltr'><strong>nimis]</strong></span> 
     </span>
     <span class='ocr_line' id='line_1_54' title="bbox 420 5970 555 6019; baseline 0.007 -1"><span class='ocrx_word' id='word_1_664' title='bbox 420 5970 508 6019; x_wconf 65' lang='lat' dir='ltr'><strong>mis</strong></span> <span class='ocrx_word' id='word_1_665' title='bbox 524 5971 555 6019; x_wconf 89' lang='lat' dir='ltr'><strong><em>C.</em></strong></span> 
     </span>
    </p>
   </div>
   <div class='ocr_carea' id='block_1_4' title="bbox 0 0 2196 7459">
    <p class='ocr_par' dir='ltr' id='par_1_6' title="bbox 0 0 2196 7459">
     <span class='ocr_line' id='line_1_55' title="bbox 0 0 2196 7459; baseline 0 0"><span class='ocrx_word' id='word_1_666' title='bbox 0 0 2196 7459; x_wconf 95' lang='lat' dir='ltr'><strong> </strong></span> 
     </span>
    </p>
   </div>
  </div>
 </body>
</html>
