4342 7459
444 1210 508 1277 238
777 1214 1100 1281 Tuscananaattn
1122 1217 1452 1284 mseurnrionun

444 1381 639 1437 mortuorum
661 1380 769 1440 autem
796 1393 860 1437 non
882 1374 979 1438 modo
1001 1374 1084 1444 vitae
1106 1377 1296 1449 commodis,
1326 1379 1383 1443 sed
1406 1400 1446 1442 ne
1468 1378 1534 1441 vita
1556 1379 1686 1462 quidem
1709 1378 1781 1464 ipsa

445 1467 615 1551 quisquam
644 1473 740 1532 caret.
781 1468 828 1530 lte
852 1469 985 1532 mortuis
1008 1468 1141 1553 loquor,
1172 1472 1227 1554 qui
1255 1471 1333 1535 nulli
1357 1482 1448 1536 sunt:
1478 1493 1553 1547 nos,
1577 1472 1634 1556 qui
1657 1492 1780 1549 sumus,

444 1584 519 1625 num
541 1571 597 1625 aut
618 1561 767 1626 cornibus
788 1582 930 1626 caremus
951 1570 1007 1626 aut
1029 1564 1159 1646 pinnis?
1183 1565 1293 1647 ecquis
1322 1566 1355 1629 id
1379 1565 1518 1630 dixerit?
1553 1566 1644 1630 Certe
1674 1585 1780 1631 nemo.

444 1655 530 1732 Quid
550 1656 616 1720 itai
645 1655 743 1732 Quia,
771 1676 842 1720 cum
864 1654 897 1718 id
919 1676 984 1719 non
1005 1656 1139 1731 hahens,
1162 1657 1250 1741 quod
1270 1659 1329 1739 tihi
1353 1680 1412 1723 neo
1435 1680 1495 1723 usu
1516 1680 1577 1723 nec
1599 1667 1714 1725 natura
1736 1661 1779 1726 sit

419 1758 568 1832 septum,
595 1770 661 1814 non
686 1768 811 1824 careas,
839 1751 934 1813 etiam
962 1751 990 1813 si
1012 1751 1131 1814 sentias
1154 1758 1185 1814 te
1208 1771 1272 1815 non
1294 1750 1422 1815 hahere.
1465 1750 1518 1815 88.
1542 1754 1610 1817 Hoc
1632 1773 1779 1838 premen·

443 1845 519 1908 dum
540 1844 636 1908 ctiam
658 1851 755 1926 atque
777 1845 871 1907 etiam
895 1852 944 1908 est
963 1852 1183 1926 argumentum
1199 1844 1384 1909 confirmato
1399 1846 1470 1921 illo,
1493 1848 1534 1910 de
1550 1866 1629 1930 quo,
1652 1848 1682 1911 si
1697 1867 1781 1914 mor·

443 1937 523 2002 tales
544 1937 644 2003 animi
664 1945 754 2012 sunt,
777 1937 922 2002 dubitare
944 1959 1008 2002 non
1032 1956 1216 2021 possumus,
1239 1938 1320 2022 quin
1342 1948 1450 2004 tantus
1464 1941 1611 2005 interitus
1628 1941 1663 2003 in
1678 1950 1780 2007 morte

442 2032 498 2106 sit,
519 2038 557 2095 ut
576 2050 617 2096 ne
639 2031 769 2096 minima
790 2030 920 2115 quidem
942 2032 1083 2115 suspicio
1106 2051 1219 2095 sensus
1242 2032 1455 2116 relinquatur:
1477 2033 1539 2097 hoc
1565 2033 1663 2117 igitur
1682 2034 1780 2121 proha

442 2126 582 2190 stahilito
605 2133 637 2191 et
659 2122 723 2190 fixo
745 2125 825 2190 illud
847 2124 1074 2189 excutiendum
1098 2133 1163 2198 est,
1193 2131 1230 2188 ut
1256 2126 1391 2201 sciatur,
1421 2127 1499 2211 quid
1521 2128 1563 2191 sit
1585 2146 1712 2203 carere,
1739 2149 1781 2194 ne

406 2219 642 2303 torelinquatur
662 2218 786 2303 aliquid
808 2219 924 2283 erroris
946 2217 979 2280 in
1003 2218 1110 2282 verho.
1149 2216 1262 2283 Carere
1285 2219 1382 2302 igitur
1404 2219 1465 2284 hoc
1487 2217 1661 2303 significat,
1686 2242 1780 2305 egere

444 2334 498 2386 eo,
521 2312 608 2397 quod
630 2313 746 2377 hahere
770 2312 859 2377 velis.
896 2314 984 2376 Inest
1005 2313 1090 2375 enim
1112 2310 1194 2374 velle
1216 2314 1249 2375 in
1272 2314 1427 2387 carendo,
1451 2314 1512 2377 nisi
1536 2335 1606 2377 cum
1630 2316 1677 2380 sic
1701 2325 1780 2381 mm·

443 2427 539 2491 quam
569 2407 603 2471 in
632 2406 714 2471 tehri
744 2407 876 2481 dicitur,
906 2405 969 2470 alia
998 2405 1136 2490 quadam
1167 2407 1297 2470 notione
1328 2407 1425 2470 verhi.
1462 2408 1585 2472 Dicitur
1606 2409 1692 2474 enirn
1715 2411 1778 2475 alio

443 2500 538 2564 modo
564 2501 659 2564 etiam
688 2520 813 2576 carere,
840 2521 914 2565 cum
940 2498 1063 2584 aliquid
1086 2519 1150 2562 nou
1173 2498 1293 2563 habeas
1316 2510 1349 2566 et
1369 2521 1434 2564 non
1456 2502 1574 2565 hahere
1595 2511 1626 2564 te
1650 2506 1777 2579 sentias,

443 2594 539 2657 etiam
561 2593 588 2657 si
608 2593 642 2658 id
656 2594 748 2659 facile
763 2593 894 2678 patiare.
929 2593 1083 2674 †Carere
1099 2592 1133 2654 in
1149 2601 1248 2656 morte
1270 2614 1334 2658 non
1357 2594 1487 2671 dicitur;
1511 2616 1569 2660 nec
1585 2596 1671 2660 enim
1694 2607 1778 2663 esset

405 2705 434 2752 ta
443 2686 633 2752 dolendum:
655 2687 773 2752 dicitur
793 2688 883 2763 illud,
905 2690 990 2752 hono
1006 2707 1124 2763 carere,
1146 2688 1233 2771 quod
1249 2697 1297 2753 est
1312 2688 1438 2753 malum.
1468 2690 1529 2754 Sed
1548 2709 1588 2753 ne
1603 2691 1693 2754 vivus
1708 2692 1777 2773 qui·

443 2781 515 2844 dem
538 2781 623 2844 hono
645 2790 747 2857 caret,
769 2781 796 2845 si
819 2801 857 2846 eo
879 2801 943 2846 non
966 2781 1098 2865 indiget
1134 2782 1197 2844 Sed
1219 2782 1254 2845 in
1276 2782 1348 2846 vivo
1371 2782 1515 2864 intellegi
1537 2793 1643 2846 tamen
1663 2793 1777 2868 potest,

442 2894 541 2958 regno
563 2884 595 2938 te
617 2896 723 2940 carere
739 2910 780 2924 -
795 2875 859 2940 dici
880 2884 989 2939 autem
1011 2875 1120 2939 hocin
1137 2884 1169 2938 te
1183 2876 1261 2939 satis
1277 2876 1433 2940 subtiliter
1449 2897 1511 2939 non
1525 2884 1646 2959 potest,
1668 2886 1778 2960 posset

441 2968 476 3032 in
491 2969 675 3052 Tarquinio,
698 2989 771 3034 cnm
792 2989 890 3052 regno
906 2977 990 3034 esset
1004 2970 1160 3053 expulsus
1177 2992 1236 3033 -ι
1257 2978 1290 3034 at
1302 2971 1336 3033 in
1352 2979 1477 3034 mortuo
1493 2989 1533 3034 ne
1548 2971 1691 3054 intellegi
1708 2971 1777 3056 qui·

442 3058 534 3140 dein3
562 3073 670 3128 carere
691 3064 776 3127 enim
798 3063 966 3128 sentientis
990 3072 1055 3139 est,
1077 3084 1136 3128 nec
1158 3084 1272 3129 sensus
1293 3064 1326 3128 in
1349 3071 1489 3129 mortuo:
1514 3083 1683 3129 necarere
1706 3064 1776 3147 qui·

403 3156 514 3222 rodem
537 3158 634 3241 igitur
654 3158 689 3221 in
710 3166 837 3223 mortuo
862 3165 920 3222 est.
1513 3220 1521 3233 ,

527 3252 689 3317 XXXVlI.
711 3250 762 3316 89.
793 3252 993 3336 Quamquam
1022 3252 1101 3335 quid
1129 3270 1210 3335 opus
1233 3259 1282 3315 est
1303 3251 1337 3314 in
1358 3251 1420 3315 hoc
1442 3253 1676 3335 philosophari,
1704 3274 1775 3319 cum

440 3368 508 3412 rem
530 3367 594 3410 non
616 3365 731 3431 magno
754 3366 849 3429 opere
871 3345 1074 3429 philosophia
1096 3366 1190 3429 egere
1211 3345 1400 3409 videamus?
1423 3346 1580 3422 Quotiens
1599 3369 1665 3412 non
1680 3349 1775 3413 modo

441 3442 588 3504 ductores
621 3440 740 3514 nostri,
774 3438 830 3503 sed
863 3440 1001 3503 universi
1033 3441 1126 3503 etiam
1156 3441 1314 3502 exercitus
1341 3438 1380 3502 ad
1404 3460 1468 3503 non
1492 3441 1617 3505 dubiam
1640 3451 1775 3507 mortem

441 3535 687 3602 concurrerunt!
713 3553 795 3617 quae
819 3533 947 3617 quidem
970 3534 997 3598 ei
1019 3535 1199 3608 timeretur,
1222 3553 1287 3596 non
1310 3533 1345 3594 L.
1367 3536 1483 3597 Brutus
1505 3555 1617 3600 arcens
1635 3557 1708 3601 eum
1726 3558 1776 3603 re·

402 3632 509 3698 auditu
537 3638 725 3716 tyrannum,
755 3648 850 3712 quem
882 3628 950 3710 ipse
973 3627 1155 3710 expulerat,
1182 3628 1214 3690 in
1238 3626 1361 3709 proelio
1384 3626 1590 3705 concidisset,
1614 3650 1678 3694 non
1702 3651 1775 3695 cum

441 3725 561 3791 Latinis
583 3725 748 3787 decertans
772 3730 862 3805 pater
883 3721 1018 3796 Decius,
1049 3743 1120 3786 cum
1142 3722 1283 3785 Etruscis
1306 3718 1406 3797 tilius,
1436 3743 1508 3786 cum
1531 3724 1650 3809 Pyrrho
1673 3745 1774 3807 nepos

441 3840 478 3883 se
497 3817 637 3882 hostium
659 3816 732 3880 telis
754 3815 964 3890 obiecissent,
993 3837 1056 3880 uon
1081 3836 1145 3878 uno
1168 3815 1253 3879 hello
1280 3835 1338 3897 pro
1362 3816 1464 3897 patria
1487 3816 1629 3880 cadentis
1653 3817 1776 3900 Scipio·

440 3934 497 3977 nes
519 3910 675 3995 Hispania
696 3909 842 3985 vidisset,
865 3909 996 3974 Paulum
1020 3917 1053 3973 et
1074 3909 1241 3972 Geminum
1259 3909 1401 3984 Cannae,
1424 3911 1564 3974 Venusia
1579 3911 1776 3987 Marcellum,

440 4004 551 4071 Litana
573 4004 739 4080 Albinum,
760 4004 881 4069 Lucani
904 4003 1091 4068 Gracchum.
1131 4005 1212 4065 Num
1235 4005 1307 4086 quis
1328 4003 1442 4067 horum
1465 4005 1561 4068 miser
1583 4003 1703 4070 hodie?
1734 4024 1777 4069 ne

401 4110 509 4165 totum
529 4098 659 4183 quidem
681 4104 754 4183 post
774 4096 921 4181 spiritum
944 4105 1136 4171 extremum3
1159 4117 1219 4159 uec
1242 4097 1325 4160 enim
1349 4104 1548 4182 potestesse
1571 4100 1667 4164 miser
1690 4100 1777 4184 quis·

442 4214 538 4281 quam
565 4212 661 4257 seusu
688 4201 863 4276 perempto.
903 4188 955 4253 90.
977 4195 1018 4254 At
1040 4192 1071 4254 id
1096 4192 1200 4274 ipsum
1224 4189 1370 4253 odiosum
1395 4201 1460 4265 est,
1483 4193 1551 4255 sine
1574 4214 1669 4258 sensu
1693 4213 1775 4257 esse.

440 4289 612 4362 Odiosum,
642 4287 669 4350 si
700 4286 732 4350 id
761 4294 846 4348 esset
867 4304 985 4349 carere.
1034 4285 1111 4348 Cum
1135 4304 1210 4347 vero
1233 4284 1437 4367 perspicuum
1460 4288 1500 4348 sit
1522 4286 1600 4349 nihil
1624 4288 1775 4369 possein

439 4405 479 4447 eo
509 4403 596 4457 esse,
629 4381 686 4466 qui
716 4382 786 4464 ipse
816 4399 880 4442 uon
909 4379 965 4454 sit,
995 4379 1074 4462 quid
1101 4387 1298 4461 potestesse
1322 4379 1355 4440 in
1378 4398 1416 4441 eo
1440 4380 1601 4452 odiosum,
1636 4381 1692 4464 qui
1716 4401 1775 4444 nec

439 4484 546 4542 careat
568 4495 627 4539 nec
649 4476 787 4539 sentiat?
821 4473 1023 4556 Quamquam
1045 4473 1107 4536 hoc
1131 4472 1261 4557 quidem
1285 4471 1381 4534 nimis
1402 4492 1515 4555 saepe,
1539 4474 1593 4537 sed
1610 4495 1663 4550 eo,
1687 4476 1774 4558 quod

400 4572 472 4635 asin
501 4572 562 4634 hoc
590 4570 673 4633 inest
702 4569 805 4632 omnis
832 4568 929 4630 animi
960 4570 1134 4630 contractio
1164 4587 1205 4628 ex
1234 4575 1320 4628 metu
1344 4569 1464 4629 mortis.
1503 4568 1566 4642 Qui
1589 4570 1675 4630 enim
1698 4571 1775 4632 satis

438 4665 568 4739 viderit,
591 4662 622 4726 id
646 4662 733 4747 quod
757 4670 806 4726 est
827 4662 899 4724 lnce
922 4661 1054 4735 clarius,
1083 4660 1189 4723 animo
1212 4666 1244 4721 et
1266 4679 1400 4742 corpore
1424 4670 1612 4745 consumpto
1640 4671 1775 4746 totoque

438 4761 597 4824 animante
628 4757 731 4821 deleto
761 4764 794 4821 et
821 4754 906 4818 lacto
935 4756 1062 4819 interitu
1090 4754 1240 4817 universo
1270 4752 1349 4815 illud
1378 4752 1513 4828 animal,
1549 4753 1633 4837 quod
1662 4754 1774 4831 luerit,

437 4853 553 4918 iactum
576 4872 646 4916 esse
669 4850 765 4923 nihil,
793 4851 820 4913 ie
848 4850 941 4929 plane
972 4850 1145 4931 perspiciet
1167 4847 1250 4910 inter
1272 4846 1580 4929 Hippocentaurum,
1607 4848 1662 4931 qui
1684 4870 1776 4911 num·

439 4968 534 5030 quam
557 4945 670 5019 tuerit,
700 4953 733 5008 et
753 4963 860 5027 regern
883 4945 1153 5026 Agamemnonem
1176 4941 1255 5003 nihil
1287 4941 1457 5014 interesse,
1487 4961 1545 5003 nec
1567 4940 1668 5022 pluris
1691 4961 1775 5005 nunc

400 5041 543 5104 efacere
565 5042 607 5104 ld.
631 5038 797 5102 Camillum
822 5037 881 5100 hoc
902 5036 995 5099 civile
1016 5036 1151 5109 bellurn,
1181 5054 1276 5118 quam
1299 5053 1359 5116 ego
1387 5034 1444 5096 illo
1466 5035 1538 5096 vivo
1561 5032 1690 5097 fecerim
1713 5037 1775 5097 lto-

439 5154 522 5198 mam
544 5141 677 5217 captam.
715 5133 778 5196 Cur
799 5132 897 5214 igitur
918 5138 949 5194 et
971 5131 1123 5194 Camillus
1146 5129 1285 5202 doleret,
1315 5128 1342 5190 si
1364 5127 1442 5190 haec
1465 5134 1539 5211 post
1560 5134 1721 5192 trecentos
1743 5134 1775 5192 et

507 5394 532 5445 3.
550 5400 597 5445 out
616 5392 639 5442 st
659 5390 776 5441 cominus
792 5390 828 5448 C;
849 5389 896 5439 etot
916 5389 1033 5439 cornthos
1050 5391 1069 5438 0
1092 5416 1114 5427 -
1138 5389 1263 5452 pennino
1283 5415 1308 5426 -
1333 5388 1417 5449 moola
1437 5388 1464 5436 td
1480 5386 1614 5438 Davisius:
1638 5386 1671 5435 rit
1687 5388 1731 5449 qni
1746 5386 1774 5438 id

436 5476 500 5533 itm
523 5473 556 5522 sit
572 5468 634 5532 quid
650 5468 685 5525 (ὃς
703 5464 731 5514 id
748 5466 804 5527 osis
820 5465 880 5515 Otto
897 5465 980 5515 lleine
999 5465 1040 5526 (de
1059 5465 1114 5515 Cic.
1133 5465 1212 5514 Tusc.
1232 5464 1304 5527 Disp.
1324 5477 1350 5527 p.
1368 5463 1426 5525 35),
1451 5463 1507 5525 puts
1523 5467 1558 5512 est
1574 5460 1618 5521 qui
1634 5461 1662 5511 td
1679 5461 1771 5513 llerm.

436 5550 576 5615 Sauppius.
595 5542 654 5593 Vid.
668 5541 703 5591 ad
715 5541 735 5590 ll
748 5540 763 5603 5
776 5541 817 5591 20.
833 5567 860 5576 -
874 5541 899 5589 6.
912 5541 1069 5604 arguendae
1080 5540 1100 5589 C
1115 5565 1141 5574 -
1157 5539 1197 5588 tt.
1212 5551 1300 5588 curere
1315 5540 1342 5588 to
1359 5545 1438 5587 morto
1450 5539 1484 5588 C:
1504 5538 1596 5588 Carere
1611 5537 1639 5586 in
1655 5538 1725 5587 moto
1737 5538 1771 5597 0;

437 5624 524 5692 [uoto]
545 5632 634 5672 come
654 5618 683 5667 io
704 5619 784 5665 mmtc
805 5615 969 5678 Tregderus,
993 5611 1178 5678 supplemento
1195 5613 1284 5678 (mdo)
1302 5613 1336 5663 de
1355 5612 1476 5676 Madvigii
1493 5614 1646 5663 coniectura
1664 5612 1772 5673 addito;

436 5702 528 5753 carere
549 5696 617 5747 moto
638 5692 668 5742 0.
687 5690 770 5741 lleine
791 5688 808 5740 i.
827 5688 844 5739 l.
863 5704 889 5754 p.
909 5690 940 5741 tl
958 5703 1016 5752 sq.;
1040 5689 1079 5737 ito
1101 5701 1190 5738 carere
1210 5688 1239 5737 in
1254 5692 1333 5737 mmte
1351 5688 1439 5737 llerm.
1460 5688 1600 5750 Sauppius.
1620 5713 1648 5724 -
1668 5688 1710 5738 49.
1727 5700 1773 5738 nco

435 5790 523 5827 cnm
539 5773 638 5837 qum
654 5769 675 5820 C
694 5792 721 5803 -
741 5767 782 5817 ii.
800 5777 952 5830 mongpere
969 5767 988 5815 C
1008 5789 1035 5800 -
1055 5763 1097 5814 il.
1116 5764 1290 5814 conatrrctint
1307 5764 1327 5813 C
1346 5788 1372 5798 —
1393 5762 1432 5826 i.]
1449 5763 1529 5811 tucius
1546 5763 1565 5813 C
1586 5786 1613 5799 -
1632 5763 1674 5813 28.
1691 5763 1773 5827 puni

435 5854 506 5902 Μ
522 5851 572 5900 Gli
590 5874 618 5886 -
636 5846 678 5897 it.
696 5844 789 5894 icona
804 5840 1015 5892 Lindemaunus:
1033 5838 1116 5888 totino
1133 5840 1167 5898 C,
1185 5838 1271 5888 Lotiot
1288 5839 1317 5888 0.
1340 5837 1379 5888 Ci.
1399 5838 1453 5887 Liv.
1472 5834 1660 5896 xx111,it.-
1677 5837 1718 5889 at.
1734 5836 1772 5887 dd

435 5927 463 5978 td
479 5925 529 5975 ait
548 5948 575 5960 -
595 5919 636 5973 tl.
654 5932 810 5986 msam
824 5918 873 5969 huc
889 5930 914 5981 o.
932 5931 958 5967 n.
976 5926 1051 5976 saepo
1066 5916 1150 5977 rodco,
1168 5914 1236 5976 qood
1251 5912 1322 5964 Bake
1338 5911 1356 5964 l.
1369 5910 1387 5963 l.
1403 5925 1431 5977 p.
1443 5912 1486 5963 80.
1501 5934 1528 5948 -
1547 5910 1589 5963 lt.
1607 5912 1669 5963 uiuo
1684 5911 1769 5981 aaa.
