4342 7459
811 1232 885 1297 444.
906 1234 1102 1299 xv-xvr.
1127 1230 1174 1317 §s
1195 1230 1340 1297 50-55.
1676 1224 1733 1296 444

419 1394 538 1460 Omitto
559 1393 643 1457 enim
664 1393 727 1457 rim
749 1393 849 1476 ipsam
862 1394 1023 1467 omnium,
1045 1413 1126 1476 qnae
1148 1402 1340 1477 generantur
1360 1415 1378 1459 e
1401 1402 1502 1470 terra3
1525 1413 1607 1478 quae
1630 1413 1670 1456 ex
1688 1388 1740 1456 fici

417 1490 538 1554 tantulo
558 1508 656 1571 grano
677 1496 731 1551 aut
752 1507 795 1550 ex
813 1487 897 1550 acini
921 1488 1051 1550 vinaceo
1073 1496 1128 1551 aut
1141 1508 1182 1551 ea
1197 1497 1371 1551 ceterarum
1385 1487 1511 1568 irugum
1525 1497 1581 1552 aut
1594 1489 1741 1572 stirpium

415 1581 636 1646 minutissimis
668 1579 841 1645 seminibus
874 1589 977 1644 tantos
1009 1589 1138 1644 truncos
1172 1601 1341 1665 ramosque
1375 1591 1528 1664 procreet.
1589 1581 1741 1654 Malleoli,

414 1678 558 1760 plantae,
581 1683 749 1749 sarmenta,
772 1675 968 1748 viviradices,
991 1676 1183 1757 propagines
1205 1695 1311 1737 nonne
1333 1695 1371 1738 ea
1393 1674 1550 1750 efficiunt,
1572 1684 1609 1738 ut
1630 1694 1741 1758 quem·

415 1772 463 1834 ris
485 1791 557 1833 cum
579 1768 788 1833 admiratione
810 1767 996 1831 delectanti
1039 1770 1122 1831 Vitis
1144 1769 1291 1852 quidem,
1314 1790 1397 1852 quae
1420 1777 1531 1833 natura
1553 1770 1671 1833 caduca
1692 1774 1764 1831 este

415 1872 464 1938 et,
486 1864 546 1927 nisi
567 1863 646 1926 iulia
668 1869 731 1934 est,
753 1862 853 1925 iertur
875 1862 914 1924 ad
937 1871 1070 1936 terram,
1093 1861 1221 1935 eadem,
1244 1869 1280 1924 ut
1300 1882 1335 1925 se
1357 1863 1469 1945 erigat,
1491 1863 1652 1926 claviculis
1673 1861 1740 1924 suis
1789 1893 1793 1906 .

414 1959 506 2042 quasi
528 1956 674 2020 manibus
697 1955 853 2039 quidquid
877 1964 926 2018 est
946 1965 1037 2018 nacta
1059 1955 1289 2038 complecitur:
1317 1975 1412 2040 quam
1434 1966 1614 2039 serpentem
1637 1952 1741 2018 multi·

413 2053 491 2136 plici
512 2052 603 2134 lapsu
631 2057 664 2112 et
690 2050 822 2112 erratico
845 2048 929 2112 ierro
951 2058 1120 2131 amputans
1143 2057 1270 2112 coercet
1290 2068 1341 2112 ars
1363 2050 1594 2132 agricolarum,
1624 2069 1664 2111 ne
1686 2048 1740 2111 ail-

413 2154 522 2211 rescat
541 2144 709 2208 sarmentis
732 2152 765 2206 et
785 2144 819 2205 in
841 2139 1078 2226 omnes'partes
1100 2144 1198 2206 nimia
1216 2142 1377 2206 tundatur.
1413 2141 1465 2207 53.
1487 2145 1596 2227 ltaque
1611 2144 1741 2207 ineunte

414 2260 488 2303 sere
509 2240 543 2301 in
565 2238 616 2310 iis,
638 2256 722 2320 quae
744 2238 854 2300 relicte
876 2246 959 2311 sunt,
982 2237 1092 2301 existit
1114 2246 1272 2319 umquam
1288 2237 1328 2300 ad
1343 2238 1494 2302 articulos
1509 2245 1740 2301 sarmentorum
1749 2250 1778 2297 to

414 2355 452 2398 ea
480 2352 563 2417 quae
590 2350 714 2413 gemme
741 2329 874 2405 dicitur,
903 2351 922 2394 a
949 2351 1011 2416 qua
1038 2332 1146 2394 oriens
1173 2350 1234 2394 uva
1264 2351 1299 2395 se
1321 2333 1474 2406 ostendit,
1504 2350 1587 2415 quae
1609 2338 1641 2394 et
1660 2348 1740 2393 suco

413 2436 515 2492 terrae
543 2435 576 2490 et
601 2426 705 2488 calore
732 2423 811 2487 solis
839 2444 1014 2508 augescens
1043 2426 1148 2508 primo
1174 2435 1223 2490 est
1248 2428 1421 2508 peracerba
1449 2435 1596 2509 gustatu,
1624 2423 1741 2487 deinde

414 2527 568 2585 maturata
597 2518 752 2582 dulcescit
779 2519 958 2603 vestitaque
987 2520 1143 2603 pampinis
1166 2539 1225 2582 nec
1248 2519 1375 2584 modico
1397 2529 1508 2603 tepore
1530 2526 1616 2583 earet
1638 2525 1670 2580 et
1691 2519 1740 2579 ni·

413 2616 494 2679 mios
521 2613 599 2678 solis
628 2611 769 2676 defendit
794 2612 935 2682 ardores.
980 2613 1051 2690 Qua
1077 2614 1153 2697 quid
1182 2622 1288 2697 potest
1314 2635 1385 2678 esse
1409 2636 1479 2677 curn
1502 2613 1604 2677 iructu
1627 2611 1740 2675 laetius

412 2718 479 2772 tum
507 2714 636 2791 aspectu
662 2707 852 2790 pulchrius?
889 2708 985 2771 Cuius
1008 2708 1135 2791 quidem
1159 2728 1222 2771 non
1247 2708 1366 2771 utilitas
1389 2729 1439 2772 me
1461 2708 1581 2780 solum,
1611 2714 1646 2769 ut
1666 2712 1777 2767 anteat

412 2802 497 2876 dixi,
520 2801 576 2863 sed
599 2801 694 2864 etiam
717 2803 840 2865 cultura
862 2809 895 2864 et
916 2811 1026 2865 natura
1048 2801 1119 2884 ipsa
1141 2800 1288 2875 delectat,
1310 2801 1576 2865 adminiculorum
1599 2797 1741 2871 ordines,

412 2896 551 2976 capitum
573 2894 707 2976 iugatis,
731 2895 873 2976 religatio
896 2905 929 2959 et
951 2897 1136 2977 propagatio
1159 2896 1286 2970 vitium,
1309 2901 1537 2959 sarmentorum
1561 2913 1613 2967 ea,
1644 2911 1739 2975 quam

412 2989 491 3062 dixi,
513 2987 647 3051 aliorum
669 2989 855 3071 amputatio,
876 2989 1010 3052 aliorum
1032 2989 1188 3053 inmissio.
1233 2989 1317 3066 Quid
1340 3008 1401 3072 ego
1423 2988 1641 3070 irrigationes,
1662 2984 1738 3068 qnid

411 3083 569 3148 iosaiones
597 3081 663 3164 agri
691 3083 1020 3164 repastinationesque
1049 3082 1224 3164 proteram,
1255 3083 1371 3166 qulbus
1398 3081 1435 3144 lit
1462 3081 1561 3144 multe
1588 3089 1673 3143 terra
1693 3077 1740 3141 ie-

411 3176 567 3242 cundiori
616 3172 668 3236 54.
699 3174 783 3250 Quid
807 3176 847 3237 de
868 3176 1003 3238 utilitate
1030 3176 1145 3259 loquar
1167 3176 1389 3240 stercorandii
1431 3174 1505 3236 Dixi
1529 3174 1563 3236 in
1584 3192 1623 3237 eo
1645 3168 1778 3243 librom

412 3290 507 3355 quem
529 3268 570 3333 de
592 3268 686 3332 rebus
709 3270 835 3332 rusticis
858 3269 986 3351 scripsi,
1009 3270 1049 3333 de
1071 3289 1135 3353 qua
1157 3270 1268 3334 doctus
1284 3268 1443 3332 llesiodus
1464 3288 1506 3330 ne
1521 3264 1651 3330 verbum
1667 3264 1740 3348 qui·

412 3365 483 3428 dem
506 3363 597 3437 iecit,
627 3382 698 3425 cum
720 3364 759 3425 de
781 3364 904 3426 cultura
926 3364 992 3445 agri
1016 3364 1178 3426 scriberet.
1222 3367 1263 3425 nt
1284 3362 1456 3433 Homerus,
1479 3362 1532 3444 qui
1555 3361 1681 3433 multis,
1703 3366 1740 3421 ut

411 3458 490 3521 milri
512 3456 655 3529 videtur,
684 3462 757 3519 ante
780 3457 916 3519 saeculis
945 3457 1024 3530 luit,
1054 3457 1197 3520 Laertam
1220 3456 1390 3532 lenientem
1414 3454 1622 3529 desiderium,
1651 3451 1738 3538 quod

412 3552 558 3634 capiebat
585 3572 603 3614 e
630 3547 713 3622 lilio,
743 3550 898 3614 colentem
920 3570 1029 3632 agrum
1053 3559 1086 3613 et
1108 3570 1180 3613 eum
1203 3556 1427 3613 stercorantem
1448 3547 1533 3611 iacit.
1576 3549 1642 3610 Nee
1662 3565 1738 3609 vero

412 3644 572 3727 segetibus
594 3644 697 3706 solum
724 3652 757 3705 et
778 3646 876 3726 pratis
904 3652 937 3707 et
958 3645 1060 3707 vineis
1087 3652 1119 3707 et
1139 3643 1277 3706 arbustis
1298 3664 1349 3706 res
1371 3643 1509 3706 rusticae
1531 3642 1632 3704 laetae
1654 3648 1777 3714 suntet

411 3739 467 3802 sed
490 3737 591 3800 hortis
613 3738 708 3800 etiam
737 3745 770 3799 et
795 3739 963 3819 pomariis,
992 3747 1058 3802 tum
1082 3738 1237 3821 pecudum
1259 3746 1370 3821 pastu,
1400 3737 1507 3819 apium
1529 3734 1739 3806 examinibus,

410 3834 523 3895 ilorum
545 3832 686 3894 omnium
710 3831 869 3894 varietate.
919 3833 984 3894 Nec
1010 3833 1204 3895 consitiones
1231 3831 1328 3895 modo
1354 3832 1527 3904 delectant,
1556 3829 1612 3892 sed
1642 3827 1739 3892 etiam

410 3925 595 3999 insitiones,
619 3925 736 4008 quibus
757 3925 838 3987 nihil
861 3925 981 3987 invenit
1002 3927 1206 4008 agricultura
1227 3926 1400 3988 sollertius.

495 4021 578 4082 xvi.
600 4017 650 4079 55.
673 4020 804 4082 Possum
829 4014 1150 4103 persequi'permulta
1166 4020 1397 4082 oblectamenta
1418 4037 1524 4082 rerum
1539 4016 1738 4088 rusticarum,
1770 4022 1775 4031 “

410 4115 466 4178 aed
489 4133 527 4177 ea
548 4114 633 4197 ipsa,
657 4133 738 4195 quae
762 4113 845 4185 dixi,
868 4114 972 4175 sentio
994 4112 1093 4175 inisse
1116 4113 1269 4195 longiora.
1315 4112 1489 4195 ignoscetis
1513 4121 1636 4185 autern3
1666 4123 1776 4173 namet

410 4217 442 4270 et
464 4206 571 4269 studio
594 4226 699 4268 rerum
727 4208 912 4270 nrstiearum
934 4217 1100 4289 provectus
1123 4228 1191 4270 sum
1214 4214 1246 4269 et
1266 4213 1411 4269 senectus
1432 4214 1480 4267 est
1500 4215 1611 4268 natura
1626 4205 1739 4287 loqua-

410 4301 490 4369 cior,
514 4320 555 4362 ne
577 4300 616 4362 ab
639 4301 793 4362 omnibns¹
813 4320 881 4363 eam
905 4300 990 4381 uitiis
1014 4301 1122 4363 videar
1143 4299 1314 4362 vindicare.
1361 4301 1442 4381 Ergo
1465 4299 1498 4360 in
1521 4298 1579 4362 hac
1602 4298 1665 4360 vita
1688 4298 1737 4359 Μ’.

412 4394 538 4466 Curius,
561 4414 631 4455 cum
655 4395 694 4455 de
717 4394 928 4468 Samnitibus,
950 4391 996 4455 de·
1013 4394 1147 4466 Sabinis,
1170 4394 1209 4454 de
1231 4393 1350 4477 Pyrrho
1374 4393 1640 4475 triumphavissct,
1663 4411 1738 4453 eon·

410 4488 548 4570 sumpsit
569 4496 744 4551 extremum
768 4495 891 4571 tempus
912 4490 1046 4551 aetatis:
1069 4487 1160 4550 cuius
1177 4486 1306 4569 quidem
1323 4507 1381 4569 ego
1396 4485 1503 4548 villam
1519 4482 1737 4567 contemplans

476 4742 499 4788 4.
519 4740 635 4788 44444.Ρ
659 4766 687 4775 -
713 4753 747 4788 ea
762 4740 804 4802 4444
822 4739 922 4788 Bilis:
946 4739 1011 4802 emet
1028 4739 1081 4798 ΕΡ,
1109 4737 1191 4788 alters
1210 4738 1381 4802 [punctam
1409 4750 1474 4799 quoe
1490 4750 1523 4786 ec
1538 4736 1738 4798 rhinotmeto

409 4814 509 4864 Nonius
527 4826 552 4876 p.
564 4813 621 4873 403,
635 4813 666 4863 44
687 4840 712 4850 -
733 4814 756 4864 i.
770 4815 838 4862 oeini
856 4815 874 4863 Ρ
891 4817 919 4863 et
930 4814 1046 4863 Nonius:
1065 4815 1140 4863 acino
1157 4814 1293 4863 liElltSO
1311 4814 1425 4871 (4444444444
1437 4813 1512 4861 aciem
1523 4812 1560 4874 li:
1580 4810 1613 4862 cl.
1627 4812 1738 4863 Gesneri

410 4889 471 4938 Lea.
491 4890 619 4938 rusticum
637 4901 659 4938 s.
678 4902 704 4937 v.
721 4889 828 4937 oinoeeo
844 4901 870 4951 p.
886 4890 931 4938 tes
951 4914 977 4923 -
1001 4894 1046 4937 44444
1062 4890 1181 4950 stirpium
1197 4889 1232 4938 C:
1255 4901 1287 4937 oc
1300 4894 1329 4939 44.
1347 4889 1367 4937 0
1387 4914 1413 4923 -
1433 4887 1458 4935 3.
1475 4892 1588 4949 procreet
1604 4886 1624 4937 C
1642 4885 1699 4946 (sed
1718 4887 1737 4936 E

406 4964 564 5025 procreasti:
580 4968 698 5023 procreet
715 4964 736 5013 0
754 4988 782 4997 -
810 4962 835 5012 4.
853 4964 917 5012 444444
932 4964 1031 5012 radices
1048 4964 1068 5013 C
1087 4989 1113 4999 -
1141 4978 1192 5012 eon
1208 4978 1239 5013 eo
1256 4966 1276 5014 tt
1296 4991 1319 5000 -
1341 4965 1366 5013 0.
1386 4962 1534 5013 delectasti
1555 4986 1581 4996 -
1601 4961 1625 5010 0.
1641 4965 1665 5010 44
1681 4973 1736 5010 om.

409 5038 474 5087 li-
497 5037 884 5099 (sttoestctfuitosito-
912 5039 1069 5101 eripotses
1095 5064 1122 5074 -
1150 5038 1349 5101 testequtrtc
1380 5064 1405 5075 -
1434 5035 1735 5087 &octocenti-9.

408 5113 513 5162 minino
528 5113 669 5174 4444444444
685 5113 705 5161 Ε
724 5138 751 5149 -
771 5115 811 5162 40.
831 5114 857 5161 in
873 5113 911 5161 iris
929 5114 991 5162 lilll
1010 5138 1037 5147 -
1060 5114 1100 5161 44.
1119 5114 1213 5161 dieitur
1228 5126 1328 5176 genens
1346 5112 1356 5161 l
1375 5138 1403 5147 -
1422 5125 1474 5161 sese
1491 5111 1561 5160 ERO
1582 5136 1608 5145 -
1626 5110 1737 5159 succoO

410 5211 437 5223 -
458 5188 498 5237 44.
517 5188 572 5236 deis
591 5188 701 5246 Bll’s,
727 5191 756 5237 et
772 5190 807 5244 lt,
825 5187 874 5238 sed
892 5189 935 5237 hic
952 5189 977 5237 in
995 5200 1039 5238 ras
1068 5188 1133 5237 nni
1152 5188 1251 5246 (44444444
1267 5187 1350 5237 habet
1366 5201 1399 5237 ea
1417 5189 1485 5238 meis
1502 5186 1582 5236 etiarn
1600 5184 1691 5236 liutsb.
1710 5186 1738 5234 et

409 5260 492 5321 Ochi.)
513 5290 539 5299 -
568 5262 608 5311 te.
628 5269 737 5324 tenpore
754 5264 847 5321 liiii,
874 5262 923 5313 aed
941 5262 966 5311 in
986 5262 1030 5312 ΕΡ
1051 5276 1076 5310 m
1100 5266 1223 5326 punctata
1253 5288 1280 5298 -
1309 5262 1348 5313 44.
1367 5268 1422 5312 tran
1436 5263 1522 5324 [ructu
1539 5263 1559 5312 0
1576 5263 1604 5311 et
1619 5274 1651 5310 es
1670 5260 1737 5309 mela

409 5337 476 5387 Gud.
495 5340 522 5386 et
538 5335 611 5387 Oehl.
631 5362 659 5371 —
687 5338 727 5386 40.
746 5339 802 5398 ipso
818 5342 914 5386 nature
930 5337 977 5386 440
997 5363 1023 5374 -
1051 5339 1092 5387 tt.
1110 5339 1255 5401 coniugatio
1271 5340 1291 5388 ll
1307 5362 1341 5375 -
1365 5338 1604 5390 rememorasse:
1623 5347 1738 5385 4444444444-

408 5414 622 5476 commoneo-
649 5413 844 5472 eoquer-
873 5412 1157 5474 teneteerperS
1178 5437 1202 5447 -
1233 5412 1478 5462 t9.masttosss-
1505 5413 1734 5475 (oemmdtorP-

407 5489 447 5537 st.
468 5488 564 5536 44440444
582 5489 599 5536 Ρ
618 5511 644 5522 -
665 5487 705 5536 ii.
717 5488 803 5535 multis
819 5493 841 5541 et
856 5487 917 5536 milri
935 5485 963 5536 1³¹
976 5511 1003 5522 -
1023 5487 1196 5535 2-3.1,eertans
1213 5486 1276 5536 EP:
1295 5486 1385 5537 44444404
1401 5487 1494 5546 BlliS,
1512 5490 1626 5538 Laerten
1643 5485 1735 5537 liuiab.

409 5560 482 5611 Oehl.
496 5562 555 5611 cto
576 5588 602 5597 -
621 5561 845 5610 reuertentem
861 5563 881 5611 C
900 5563 972 5623 (ortis
988 5561 1101 5621 Ell’ltl:
1121 5562 1197 5610 etiarn
1212 5562 1290 5611 lrortis
1306 5563 1326 5612 0
1345 5587 1371 5598 -
1390 5563 1511 5625 pecodem
1527 5564 1546 5613 44
1567 5588 1591 5599 ·-
1612 5567 1635 5610 et
1650 5560 1737 5622 4444444444

407 5637 517 5687 44414Ρὸ
537 5662 563 5673 -
591 5636 631 5685 ii.
649 5638 806 5686 constitiones
823 5637 878 5699 (sict
895 5638 969 5685 morlo
985 5637 1107 5686 4444444444
1123 5638 1257 5686 sedetiam
1273 5638 1411 5686 institiones
1427 5636 1526 5687 Nonius
1543 5649 1569 5699 p.
1579 5635 1637 5694 273,
1651 5636 1691 5684 li.
1707 5660 1735 5671 -

407 5703 647 5773 itlper'muitetl:
669 5711 787 5760 mulloO
815 5739 841 5748 -
869 5711 910 5761 30.
927 5711 1149 5773 [maurentino.
1172 5712 1351 5773 {eunome
1380 5736 1407 5746 -
1434 5711 1614 5761 nometEP:
1640 5723 1737 5759 44444444

409 5786 494 5836 lillis
514 5812 539 5822 -
566 5786 606 5834 34.
624 5787 778 5835 misticorum
794 5800 881 5837 rerum
897 5787 960 5837 Ellt
980 5814 1008 5823 —
1026 5801 1082 5836 444444
1099 5788 1125 5836 in
1143 5789 1161 5837 Ρ
1178 5786 1240 5838 add.
1257 5800 1293 5836 m.
1312 5788 1328 5836 i
1347 5812 1373 5823 ·-
1401 5791 1425 5834 et
1440 5786 1737 5835 4444444444--444444444444

408 5861 508 5910 Nonius
525 5872 551 5924 p.
562 5860 646 5920 44447
668 5885 694 5897 -
714 5868 810 5911 nmero
826 5863 852 5912 in
865 5864 883 5912 Ρ
895 5875 954 5925 sup.
967 5860 1012 5912 lin.
1027 5864 1092 5913 nni
1111 5887 1137 5899 -
1157 5861 1198 5913 ³2.
1217 5864 1244 5911 in
1259 5863 1324 5911 loeo
1340 5862 1421 5910 44444444
1438 5864 1456 5911 Ρ
1476 5887 1503 5898 -
1521 5874 1554 5909 444.
1569 5861 1656 5909 carisa
1671 5860 1691 5911 C
1706 5885 1734 5898 -

406 5934 446 5987 ee.
460 5937 662 6001 4444444444
679 5939 733 5989 rs:
751 5938 927 6000 4444444444
942 5938 1057 5990 neruo
1070 5963 1098 5975 -
1117 5936 1159 5990 44.
1171 5950 1217 6002 seo
1233 5938 1333 6001 4444444
1348 5935 1414 5987 aete,
1426 5936 1515 6003 pauc,
1528 5935 1735 6000 4444444444.
