4342 7459
628 1238 697 1302 ns
717 1237 757 1301 11.
786 1231 1404 1319 cn.xx1x-xxxasset-eo.
1616 1228 1673 1295 eti

481 1398 557 1474 Qui
586 1417 664 1461 non
692 1396 875 1460 funestis
903 1396 1118 1480 liquerunt
1144 1396 1294 1460 lumina
1313 1394 1424 1459 fatis.

481 1491 680 1575 Argolicis
710 1492 875 1575 primum
904 1500 947 1554 ut
975 1491 1121 1555 vestita
1151 1499 1212 1553 est
1239 1490 1442 1553 classibus
1464 1487 1595 1563 Aulis,

482 1586 586 1662 Quae
607 1584 936 1665 Priamo-cladem
958 1593 995 1647 et
1015 1585 1152 1648 Troiae
1174 1592 1404 1667 pestemque
1425 1580 1624 1656 ferebant,

480 1681 560 1743 Nos
590 1680 742 1742 circum
770 1678 922 1742 latices
951 1678 1114 1761 gelidos
1143 1674 1397 1741 fumantibus
1426 1678 1532 1750 aris,

482 1774 702 1857 Aurigeris
730 1771 863 1836 divom
893 1772 1115 1856 placantes
1142 1772 1307 1834 numina
1335 1771 1489 1845 tauris,
1688 1776 1704 1823 6

481 1869 559 1931 Sub
582 1868 746 1951 platano
769 1865 1000 1941 umbrifera,
1028 1866 1119 1929 fons
1146 1864 1253 1928 uude
1281 1873 1437 1928 emanat
1458 1871 1595 1948 aquai,

480 1961 672 2026 Vidimus
702 1961 853 2025 inmani
883 1961 1026 2044 specie
1055 1965 1249 2042 tortuque
1278 1957 1493 2022 draconem

480 2055 748 2130 Terribilem,
769 2056 878 2119 lovis
907 2064 949 2119 ut
977 2054 1097 2137 pulsu
1126 2059 1365 2135 penetraret
1391 2053 1437 2116 ab
1463 2072 1553 2130 ara3

482 2152 553 2229 Qui
584 2150 742 2233 platani
771 2151 810 2212 iu
839 2168 948 2213 ramo
974 2147 1172 2212 loliorum
1194 2145 1368 2229 tegmine
1389 2155 1554 2231 saeptos

484 2245 697 2329 Corripuit
724 2243 891 2328 pulloa3
920 2261 1021 2327 quos
1050 2261 1133 2304 cum
1162 2248 1420 2304 consumeret
1449 2248 1556 2316 octo,
1691 2245 1721 2292 ⁴⁰

483 2342 595 2403 Nona
617 2357 736 2421 super
756 2338 935 2401 tremulo
959 2335 1148 2419 genetrix
1170 2334 1363 2417 clangore
1384 2335 1555 2410 volabat,

484 2432 555 2497 Cui
585 2432 700 2496 ierus
729 2432 883 2496 inmani
911 2430 1095 2493 laniavit
1124 2430 1282 2494 viscera
1310 2447 1456 2492 morsu.

398 2523 450 2590 64.
483 2527 610 2602 Hunc,
631 2527 698 2591 ubi
721 2533 795 2590 tam
817 2534 981 2590 teneros
1004 2523 1176 2587 volucris
1198 2531 1438 2606 matremque
1459 2524 1641 2606 peremit,

484 2622 559 2698 Qui
588 2621 669 2684 luci
697 2620 885 2683 ediderat
912 2619 1073 2703 genitor
1102 2618 1317 2682 Saturnius
1346 2618 1452 2682 idem

484 2714 653 2779 Abdidit
679 2723 719 2777 et
747 2714 849 2777 duro
876 2711 1073 2777 formavit
1100 2713 1281 2795 tegmine
1309 2712 1410 2775 saxi.
1693 2714 1723 2762 ⁴⁸

483 2812 560 2873 llos
589 2814 726 2871 autem
754 2807 890 2870 timidi
919 2815 1079 2870 stantes
1108 2805 1291 2870 mirabile
1320 2814 1537 2871 monstrum

484 2903 665 2968 Vidimus
694 2902 735 2964 in
764 2901 903 2964 mediis
933 2900 1065 2963 divom
1097 2900 1293 2963 versarier
1322 2900 1415 2964 aris.

484 3000 578 3061 'l'um
601 2994 760 3060 Calchas
788 2995 883 3058 baec
910 3001 969 3057 est
995 2991 1141 3058 lidenii
1171 3014 1263 3059 voce
1290 2995 1462 3059 locutus:

485 3090 681 3168 Quidnam
710 3097 916 3172 torpenter
946 3086 1076 3151 subito
1107 3088 1364 3171 obstipuistis
1384 3088 1545 3154 Acbisil

485 3186 608 3250 Nobis
637 3183 736 3248 baec
764 3189 947 3267 portenta
976 3180 1085 3244 deum
1114 3182 1227 3246 dedit
1253 3183 1341 3265 ipae
1368 3191 1526 3248 creator
1695 3192 1728 3241 ac

485 3278 618 3344 Tarda
643 3284 680 3341 et
706 3295 798 3341 sera
819 3275 960 3358 nimis,
986 3276 1055 3339 aed
1076 3273 1181 3339 lama
1201 3295 1243 3339 ac
1264 3275 1387 3340 laude
1407 3278 1581 3359 perenni.

485 3376 574 3437 Nam
603 3380 698 3456 quot
724 3371 804 3435 avis
834 3378 965 3434 taetro
994 3377 1190 3434 mactatas
1219 3369 1341 3434 dente
1372 3370 1539 3446 videtis,

486 3472 559 3533 'l'ct
587 3486 657 3530 nos
685 3466 731 3528 ad
761 3464 923 3528 Troiam
952 3464 1053 3528 belli
1082 3463 1390 3529 exanclabimus
1420 3484 1561 3542 annos,

488 3562 595 3638 Quae
624 3559 793 3623 decumo
822 3559 936 3622 cadet
965 3565 1004 3619 et
1031 3577 1163 3640 poena
1191 3559 1368 3623 satiabit
1388 3560 1560 3625 Acbivos.

487 3655 626 3720 Edidit
653 3653 752 3717 baec
783 3651 967 3730 Calchas,
997 3671 1095 3735 qnae
1125 3654 1200 3717 iam
1229 3663 1379 3718 matura
1406 3655 1561 3719 ridetis.
1697 3662 1729 3711 1

361 3749 414 3816 66.
436 3750 526 3827 Quae
548 3751 676 3814 tandem
697 3750 759 3814 ista
779 3750 944 3832 auguratio
966 3755 1014 3810 eat
1035 3766 1076 3809 ex
1097 3748 1280 3832 pamribus
1302 3766 1457 3812 annorum
1472 3750 1579 3831 potina
1594 3769 1691 3834 qnam

361 3854 416 3912 aut
437 3864 579 3909 mensum
607 3852 663 3907 aut
688 3845 837 3907 dieruml
881 3843 945 3906 Cur
964 3852 1069 3908 autem
1093 3846 1134 3908 de
1155 3846 1346 3930 passerculis
1369 3847 1584 3911 coniecturam
1605 3843 1691 3920 lacit,

361 3942 395 4004 iu
417 3939 534 4025 quibua
555 3938 676 4000 nullum
698 3945 767 4000 erat
788 3945 984 4014 monstrum,
1015 3938 1055 4003 de
1078 3939 1217 4004 dracone
1238 3940 1329 4015 silet,
1358 3941 1432 4024 qni,
1458 3938 1492 4003 id
1513 3938 1601 4023 quod
1623 3935 1692 4002 lieri

363 4054 428 4098 non
450 4033 566 4117 potuit,
587 4032 733 4115 lapideus
755 4030 871 4094 dieitur
890 4029 1016 4095 factust
1051 4033 1218 4097 Postremo
1239 4034 1318 4118 quid
1340 4034 1445 4098 simile
1465 4032 1562 4095 babet
1582 4051 1693 4116 passer

363 4128 481 4191 annisi
523 4128 602 4188 Nam
624 4126 664 4188 de
687 4144 790 4207 angue
813 4124 886 4197 illo,
916 4126 973 4208 qui
996 4125 1103 4189 Sullae
1132 4128 1279 4210 apparuit
1300 4128 1492 4202 immolanti,
1521 4132 1734 4210 utrumquett

364 4222 509 4293 memini,
533 4227 565 4283 et
587 4220 725 4293 Sullam,
749 4239 820 4282 cum
841 4218 874 4280 in
898 4220 1136 4301 expeditionem
1159 4221 1328 4285 educturus
1350 4231 1451 4296 esset,
1479 4221 1693 4285 immolavisse

365 4325 397 4380 et
418 4336 552 4399 anguem
580 4312 620 4376 ab
649 4334 704 4377 ara
733 4314 894 4387 extitisse,
924 4332 1027 4396 eoque
1049 4315 1102 4377 die
1123 4334 1190 4378 rem
1211 4317 1373 4398 praeclare
1394 4335 1467 4380 esse
1489 4324 1607 4399 geatam
1629 4335 1693 4380 non

364 4408 541 4491 haruspicis
563 4408 697 4471 consilio
720 4408 776 4470 sed
798 4408 1009 4490 imperatoris.

449 4502 568 4565 xxx1.
601 4499 652 4563 66.
682 4505 783 4586 Atque
812 4501 891 4564 baec
921 4508 1115 4565 ostentorum
1144 4521 1261 4584 genera
1289 4504 1431 4568 mirabile
1457 4505 1537 4569 nibil
1566 4501 1694 4580 babent,

366 4616 449 4682 quae
477 4616 547 4660 cum
577 4594 658 4658 lacta
687 4604 774 4670 sunt,
805 4605 871 4659 tum
899 4595 938 4658 ad
962 4597 1173 4659 coniecturum
1195 4597 1303 4681 aliqua
1324 4599 1584 4683 interpretatione
1604 4604 1733 4663 nevo!

367 4699 492 4766 cantm,
515 4699 550 4753 ut
571 4690 627 4752 ilia
648 4690 744 4753 tritici
767 4709 864 4774 grana
886 4690 918 4752 in
940 4710 978 4754 os
1000 4690 1090 4773 pueri
1113 4692 1218 4755 Midae
1241 4701 1393 4775 congesta
1413 4702 1468 4756 aut
1489 4711 1583 4779 apes,
1615 4713 1694 4778 quaa

449 4971 475 5020 4.
498 4970 565 5020 casib
588 4969 708 5034 Erleng:
735 4972 840 5023 664640
869 4997 897 5008 -
929 4971 953 5022 3.
971 4972 1067 5034 [debut
1088 4972 1119 5023 8²
1142 4999 1169 5008 -
1197 4970 1222 5023 i.
1240 4972 1331 5036 pelides
1347 4975 1368 5023 A
1397 4996 1423 5011 -
1451 4975 1476 5025 6.
1495 4976 1596 5039 capena
1612 4980 1644 5027 A¹
1667 5002 1694 5015 -

367 5045 454 5095 disum
470 5045 532 5105 AO,
557 5045 604 5095 sed
624 5047 649 5096 in
668 5049 687 5095 A
705 5059 723 5094 a
739 5048 872 5110 posterius
890 5047 915 5096 in
934 5059 987 5097 ras.
1011 5072 1039 5082 -
1066 5048 1091 5097 6.
1109 5046 1245 5097 66666664
1259 5048 1320 5107 AB,
1341 5047 1458 5097 monebat
1475 5050 1599 5101 Pithoeus
1618 5076 1645 5087 -
1669 5050 1694 5102 t.

367 5122 476 5171 46646644
487 5119 527 5183 A¹,
545 5122 663 5170 immonis
680 5121 699 5169 ll
714 5146 739 5156 -
759 5120 784 5171 3.
801 5126 945 5183 peniteret
961 5122 999 5173 C:
1015 5122 1163 5185 penetrabat
1179 5122 1258 5173 codd.
1278 5122 1343 5172 deit.
1362 5125 1458 5175 Davisii
1476 5128 1504 5174 ct
1521 5127 1615 5177 Aloseri
1633 5126 1695 5176 0·-

369 5196 410 5246 40.
428 5210 505 5259 guam
522 5196 564 5245 bic
581 5198 710 5259 scriptum
728 5198 770 5245 cst
787 5196 813 5245 46
831 5197 884 5246 Av¹
904 5222 929 5233 -
956 5197 996 5246 44.
1013 5198 1183 5260 genitricum
1202 5197 1236 5247 ci.
1251 5197 1449 5249 Lachmannum
1468 5197 1502 5249 ad
1515 5200 1617 5254 lucret.
1631 5201 1698 5264 p.tb

370 5294 398 5305 —
416 5272 538 5335 plangore
554 5269 617 5321 A¹i¹¹
635 5294 662 5306 -
683 5271 722 5320 43.
740 5272 855 5321 autumas
870 5272 891 5322 0
909 5296 936 5307 -
961 5272 1001 5323 46.
1020 5273 1142 5327 formauit
1160 5274 1198 5323 c:
1214 5274 1327 5335 Amuli
1343 5274 1421 5324 codd.
1435 5274 1584 5339 interpoletl
1603 5276 1699 5326 4466644

370 5346 405 5406 0,
427 5347 486 5396 tort.
502 5345 596 5397 6646644
620 5373 646 5382 -
672 5347 777 5410 iepmiasa
793 5348 854 5397 suci
870 5343 971 5397 ABV¹:
997 5349 1108 5412 tegmine
1123 5360 1187 5398 socc
1205 5348 1262 5398 V¹0
1281 5370 1307 5384 -
1328 5348 1369 5397 tt.
1387 5350 1474 5400 446466
1491 5351 1547 5409 ΑΟ,
1565 5350 1614 5402 aed
1631 5350 1699 5401 aite-

370 5431 430 5470 rum
447 5435 465 5470 a
482 5423 507 5471 in
524 5434 576 5471 ras.
596 5419 678 5470 babet
695 5424 715 5470 A
737 5447 763 5458 -
781 5424 911 5473 6646446·
927 5424 952 5471 46
970 5426 1058 5473 res.A
1077 5450 1105 5459 -
1126 5422 1166 5473 48.
1184 5422 1285 5472 ciuicas
1301 5425 1322 5473 A
1340 5426 1367 5473 ei
1383 5425 1422 5475 sic
1440 5427 1503 5474 item
1520 5438 1546 5475 v.
1558 5426 1590 5475 46
1609 5449 1637 5462 -
1656 5423 1698 5475 43.

371 5495 582 5559 obstrepamus&
609 5495 772 5560 cimil
799 5523 827 5536 ·-
854 5498 1112 5561 4666644641-
1139 5498 1400 5550 4446666464ὺο
1424 5525 1451 5536 -
1474 5499 1650 5562 mallio
1670 5524 1698 5537 -

371 5570 413 5623 44.
431 5573 496 5634 qaod
513 5573 553 5623 AB
573 5598 600 5609 -
620 5585 680 5621 6664
697 5573 743 5622 AO
763 5597 788 5609 -
814 5577 878 5622 tetro
893 5575 914 5623 A
932 5586 968 5624 m.
981 5587 1037 5625 aec.
1051 5575 1077 5625 in
1096 5587 1148 5624 ras.
1167 5575 1295 5639 scriptum
1312 5574 1395 5625 babet
1411 5599 1439 5610 -
1461 5576 1502 5626 44.
1520 5576 1615 5625 dommo
1631 5575 1651 5625 0
1669 5597 1697 5611 -

371 5652 394 5695 et
410 5660 469 5712 sup.
488 5647 532 5697 iiu.
551 5647 633 5698 babet
651 5648 671 5697 V
690 5674 718 5683 -
738 5661 834 5711 possus
849 5651 884 5708 A,
905 5650 1011 5710 penes
1036 5674 1064 5686 -
1087 5650 1130 5699 tl.
1147 5661 1258 5700 mearam
1274 5662 1338 5700 nos:
1362 5661 1492 5699 messum
1507 5649 1562 5710 AV,
1578 5649 1701 5699 66664666

371 5721 437 5779 44ος
461 5734 486 5771 v.
505 5721 630 5772 adnotata
651 5721 686 5773 ad
703 5736 743 5773 or.
763 5722 873 5787 i’biiipp.
892 5724 950 5785 xil,
963 5723 978 5788 5
991 5723 1022 5772 22
1042 5750 1069 5759 -
1093 5722 1134 5774 30.
1151 5725 1222 5774 ditae
1239 5730 1273 5784 A,
1292 5723 1341 5776 aad
1358 5726 1380 5774 ai
1396 5726 1422 5775 46
1439 5737 1492 5776 raa.
1512 5749 1539 5761 —
1559 5724 1600 5775 34.
1618 5723 1701 5773 sitiam

372 5799 402 5855 A,
420 5794 469 5846 aed
485 5797 507 5845 si
524 5797 550 5846 iu
568 5810 620 5847 ras.
642 5824 667 5834 -
687 5810 745 5847 casa
761 5796 797 5861 ia]
814 5800 858 5860 664
874 5799 901 5847 ia
917 5801 938 5849 A
957 5812 992 5850 m.
1012 5800 1026 5848 4
1044 5800 1070 5849 46
1087 5798 1148 5850 4666
1165 5801 1295 5859 evroldo:
1319 5798 1425 5851 videtur
1441 5799 1562 5864 primitus
1578 5810 1657 5859 qaam
1672 5800 1701 5848 ia

372 5872 499 5935 scriptum
518 5871 598 5922 luisse
622 5898 648 5909 -
673 5872 714 5923 33.
732 5869 960 5935 beramioeaA¹i¹¹
978 5898 1006 5911 -·
1030 5876 1071 5924 36.
1090 5874 1179 5937 allow
1195 5875 1233 5926 C:
1251 5875 1448 5938 6446446460-
1471 5874 1512 5925 36.
1528 5873 1651 5924 leberii
1670 5895 1699 5911 -

369 5946 1190 6013 mmamlemevanido-aatcorr.inaie.
