4342 7459
686 1274 754 1338 Lm.
775 1273 826 1339 iv.
857 1272 931 1338 (lar.
952 1270 1209 1336 XXV—XXVI.
1235 1266 1282 1353 §S
1303 1265 1448 1333 ott-73.
1668 1267 1730 1335 ⁴73

407 1445 509 1529 sippo.
545 1443 595 1506 Ex
616 1461 654 1505 ea
675 1438 860 1505 difficultate
882 1440 956 1504 illae
978 1440 1272 1523 fallaciloquae,
1294 1444 1329 1501 ut
1350 1438 1395 1501 ait
1414 1437 1536 1513 Attius,
1558 1437 1731 1502 malitiae

407 1546 499 1602 natae
525 1544 609 1600 sunt.
651 1531 703 1596 69.
726 1533 820 1610 Quod
848 1534 934 1597 enim
959 1535 1116 1618 sapientia
1142 1534 1256 1617 pedem
1279 1532 1333 1595 uhi
1355 1539 1489 1615 poneret
1510 1551 1574 1595 non
1596 1530 1733 1596 habebat

407 1631 540 1695 sublatis
561 1627 673 1694 officiis
695 1628 857 1702 omnihus,
886 1624 990 1691 officia
1017 1636 1123 1691 autem
1147 1627 1338 1691 tollebantur
1360 1625 1486 1691 delectu
1508 1626 1594 1690 omni
1616 1633 1648 1689 et
1669 1626 1733 1689 dis·

408 1724 539 1788 crimine
568 1731 706 1796 remoto,
735 1741 816 1805 qnae
845 1741 916 1784 esse
936 1740 997 1783 noo
1017 1729 1162 1806 poterant
1182 1721 1277 1784 rebus
1300 1719 1445 1783 omnibus
1468 1719 1513 1782 sic
1536 1719 1733 1802 exaequatis,

408 1826 443 1880 ut
470 1819 554 1881 inter
578 1837 632 1880 eas
661 1815 741 1878 nihil
766 1815 950 1888 interesset,
973 1835 1013 1877 ex
1034 1816 1104 1879 istis
1127 1814 1281 1898 anqustiis
1304 1814 1364 1877 ista
1386 1821 1554 1877 evaserunt
1576 1813 1757 1877 deteriorat

334 1939 341 1948 ·
409 1931 505 1994 quam
527 1912 694 1973 Aristonis.
730 1908 788 1971 llla
808 1916 915 1971 tamen
937 1908 1108 1993 simplicia,
1131 1915 1236 1971 vestra
1259 1914 1396 1970 versuta.
1435 1907 1536 1989 Reges
1558 1909 1643 1972 enim
1664 1907 1734 1972 hri-

410 2012 547 2079 stonem,
569 2004 696 2067 bonane
718 2004 747 2066 ei
770 2003 937 2066 rideantur
959 2003 1053 2075 haec,
1078 2002 1219 2066 vacuitas
1243 1999 1378 2073 doloris,
1400 2000 1547 2077 divitiae,
1568 2001 1734 2066 valetudo:

409 2106 514 2180 neget.
537 2096 644 2172 Quidt
667 2116 748 2180 quae
771 2096 927 2159 contraria
948 2102 1023 2158 sunt
1045 2095 1112 2169 his,
1135 2095 1281 2158 malane?
1303 2093 1403 2158 nihilo
1426 2093 1535 2177 magis.
1575 2098 1734 2160 Zenonem

410 2211 519 2273 roges:
546 2190 738 2274 respondeat
767 2188 899 2253 totidem
925 2188 1040 2252 serbis.
1084 2187 1283 2252 Admirantes
1306 2207 1495 2271 quaeramus
1526 2188 1565 2252 ab
1587 2197 1735 2273 utroque,

413 2304 550 2367 quonam
573 2284 667 2347 modo
690 2284 785 2347 vitam
806 2302 900 2365 agere
921 2285 1093 2366 possimus,
1115 2283 1143 2346 si
1165 2282 1245 2345 nihil
1271 2283 1425 2345 interesse
1447 2289 1552 2345 nostra
1574 2291 1773 2367 putamusne

412 2377 574 2441 valeamus
595 2378 723 2460 aegrine
744 2378 859 2452 simus,
886 2396 1033 2440 racemus
1063 2395 1104 2440 an
1127 2376 1301 2440 cruciemur
1322 2375 1448 2450 dolore,
1475 2374 1592 2457 trigue,
1620 2376 1735 2441 famem

413 2470 598 2555 propulsare
628 2472 785 2554 possimus
816 2489 915 2533 necne
945 2470 1114 2552 possimus.
1157 2469 1268 2543 Vives,
1296 2468 1401 2552 inquit
1420 2468 1542 2545 Aristo,
1570 2468 1735 2554 magnifice

414 2572 509 2647 atque
531 2563 708 2647 praeclare;
729 2563 818 2647 quod
840 2564 901 2627 erit
921 2582 1058 2646 cumque
1073 2563 1175 2627 visum
1197 2582 1289 2645 ages,
1310 2582 1484 2646 numquam
1499 2582 1625 2645 angere,
1646 2585 1737 2629 num·
1805 2568 1808 2573 '

415 2677 510 2741 quam
525 2658 643 2741 cupies,
659 2677 830 2741 numquam
845 2657 978 2720 timebis.
1001 2654 1054 2720 70.
1070 2655 1154 2731 Quid
1170 2659 1276 2719 Zenot
1292 2658 1440 2719 Portenta
1456 2652 1558 2739 [haec]
1575 2677 1646 2722 esse
1661 2658 1737 2722 dicit

414 2771 519 2835 neque
541 2771 579 2815 ea
601 2751 725 2814 ratione
746 2750 811 2815 ullo
832 2750 926 2816 modo
954 2771 1048 2834 posse
1070 2750 1152 2823 rivi,
1181 2750 1238 2813 sed
1259 2750 1386 2813 differre
1412 2750 1494 2813 inter
1514 2749 1683 2814 honestum
1706 2758 1775 2814 etas

414 2851 506 2927 turpe
521 2845 650 2908 nimium
667 2852 830 2927 qnantum,
847 2846 955 2908 neseio
971 2844 1048 2928 quid
1064 2844 1265 2917 immensum,
1281 2843 1363 2906 inter
1378 2850 1497 2907 ceteras
1512 2863 1562 2906 res
1577 2842 1656 2906 nihil
1671 2864 1738 2908 om·

414 2938 491 3001 nino
513 2938 677 3001 interesse.
712 2932 764 2999 7t.
786 2936 873 3000 Idem
896 2938 1017 3001 adhuc:
1040 2937 1115 2999 audi
1137 2937 1259 3019 reliqua
1275 2943 1308 2999 et
1325 2935 1423 3000 risum
1437 2936 1575 3012 contine,
1596 2938 1624 3001 si
1638 2946 1738 3021 potes.

414 3031 518 3094 hledia
539 3031 608 3105 illa,
635 3031 758 3113 inquit,
779 3031 862 3094 inter
883 3051 964 3115 quae
987 3030 1067 3093 nihil
1090 3031 1240 3103 interest,
1267 3037 1373 3093 tanmn
1395 3030 1571 3094 eiusmodi
1594 3039 1683 3107 sunt,
1706 3039 1740 3096 ut

416 3144 525 3187 eornm
547 3124 609 3187 alia
630 3125 777 3207 eligenda
802 3123 883 3201 sint,
911 3125 973 3188 alia
994 3124 1170 3197 reicienda,
1201 3122 1264 3185 alia
1286 3124 1416 3186 omnino
1437 3123 1649 3207 neglegenda,
1678 3125 1739 3189 hoc

416 3224 482 3292 est,
504 3225 670 3283 uteorum
691 3219 754 3282 alia
768 3218 862 3292 velis,
884 3217 948 3281 alia
963 3218 1060 3291 nolis,
1083 3217 1146 3279 alia
1168 3237 1231 3280 non
1254 3236 1354 3302 cures.
1375 3250 1416 3265 -
1440 3220 1481 3281 At
1502 3217 1598 3283 modo
1614 3218 1776 3283 dixeras¹⁰

416 3311 497 3374 nihil
518 3312 551 3374 in
573 3311 642 3375 istis
664 3331 734 3375 esse
756 3311 843 3394 quod
865 3312 1042 3375 interesset.
1064 3344 1107 3358 -
1137 3313 1176 3374 Et
1197 3330 1282 3374 nunc
1304 3309 1390 3373 idem
1411 3311 1497 3387 dico,
1523 3313 1661 3396 inquiet,
1683 3312 1739 3377 sed

417 3402 457 3467 ad
479 3404 610 3468 rirtmes
632 3405 725 3469 etad
748 3406 822 3469 vitia
844 3406 924 3468 nihil
946 3406 1110 3469 interesse.

502 3498 617 3560 XXVI.
638 3496 690 3562 72.
714 3499 794 3574 Quis
815 3499 916 3573 istud,
948 3519 1078 3583 quaeso,
1102 3498 1284 3563 nesciebat?
1315 3500 1431 3563 Verum
1453 3497 1629 3564 audiamus.
1667 3501 1741 3576 Ista,

419 3591 541 3676 inquit,
571 3612 652 3676 quae
684 3593 810 3667 dixisti,
839 3594 961 3668 valere,
989 3595 1179 3679 locupletem
1210 3612 1296 3667 esse,
1323 3612 1389 3656 non
1417 3592 1543 3667 dolere,
1570 3593 1655 3657 bona
1677 3614 1741 3657 non

419 3685 504 3760 dico,
527 3686 584 3749 sed
606 3687 707 3751 dicam
726 3686 847 3749 Graece
870 3690 1073 3773 προηγμένα,
1095 3688 1206 3751 Latine
1228 3694 1333 3750 antem
1354 3685 1511 3769 producta
1524 3688 1637 3751 -sed
1652 3697 1779 3771 prae-st

418 3780 521 3862 posita
542 3787 596 3842 aut
617 3780 787 3863 praecipua
801 3780 896 3854 malo,
919 3780 965 3843 sic
979 3779 1173 3845 tolerabilius
1189 3788 1220 3843 et
1234 3780 1361 3844 mollius
1375 3801 1434 3843 -ι
1455 3780 1511 3843 illa
1524 3789 1639 3857 autem,
1661 3802 1744 3846 mor·

413 3874 508 3948 bum,
537 3882 726 3956 egestatem,
749 3872 905 3948 dolorem,
934 3893 998 3936 non
1020 3875 1147 3958 appello
1169 3875 1266 3949 mala,
1296 3874 1370 3949 sed,
1392 3875 1419 3939 si
1441 3874 1532 3950 libet,
1553 3876 1743 3940 reiectanea.

419 3968 528 4051 ltaque
549 3967 605 4031 iila
625 3987 691 4030 non
713 3966 785 4032 dieo
808 3986 858 4028 me
881 3974 1047 4050 expetere,
1077 3968 1133 4032 sed
1156 3968 1278 4050 legere,
1304 3988 1363 4031 nec
1385 3976 1509 4053 optare,
1532 3968 1587 4032 sed
1611 3990 1744 4045 sumere,

420 4062 575 4124 contraria
603 4070 708 4124 antem
736 4080 801 4124 non
823 4060 948 4143 fugere,
978 4061 1033 4124 sed
1056 4062 1146 4144 quasi
1169 4080 1344 4125 secernere.
1387 4059 1471 4137 Quid
1494 4061 1539 4126 ait
1558 4064 1744 4127 Aristoteles

419 4156 598 4239 reliquique
628 4154 769 4217 Platonis
795 4154 937 4217 alumni‘t
972 4155 1012 4216 Se
1036 4155 1157 4228 omnia,
1187 4174 1269 4237 quae
1298 4155 1472 4218 secundum
1500 4164 1642 4220 naturam
1671 4158 1782 4232 sintae

419 4249 502 4312 bona
524 4250 700 4333 appellare,
723 4268 805 4331 quae
822 4256 926 4310 autem
944 4256 1069 4321 contra,
1093 4248 1184 4309 mala.
1220 4248 1357 4311 Videsne
1374 4249 1469 4330 igitur
1483 4251 1641 4312 Zenonem
1657 4257 1745 4313 tunm

422 4363 493 4405 cum
515 4345 660 4406 Aristone
683 4342 787 4404 verbis
818 4343 1004 4414 consistere,
1034 4360 1067 4402 re
1091 4342 1262 4416 dissidere,
1290 4362 1360 4403 cum
1383 4342 1552 4405 Aristotele
1575 4352 1606 4406 et
1627 4344 1690 4406 illis
1711 4363 1746 4406 re

421 4437 615 4509 consentire,
643 4436 749 4499 serbis
781 4436 981 4519 discreparet
1014 4434 1077 4496 Cur
1107 4435 1215 4516 igitur,
1244 4455 1314 4497 cum
1344 4436 1384 4498 de
1413 4455 1447 4499 re
1470 4439 1652 4511 conveniat,
1681 4457 1746 4500 non

422 4530 576 4593 malumus
606 4530 721 4593 usitate
749 4530 859 4612 loquil
893 4533 955 4591 Aut
982 4529 1094 4590 doceat
1120 4529 1309 4610 paratiorem
1337 4549 1388 4591 me
1416 4527 1456 4591 ad
1485 4530 1746 4593 contemnendam

422 4625 588 4706 pecuniam
620 4623 705 4697 fore,
733 4623 759 4685 si
790 4622 874 4684 illam
896 4622 929 4684 in
951 4621 1047 4683 rebus
1070 4621 1259 4703 praepositis
1281 4641 1375 4704 quam
1398 4622 1423 4685 si
1445 4622 1593 4685 inbonis
1615 4622 1784 4698 duxero,se

420 4714 649 4801 fortioremque
672 4716 704 4778 in
727 4716 881 4799 patiendo
904 4714 1031 4788 dolore,
1053 4716 1080 4777 si
1104 4734 1176 4776 eum
1198 4735 1344 4797 asperum
1362 4723 1393 4778 et
1407 4712 1568 4778 difficilem
1584 4736 1748 4799 perpessu,

421 4809 448 4871 si
476 4818 586 4873 contra
611 4818 755 4873 naturam
782 4830 866 4884 esse,
896 4829 990 4893 qnam
1018 4809 1045 4872 si
1076 4809 1192 4872 malum
1223 4809 1344 4871 dixero.
1388 4804 1439 4870 73.
1461 4810 1575 4870 Facete
1601 4809 1747 4883 hhfl’iso,

421 4900 584 4965 familiaris
613 4911 735 4976 noster,
765 4910 797 4965 et
825 4904 887 4966 alia
913 4902 1011 4966 multa
1040 4910 1073 4965 et
1096 4901 1158 4964 hoc
1187 4902 1281 4965 modo
1305 4902 1426 4965 Stoicos
1454 4901 1615 4965 irridebat.
1663 4902 1748 4977 Quid

490 5209 513 5257 t.
531 5208 707 5270 sudocitoqeco
723 5209 868 5257 Manutius:
886 5208 1086 5270 souumtoquetoe
1103 5209 1169 5262 CD:
1192 5207 1279 5271 sudum
1295 5207 1388 5268 ucoca
1405 5208 1437 5267 B;
1454 5207 1681 5271 suttocdwmttce
1696 5210 1751 5259 No·

425 5280 492 5331 nius.
516 5281 556 5331 ct.
576 5281 609 5330 de
627 5284 699 5332 Orat.
719 5284 766 5341 tlt,
784 5282 799 5345 s
818 5282 874 5332 tot.
892 5309 925 5320 -
943 5285 1023 5331 actim
1039 5283 1089 5332 BE
1108 5309 1134 5319 -
1154 5282 1178 5330 t.
1198 5284 1252 5332 nuti
1269 5283 1288 5332 B
1308 5308 1334 5317 -
1354 5281 1378 5331 3.
1397 5282 1487 5333 delecto
1504 5284 1565 5332 Β-
1583 5282 1607 5335 l.
1621 5297 1686 5346 quae
1701 5297 1752 5334 esse

424 5370 474 5404 noe
489 5362 605 5417 poterunt
622 5358 738 5421 iladvig:
758 5371 805 5418 qne
821 5363 843 5406 et
861 5370 910 5407 csse
924 5362 1040 5420 poterunt
1057 5358 1091 5412 Β;
1111 5369 1175 5417 quoe
1191 5358 1257 5407 enim
1272 5370 1322 5407 esse
1336 5362 1452 5418 poterant
1467 5359 1527 5408 0-
1547 5359 1573 5408 b.
1591 5358 1645 5407 istis
1662 5358 1695 5407 B:
1713 5357 1751 5406 bis

425 5430 491 5485 ll0;
506 5431 538 5479 cl.
552 5445 577 5494 p.
593 5432 648 5489 tlt,
662 5433 737 5481 30.-
757 5432 781 5482 8.
795 5437 899 5494 ocqctur
916 5433 1029 5493 quodque
1040 5433 1170 5480 contrario
1180 5432 1228 5482 BE
1244 5459 1271 5470 -
1285 5434 1325 5487 te.
1340 5446 1413 5494 prop.
1425 5434 1584 5494 possumusB
1598 5459 1625 5469 —
1641 5433 1679 5483 ⁴3.
1692 5444 1752 5495 opes

428 5505 489 5554 BE:
508 5518 584 5568 opens
601 5507 621 5554 0
640 5533 667 5542 -
693 5506 732 5558 tl.
755 5513 872 5568 portento
895 5520 945 5557 esse
965 5508 1026 5555 dicis
1047 5508 1082 5562 B:
1107 5506 1231 5569 portenta
1245 5508 1306 5556 dicis
1327 5507 1362 5565 C;
1386 5508 1446 5557 boec
1467 5521 1516 5558 nos
1536 5506 1701 5558 seclusimus.
1721 5531 1750 5544 -

428 5580 468 5628 ⁴5.
487 5592 564 5639 nsque
581 5580 613 5627 B:
633 5581 709 5629 necO
724 5608 749 5616 -
769 5580 877 5644 dirime]
896 5582 976 5630 dicere
992 5583 1011 5631 B
1025 5605 1051 5617 -
1073 5583 1113 5632 rs.
1133 5583 1193 5644 quid
1209 5582 1362 5647 immensum]
1380 5585 1446 5645 quod
1462 5585 1599 5632 mmmmm
1615 5583 1646 5631 eit
1662 5581 1709 5631 ΒΕ
1721 5604 1749 5615 -

428 5654 469 5703 t't.
487 5654 561 5717 idem]
579 5656 606 5704 id
622 5661 657 5705 est
673 5655 692 5703 B
712 5681 737 5689 -
758 5655 847 5715 adhuc,
866 5655 937 5717 (cudi
950 5681 986 5692 -·
997 5657 1019 5704 si
1033 5657 1127 5720 potes:)
1144 5657 1257 5707 medico
1271 5683 1298 5693 —
1317 5657 1358 5707 23.
1376 5658 1441 5706 istud
1457 5659 1491 5707 B:
1509 5658 1601 5705 tstuco
1614 5680 1642 5691 -
1661 5667 1753 5717 quaeso

429 5727 585 5779 Lambinus:
604 5729 676 5791 quusi
688 5727 767 5778 codd.
783 5754 808 5763 -
829 5729 869 5778 26.
886 5731 1022 5792 praecipuo
1040 5733 1088 5781 BE
1103 5759 1129 5769 -
1148 5732 1191 5796 sic]
1208 5733 1240 5781 sit
1253 5731 1302 5781 BE
1316 5759 1342 5768 -
1355 5734 1463 5781 meditus
1478 5732 1526 5782 ΒΕ
1541 5757 1567 5767 -
1587 5729 1627 5779 30.
1639 5729 1753 5791 ctranpni

429 5802 478 5851 BE
498 5829 524 5839 -
544 5803 584 5853 32.
602 5804 733 5853 emtore
749 5804 866 5854 dissidere
883 5809 993 5866 (omre)
1011 5808 1030 5855 B
1048 5833 1074 5843 -
1094 5806 1135 5856 il.
1153 5808 1278 5856 malumus
1293 5807 1326 5855 B:
1344 5807 1491 5856 molimusO
1505 5830 1532 5840 -
1550 5805 1644 5853 usitare
1660 5803 1708 5853 BE
1722 5829 1750 5841 ·-
1797 5840 1807 5866 ,

430 5874 472 5925 dd.
490 5889 565 5937 quum
581 5877 610 5941 ss]
629 5879 701 5940 quasi
719 5878 737 5927 B
757 5905 783 5915 -
808 5879 848 5928 36.
867 5880 992 5944 asponam]
1010 5882 1131 5944 cspcmiti
1147 5885 1209 5945 (non
1227 5882 1359 5943 morire]
1377 5881 1405 5930 B.
1430 5879 1468 5930 Ci.
1487 5879 1502 5943 ἓ
1519 5878 1559 5928 53.
1580 5903 1606 5913 -
1625 5890 1752 5941 perpensa

430 5950 641 6010 sibtioerenzius:
657 5955 767 6016 perpessi
784 5955 818 6012 Β;
833 5968 952 6016 perpessu
967 5961 991 6005 et
1006 5957 1061 6006 ΜΟ
1079 5981 1107 5992 -·
1127 5956 1167 6007 38.
1185 5957 1258 6007 modo
1274 5956 1337 6006 BE:
1355 5954 1408 6005 loco
1425 5954 1486 6004 hit).
1506 5952 1545 6004 Ci.
1563 5966 1590 6018 p.
1609 5953 1666 6015 iit,
1684 5953 1726 6004 ts.
