4342 7459
792 1262 900 1327 [ιιι.
930 1260 1160 1325 cmn-nu
1187 1258 1357 1346 sce-5.
1674 1254 1735 1324 rot

411 1424 615 1493 doctoribus
658 1422 753 1506 Quae
780 1428 834 1490 est
861 1426 946 1490 enlm
974 1427 1112 1489 istorum
1142 1427 1251 1490 oratio
1281 1430 1346 1490 tam
1374 1426 1558 1511 exquisito,
1586 1426 1736 1509 quaesit

410 1527 646 1611 anteponenda
668 1529 753 1594 bene
775 1531 979 1594 constitutae
1000 1531 1130 1593 civitati
1147 1530 1279 1614 publico
1295 1530 1366 1594 iure
1385 1521 1606 1594 elmoribusi
1629 1528 1739 1612 Equi-

411 1631 484 1697 dem
502 1630 510 1706 Ι
529 1649 623 1714 quem
645 1630 688 1694 ad
712 1630 839 1695 modum
871 1633 997 1696 urbes
1025 1650 1201 1720 magnas
1227 1639 1353 1715 atque
1381 1634 1584 1715 imperio·
1607 1624 1738 1712 [plat.

410 1754 501 1820 sas,
531 1744 568 1798 ut
589 1735 739 1818 appellat
761 1734 906 1819 Ennius,
936 1732 1057 1798 viculis
1079 1740 1112 1797 el
1135 1736 1285 1799 castellis
1307 1733 1547 1819 praeferendus
1569 1741 1667 1819 puto,
1688 1735 1739 1799 sic

411 1858 489 1921 eos,
523 1841 578 1924 qul
607 1838 659 1903 bis
687 1838 824 1903 urbibus
853 1838 993 1904 oonsilio
1021 1844 1123 1922 atque
1152 1841 1355 1904 auctoritate
1385 1844 1567 1921 praesunt,
1599 1840 1650 1917 ls,
1683 1838 1763 1921 quio

411 1944 517 2006 omnis
539 1943 666 2031 negotii
690 1943 812 2024 publici
834 1949 995 2026 expertes
1017 1947 1113 2024 sursit,
1141 1942 1243 2029 louge
1272 1941 1357 2006 duco
1379 1943 1545 2024 sapientia
1568 1943 1639 2024 ipsa
1662 1958 1739 2005 esso

410 2045 675 2129 anteponendos.
717 2046 762 2111 ut
792 2047 944 2128 quoniam
972 2048 1110 2109 maxime
1139 2049 1285 2129 rapimur
1305 2044 1350 2109 ad
1372 2064 1454 2129 opes
1476 2044 1650 2131 augendas
1671 2061 1740 2129 ge-

410 2153 501 2214 neris
529 2149 660 2214 humani
690 2148 927 2232 studemusque
955 2151 1080 2211 nostris
1109 2149 1247 2212 consilis
1274 2153 1309 2212 et
1336 2148 1506 2211 laboribus
1527 2149 1680 2211 tutiorem
1703 2148 1740 2210 et

410 2255 649 2334 opulentiorem
672 2255 774 2316 vitam
798 2251 960 2316 bominum
983 2251 1126 2317 reddere
1142 2256 1176 2316 et
1191 2251 1233 2315 ud
1250 2250 1357 2327 hanel
1379 2252 1586 2334 voluptutem
1610 2239 1740 2329 [plffi

410 2358 515 2440 ipsius
536 2365 676 2420 naturae
698 2357 840 2420 stimulis
862 2358 1047 2432 incitamur,
1070 2360 1244 2419 teneamus
1265 2373 1338 2419 eum
1360 2372 1508 2435 cursum,
1530 2354 1585 2437 qul
1607 2359 1778 2435 sempertt

410 2461 473 2524 luit
495 2462 608 2543 optimi
631 2462 798 2544 citiusque,
822 2478 929 2545 neque
951 2478 992 2524 ea
1013 2462 1114 2548 signa
1135 2459 1317 2540 audiamus,
1337 2478 1421 2544 quae
1436 2458 1587 2541 receptui
1603 2460 1741 2541 canunt,

411 2571 445 2626 ut
470 2581 531 2629 eos
552 2565 650 2627 etiam
673 2568 852 2642 revocent,
876 2565 930 2645 qul
953 2565 1014 2627 iam
1038 2564 1277 2646 processerint.

495 2667 560 2732 ΙΙΙ.
586 2665 623 2729 4.
646 2667 707 2729 liis
728 2666 914 2731 rationibus
937 2671 1002 2729 tam
1025 2669 1128 2732 certls
1152 2672 1284 2749 tamque
1307 2665 1502 2731 inlustribus
1524 2664 1741 2747 opponuntur

410 2770 453 2835 ab
483 2772 531 2849 is,
560 2770 614 2851 qui
642 2774 760 2834 contra
790 2767 982 2851 disputant,
1011 2772 1147 2853 primum
1176 2770 1325 2849 labores,
1359 2770 1413 2853 qui
1443 2770 1510 2831 siut
1537 2784 1575 2830 re
1605 2767 1739 2850 publicu

410 2872 623 2937 defendenda
644 2868 847 2935 sustinendi:
870 2871 946 2935 leve
967 2890 1049 2935 saue
1071 2870 1327 2954 inpedimentum
1343 2871 1497 2957 vigilanti
1513 2873 1547 2934 et
1564 2869 1777 2950 industrio,⁴⁸

410 2995 517 3061 usque
539 2976 644 3039 solum
675 2970 681 3052 Ι
706 2976 740 3037 in
768 2976 872 3037 taralis
899 2975 1019 3055 rebus,
1048 2979 1102 3037 set
1125 2978 1224 3039 etiam
1247 2976 1281 3039 in
1304 2973 1525 3039 mediocribus
1546 2974 1601 3038 uel
1630 2963 1738 3053 [pllb

408 3081 529 3143 modiis
555 3080 610 3142 uel
639 3076 758 3142 officiis
784 3078 841 3141 vet
870 3094 954 3140 vero
981 3079 1080 3140 etiam
1102 3079 1250 3165 nogotiis
1271 3076 1559 3144 contemnendum·
1601 3075 1738 3141 Adiuu-

408 3189 536 3271 guntur
563 3183 710 3265 pericula
738 3184 830 3246 vitae
856 3184 1030 3266 turpisque
1051 3183 1094 3246 ab
1118 3181 1169 3245 bis
1191 3181 1331 3246 tormldo
1355 3184 1470 3245 mortis
1492 3180 1635 3245 fortibus
1656 3180 1739 3246 ulrls

409 3288 607 3369 opponitur,
630 3286 749 3369 quibus
772 3286 878 3371 magis
900 3283 932 3347 ld
956 3286 1108 3348 miserum
1130 3284 1238 3349 uideri
1260 3284 1364 3364 solet,
1386 3290 1507 3348 natura
1528 3302 1567 3347 se
1588 3282 1737 3348 oonsur'nl

409 3395 443 3453 ct
472 3392 648 3454 serrectule
681 3408 776 3473 quam
804 3388 865 3453 sibi
896 3387 967 3452 dari
996 3392 1142 3475 tempus,
1176 3394 1211 3452 ul
1242 3391 1373 3473 possint
1402 3406 1473 3453 eam
1503 3390 1623 3470 uitam,
1651 3392 1776 3472 quae„

408 3496 519 3557 tamen
541 3501 633 3556 esset
655 3490 823 3556 reddenda
849 3498 1004 3572 naturae,
1034 3511 1094 3572 pro
1119 3493 1226 3571 patria
1250 3494 1453 3575 potissimum
1477 3490 1630 3555 reddere.
1673 3490 1738 3553 Illo

408 3614 492 3659 vero
520 3613 558 3660 se
588 3597 662 3661 loco
691 3597 848 3677 copiosos
875 3599 909 3658 et
931 3593 1076 3658 disertos
1106 3588 1112 3669 l
1137 3599 1273 3678 putarit,
1303 3614 1375 3659 oum
1398 3595 1607 3658 calamitates
1630 3584 1737 3673 [p92.

409 3700 663 3765 clarissimorum
694 3702 839 3762 utrorum
869 3700 1070 3781 iniuriasque
1100 3700 1141 3762 iis
1173 3699 1215 3764 ab
1244 3701 1386 3781 ingratis
1416 3699 1579 3781 inpositus
1608 3696 1738 3761 civibus

408 3802 585 3889 colligunt.
632 3804 667 3865 5.
698 3803 785 3867 ilinc
807 3805 892 3867 enim
916 3804 972 3865 ilia
1001 3808 1036 3867 et
1064 3802 1153 3887 apud
1176 3803 1328 3870 Graecos
1350 3805 1521 3886 exempla,
1547 3798 1737 3867 Miltiadem

407 3910 570 3972 victorem
607 3904 866 3991 domitoremque
899 3905 1075 3971 Persarum
1114 3905 1257 3970 nondum
1294 3903 1423 3970 sanatis
1460 3906 1655 3970 volneribus
1685 3905 1775 3983 tis!

408 4028 494 4093 quse
524 4027 666 4090 corpore
693 4008 837 4073 adverso
872 4011 904 4072 in
938 4010 1123 4075 clarissima
1153 4012 1294 4075 victoria
1322 4012 1530 4091 accepisset,
1563 4010 1664 4072 ultam
1692 4023 1738 4070 ex

409 4109 551 4176 bostium
574 4112 651 4174 tells
672 4116 841 4175 servatam
865 4114 897 4174 ln
920 4114 1039 4176 civium
1065 4114 1184 4177 uinclis
1207 4111 1410 4196 profudisse,
1432 4118 1465 4175 et
1482 4110 1737 4176 Themistoclem

410 4216 533 4297 patria,
563 4234 658 4298 quam
682 4216 910 4297 liberavisset,
941 4217 1068 4300 pulsum
1097 4222 1198 4301 alque
1229 4215 1457 4299 proterrlltum
1481 4217 1602 4277 nonin
1627 4204 1738 4298 [lewa

409 4317 573 4385 Graeciae
595 4323 713 4403 portus
736 4336 795 4403 per
817 4335 854 4383 se
875 4324 1048 4403 servatos,
1075 4318 1135 4383 sed
1164 4320 1197 4381 ln
1221 4320 1396 4384 barbariae
1416 4320 1510 4383 sinus
1531 4316 1737 4403 confugisse,

474 4563 498 4612 t.
516 4537 716 4621 oocronuusoos
734 4524 913 4622 oolssrsuruc
941 4588 967 4598 -
989 4524 1068 4614 ⁰ritino
1086 4563 1106 4614 C
1127 4590 1151 4599 —
1173 4576 1237 4625 quus
1254 4564 1285 4613 sit
1302 4560 1344 4612 C’:
1365 4576 1381 4620 ο
1400 4575 1422 4612 st
1440 4560 1470 4612 (ἶ1
1491 4588 1522 4600 -
1547 4562 1572 4612 2.
1591 4524 1648 4611 runis
1666 4560 1685 4611 C
1703 4586 1736 4598 -

409 4684 432 4733 3.
452 4685 620 4734 rursurostisr
637 4686 657 4734 C
675 4684 761 4734 deleta
780 4698 794 4733 r
814 4712 840 4722 -
860 4683 884 4734 i.
895 4647 973 4735 1ηουιιε
991 4686 1010 4733 C
1030 4665 1057 4722 -Ᾰ
1077 4687 1101 4736 b.
1120 4686 1141 4735 is
1158 4698 1221 4735 uos:
1241 4698 1281 4733 urs
1299 4684 1348 4734 CO
1367 4709 1394 4719 -
1418 4683 1442 4733 6.
1461 4682 1606 4734 Arusianus
1625 4682 1735 4731 Messius

409 4759 496 4823 pili
516 4760 589 4809 Lind.
609 4760 662 4809 Cic.
682 4760 716 4811 de
734 4773 805 4823 rep:
833 4761 925 4823 nepulit
940 4759 1034 4821 publici
1050 4774 1149 4822 expers.
1174 4786 1200 4796 -
1230 4766 1287 4809 suut
1308 4762 1395 4810 Osann
1413 4762 1440 4809 cl
1458 4760 1531 4808 Otto:
1557 4772 1611 4808 arur
1634 4760 1685 4809 Ct)
1706 4783 1733 4795 -

422 4842 436 4868 il
1093 4844 1105 4870 Ι.

409 4894 458 4931 oco
476 4881 495 4931 C
513 4908 545 4919 -
562 4881 586 4931 7,
600 4894 692 4931 nrorss
704 4878 733 4932 C¹
749 4907 773 4917 -
793 4881 818 4932 8.
830 4881 930 4931 comilis
947 4893 1009 4932 uos:
1028 4847 1129 4933 cous¹uu
1142 4884 1171 4943 C,
1185 4879 1270 4932 deleta
1285 4896 1309 4941 u,
1322 4881 1462 4931 consiliiso
1476 4905 1503 4916 -
1523 4893 1657 4931 uauontscs
1669 4878 1733 4931 C¹-

408 5002 433 5052 9.
452 5002 605 5051 voluntatem
622 5002 642 5051 0
659 5014 721 5053 curn
740 5002 843 5053 blosero
863 5028 891 5041 -
921 5004 959 5051 tl.
974 4964 1071 5054 'stunc
1093 5031 1119 5041 -
1139 4965 1236 5061 recogn
1255 5005 1274 5052 c
1295 5030 1320 5039 -
1342 5004 1372 5052 lt
1400 5015 1593 5053 asuoccsssnrnr
1611 5002 1630 5053 C
1648 4998 1736 5052 deleta

409 5078 493 5141 prima
512 5090 526 5126 r
545 5103 571 5113 -
593 5078 633 5128 ts.
652 5089 811 5126 rnnrromaus
829 5076 859 5127 C¹
878 5104 903 5114 -
925 5077 964 5127 tl.
984 5079 1005 5126 ir
1022 5090 1083 5128 uos:
1104 5091 1143 5126 nis
1160 5078 1206 5128 CO
1224 5106 1256 5116 -
1274 5093 1327 5128 une.
1344 5081 1373 5128 C.
1397 5079 1454 5128 ·Sic
1472 5081 1625 5127 constanter
1642 5087 1736 5127 omues

408 5165 487 5201 casus
505 5151 590 5201 litters
608 5166 630 5202 r.
650 5151 831 5215 significantur
848 5155 962 5217 excepto
979 5154 1095 5213 genitivo
1113 5151 1215 5215 plurali,
1234 5156 1261 5203 et
1279 5155 1298 5209 1,
1317 5152 1376 5217 §ll
1394 5166 1445 5203 non
1464 5155 1521 5203 sine
1539 5165 1627 5210 causo.
1646 5151 1735 5214 low

407 5226 480 5277 robus
493 5228 610 5288 publicis:
634 5240 686 5276 non
704 5225 789 5276 lubuit
805 5228 857 5277 hoc
874 5231 966 5277 notare
985 5227 1010 5276 iu
1028 5226 1137 5288 siugulis
1154 5226 1246 5279 locis·
1269 5229 1315 5278 Du
1334 5230 1410 5277 iiiou
1435 5229 1470 5290 (ia
1486 5240 1515 5275 rs
1528 5226 1596 5290 publ.
1615 5225 1735 5287 Schuetz)

410 5376 436 5385 -
457 5350 497 5397 46.
516 5322 734 5407 ssousrllsouuu
753 5348 783 5408 C,
802 5347 836 5398 de
854 5361 906 5411 qua
924 5348 1054 5412 scriptura
1073 5361 1098 5398 v.
1117 5349 1150 5400 lt.
1164 5349 1251 5412 Haupt
1269 5348 1294 5398 in
1314 5346 1439 5411 Philologi
1457 5349 1476 5402 i.
1489 5347 1536 5397 388
1556 5372 1583 5383 -
1601 5346 1644 5412 ret]
1657 5359 1685 5395 ss
1703 5345 1733 5397 C.

409 5424 480 5473 1Noo
498 5423 615 5471 cernitur
637 5436 666 5480 o,
695 5435 745 5471 neo
767 5434 831 5471 vero
853 5435 881 5482 r,
908 5435 1036 5486 quamsa
1054 5423 1151 5473 vidisse
1171 5423 1294 5486 perbibet
1312 5424 1421 5473 Maius.»
1452 5423 1497 5471 [lu
1517 5423 1605 5472 ltisu
1635 5448 1662 5458 -
1693 5422 1733 5472 ll.

407 5506 592 5595 uorursssuuc
615 5568 641 5580 -
666 5544 707 5594 20.
726 5556 774 5593 suu
792 5542 822 5593 C¹
842 5570 867 5581 -
893 5544 934 5594 tl.
954 5544 1065 5594 merul}
1093 5571 1119 5581 -
1146 5558 1296 5595 usousnuuu
1315 5545 1345 5595 C¹
1364 5570 1390 5580 -
1411 5556 1531 5593 ursoruuo
1550 5545 1580 5603 C,
1599 5542 1646 5593 sed
1666 5556 1735 5607 puu-

408 5620 457 5669 ctis
475 5620 516 5669 bis
533 5617 624 5668 litteris
642 5619 815 5683 superpositis
832 5615 970 5680 significari
990 5619 1096 5669 videtur
1113 5620 1180 5670 haec
1197 5617 1325 5670 vocabula
1344 5618 1541 5682 transponenda
1560 5630 1619 5667 essa
1638 5644 1669 5654 -
1691 5618 1733 5669 ii.

408 5705 436 5741 ss
453 5693 472 5742 C
491 5692 588 5742 additis
606 5692 690 5742 tribus
708 5691 781 5741 lineis
799 5694 878 5742 rectis
895 5692 992 5753 quibus
1010 5694 1120 5743 iudicari
1138 5694 1310 5746 videturesse
1327 5692 1468 5756 legendum
1486 5705 1557 5751 esse,
1574 5696 1602 5741 ul
1616 5693 1735 5743 sossius

408 5826 440 5863 ox
459 5816 527 5863 coni.
546 5812 645 5864 maluit.
678 5840 704 5850 -
734 5813 775 5863 23.
793 5774 942 5865 urdououc
971 5841 998 5853 -
1027 5816 1148 5878 inpositus
1168 5816 1231 5866 itai:
1254 5816 1383 5879 lmporltos
1403 5816 1424 5865 0
1447 5817 1551 5864 lacento
1570 5814 1685 5864 Dublsu
1705 5839 1732 5851 -

408 5889 449 5939 ro.
469 5886 494 5946 ὀ.
514 5888 546 5937 Cr
561 5890 627 5951 (ie.
646 5891 733 5950 quael:
758 5901 784 5946 o.
798 5888 828 5939 c¹
846 5890 887 5949 l:
897 5890 952 5951 quel
972 5913 1000 5926 -
1024 5890 1065 5940 il.
1083 5901 1152 5939 rsuu
1169 5903 1240 5942 corr.
1254 5903 1287 5942 οι
1304 5902 1374 5940 rsou
1391 5890 1411 5940 c
1431 5914 1455 5926 ·
1476 5889 1519 5939 ti.
1537 5900 1642 5940 crurcrs
1661 5889 1691 5940 C·
1705 5914 1732 5928 ·-

408 5978 684 6018 storoscorrcsussar
701 5967 731 6028 C,
749 5964 798 6018 ssd
815 5964 920 6017 deletus
936 5964 1023 6030 prima
1040 5975 1056 6014 u
1073 5966 1101 6014 st
1117 5976 1158 6014 ur.
