<?xml version="1.0" encoding="UTF-8"?>
<!DOCTYPE html PUBLIC "-//W3C//DTD XHTML 1.0 Transitional//EN"
    "http://www.w3.org/TR/xhtml1/DTD/xhtml1-transitional.dtd">
<html xmlns="http://www.w3.org/1999/xhtml" xml:lang="en" lang="en">
 <head>
  <title>
</title>
<meta http-equiv="Content-Type" content="text/html;charset=utf-8" />
  <meta name='ocr-system' content='tesseract 3.04.00' />
  <meta name='ocr-capabilities' content='ocr_page ocr_carea ocr_par ocr_line ocrx_word'/>
</head>
<body>
  <div class='ocr_page' id='page_1' title='image "./operaquaesupers00halmgoog/operaquaesupers00halmgoog_0346.png"; bbox 0 0 4342 7459; ppageno 0'>
   <div class='ocr_carea' id='block_1_1' title="bbox 440 1212 1593 1309">
    <p class='ocr_par' dir='ltr' id='par_1_1' title="bbox 440 1212 1593 1309">
     <span class='ocr_line' id='line_1_1' title="bbox 440 1212 1593 1309; baseline 0.011 -30"><span class='ocrx_word' id='word_1_1' title='bbox 440 1212 503 1289; x_wconf 78' lang='lat' dir='ltr'><strong>ato</strong></span> <span class='ocrx_word' id='word_1_2' title='bbox 598 1217 762 1285; x_wconf 81' lang='lat' dir='ltr'><strong>ruscut.</strong></span> <span class='ocrx_word' id='word_1_3' title='bbox 776 1221 930 1289; x_wconf 83' lang='lat' dir='ltr'><strong>nrsrur.</strong></span> <span class='ocrx_word' id='word_1_4' title='bbox 952 1222 1020 1289; x_wconf 77' lang='lat' dir='ltr'><strong>sn.</strong></span> <span class='ocrx_word' id='word_1_5' title='bbox 1034 1224 1087 1289; x_wconf 89' lang='lat' dir='ltr'><strong>rv.</strong></span> <span class='ocrx_word' id='word_1_6' title='bbox 1111 1223 1185 1294; x_wconf 65' lang='lat' dir='ltr'><strong>css.</strong></span> <span class='ocrx_word' id='word_1_7' title='bbox 1200 1225 1375 1297; x_wconf 84' lang='lat' dir='ltr'><strong>xxxvru.</strong></span> <span class='ocrx_word' id='word_1_8' title='bbox 1396 1221 1443 1309; x_wconf 71' lang='lat' dir='ltr'><strong>ss</strong></span> <span class='ocrx_word' id='word_1_9' title='bbox 1458 1220 1593 1293; x_wconf 43' lang='lat' dir='ltr'><strong>aaut.</strong></span> 
     </span>
    </p>
   </div>
   <div class='ocr_carea' id='block_1_2' title="bbox 401 1378 1769 4559">
    <p class='ocr_par' dir='ltr' id='par_1_2' title="bbox 401 1378 1769 4559">
     <span class='ocr_line' id='line_1_2' title="bbox 439 1378 1761 1471; baseline 0.006 -29"><span class='ocrx_word' id='word_1_10' title='bbox 439 1378 472 1442; x_wconf 89' lang='lat' dir='ltr'><strong>in</strong></span> <span class='ocrx_word' id='word_1_11' title='bbox 495 1386 653 1444; x_wconf 89' lang='lat' dir='ltr'><strong>conventu</strong></span> <span class='ocrx_word' id='word_1_12' title='bbox 675 1382 751 1445; x_wconf 88' lang='lat' dir='ltr'><strong>vitia</strong></span> <span class='ocrx_word' id='word_1_13' title='bbox 772 1382 960 1467; x_wconf 78' lang='lat' dir='ltr'><strong>conlegisset</strong></span> <span class='ocrx_word' id='word_1_14' title='bbox 980 1388 1013 1451; x_wconf 92' lang='lat' dir='ltr'><strong>in</strong></span> <span class='ocrx_word' id='word_1_15' title='bbox 1035 1403 1107 1449; x_wconf 89' lang='lat' dir='ltr'><strong>eum</strong></span> <span class='ocrx_word' id='word_1_16' title='bbox 1130 1388 1284 1470; x_wconf 79' lang='lat' dir='ltr'><strong>Zopyrus,</strong></span> <span class='ocrx_word' id='word_1_17' title='bbox 1307 1385 1362 1467; x_wconf 91' lang='lat' dir='ltr'><strong>qui</strong></span> <span class='ocrx_word' id='word_1_18' title='bbox 1385 1405 1420 1451; x_wconf 90' lang='lat' dir='ltr'><strong>se</strong></span> <span class='ocrx_word' id='word_1_19' title='bbox 1441 1392 1585 1451; x_wconf 90' lang='lat' dir='ltr'><strong>naturam</strong></span> <span class='ocrx_word' id='word_1_20' title='bbox 1608 1386 1761 1471; x_wconf 90' lang='lat' dir='ltr'><strong>cuiusque</strong></span> 
     </span>
     <span class='ocr_line' id='line_1_3' title="bbox 440 1470 1762 1563; baseline 0.005 -28"><span class='ocrx_word' id='word_1_21' title='bbox 440 1491 481 1535; x_wconf 82' lang='lat' dir='ltr'><strong>er</strong></span> <span class='ocrx_word' id='word_1_22' title='bbox 501 1470 602 1536; x_wconf 84' lang='lat' dir='ltr'><strong>forma</strong></span> <span class='ocrx_word' id='word_1_23' title='bbox 630 1477 810 1560; x_wconf 75' lang='lat' dir='ltr'><strong>perspicere</strong></span> <span class='ocrx_word' id='word_1_24' title='bbox 839 1477 1054 1561; x_wconf 90' lang='lat' dir='ltr'><strong>profitebatur,</strong></span> <span class='ocrx_word' id='word_1_25' title='bbox 1077 1479 1200 1543; x_wconf 90' lang='lat' dir='ltr'><strong>derisus</strong></span> <span class='ocrx_word' id='word_1_26' title='bbox 1222 1487 1310 1543; x_wconf 90' lang='lat' dir='ltr'><strong>esta</strong></span> <span class='ocrx_word' id='word_1_27' title='bbox 1332 1480 1461 1555; x_wconf 89' lang='lat' dir='ltr'><strong>ceteris,</strong></span> <span class='ocrx_word' id='word_1_28' title='bbox 1492 1479 1548 1563; x_wconf 94' lang='lat' dir='ltr'><strong>qui</strong></span> <span class='ocrx_word' id='word_1_29' title='bbox 1570 1477 1625 1545; x_wconf 88' lang='lat' dir='ltr'><strong>illa</strong></span> <span class='ocrx_word' id='word_1_30' title='bbox 1647 1479 1679 1542; x_wconf 93' lang='lat' dir='ltr'><strong>in</strong></span> <span class='ocrx_word' id='word_1_31' title='bbox 1703 1480 1762 1542; x_wconf 88' lang='lat' dir='ltr'><strong>So·</strong></span> 
     </span>
     <span class='ocr_line' id='line_1_4' title="bbox 440 1566 1763 1658; baseline 0.005 -30"><span class='ocrx_word' id='word_1_32' title='bbox 440 1571 524 1629; x_wconf 91' lang='lat' dir='ltr'><strong>crate</strong></span> <span class='ocrx_word' id='word_1_33' title='bbox 544 1566 622 1630; x_wconf 82' lang='lat' dir='ltr'><strong>vitia</strong></span> <span class='ocrx_word' id='word_1_34' title='bbox 642 1588 706 1631; x_wconf 89' lang='lat' dir='ltr'><strong>non</strong></span> <span class='ocrx_word' id='word_1_35' title='bbox 727 1580 949 1652; x_wconf 76' lang='lat' dir='ltr'><strong>agnoscerent,</strong></span> <span class='ocrx_word' id='word_1_36' title='bbox 971 1573 1011 1636; x_wconf 90' lang='lat' dir='ltr'><strong>ab</strong></span> <span class='ocrx_word' id='word_1_37' title='bbox 1032 1574 1102 1658; x_wconf 91' lang='lat' dir='ltr'><strong>ipso</strong></span> <span class='ocrx_word' id='word_1_38' title='bbox 1123 1580 1227 1636; x_wconf 90' lang='lat' dir='ltr'><strong>autem</strong></span> <span class='ocrx_word' id='word_1_39' title='bbox 1251 1573 1377 1637; x_wconf 84' lang='lat' dir='ltr'><strong>Socrate</strong></span> <span class='ocrx_word' id='word_1_40' title='bbox 1400 1572 1594 1649; x_wconf 87' lang='lat' dir='ltr'><strong>sublevatus,</strong></span> <span class='ocrx_word' id='word_1_41' title='bbox 1616 1592 1687 1636; x_wconf 91' lang='lat' dir='ltr'><strong>cum</strong></span> <span class='ocrx_word' id='word_1_42' title='bbox 1707 1572 1763 1636; x_wconf 89' lang='lat' dir='ltr'><strong>illa</strong></span> 
     </span>
     <span class='ocr_line' id='line_1_5' title="bbox 439 1658 1763 1751; baseline 0.002 -25"><span class='ocrx_word' id='word_1_43' title='bbox 439 1658 500 1726; x_wconf 86' lang='lat' dir='ltr'><strong>tihi</strong></span> <span class='ocrx_word' id='word_1_44' title='bbox 522 1659 707 1751; x_wconf 78' lang='lat' dir='ltr'><strong>insita„sed</strong></span> <span class='ocrx_word' id='word_1_45' title='bbox 728 1664 851 1730; x_wconf 90' lang='lat' dir='ltr'><strong>ratione</strong></span> <span class='ocrx_word' id='word_1_46' title='bbox 873 1685 892 1729; x_wconf 91' lang='lat' dir='ltr'><strong>a</strong></span> <span class='ocrx_word' id='word_1_47' title='bbox 913 1686 948 1730; x_wconf 91' lang='lat' dir='ltr'><strong>se</strong></span> <span class='ocrx_word' id='word_1_48' title='bbox 971 1667 1092 1732; x_wconf 84' lang='lat' dir='ltr'><strong>deiecta</strong></span> <span class='ocrx_word' id='word_1_49' title='bbox 1115 1667 1245 1732; x_wconf 87' lang='lat' dir='ltr'><strong>diceret.</strong></span> <span class='ocrx_word' id='word_1_50' title='bbox 1289 1662 1340 1728; x_wconf 90' lang='grc'><strong>81.</strong></span> <span class='ocrx_word' id='word_1_51' title='bbox 1363 1666 1445 1750; x_wconf 82' lang='lat' dir='ltr'><strong>Ergo</strong></span> <span class='ocrx_word' id='word_1_52' title='bbox 1467 1674 1502 1729; x_wconf 94' lang='lat' dir='ltr'><strong>ut</strong></span> <span class='ocrx_word' id='word_1_53' title='bbox 1523 1673 1652 1748; x_wconf 91' lang='lat' dir='ltr'><strong>optuma</strong></span> <span class='ocrx_word' id='word_1_54' title='bbox 1674 1666 1763 1748; x_wconf 81' lang='lat' dir='ltr'><strong>quis·</strong></span> 
     </span>
     <span class='ocr_line' id='line_1_6' title="bbox 415 1754 1763 1844; baseline 0.005 -28"><span class='ocrx_word' id='word_1_55' title='bbox 415 1769 503 1837; x_wconf 85' lang='lat' dir='ltr'><strong>sque</strong></span> <span class='ocrx_word' id='word_1_56' title='bbox 532 1754 713 1821; x_wconf 86' lang='lat' dir='ltr'><strong>valetudine</strong></span> <span class='ocrx_word' id='word_1_57' title='bbox 742 1756 884 1823; x_wconf 86' lang='lat' dir='ltr'><strong>adfectus</strong></span> <span class='ocrx_word' id='word_1_58' title='bbox 915 1768 1019 1843; x_wconf 90' lang='lat' dir='ltr'><strong>potest</strong></span> <span class='ocrx_word' id='word_1_59' title='bbox 1047 1759 1147 1824; x_wconf 85' lang='lat' dir='ltr'><strong>videri</strong></span> <span class='ocrx_word' id='word_1_60' title='bbox 1170 1768 1281 1825; x_wconf 88' lang='lat' dir='ltr'><strong>natura</strong></span> <span class='ocrx_word' id='word_1_61' title='bbox 1302 1760 1340 1824; x_wconf 91' lang='lat' dir='ltr'><strong>ad</strong></span> <span class='ocrx_word' id='word_1_62' title='bbox 1365 1760 1504 1841; x_wconf 84' lang='lat' dir='ltr'><strong>aliquem</strong></span> <span class='ocrx_word' id='word_1_63' title='bbox 1526 1758 1669 1823; x_wconf 86' lang='lat' dir='ltr'><strong>morbum</strong></span> <span class='ocrx_word' id='word_1_64' title='bbox 1690 1779 1763 1844; x_wconf 90' lang='lat' dir='ltr'><strong>pro·</strong></span> 
     </span>
     <span class='ocr_line' id='line_1_7' title="bbox 438 1846 1762 1938; baseline 0.005 -29"><span class='ocrx_word' id='word_1_65' title='bbox 438 1846 560 1923; x_wconf 85' lang='lat' dir='ltr'><strong>clivior,</strong></span> <span class='ocrx_word' id='word_1_66' title='bbox 582 1849 628 1911; x_wconf 89' lang='lat' dir='ltr'><strong>sic</strong></span> <span class='ocrx_word' id='word_1_67' title='bbox 648 1851 772 1913; x_wconf 91' lang='lat' dir='ltr'><strong>animus</strong></span> <span class='ocrx_word' id='word_1_68' title='bbox 793 1851 875 1915; x_wconf 88' lang='lat' dir='ltr'><strong>alius</strong></span> <span class='ocrx_word' id='word_1_69' title='bbox 897 1851 936 1915; x_wconf 91' lang='lat' dir='ltr'><strong>ad</strong></span> <span class='ocrx_word' id='word_1_70' title='bbox 958 1854 1020 1917; x_wconf 91' lang='lat' dir='ltr'><strong>alia</strong></span> <span class='ocrx_word' id='word_1_71' title='bbox 1041 1855 1117 1918; x_wconf 86' lang='lat' dir='ltr'><strong>vitia</strong></span> <span class='ocrx_word' id='word_1_72' title='bbox 1139 1855 1332 1938; x_wconf 83' lang='lat' dir='ltr'><strong>propensior.</strong></span> <span class='ocrx_word' id='word_1_73' title='bbox 1361 1854 1424 1929; x_wconf 88' lang='lat' dir='ltr'><strong>Qui</strong></span> <span class='ocrx_word' id='word_1_74' title='bbox 1440 1861 1625 1916; x_wconf 87' lang='lat' dir='ltr'><strong>autemnon</strong></span> <span class='ocrx_word' id='word_1_75' title='bbox 1640 1861 1762 1929; x_wconf 91' lang='lat' dir='ltr'><strong>natura,</strong></span> 
     </span>
     <span class='ocr_line' id='line_1_8' title="bbox 438 1941 1762 2030; baseline 0.005 -26"><span class='ocrx_word' id='word_1_76' title='bbox 438 1942 495 2008; x_wconf 90' lang='lat' dir='ltr'><strong>sed</strong></span> <span class='ocrx_word' id='word_1_77' title='bbox 516 1941 608 2027; x_wconf 91' lang='lat' dir='ltr'><strong>culpa</strong></span> <span class='ocrx_word' id='word_1_78' title='bbox 628 1943 734 2011; x_wconf 85' lang='lat' dir='ltr'><strong>vitiosi</strong></span> <span class='ocrx_word' id='word_1_79' title='bbox 756 1965 827 2013; x_wconf 90' lang='lat' dir='ltr'><strong>esse</strong></span> <span class='ocrx_word' id='word_1_80' title='bbox 849 1946 1003 2021; x_wconf 93' lang='lat' dir='ltr'><strong>dicuntur,</strong></span> <span class='ocrx_word' id='word_1_81' title='bbox 1017 1960 1136 2012; x_wconf 83' lang='lat' dir='ltr'><strong>&#39;eorum</strong></span> <span class='ocrx_word' id='word_1_82' title='bbox 1159 1950 1235 2012; x_wconf 86' lang='lat' dir='ltr'><strong>vitia</strong></span> <span class='ocrx_word' id='word_1_83' title='bbox 1257 1956 1403 2012; x_wconf 90' lang='lat' dir='ltr'><strong>constant</strong></span> <span class='ocrx_word' id='word_1_84' title='bbox 1421 1967 1438 2009; x_wconf 91' lang='lat' dir='ltr'><strong>e</strong></span> <span class='ocrx_word' id='word_1_85' title='bbox 1457 1946 1545 2009; x_wconf 84' lang='lat' dir='ltr'><strong>falsis</strong></span> <span class='ocrx_word' id='word_1_86' title='bbox 1561 1947 1762 2030; x_wconf 74' lang='lat' dir='ltr'><strong>opinionibus</strong></span> 
     </span>
     <span class='ocr_line' id='line_1_9' title="bbox 437 2035 1763 2125; baseline 0.008 -30"><span class='ocrx_word' id='word_1_87' title='bbox 437 2053 543 2108; x_wconf 81' lang='lat' dir='ltr'><strong>rerum</strong></span> <span class='ocrx_word' id='word_1_88' title='bbox 563 2035 715 2110; x_wconf 80' lang='lat' dir='ltr'><strong>bonarum</strong></span> <span class='ocrx_word' id='word_1_89' title='bbox 737 2047 769 2103; x_wconf 92' lang='lat' dir='ltr'><strong>et</strong></span> <span class='ocrx_word' id='word_1_90' title='bbox 788 2039 953 2114; x_wconf 84' lang='lat' dir='ltr'><strong>malarum,</strong></span> <span class='ocrx_word' id='word_1_91' title='bbox 977 2049 1012 2105; x_wconf 94' lang='lat' dir='ltr'><strong>ut</strong></span> <span class='ocrx_word' id='word_1_92' title='bbox 1026 2042 1067 2105; x_wconf 92' lang='lat' dir='ltr'><strong>sit</strong></span> <span class='ocrx_word' id='word_1_93' title='bbox 1082 2044 1163 2107; x_wconf 88' lang='lat' dir='ltr'><strong>alius</strong></span> <span class='ocrx_word' id='word_1_94' title='bbox 1177 2042 1218 2105; x_wconf 93' lang='lat' dir='ltr'><strong>ad</strong></span> <span class='ocrx_word' id='word_1_95' title='bbox 1233 2042 1312 2107; x_wconf 90' lang='lat' dir='ltr'><strong>alios</strong></span> <span class='ocrx_word' id='word_1_96' title='bbox 1329 2049 1431 2106; x_wconf 92' lang='lat' dir='ltr'><strong>motus</strong></span> <span class='ocrx_word' id='word_1_97' title='bbox 1447 2038 1763 2125; x_wconf 76' lang='lat' dir='ltr'><strong>perturbationesque</strong></span> 
     </span>
     <span class='ocr_line' id='line_1_10' title="bbox 437 2128 1764 2219; baseline 0.004 -23"><span class='ocrx_word' id='word_1_98' title='bbox 437 2128 617 2213; x_wconf 81' lang='lat' dir='ltr'><strong>proclivior.</strong></span> <span class='ocrx_word' id='word_1_99' title='bbox 647 2131 836 2197; x_wconf 81' lang='lat' dir='ltr'><strong>inveteratio</strong></span> <span class='ocrx_word' id='word_1_100' title='bbox 857 2141 980 2208; x_wconf 90' lang='lat' dir='ltr'><strong>autem,</strong></span> <span class='ocrx_word' id='word_1_101' title='bbox 1001 2142 1037 2202; x_wconf 87' lang='lat' dir='ltr'><strong>ut</strong></span> <span class='ocrx_word' id='word_1_102' title='bbox 1058 2136 1090 2198; x_wconf 93' lang='lat' dir='ltr'><strong>iu</strong></span> <span class='ocrx_word' id='word_1_103' title='bbox 1113 2135 1315 2219; x_wconf 83' lang='lat' dir='ltr'><strong>corporibus,</strong></span> <span class='ocrx_word' id='word_1_104' title='bbox 1337 2135 1461 2219; x_wconf 78' lang='lat' dir='ltr'><strong>aegrius</strong></span> <span class='ocrx_word' id='word_1_105' title='bbox 1484 2132 1653 2217; x_wconf 83' lang='lat' dir='ltr'><strong>depellitur</strong></span> <span class='ocrx_word' id='word_1_106' title='bbox 1668 2152 1764 2216; x_wconf 79' lang='lat' dir='ltr'><strong>quam</strong></span> 
     </span>
     <span class='ocr_line' id='line_1_11' title="bbox 401 2223 1765 2310; baseline 0.006 -27"><span class='ocrx_word' id='word_1_107' title='bbox 401 2237 430 2293; x_wconf 82' lang='lat' dir='ltr'><strong>to</strong></span> <span class='ocrx_word' id='word_1_108' title='bbox 439 2223 643 2305; x_wconf 89' lang='lat' dir='ltr'><strong>perturbatio,</strong></span> <span class='ocrx_word' id='word_1_109' title='bbox 664 2224 823 2310; x_wconf 87' lang='lat' dir='ltr'><strong>citiusque</strong></span> <span class='ocrx_word' id='word_1_110' title='bbox 843 2227 1029 2310; x_wconf 88' lang='lat' dir='ltr'><strong>repentinus</strong></span> <span class='ocrx_word' id='word_1_111' title='bbox 1051 2229 1214 2293; x_wconf 91' lang='lat' dir='ltr'><strong>oculorum</strong></span> <span class='ocrx_word' id='word_1_112' title='bbox 1237 2237 1341 2293; x_wconf 90' lang='lat' dir='ltr'><strong>tumor</strong></span> <span class='ocrx_word' id='word_1_113' title='bbox 1362 2235 1490 2291; x_wconf 91' lang='lat' dir='ltr'><strong>sanatur</strong></span> <span class='ocrx_word' id='word_1_114' title='bbox 1505 2247 1600 2310; x_wconf 91' lang='lat' dir='ltr'><strong>quam</strong></span> <span class='ocrx_word' id='word_1_115' title='bbox 1615 2226 1765 2291; x_wconf 88' lang='lat' dir='ltr'><strong>diuturna</strong></span> 
     </span>
     <span class='ocr_line' id='line_1_12' title="bbox 437 2314 1525 2403; baseline 0.003 -23"><span class='ocrx_word' id='word_1_116' title='bbox 437 2314 596 2401; x_wconf 88' lang='lat' dir='ltr'><strong>lippitudo</strong></span> <span class='ocrx_word' id='word_1_117' title='bbox 620 2314 825 2403; x_wconf 90' lang='lat' dir='ltr'><strong>[depellitur].</strong></span> <span class='ocrx_word' id='word_1_118' title='bbox 1522 2393 1525 2401; x_wconf 31' lang='lat'>¹</span> 
     </span>
     <span class='ocr_line' id='line_1_13' title="bbox 523 2409 1765 2500; baseline 0.002 -24"><span class='ocrx_word' id='word_1_119' title='bbox 523 2410 699 2476; x_wconf 84' lang='lat' dir='ltr'><strong>xxxviii.</strong></span> <span class='ocrx_word' id='word_1_120' title='bbox 720 2409 772 2475; x_wconf 70' lang='lat'><strong>82.</strong></span> <span class='ocrx_word' id='word_1_121' title='bbox 800 2415 863 2481; x_wconf 88' lang='lat' dir='ltr'><strong>Sed</strong></span> <span class='ocrx_word' id='word_1_122' title='bbox 891 2417 1024 2500; x_wconf 83' lang='lat' dir='ltr'><strong>cognita</strong></span> <span class='ocrx_word' id='word_1_123' title='bbox 1041 2417 1104 2480; x_wconf 93' lang='lat' dir='ltr'><strong>iam</strong></span> <span class='ocrx_word' id='word_1_124' title='bbox 1126 2434 1220 2479; x_wconf 88' lang='lat' dir='ltr'><strong>causa</strong></span> <span class='ocrx_word' id='word_1_125' title='bbox 1242 2413 1526 2498; x_wconf 87' lang='lat' dir='ltr'><strong>perturbationum,</strong></span> <span class='ocrx_word' id='word_1_126' title='bbox 1549 2434 1631 2499; x_wconf 88' lang='lat' dir='ltr'><strong>quae</strong></span> <span class='ocrx_word' id='word_1_127' title='bbox 1654 2434 1765 2479; x_wconf 90' lang='lat' dir='ltr'><strong>omnes</strong></span> 
     </span>
     <span class='ocr_line' id='line_1_14' title="bbox 438 2502 1765 2593; baseline 0.005 -29"><span class='ocrx_word' id='word_1_128' title='bbox 438 2502 583 2571; x_wconf 88' lang='lat' dir='ltr'><strong>oriuntur</strong></span> <span class='ocrx_word' id='word_1_129' title='bbox 604 2525 644 2568; x_wconf 83' lang='lat' dir='ltr'><strong>er</strong></span> <span class='ocrx_word' id='word_1_130' title='bbox 658 2505 783 2571; x_wconf 91' lang='lat' dir='ltr'><strong>iudiciis</strong></span> <span class='ocrx_word' id='word_1_131' title='bbox 799 2510 986 2593; x_wconf 90' lang='lat' dir='ltr'><strong>opinionum</strong></span> <span class='ocrx_word' id='word_1_132' title='bbox 1002 2519 1034 2575; x_wconf 86' lang='lat' dir='ltr'><strong>ct</strong></span> <span class='ocrx_word' id='word_1_133' title='bbox 1048 2509 1277 2581; x_wconf 85' lang='lat' dir='ltr'><strong>voluntatibus,</strong></span> <span class='ocrx_word' id='word_1_134' title='bbox 1299 2508 1340 2571; x_wconf 88' lang='lat' dir='ltr'><strong>sit</strong></span> <span class='ocrx_word' id='word_1_135' title='bbox 1355 2508 1416 2570; x_wconf 91' lang='lat' dir='ltr'><strong>iam</strong></span> <span class='ocrx_word' id='word_1_136' title='bbox 1431 2506 1525 2571; x_wconf 89' lang='lat' dir='ltr'><strong>huius</strong></span> <span class='ocrx_word' id='word_1_137' title='bbox 1542 2506 1765 2592; x_wconf 87' lang='lat' dir='ltr'><strong>disputationis</strong></span> 
     </span>
     <span class='ocr_line' id='line_1_15' title="bbox 438 2595 1766 2687; baseline 0.005 -30"><span class='ocrx_word' id='word_1_138' title='bbox 438 2595 562 2660; x_wconf 90' lang='lat' dir='ltr'><strong>modus.</strong></span> <span class='ocrx_word' id='word_1_139' title='bbox 607 2599 693 2662; x_wconf 85' lang='lat' dir='ltr'><strong>Scire</strong></span> <span class='ocrx_word' id='word_1_140' title='bbox 722 2609 827 2665; x_wconf 90' lang='lat' dir='ltr'><strong>autem</strong></span> <span class='ocrx_word' id='word_1_141' title='bbox 855 2623 914 2666; x_wconf 90' lang='lat' dir='ltr'><strong>nos</strong></span> <span class='ocrx_word' id='word_1_142' title='bbox 943 2610 1067 2687; x_wconf 91' lang='lat' dir='ltr'><strong>oportet</strong></span> <span class='ocrx_word' id='word_1_143' title='bbox 1099 2603 1249 2684; x_wconf 89' lang='lat' dir='ltr'><strong>cognitis,</strong></span> <span class='ocrx_word' id='word_1_144' title='bbox 1277 2599 1547 2685; x_wconf 89' lang='lat' dir='ltr'><strong>quoad-possunt</strong></span> <span class='ocrx_word' id='word_1_145' title='bbox 1575 2601 1615 2663; x_wconf 93' lang='lat' dir='ltr'><strong>ab</strong></span> <span class='ocrx_word' id='word_1_146' title='bbox 1635 2600 1766 2663; x_wconf 89' lang='lat' dir='ltr'><strong>homine</strong></span> 
     </span>
     <span class='ocr_line' id='line_1_16' title="bbox 401 2690 1766 2778; baseline 0.001 -25"><span class='ocrx_word' id='word_1_147' title='bbox 401 2704 431 2764; x_wconf 74' lang='lat' dir='ltr'><strong>ts</strong></span> <span class='ocrx_word' id='word_1_148' title='bbox 439 2690 602 2770; x_wconf 89' lang='lat' dir='ltr'><strong>cognosci,</strong></span> <span class='ocrx_word' id='word_1_149' title='bbox 624 2691 779 2757; x_wconf 91' lang='lat' dir='ltr'><strong>honorum</strong></span> <span class='ocrx_word' id='word_1_150' title='bbox 794 2697 991 2761; x_wconf 90' lang='lat' dir='ltr'><strong>etmalorum</strong></span> <span class='ocrx_word' id='word_1_151' title='bbox 1008 2696 1124 2760; x_wconf 84' lang='lat' dir='ltr'><strong>linibus</strong></span> <span class='ocrx_word' id='word_1_152' title='bbox 1140 2696 1217 2759; x_wconf 93' lang='lat' dir='ltr'><strong>nihil</strong></span> <span class='ocrx_word' id='word_1_153' title='bbox 1233 2716 1251 2757; x_wconf 91' lang='lat' dir='ltr'><strong>a</strong></span> <span class='ocrx_word' id='word_1_154' title='bbox 1267 2695 1468 2778; x_wconf 87' lang='lat' dir='ltr'><strong>philosophia</strong></span> <span class='ocrx_word' id='word_1_155' title='bbox 1484 2714 1577 2777; x_wconf 90' lang='lat' dir='ltr'><strong>posse</strong></span> <span class='ocrx_word' id='word_1_156' title='bbox 1592 2701 1648 2757; x_wconf 91' lang='lat' dir='ltr'><strong>aut</strong></span> <span class='ocrx_word' id='word_1_157' title='bbox 1662 2692 1766 2755; x_wconf 89' lang='lat' dir='ltr'><strong>maius</strong></span> 
     </span>
     <span class='ocr_line' id='line_1_17' title="bbox 438 2783 1765 2873; baseline 0.004 -29"><span class='ocrx_word' id='word_1_158' title='bbox 438 2790 494 2852; x_wconf 85' lang='lat' dir='ltr'><strong>aut</strong></span> <span class='ocrx_word' id='word_1_159' title='bbox 514 2783 623 2847; x_wconf 92' lang='lat' dir='ltr'><strong>utilius</strong></span> <span class='ocrx_word' id='word_1_160' title='bbox 645 2787 747 2869; x_wconf 93' lang='lat' dir='ltr'><strong>optari</strong></span> <span class='ocrx_word' id='word_1_161' title='bbox 768 2809 864 2872; x_wconf 92' lang='lat' dir='ltr'><strong>quam</strong></span> <span class='ocrx_word' id='word_1_162' title='bbox 885 2789 979 2865; x_wconf 89' lang='lat' dir='ltr'><strong>haec,</strong></span> <span class='ocrx_word' id='word_1_163' title='bbox 1002 2809 1084 2873; x_wconf 90' lang='lat' dir='ltr'><strong>quae</strong></span> <span class='ocrx_word' id='word_1_164' title='bbox 1099 2810 1117 2852; x_wconf 91' lang='lat' dir='ltr'><strong>a</strong></span> <span class='ocrx_word' id='word_1_165' title='bbox 1134 2788 1223 2853; x_wconf 90' lang='lat' dir='ltr'><strong>nohis</strong></span> <span class='ocrx_word' id='word_1_166' title='bbox 1238 2789 1299 2852; x_wconf 91' lang='lat' dir='ltr'><strong>hcc</strong></span> <span class='ocrx_word' id='word_1_167' title='bbox 1313 2787 1490 2871; x_wconf 89' lang='lat' dir='ltr'><strong>quadriduo</strong></span> <span class='ocrx_word' id='word_1_168' title='bbox 1507 2788 1666 2871; x_wconf 89' lang='lat' dir='ltr'><strong>disputata</strong></span> <span class='ocrx_word' id='word_1_169' title='bbox 1680 2795 1765 2849; x_wconf 90' lang='lat' dir='ltr'><strong>eunt.</strong></span> 
     </span>
     <span class='ocr_line' id='line_1_18' title="bbox 439 2878 1767 2966; baseline 0.003 -27"><span class='ocrx_word' id='word_1_170' title='bbox 439 2878 541 2947; x_wconf 78' lang='lat' dir='ltr'><strong>blorte</strong></span> <span class='ocrx_word' id='word_1_171' title='bbox 562 2879 648 2943; x_wconf 89' lang='lat' dir='ltr'><strong>enim</strong></span> <span class='ocrx_word' id='word_1_172' title='bbox 671 2891 848 2966; x_wconf 84' lang='lat' dir='ltr'><strong>contempta</strong></span> <span class='ocrx_word' id='word_1_173' title='bbox 871 2892 904 2948; x_wconf 90' lang='lat' dir='ltr'><strong>et</strong></span> <span class='ocrx_word' id='word_1_174' title='bbox 925 2885 1035 2948; x_wconf 88' lang='lat' dir='ltr'><strong>dolore</strong></span> <span class='ocrx_word' id='word_1_175' title='bbox 1057 2883 1097 2945; x_wconf 93' lang='lat' dir='ltr'><strong>ad</strong></span> <span class='ocrx_word' id='word_1_176' title='bbox 1120 2882 1300 2966; x_wconf 89' lang='lat' dir='ltr'><strong>patiendum</strong></span> <span class='ocrx_word' id='word_1_177' title='bbox 1324 2881 1427 2944; x_wconf 86' lang='lat' dir='ltr'><strong>levato</strong></span> <span class='ocrx_word' id='word_1_178' title='bbox 1449 2880 1651 2944; x_wconf 83' lang='lat' dir='ltr'><strong>adiunximus</strong></span> <span class='ocrx_word' id='word_1_179' title='bbox 1674 2880 1767 2943; x_wconf 85' lang='lat' dir='ltr'><strong>sada·</strong></span> 
     </span>
     <span class='ocr_line' id='line_1_19' title="bbox 439 2972 1766 3062; baseline 0.002 -27"><span class='ocrx_word' id='word_1_180' title='bbox 439 2972 557 3040; x_wconf 82' lang='lat' dir='ltr'><strong>tionem</strong></span> <span class='ocrx_word' id='word_1_181' title='bbox 586 2974 809 3057; x_wconf 87' lang='lat' dir='ltr'><strong>aegritudiuis,</strong></span> <span class='ocrx_word' id='word_1_182' title='bbox 840 2997 902 3062; x_wconf 90' lang='lat' dir='ltr'><strong>qua</strong></span> <span class='ocrx_word' id='word_1_183' title='bbox 931 2977 1052 3040; x_wconf 90' lang='lat' dir='ltr'><strong>nullum</strong></span> <span class='ocrx_word' id='word_1_184' title='bbox 1083 2976 1204 3041; x_wconf 90' lang='lat' dir='ltr'><strong>homiui</strong></span> <span class='ocrx_word' id='word_1_185' title='bbox 1232 2975 1348 3038; x_wconf 76' lang='lat' dir='ltr'><strong>&#39;malurn</strong></span> <span class='ocrx_word' id='word_1_186' title='bbox 1376 2977 1475 3039; x_wconf 88' lang='lat' dir='ltr'><strong>maius</strong></span> <span class='ocrx_word' id='word_1_187' title='bbox 1498 2984 1554 3038; x_wconf 88' lang='lat' dir='ltr'><strong>est.</strong></span> <span class='ocrx_word' id='word_1_188' title='bbox 1591 2974 1658 3037; x_wconf 88' lang='lat' dir='ltr'><strong>Etsi</strong></span> <span class='ocrx_word' id='word_1_189' title='bbox 1680 2974 1766 3038; x_wconf 88' lang='lat' dir='ltr'><strong>enim</strong></span> 
     </span>
     <span class='ocr_line' id='line_1_20' title="bbox 439 3065 1766 3155; baseline -0.002 -22"><span class='ocrx_word' id='word_1_190' title='bbox 439 3066 542 3133; x_wconf 86' lang='lat' dir='ltr'><strong>omnis</strong></span> <span class='ocrx_word' id='word_1_191' title='bbox 563 3069 659 3131; x_wconf 91' lang='lat' dir='ltr'><strong>animi</strong></span> <span class='ocrx_word' id='word_1_192' title='bbox 681 3072 874 3152; x_wconf 90' lang='lat' dir='ltr'><strong>perturbatio</strong></span> <span class='ocrx_word' id='word_1_193' title='bbox 897 3072 1000 3155; x_wconf 83' lang='lat' dir='ltr'><strong>gravis</strong></span> <span class='ocrx_word' id='word_1_194' title='bbox 1023 3079 1070 3133; x_wconf 89' lang='lat' dir='ltr'><strong>est</strong></span> <span class='ocrx_word' id='word_1_195' title='bbox 1092 3091 1150 3134; x_wconf 90' lang='lat' dir='ltr'><strong>nec</strong></span> <span class='ocrx_word' id='word_1_196' title='bbox 1166 3069 1298 3133; x_wconf 88' lang='lat' dir='ltr'><strong>multum</strong></span> <span class='ocrx_word' id='word_1_197' title='bbox 1315 3065 1421 3132; x_wconf 84' lang='lat' dir='ltr'><strong>diliert</strong></span> <span class='ocrx_word' id='word_1_198' title='bbox 1435 3070 1474 3132; x_wconf 92' lang='lat' dir='ltr'><strong>ab</strong></span> <span class='ocrx_word' id='word_1_199' title='bbox 1490 3066 1637 3141; x_wconf 86' lang='lat' dir='ltr'><strong>amentia,</strong></span> <span class='ocrx_word' id='word_1_200' title='bbox 1660 3077 1766 3131; x_wconf 92' lang='lat' dir='ltr'><strong>tamen</strong></span> 
     </span>
     <span class='ocr_line' id='line_1_21' title="bbox 401 3161 1767 3249; baseline -0.001 -26"><span class='ocrx_word' id='word_1_201' title='bbox 401 3168 576 3235; x_wconf 79' lang='lat' dir='ltr'><strong>ttoeteros,</strong></span> <span class='ocrx_word' id='word_1_202' title='bbox 608 3182 678 3225; x_wconf 93' lang='lat' dir='ltr'><strong>cum</strong></span> <span class='ocrx_word' id='word_1_203' title='bbox 708 3172 782 3226; x_wconf 92' lang='lat' dir='ltr'><strong>sunt</strong></span> <span class='ocrx_word' id='word_1_204' title='bbox 809 3167 842 3228; x_wconf 92' lang='lat' dir='ltr'><strong>in</strong></span> <span class='ocrx_word' id='word_1_205' title='bbox 871 3165 978 3249; x_wconf 90' lang='lat' dir='ltr'><strong>aliqua</strong></span> <span class='ocrx_word' id='word_1_206' title='bbox 1008 3164 1244 3249; x_wconf 89' lang='lat' dir='ltr'><strong>perturbatione</strong></span> <span class='ocrx_word' id='word_1_207' title='bbox 1274 3171 1329 3225; x_wconf 90' lang='lat' dir='ltr'><strong>aut</strong></span> <span class='ocrx_word' id='word_1_208' title='bbox 1351 3172 1452 3225; x_wconf 88' lang='lat' dir='ltr'><strong>metus</strong></span> <span class='ocrx_word' id='word_1_209' title='bbox 1475 3172 1529 3225; x_wconf 92' lang='lat' dir='ltr'><strong>aut</strong></span> <span class='ocrx_word' id='word_1_210' title='bbox 1551 3161 1691 3226; x_wconf 86' lang='lat' dir='ltr'><strong>laetitiae</strong></span> <span class='ocrx_word' id='word_1_211' title='bbox 1712 3166 1767 3223; x_wconf 92' lang='lat' dir='ltr'><strong>aut</strong></span> 
     </span>
     <span class='ocr_line' id='line_1_22' title="bbox 439 3253 1766 3342; baseline -0.001 -25"><span class='ocrx_word' id='word_1_212' title='bbox 439 3253 633 3337; x_wconf 80' lang='lat' dir='ltr'><strong>cupiditatis,</strong></span> <span class='ocrx_word' id='word_1_213' title='bbox 657 3265 831 3321; x_wconf 85' lang='lat' dir='ltr'><strong>commotos</strong></span> <span class='ocrx_word' id='word_1_214' title='bbox 853 3259 948 3322; x_wconf 90' lang='lat' dir='ltr'><strong>modo</strong></span> <span class='ocrx_word' id='word_1_215' title='bbox 972 3266 1003 3321; x_wconf 93' lang='lat' dir='ltr'><strong>et</strong></span> <span class='ocrx_word' id='word_1_216' title='bbox 1025 3257 1224 3342; x_wconf 91' lang='lat' dir='ltr'><strong>perturbatos</strong></span> <span class='ocrx_word' id='word_1_217' title='bbox 1247 3254 1351 3318; x_wconf 90' lang='lat' dir='ltr'><strong>dicere</strong></span> <span class='ocrx_word' id='word_1_218' title='bbox 1374 3255 1525 3329; x_wconf 90' lang='lat' dir='ltr'><strong>solemus,</strong></span> <span class='ocrx_word' id='word_1_219' title='bbox 1555 3263 1587 3318; x_wconf 91' lang='lat' dir='ltr'><strong>at</strong></span> <span class='ocrx_word' id='word_1_220' title='bbox 1609 3275 1682 3329; x_wconf 88' lang='lat' dir='ltr'><strong>eos,</strong></span> <span class='ocrx_word' id='word_1_221' title='bbox 1711 3254 1766 3338; x_wconf 93' lang='lat' dir='ltr'><strong>qui</strong></span> 
     </span>
     <span class='ocr_line' id='line_1_23' title="bbox 439 3347 1766 3430; baseline -0.003 -18"><span class='ocrx_word' id='word_1_222' title='bbox 439 3368 473 3412; x_wconf 92' lang='lat' dir='ltr'><strong>se</strong></span> <span class='ocrx_word' id='word_1_223' title='bbox 496 3349 686 3430; x_wconf 91' lang='lat' dir='ltr'><strong>aegritudini</strong></span> <span class='ocrx_word' id='word_1_224' title='bbox 709 3350 913 3426; x_wconf 89' lang='lat' dir='ltr'><strong>dediderunt,</strong></span> <span class='ocrx_word' id='word_1_225' title='bbox 943 3353 1090 3425; x_wconf 89' lang='lat' dir='ltr'><strong>miseros,</strong></span> <span class='ocrx_word' id='word_1_226' title='bbox 1121 3351 1278 3423; x_wconf 83' lang='lat' dir='ltr'><strong>adflictos,</strong></span> <span class='ocrx_word' id='word_1_227' title='bbox 1306 3369 1526 3421; x_wconf 88' lang='lat' dir='ltr'><strong>aerumnosos,</strong></span> <span class='ocrx_word' id='word_1_228' title='bbox 1553 3347 1766 3410; x_wconf 89' lang='lat' dir='ltr'><strong>calamitosos.</strong></span> 
     </span>
     <span class='ocr_line' id='line_1_24' title="bbox 439 3437 1768 3533; baseline 0 -29"><span class='ocrx_word' id='word_1_229' title='bbox 439 3437 490 3512; x_wconf 81' lang='grc'><strong>83,</strong></span> <span class='ocrx_word' id='word_1_230' title='bbox 513 3443 624 3533; x_wconf 89' lang='lat' dir='ltr'><strong>ltaque</strong></span> <span class='ocrx_word' id='word_1_231' title='bbox 646 3464 710 3506; x_wconf 93' lang='lat' dir='ltr'><strong>non</strong></span> <span class='ocrx_word' id='word_1_232' title='bbox 732 3444 863 3509; x_wconf 82' lang='lat' dir='ltr'><strong>fortuito</strong></span> <span class='ocrx_word' id='word_1_233' title='bbox 886 3446 1001 3509; x_wconf 83' lang='lat' dir='ltr'><strong>facturn</strong></span> <span class='ocrx_word' id='word_1_234' title='bbox 1025 3446 1160 3517; x_wconf 84' lang='lat' dir='ltr'><strong>videtur,</strong></span> <span class='ocrx_word' id='word_1_235' title='bbox 1183 3443 1238 3505; x_wconf 91' lang='lat' dir='ltr'><strong>sed</strong></span> <span class='ocrx_word' id='word_1_236' title='bbox 1261 3462 1279 3505; x_wconf 91' lang='lat' dir='ltr'><strong>a</strong></span> <span class='ocrx_word' id='word_1_237' title='bbox 1302 3450 1333 3504; x_wconf 90' lang='lat' dir='ltr'><strong>te</strong></span> <span class='ocrx_word' id='word_1_238' title='bbox 1354 3443 1477 3506; x_wconf 88' lang='lat' dir='ltr'><strong>ratione</strong></span> <span class='ocrx_word' id='word_1_239' title='bbox 1499 3442 1710 3523; x_wconf 91' lang='lat' dir='ltr'><strong>propositum,</strong></span> <span class='ocrx_word' id='word_1_240' title='bbox 1731 3447 1768 3504; x_wconf 95' lang='lat' dir='ltr'><strong>ut</strong></span> 
     </span>
     <span class='ocr_line' id='line_1_25' title="bbox 439 3535 1764 3620; baseline -0.006 -17"><span class='ocrx_word' id='word_1_241' title='bbox 439 3536 606 3616; x_wconf 78' lang='lat' dir='ltr'><strong>separatim</strong></span> <span class='ocrx_word' id='word_1_242' title='bbox 637 3537 676 3599; x_wconf 96' lang='lat' dir='ltr'><strong>de</strong></span> <span class='ocrx_word' id='word_1_243' title='bbox 704 3538 900 3620; x_wconf 87' lang='lat' dir='ltr'><strong>aegritudine</strong></span> <span class='ocrx_word' id='word_1_244' title='bbox 929 3547 961 3601; x_wconf 93' lang='lat' dir='ltr'><strong>et</strong></span> <span class='ocrx_word' id='word_1_245' title='bbox 989 3536 1029 3600; x_wconf 91' lang='lat' dir='ltr'><strong>de</strong></span> <span class='ocrx_word' id='word_1_246' title='bbox 1057 3539 1170 3600; x_wconf 91' lang='lat' dir='ltr'><strong>ceteris</strong></span> <span class='ocrx_word' id='word_1_247' title='bbox 1200 3535 1489 3620; x_wconf 88' lang='lat' dir='ltr'><strong>perturbationibus</strong></span> <span class='ocrx_word' id='word_1_248' title='bbox 1511 3535 1764 3618; x_wconf 79' lang='lat' dir='ltr'><strong>disputaremus3</strong></span> 
     </span>
     <span class='ocr_line' id='line_1_26' title="bbox 401 3622 1767 3713; baseline -0.003 -19"><span class='ocrx_word' id='word_1_249' title='bbox 401 3628 473 3694; x_wconf 81' lang='lat' dir='ltr'><strong>uin</strong></span> <span class='ocrx_word' id='word_1_250' title='bbox 497 3648 534 3691; x_wconf 90' lang='lat' dir='ltr'><strong>ea</strong></span> <span class='ocrx_word' id='word_1_251' title='bbox 555 3638 604 3692; x_wconf 92' lang='lat' dir='ltr'><strong>est</strong></span> <span class='ocrx_word' id='word_1_252' title='bbox 625 3630 709 3694; x_wconf 91' lang='lat' dir='ltr'><strong>enim</strong></span> <span class='ocrx_word' id='word_1_253' title='bbox 731 3631 800 3694; x_wconf 86' lang='lat' dir='ltr'><strong>lons</strong></span> <span class='ocrx_word' id='word_1_254' title='bbox 823 3622 1019 3695; x_wconf 78' lang='lat' dir='ltr'><strong>miseriarum</strong></span> <span class='ocrx_word' id='word_1_255' title='bbox 1043 3639 1074 3695; x_wconf 91' lang='lat' dir='ltr'><strong>et</strong></span> <span class='ocrx_word' id='word_1_256' title='bbox 1097 3638 1201 3713; x_wconf 89' lang='lat' dir='ltr'><strong>caput.</strong></span> <span class='ocrx_word' id='word_1_257' title='bbox 1234 3629 1294 3692; x_wconf 88' lang='lat' dir='ltr'><strong>Sed</strong></span> <span class='ocrx_word' id='word_1_258' title='bbox 1311 3636 1342 3690; x_wconf 91' lang='lat' dir='ltr'><strong>et</strong></span> <span class='ocrx_word' id='word_1_259' title='bbox 1357 3628 1563 3711; x_wconf 85' lang='lat' dir='ltr'><strong>aegritudinis</strong></span> <span class='ocrx_word' id='word_1_260' title='bbox 1579 3635 1610 3690; x_wconf 90' lang='lat' dir='ltr'><strong>et</strong></span> <span class='ocrx_word' id='word_1_261' title='bbox 1625 3627 1767 3711; x_wconf 90' lang='lat' dir='ltr'><strong>reliquo·</strong></span> 
     </span>
     <span class='ocr_line' id='line_1_27' title="bbox 439 3719 1767 3804; baseline -0.006 -13"><span class='ocrx_word' id='word_1_262' title='bbox 439 3721 508 3791; x_wconf 78' lang='lat' dir='ltr'><strong>tum</strong></span> <span class='ocrx_word' id='word_1_263' title='bbox 531 3723 626 3785; x_wconf 90' lang='lat' dir='ltr'><strong>animi</strong></span> <span class='ocrx_word' id='word_1_264' title='bbox 647 3725 828 3789; x_wconf 90' lang='lat' dir='ltr'><strong>morborum</strong></span> <span class='ocrx_word' id='word_1_265' title='bbox 852 3745 914 3788; x_wconf 93' lang='lat' dir='ltr'><strong>una</strong></span> <span class='ocrx_word' id='word_1_266' title='bbox 936 3727 1058 3788; x_wconf 90' lang='lat' dir='ltr'><strong>sanatio</strong></span> <span class='ocrx_word' id='word_1_267' title='bbox 1082 3733 1140 3798; x_wconf 91' lang='lat' dir='ltr'><strong>est,</strong></span> <span class='ocrx_word' id='word_1_268' title='bbox 1165 3724 1267 3787; x_wconf 89' lang='lat' dir='ltr'><strong>omnis</strong></span> <span class='ocrx_word' id='word_1_269' title='bbox 1290 3723 1458 3804; x_wconf 87' lang='lat' dir='ltr'><strong>opinabilis</strong></span> <span class='ocrx_word' id='word_1_270' title='bbox 1482 3742 1552 3785; x_wconf 89' lang='lat' dir='ltr'><strong>esse</strong></span> <span class='ocrx_word' id='word_1_271' title='bbox 1574 3729 1607 3783; x_wconf 91' lang='lat' dir='ltr'><strong>et</strong></span> <span class='ocrx_word' id='word_1_272' title='bbox 1620 3719 1767 3784; x_wconf 87' lang='lat' dir='ltr'><strong>voluuta-</strong></span> 
     </span>
     <span class='ocr_line' id='line_1_28' title="bbox 438 3815 1765 3902; baseline -0.001 -24"><span class='ocrx_word' id='word_1_273' title='bbox 438 3815 504 3878; x_wconf 91' lang='lat' dir='ltr'><strong>rios</strong></span> <span class='ocrx_word' id='word_1_274' title='bbox 534 3834 570 3877; x_wconf 89' lang='lat' dir='ltr'><strong>ea</strong></span> <span class='ocrx_word' id='word_1_275' title='bbox 599 3836 696 3899; x_wconf 88' lang='lat' dir='ltr'><strong>reque</strong></span> <span class='ocrx_word' id='word_1_276' title='bbox 724 3820 854 3902; x_wconf 88' lang='lat' dir='ltr'><strong>suscipi,</strong></span> <span class='ocrx_word' id='word_1_277' title='bbox 890 3818 975 3902; x_wconf 92' lang='lat' dir='ltr'><strong>quod</strong></span> <span class='ocrx_word' id='word_1_278' title='bbox 1004 3820 1047 3881; x_wconf 90' lang='lat' dir='ltr'><strong>ita</strong></span> <span class='ocrx_word' id='word_1_279' title='bbox 1076 3826 1195 3881; x_wconf 90' lang='lat' dir='ltr'><strong>rectum</strong></span> <span class='ocrx_word' id='word_1_280' title='bbox 1219 3837 1288 3880; x_wconf 87' lang='lat' dir='ltr'><strong>esse</strong></span> <span class='ocrx_word' id='word_1_281' title='bbox 1313 3818 1466 3880; x_wconf 85' lang='lat' dir='ltr'><strong>videatur.</strong></span> <span class='ocrx_word' id='word_1_282' title='bbox 1510 3815 1602 3878; x_wconf 85' lang='lat' dir='ltr'><strong>Hunc</strong></span> <span class='ocrx_word' id='word_1_283' title='bbox 1624 3833 1765 3884; x_wconf 87' lang='lat' dir='ltr'><strong>errorem</strong></span> 
     </span>
     <span class='ocr_line' id='line_1_29' title="bbox 441 3908 1767 3995; baseline -0.002 -23"><span class='ocrx_word' id='word_1_284' title='bbox 441 3910 531 3994; x_wconf 92' lang='lat' dir='ltr'><strong>quasi</strong></span> <span class='ocrx_word' id='word_1_285' title='bbox 553 3908 688 3973; x_wconf 90' lang='lat' dir='ltr'><strong>radicem</strong></span> <span class='ocrx_word' id='word_1_286' title='bbox 711 3911 863 3990; x_wconf 86' lang='lat' dir='ltr'><strong>malorum</strong></span> <span class='ocrx_word' id='word_1_287' title='bbox 880 3914 1019 3975; x_wconf 90' lang='lat' dir='ltr'><strong>omnium</strong></span> <span class='ocrx_word' id='word_1_288' title='bbox 1042 3913 1184 3995; x_wconf 88' lang='lat' dir='ltr'><strong>stirpitus</strong></span> <span class='ocrx_word' id='word_1_289' title='bbox 1207 3911 1407 3995; x_wconf 85' lang='lat' dir='ltr'><strong>philosophia</strong></span> <span class='ocrx_word' id='word_1_290' title='bbox 1423 3929 1456 3972; x_wconf 90' lang='lat' dir='ltr'><strong>se</strong></span> <span class='ocrx_word' id='word_1_291' title='bbox 1472 3916 1680 3972; x_wconf 83' lang='lat' dir='ltr'><strong>extracturam</strong></span> <span class='ocrx_word' id='word_1_292' title='bbox 1696 3908 1767 3991; x_wconf 92' lang='lat' dir='ltr'><strong>pol-</strong></span> 
     </span>
     <span class='ocr_line' id='line_1_30' title="bbox 439 4000 1766 4089; baseline -0.002 -25"><span class='ocrx_word' id='word_1_293' title='bbox 439 4000 562 4066; x_wconf 89' lang='lat' dir='ltr'><strong>licetur.</strong></span> <span class='ocrx_word' id='word_1_294' title='bbox 598 4000 649 4065; x_wconf 86' lang='lat' dir='ltr'><strong>8t.</strong></span> <span class='ocrx_word' id='word_1_295' title='bbox 670 4005 789 4069; x_wconf 87' lang='lat' dir='ltr'><strong>Demus</strong></span> <span class='ocrx_word' id='word_1_296' title='bbox 811 4006 907 4089; x_wconf 89' lang='lat' dir='ltr'><strong>igitur</strong></span> <span class='ocrx_word' id='word_1_297' title='bbox 928 4025 987 4069; x_wconf 91' lang='lat' dir='ltr'><strong>nos</strong></span> <span class='ocrx_word' id='word_1_298' title='bbox 1009 4006 1082 4069; x_wconf 90' lang='lat' dir='ltr'><strong>huic</strong></span> <span class='ocrx_word' id='word_1_299' title='bbox 1106 4004 1298 4068; x_wconf 84' lang='lat' dir='ltr'><strong>excolendos</strong></span> <span class='ocrx_word' id='word_1_300' title='bbox 1330 4004 1547 4088; x_wconf 89' lang='lat' dir='ltr'><strong>patiamurque</strong></span> <span class='ocrx_word' id='word_1_301' title='bbox 1570 4020 1629 4063; x_wconf 91' lang='lat' dir='ltr'><strong>uos</strong></span> <span class='ocrx_word' id='word_1_302' title='bbox 1650 4001 1766 4064; x_wconf 88' lang='lat' dir='ltr'><strong>sanari.</strong></span> 
     </span>
     <span class='ocr_line' id='line_1_31' title="bbox 402 4094 1767 4179; baseline 0.001 -23"><span class='ocrx_word' id='word_1_303' title='bbox 402 4094 497 4159; x_wconf 81' lang='lat' dir='ltr'><strong>sonis</strong></span> <span class='ocrx_word' id='word_1_304' title='bbox 520 4096 604 4159; x_wconf 92' lang='lat' dir='ltr'><strong>euim</strong></span> <span class='ocrx_word' id='word_1_305' title='bbox 628 4098 716 4160; x_wconf 89' lang='lat' dir='ltr'><strong>malis</strong></span> <span class='ocrx_word' id='word_1_306' title='bbox 739 4099 950 4163; x_wconf 88' lang='lat' dir='ltr'><strong>insidentibus</strong></span> <span class='ocrx_word' id='word_1_307' title='bbox 977 4121 1040 4163; x_wconf 90' lang='lat' dir='ltr'><strong>nou</strong></span> <span class='ocrx_word' id='word_1_308' title='bbox 1064 4100 1157 4163; x_wconf 88' lang='lat' dir='ltr'><strong>modo</strong></span> <span class='ocrx_word' id='word_1_309' title='bbox 1181 4100 1281 4172; x_wconf 89' lang='lat' dir='ltr'><strong>beati,</strong></span> <span class='ocrx_word' id='word_1_310' title='bbox 1312 4097 1367 4160; x_wconf 92' lang='lat' dir='ltr'><strong>sed</strong></span> <span class='ocrx_word' id='word_1_311' title='bbox 1390 4118 1430 4159; x_wconf 89' lang='lat' dir='ltr'><strong>ne</strong></span> <span class='ocrx_word' id='word_1_312' title='bbox 1454 4094 1522 4159; x_wconf 87' lang='lat' dir='ltr'><strong>sani</strong></span> <span class='ocrx_word' id='word_1_313' title='bbox 1545 4094 1673 4179; x_wconf 89' lang='lat' dir='ltr'><strong>quidem</strong></span> <span class='ocrx_word' id='word_1_314' title='bbox 1697 4113 1767 4158; x_wconf 88' lang='lat' dir='ltr'><strong>csse</strong></span> 
     </span>
     <span class='ocr_line' id='line_1_32' title="bbox 440 4188 1768 4277; baseline -0.002 -24"><span class='ocrx_word' id='word_1_315' title='bbox 440 4209 618 4274; x_wconf 71' lang='lat' dir='ltr'><strong>possumus·</strong></span> <span class='ocrx_word' id='word_1_316' title='bbox 653 4194 716 4254; x_wconf 81' lang='lat' dir='ltr'><strong>hut</strong></span> <span class='ocrx_word' id='word_1_317' title='bbox 744 4193 841 4275; x_wconf 89' lang='lat' dir='ltr'><strong>igitur</strong></span> <span class='ocrx_word' id='word_1_318' title='bbox 868 4214 1018 4276; x_wconf 89' lang='lat' dir='ltr'><strong>negemus</strong></span> <span class='ocrx_word' id='word_1_319' title='bbox 1048 4194 1221 4277; x_wconf 88' lang='lat' dir='ltr'><strong>quicquam</strong></span> <span class='ocrx_word' id='word_1_320' title='bbox 1251 4193 1372 4256; x_wconf 91' lang='lat' dir='ltr'><strong>ratione</strong></span> <span class='ocrx_word' id='word_1_321' title='bbox 1402 4188 1529 4264; x_wconf 83' lang='lat' dir='ltr'><strong>confici,</strong></span> <span class='ocrx_word' id='word_1_322' title='bbox 1559 4209 1629 4250; x_wconf 89' lang='lat' dir='ltr'><strong>cum</strong></span> <span class='ocrx_word' id='word_1_323' title='bbox 1658 4195 1768 4251; x_wconf 90' lang='lat' dir='ltr'><strong>contra</strong></span> 
     </span>
     <span class='ocr_line' id='line_1_33' title="bbox 440 4282 1768 4370; baseline -0.004 -21"><span class='ocrx_word' id='word_1_324' title='bbox 440 4283 520 4356; x_wconf 82' lang='lat' dir='ltr'><strong>nihii</strong></span> <span class='ocrx_word' id='word_1_325' title='bbox 548 4284 616 4348; x_wconf 90' lang='lat' dir='ltr'><strong>siue</strong></span> <span class='ocrx_word' id='word_1_326' title='bbox 645 4288 767 4350; x_wconf 88' lang='lat' dir='ltr'><strong>ratione</strong></span> <span class='ocrx_word' id='word_1_327' title='bbox 796 4296 881 4350; x_wconf 85' lang='lat' dir='ltr'><strong>recte</strong></span> <span class='ocrx_word' id='word_1_328' title='bbox 910 4287 977 4351; x_wconf 92' lang='lat' dir='ltr'><strong>fieri</strong></span> <span class='ocrx_word' id='word_1_329' title='bbox 1007 4288 1121 4370; x_wconf 89' lang='lat' dir='ltr'><strong>possit,</strong></span> <span class='ocrx_word' id='word_1_330' title='bbox 1150 4295 1204 4349; x_wconf 91' lang='lat' dir='ltr'><strong>aut</strong></span> <span class='ocrx_word' id='word_1_331' title='bbox 1226 4307 1296 4348; x_wconf 91' lang='lat' dir='ltr'><strong>curn</strong></span> <span class='ocrx_word' id='word_1_332' title='bbox 1324 4285 1525 4369; x_wconf 90' lang='lat' dir='ltr'><strong>philosophia</strong></span> <span class='ocrx_word' id='word_1_333' title='bbox 1548 4303 1588 4346; x_wconf 87' lang='lat' dir='ltr'><strong>ex</strong></span> <span class='ocrx_word' id='word_1_334' title='bbox 1611 4282 1768 4352; x_wconf 88' lang='lat' dir='ltr'><strong>rationum</strong></span> 
     </span>
     <span class='ocr_line' id='line_1_34' title="bbox 442 4375 1769 4456; baseline -0.002 -16"><span class='ocrx_word' id='word_1_335' title='bbox 442 4376 621 4441; x_wconf 88' lang='lat' dir='ltr'><strong>conlatione</strong></span> <span class='ocrx_word' id='word_1_336' title='bbox 644 4387 780 4454; x_wconf 89' lang='lat' dir='ltr'><strong>constet,</strong></span> <span class='ocrx_word' id='word_1_337' title='bbox 811 4379 851 4444; x_wconf 93' lang='lat' dir='ltr'><strong>ab</strong></span> <span class='ocrx_word' id='word_1_338' title='bbox 874 4402 926 4456; x_wconf 92' lang='lat' dir='ltr'><strong>ea,</strong></span> <span class='ocrx_word' id='word_1_339' title='bbox 956 4382 981 4444; x_wconf 89' lang='lat' dir='ltr'><strong>si</strong></span> <span class='ocrx_word' id='word_1_340' title='bbox 1004 4389 1037 4443; x_wconf 90' lang='lat' dir='ltr'><strong>et</strong></span> <span class='ocrx_word' id='word_1_341' title='bbox 1057 4382 1132 4444; x_wconf 93' lang='lat' dir='ltr'><strong>boni</strong></span> <span class='ocrx_word' id='word_1_342' title='bbox 1157 4388 1189 4442; x_wconf 92' lang='lat' dir='ltr'><strong>et</strong></span> <span class='ocrx_word' id='word_1_343' title='bbox 1209 4380 1293 4443; x_wconf 89' lang='lat' dir='ltr'><strong>beati</strong></span> <span class='ocrx_word' id='word_1_344' title='bbox 1317 4379 1460 4443; x_wconf 88' lang='lat' dir='ltr'><strong>volumus</strong></span> <span class='ocrx_word' id='word_1_345' title='bbox 1483 4398 1563 4451; x_wconf 90' lang='lat' dir='ltr'><strong>esse,</strong></span> <span class='ocrx_word' id='word_1_346' title='bbox 1587 4376 1692 4440; x_wconf 89' lang='lat' dir='ltr'><strong>omnia</strong></span> <span class='ocrx_word' id='word_1_347' title='bbox 1713 4375 1769 4444; x_wconf 91' lang='lat' dir='ltr'><strong>ad·</strong></span> 
     </span>
     <span class='ocr_line' id='line_1_35' title="bbox 442 4470 1378 4559; baseline 0.002 -27"><span class='ocrx_word' id='word_1_348' title='bbox 442 4470 583 4533; x_wconf 84' lang='lat' dir='ltr'><strong>iumenta</strong></span> <span class='ocrx_word' id='word_1_349' title='bbox 606 4478 637 4534; x_wconf 89' lang='lat' dir='ltr'><strong>et</strong></span> <span class='ocrx_word' id='word_1_350' title='bbox 658 4474 777 4537; x_wconf 85' lang='lat' dir='ltr'><strong>auxilia</strong></span> <span class='ocrx_word' id='word_1_351' title='bbox 799 4482 940 4559; x_wconf 90' lang='lat' dir='ltr'><strong>petamus</strong></span> <span class='ocrx_word' id='word_1_352' title='bbox 962 4476 1043 4539; x_wconf 91' lang='lat' dir='ltr'><strong>hene</strong></span> <span class='ocrx_word' id='word_1_353' title='bbox 1065 4475 1219 4556; x_wconf 90' lang='lat' dir='ltr'><strong>beateque</strong></span> <span class='ocrx_word' id='word_1_354' title='bbox 1242 4473 1378 4535; x_wconf 83' lang='lat' dir='ltr'><strong>vivendi.</strong></span> 
     </span>
    </p>
   </div>
   <div class='ocr_carea' id='block_1_3' title="bbox 441 4726 1772 5322">
    <p class='ocr_par' dir='ltr' id='par_1_3' title="bbox 441 4726 1772 5322">
     <span class='ocr_line' id='line_1_36' title="bbox 441 4726 1769 4799; baseline -0.002 -17"><span class='ocrx_word' id='word_1_355' title='bbox 441 4733 556 4783; x_wconf 68' lang='lat' dir='ltr'><strong>Sacrum</strong></span> <span class='ocrx_word' id='word_1_356' title='bbox 571 4734 672 4792; x_wconf 85' lang='lat' dir='ltr'><strong>dicitur,</strong></span> <span class='ocrx_word' id='word_1_357' title='bbox 691 4736 730 4784; x_wconf 88' lang='lat' dir='ltr'><strong>sic</strong></span> <span class='ocrx_word' id='word_1_358' title='bbox 747 4739 776 4784; x_wconf 91' lang='lat' dir='ltr'><strong>ut</strong></span> <span class='ocrx_word' id='word_1_359' title='bbox 792 4735 941 4799; x_wconf 85' lang='lat' dir='ltr'><strong>oportebat.</strong></span> <span class='ocrx_word' id='word_1_360' title='bbox 961 4736 1035 4785; x_wconf 88' lang='lat' dir='ltr'><strong>verbi</strong></span> <span class='ocrx_word' id='word_1_361' title='bbox 1053 4748 1143 4790; x_wconf 84' lang='lat' dir='ltr'><strong>causa.</strong></span> <span class='ocrx_word' id='word_1_362' title='bbox 1163 4737 1192 4784; x_wconf 86' lang='lat' dir='ltr'><strong>de</strong></span> <span class='ocrx_word' id='word_1_363' title='bbox 1208 4750 1232 4783; x_wconf 84' lang='lat' dir='ltr'><strong>se</strong></span> <span class='ocrx_word' id='word_1_364' title='bbox 1243 4736 1348 4792; x_wconf 57' lang='lat' dir='ltr'><strong>disisam</strong></span> <span class='ocrx_word' id='word_1_365' title='bbox 1368 4735 1415 4784; x_wconf 88' lang='lat' dir='ltr'><strong>sed</strong></span> <span class='ocrx_word' id='word_1_366' title='bbox 1434 4733 1594 4797; x_wconf 85' lang='lat' dir='ltr'><strong>interpositis</strong></span> <span class='ocrx_word' id='word_1_367' title='bbox 1605 4726 1661 4783; x_wconf 89' lang='lat' dir='ltr'><strong>aliis</strong></span> <span class='ocrx_word' id='word_1_368' title='bbox 1675 4731 1769 4795; x_wconf 81' lang='lat' dir='ltr'><strong>negligi</strong></span> 
     </span>
     <span class='ocr_line' id='line_1_37' title="bbox 441 4806 1769 4873; baseline 0.002 -14"><span class='ocrx_word' id='word_1_369' title='bbox 441 4808 511 4859; x_wconf 88' lang='lat' dir='ltr'><strong>istud</strong></span> <span class='ocrx_word' id='word_1_370' title='bbox 529 4809 629 4859; x_wconf 89' lang='lat' dir='ltr'><strong>initium</strong></span> <span class='ocrx_word' id='word_1_371' title='bbox 647 4813 673 4859; x_wconf 90' lang='lat' dir='ltr'><strong>ei</strong></span> <span class='ocrx_word' id='word_1_372' title='bbox 691 4822 739 4873; x_wconf 92' lang='lat' dir='ltr'><strong>per</strong></span> <span class='ocrx_word' id='word_1_373' title='bbox 755 4809 949 4860; x_wconf 90' lang='lat' dir='ltr'><strong>anacoluthiam</strong></span> <span class='ocrx_word' id='word_1_374' title='bbox 968 4813 1039 4860; x_wconf 83' lang='lat' dir='ltr'><strong>exire</strong></span> <span class='ocrx_word' id='word_1_375' title='bbox 1056 4811 1216 4859; x_wconf 86' lang='lat' dir='ltr'><strong>sententiam</strong></span> <span class='ocrx_word' id='word_1_376' title='bbox 1227 4806 1261 4859; x_wconf 73' lang='lat' dir='ltr'><strong>vin</strong></span> <span class='ocrx_word' id='word_1_377' title='bbox 1280 4810 1355 4864; x_wconf 87' lang='lat' dir='ltr'><strong>haec.</strong></span> <span class='ocrx_word' id='word_1_378' title='bbox 1374 4822 1431 4858; x_wconf 89' lang='lat' dir='ltr'><strong>cum</strong></span> <span class='ocrx_word' id='word_1_379' title='bbox 1447 4809 1491 4856; x_wconf 85' lang='lat' dir='ltr'><strong>itta</strong></span> <span class='ocrx_word' id='word_1_380' title='bbox 1503 4834 1541 4845; x_wconf 91' lang='lat'><strong>--</strong></span> <span class='ocrx_word' id='word_1_381' title='bbox 1552 4809 1651 4859; x_wconf 84' lang='lat' dir='ltr'><strong>diceret.</strong></span> <span class='ocrx_word' id='word_1_382' title='bbox 1676 4810 1769 4871; x_wconf 78' lang='lat' dir='ltr'><strong>linque</strong></span> 
     </span>
     <span class='ocr_line' id='line_1_38' title="bbox 443 4881 1771 4948; baseline 0.002 -19"><span class='ocrx_word' id='word_1_383' title='bbox 443 4894 491 4946; x_wconf 92' lang='lat' dir='ltr'><strong>pro</strong></span> <span class='ocrx_word' id='word_1_384' title='bbox 512 4884 625 4932; x_wconf 82' lang='lat' dir='ltr'><strong>marimo</strong></span> <span class='ocrx_word' id='word_1_385' title='bbox 649 4885 757 4934; x_wconf 87' lang='lat' dir='ltr'><strong>minima</strong></span> <span class='ocrx_word' id='word_1_386' title='bbox 780 4886 904 4934; x_wconf 81' lang='lat' dir='ltr'><strong>distinctio</strong></span> <span class='ocrx_word' id='word_1_387' title='bbox 923 4887 1039 4948; x_wconf 81' lang='lat' dir='ltr'><strong>ponendo</strong></span> <span class='ocrx_word' id='word_1_388' title='bbox 1054 4892 1110 4934; x_wconf 88' lang='lat' dir='ltr'><strong>erut</strong></span> <span class='ocrx_word' id='word_1_389' title='bbox 1132 4888 1193 4934; x_wconf 89' lang='lat' dir='ltr'><strong>ante</strong></span> <span class='ocrx_word' id='word_1_390' title='bbox 1212 4883 1292 4933; x_wconf 88' lang='lat' dir='ltr'><strong>verba</strong></span> <span class='ocrx_word' id='word_1_391' title='bbox 1309 4896 1366 4932; x_wconf 88' lang='lat' dir='ltr'><strong>cum</strong></span> <span class='ocrx_word' id='word_1_392' title='bbox 1385 4883 1490 4931; x_wconf 73' lang='lat' dir='ltr'><strong>multu.»</strong></span> <span class='ocrx_word' id='word_1_393' title='bbox 1509 4883 1585 4932; x_wconf 72' lang='lat' dir='ltr'><strong>Bous.</strong></span> <span class='ocrx_word' id='word_1_394' title='bbox 1606 4909 1629 4917; x_wconf 92' lang='lat'>—</span> <span class='ocrx_word' id='word_1_395' title='bbox 1651 4881 1675 4933; x_wconf 82' lang='lat' dir='ltr'><strong>l.</strong></span> <span class='ocrx_word' id='word_1_396' title='bbox 1694 4884 1771 4931; x_wconf 67' lang='lat' dir='ltr'><strong>indta</strong></span> 
     </span>
     <span class='ocr_line' id='line_1_39' title="bbox 442 4955 1771 5021; baseline -0.002 -12"><span class='ocrx_word' id='word_1_397' title='bbox 442 4955 567 5019; x_wconf 80' lang='lat' dir='ltr'><strong>Bentley:</strong></span> <span class='ocrx_word' id='word_1_398' title='bbox 592 4960 701 5021; x_wconf 77' lang='lat' dir='ltr'><strong>ripaue</strong></span> <span class='ocrx_word' id='word_1_399' title='bbox 722 4987 747 4996; x_wconf 87' lang='lat'>-</span> <span class='ocrx_word' id='word_1_400' title='bbox 772 4961 807 5009; x_wconf 85' lang='lat' dir='ltr'><strong>cd</strong></span> <span class='ocrx_word' id='word_1_401' title='bbox 828 4974 854 5009; x_wconf 81' lang='lat' dir='ltr'><strong>aa</strong></span> <span class='ocrx_word' id='word_1_402' title='bbox 875 4961 893 5009; x_wconf 81' lang='lat' dir='ltr'><strong>li</strong></span> <span class='ocrx_word' id='word_1_403' title='bbox 918 4964 944 5009; x_wconf 84' lang='lat' dir='ltr'><strong>et</strong></span> <span class='ocrx_word' id='word_1_404' title='bbox 962 4959 1056 5021; x_wconf 83' lang='lat' dir='ltr'><strong>(deleta</strong></span> <span class='ocrx_word' id='word_1_405' title='bbox 1074 4960 1097 5021; x_wconf 84' lang='lat' dir='ltr'><strong>d)</strong></span> <span class='ocrx_word' id='word_1_406' title='bbox 1117 4961 1134 5008; x_wconf 86' lang='lat' dir='ltr'><strong>li</strong></span> <span class='ocrx_word' id='word_1_407' title='bbox 1156 4987 1181 4996; x_wconf 91' lang='lat'>-</span> <span class='ocrx_word' id='word_1_408' title='bbox 1207 4960 1230 5007; x_wconf 80' lang='lat' dir='ltr'><strong>a.</strong></span> <span class='ocrx_word' id='word_1_409' title='bbox 1249 4960 1327 5008; x_wconf 84' lang='lat' dir='ltr'><strong>uideri</strong></span> <span class='ocrx_word' id='word_1_410' title='bbox 1349 4963 1444 5007; x_wconf 77' lang='lat' dir='ltr'><strong>natura</strong></span> <span class='ocrx_word' id='word_1_411' title='bbox 1461 4956 1624 5020; x_wconf 86' lang='lat' dir='ltr'><strong>Tregderus:</strong></span> <span class='ocrx_word' id='word_1_412' title='bbox 1645 4959 1727 5006; x_wconf 84' lang='lat' dir='ltr'><strong>uideri</strong></span> <span class='ocrx_word' id='word_1_413' title='bbox 1742 4963 1771 5007; x_wconf 84' lang='lat' dir='ltr'><strong>ut</strong></span> 
     </span>
     <span class='ocr_line' id='line_1_40' title="bbox 441 5032 1772 5094; baseline 0.002 -15"><span class='ocrx_word' id='word_1_414' title='bbox 441 5038 535 5079; x_wconf 65' lang='lat' dir='ltr'><strong>saura</strong></span> <span class='ocrx_word' id='word_1_415' title='bbox 553 5032 588 5086; x_wconf 85' lang='lat' dir='ltr'><strong>C;</strong></span> <span class='ocrx_word' id='word_1_416' title='bbox 610 5034 703 5091; x_wconf 82' lang='lat' dir='ltr'><strong>videri,¹</strong></span> <span class='ocrx_word' id='word_1_417' title='bbox 727 5040 755 5083; x_wconf 88' lang='lat' dir='ltr'><strong>ot</strong></span> <span class='ocrx_word' id='word_1_418' title='bbox 775 5037 906 5083; x_wconf 72' lang='lat' dir='ltr'><strong>aatwoO</strong></span> <span class='ocrx_word' id='word_1_419' title='bbox 929 5062 951 5071; x_wconf 84' lang='lat'><em>-</em></span> <span class='ocrx_word' id='word_1_420' title='bbox 977 5035 1002 5084; x_wconf 88' lang='lat'><strong>8.</strong></span> <span class='ocrx_word' id='word_1_421' title='bbox 1021 5040 1043 5083; x_wconf 86' lang='lat' dir='ltr'><strong>et</strong></span> <span class='ocrx_word' id='word_1_422' title='bbox 1061 5036 1094 5084; x_wconf 87' lang='lat' dir='ltr'><strong>C:</strong></span> <span class='ocrx_word' id='word_1_423' title='bbox 1115 5048 1145 5082; x_wconf 86' lang='lat' dir='ltr'><strong>ac</strong></span> <span class='ocrx_word' id='word_1_424' title='bbox 1163 5035 1182 5083; x_wconf 94' lang='lat'>0</span> <span class='ocrx_word' id='word_1_425' title='bbox 1203 5059 1228 5069; x_wconf 94' lang='lat'>-</span> <span class='ocrx_word' id='word_1_426' title='bbox 1253 5035 1293 5082; x_wconf 88' lang='lat' dir='ltr'><strong>tt.</strong></span> <span class='ocrx_word' id='word_1_427' title='bbox 1313 5033 1458 5093; x_wconf 80' lang='lat' dir='ltr'><strong>«depellitur</strong></span> <span class='ocrx_word' id='word_1_428' title='bbox 1475 5046 1525 5094; x_wconf 89' lang='lat' dir='ltr'><strong>ego</strong></span> <span class='ocrx_word' id='word_1_429' title='bbox 1542 5046 1573 5083; x_wconf 84' lang='lat' dir='ltr'><strong>er</strong></span> <span class='ocrx_word' id='word_1_430' title='bbox 1591 5033 1687 5083; x_wconf 85' lang='lat' dir='ltr'><strong>Davisii</strong></span> <span class='ocrx_word' id='word_1_431' title='bbox 1705 5045 1772 5083; x_wconf 90' lang='lat' dir='ltr'><strong>con-</strong></span> 
     </span>
     <span class='ocr_line' id='line_1_41' title="bbox 443 5105 1772 5171; baseline 0.001 -16"><span class='ocrx_word' id='word_1_432' title='bbox 443 5107 543 5155; x_wconf 90' lang='lat' dir='ltr'><strong>iectura</strong></span> <span class='ocrx_word' id='word_1_433' title='bbox 561 5108 636 5156; x_wconf 89' lang='lat' dir='ltr'><strong>uncis</strong></span> <span class='ocrx_word' id='word_1_434' title='bbox 654 5106 785 5157; x_wconf 71' lang='lat' dir='ltr'><strong>includo.»</strong></span> <span class='ocrx_word' id='word_1_435' title='bbox 804 5110 845 5157; x_wconf 88' lang='lat' dir='ltr'><strong>W.</strong></span> <span class='ocrx_word' id='word_1_436' title='bbox 867 5134 894 5145; x_wconf 87' lang='lat'><em>-</em></span> <span class='ocrx_word' id='word_1_437' title='bbox 919 5107 957 5159; x_wconf 82' lang='lat' dir='ltr'><strong>tl.</strong></span> <span class='ocrx_word' id='word_1_438' title='bbox 977 5124 1022 5158; x_wconf 80' lang='lat' dir='ltr'><strong>uos</strong></span> <span class='ocrx_word' id='word_1_439' title='bbox 1039 5112 1058 5161; x_wconf 89' lang='lat' dir='ltr'>C</span> <span class='ocrx_word' id='word_1_440' title='bbox 1078 5137 1104 5145; x_wconf 98' lang='lat'>-</span> <span class='ocrx_word' id='word_1_441' title='bbox 1125 5110 1207 5170; x_wconf 85' lang='lat' dir='ltr'><strong>quood</strong></span> <span class='ocrx_word' id='word_1_442' title='bbox 1225 5105 1296 5157; x_wconf 84' lang='lat' dir='ltr'><strong>li¹i3:</strong></span> <span class='ocrx_word' id='word_1_443' title='bbox 1318 5110 1384 5171; x_wconf 91' lang='lat' dir='ltr'><strong>quod</strong></span> <span class='ocrx_word' id='word_1_444' title='bbox 1401 5109 1434 5156; x_wconf 90' lang='lat' dir='ltr'><strong>od</strong></span> <span class='ocrx_word' id='word_1_445' title='bbox 1451 5106 1510 5157; x_wconf 84' lang='lat' dir='ltr'><strong>Gli²</strong></span> <span class='ocrx_word' id='word_1_446' title='bbox 1529 5134 1555 5146; x_wconf 88' lang='lat'><em>-</em></span> <span class='ocrx_word' id='word_1_447' title='bbox 1576 5109 1616 5157; x_wconf 81' lang='grc'><strong>46.</strong></span> <span class='ocrx_word' id='word_1_448' title='bbox 1635 5108 1772 5169; x_wconf 82' lang='lat' dir='ltr'><strong>quatriduo</strong></span> 
     </span>
     <span class='ocr_line' id='line_1_42' title="bbox 443 5180 1771 5248; baseline 0.001 -19"><span class='ocrx_word' id='word_1_449' title='bbox 443 5180 463 5230; x_wconf 95' lang='lat'>0</span> <span class='ocrx_word' id='word_1_450' title='bbox 478 5205 503 5217; x_wconf 90' lang='lat'>-</span> <span class='ocrx_word' id='word_1_451' title='bbox 525 5181 564 5229; x_wconf 81' lang='lat' dir='ltr'><strong>te.</strong></span> <span class='ocrx_word' id='word_1_452' title='bbox 583 5187 665 5231; x_wconf 78' lang='lat' dir='ltr'><strong>tumes</strong></span> <span class='ocrx_word' id='word_1_453' title='bbox 683 5183 839 5234; x_wconf 83' lang='lat' dir='ltr'><strong>Lambinus:</strong></span> <span class='ocrx_word' id='word_1_454' title='bbox 860 5191 943 5234; x_wconf 84' lang='lat' dir='ltr'><strong>tomen</strong></span> <span class='ocrx_word' id='word_1_455' title='bbox 959 5187 996 5234; x_wconf 87' lang='lat' dir='ltr'><strong>tto</strong></span> <span class='ocrx_word' id='word_1_456' title='bbox 1013 5187 1046 5245; x_wconf 86' lang='lat' dir='ltr'><strong>C;</strong></span> <span class='ocrx_word' id='word_1_457' title='bbox 1067 5192 1149 5235; x_wconf 73' lang='lat' dir='ltr'><strong>mareu</strong></span> <span class='ocrx_word' id='word_1_458' title='bbox 1162 5184 1215 5248; x_wconf 80' lang='lat' dir='ltr'><strong>[itui</strong></span> <span class='ocrx_word' id='word_1_459' title='bbox 1229 5184 1257 5232; x_wconf 90' lang='lat'><strong>0.</strong></span> <span class='ocrx_word' id='word_1_460' title='bbox 1277 5182 1370 5244; x_wconf 84' lang='lat' dir='ltr'><strong>(tumen</strong></span> <span class='ocrx_word' id='word_1_461' title='bbox 1387 5184 1424 5231; x_wconf 86' lang='lat' dir='ltr'><strong>tto</strong></span> <span class='ocrx_word' id='word_1_462' title='bbox 1440 5182 1512 5232; x_wconf 89' lang='lat' dir='ltr'><strong>delet</strong></span> <span class='ocrx_word' id='word_1_463' title='bbox 1529 5182 1666 5232; x_wconf 85' lang='lat' dir='ltr'><strong>Nissenius</strong></span> <span class='ocrx_word' id='word_1_464' title='bbox 1679 5185 1771 5246; x_wconf 90' lang='lat' dir='ltr'><strong>utpote</strong></span> 
     </span>
     <span class='ocr_line' id='line_1_43' title="bbox 442 5253 1772 5322; baseline 0.001 -18"><span class='ocrx_word' id='word_1_465' title='bbox 442 5259 531 5305; x_wconf 91' lang='lat' dir='ltr'><strong>orturn</strong></span> <span class='ocrx_word' id='word_1_466' title='bbox 548 5268 581 5305; x_wconf 82' lang='lat' dir='ltr'><strong>er</strong></span> <span class='ocrx_word' id='word_1_467' title='bbox 598 5258 774 5318; x_wconf 87' lang='lat' dir='ltr'><strong>geminatione</strong></span> <span class='ocrx_word' id='word_1_468' title='bbox 786 5258 862 5308; x_wconf 87' lang='lat' dir='ltr'><strong>verbi</strong></span> <span class='ocrx_word' id='word_1_469' title='bbox 878 5261 999 5322; x_wconf 71' lang='lat' dir='ltr'><strong>coemtio)</strong></span> <span class='ocrx_word' id='word_1_470' title='bbox 1014 5287 1040 5296; x_wconf 95' lang='lat'>-</span> <span class='ocrx_word' id='word_1_471' title='bbox 1059 5262 1100 5310; x_wconf 73' lang='lat' dir='ltr'><strong>tt.</strong></span> <span class='ocrx_word' id='word_1_472' title='bbox 1115 5263 1170 5321; x_wconf 82' lang='lat' dir='ltr'><strong>quir</strong></span> <span class='ocrx_word' id='word_1_473' title='bbox 1186 5259 1382 5321; x_wconf 58' lang='lat' dir='ltr'><strong>oegntudiuisti</strong></span> <span class='ocrx_word' id='word_1_474' title='bbox 1396 5284 1422 5293; x_wconf 96' lang='lat'>-</span> <span class='ocrx_word' id='word_1_475' title='bbox 1443 5260 1483 5307; x_wconf 72' lang='lat'><strong>25.</strong></span> <span class='ocrx_word' id='word_1_476' title='bbox 1499 5263 1533 5306; x_wconf 86' lang='lat' dir='ltr'><strong>set</strong></span> <span class='ocrx_word' id='word_1_477' title='bbox 1551 5253 1580 5307; x_wconf 69' lang='grc' dir='ltr'><strong>θ’</strong></span> <span class='ocrx_word' id='word_1_478' title='bbox 1594 5283 1620 5291; x_wconf 99' lang='grc'>-</span> <span class='ocrx_word' id='word_1_479' title='bbox 1639 5256 1680 5304; x_wconf 78' lang='lat' dir='ltr'><strong>it.</strong></span> <span class='ocrx_word' id='word_1_480' title='bbox 1698 5268 1772 5305; x_wconf 57' lang='lat' dir='ltr'><strong>ecre</strong></span> 
     </span>
    </p>
   </div>
   <div class='ocr_carea' id='block_1_4' title="bbox 330 5326 1773 5396">
    <p class='ocr_par' dir='ltr' id='par_1_4' title="bbox 330 5326 1773 5396">
     <span class='ocr_line' id='line_1_44' title="bbox 330 5326 1773 5396; baseline 0 -16"><span class='ocrx_word' id='word_1_481' title='bbox 330 5365 333 5369; x_wconf 39' lang='lat'><em>1</em></span> <span class='ocrx_word' id='word_1_482' title='bbox 443 5343 491 5393; x_wconf 83' lang='lat' dir='ltr'><strong>qus</strong></span> <span class='ocrx_word' id='word_1_483' title='bbox 509 5326 550 5380; x_wconf 73' lang='lat'><strong>8¹:</strong></span> <span class='ocrx_word' id='word_1_484' title='bbox 569 5344 600 5380; x_wconf 81' lang='lat' dir='ltr'><strong>ec</strong></span> <span class='ocrx_word' id='word_1_485' title='bbox 615 5345 644 5380; x_wconf 85' lang='lat' dir='ltr'><strong>re</strong></span> <span class='ocrx_word' id='word_1_486' title='bbox 660 5345 725 5393; x_wconf 87' lang='lat' dir='ltr'><strong>quae</strong></span> <span class='ocrx_word' id='word_1_487' title='bbox 741 5335 805 5391; x_wconf 74' lang='lat' dir='ltr'><strong>Glli</strong></span> <span class='ocrx_word' id='word_1_488' title='bbox 824 5347 903 5395; x_wconf 86' lang='lat' dir='ltr'><strong>eoque</strong></span> <span class='ocrx_word' id='word_1_489' title='bbox 919 5348 947 5383; x_wconf 88' lang='lat' dir='ltr'><strong>re</strong></span> <span class='ocrx_word' id='word_1_490' title='bbox 959 5334 988 5383; x_wconf 80' lang='lat'><strong>13¹</strong></span> <span class='ocrx_word' id='word_1_491' title='bbox 1003 5362 1027 5371; x_wconf 92' lang='lat'>-</span> <span class='ocrx_word' id='word_1_492' title='bbox 1047 5335 1088 5385; x_wconf 78' lang='lat'><strong>28.</strong></span> <span class='ocrx_word' id='word_1_493' title='bbox 1101 5336 1214 5396; x_wconf 81' lang='lat' dir='ltr'><strong>stirpitus</strong></span> <span class='ocrx_word' id='word_1_494' title='bbox 1231 5334 1281 5382; x_wconf 90' lang='lat' dir='ltr'><strong>hoc</strong></span> <span class='ocrx_word' id='word_1_495' title='bbox 1294 5346 1346 5382; x_wconf 93' lang='lat' dir='ltr'><strong>uno</strong></span> <span class='ocrx_word' id='word_1_496' title='bbox 1359 5331 1417 5382; x_wconf 91' lang='lat' dir='ltr'><strong>loco</strong></span> <span class='ocrx_word' id='word_1_497' title='bbox 1431 5335 1558 5383; x_wconf 86' lang='lat' dir='ltr'><strong>Cicerone</strong></span> <span class='ocrx_word' id='word_1_498' title='bbox 1571 5332 1685 5395; x_wconf 88' lang='lat' dir='ltr'><strong>positum</strong></span> <span class='ocrx_word' id='word_1_499' title='bbox 1698 5333 1773 5381; x_wconf 88' lang='lat' dir='ltr'><strong>notat</strong></span> 
     </span>
    </p>
   </div>
   <div class='ocr_carea' id='block_1_5' title="bbox 444 5404 1771 5621">
    <p class='ocr_par' dir='ltr' id='par_1_5' title="bbox 444 5404 1771 5621">
     <span class='ocr_line' id='line_1_45' title="bbox 444 5404 1769 5472; baseline 0 -17"><span class='ocrx_word' id='word_1_500' title='bbox 444 5404 558 5456; x_wconf 85' lang='lat' dir='ltr'><strong>Statilius</strong></span> <span class='ocrx_word' id='word_1_501' title='bbox 577 5406 705 5457; x_wconf 84' lang='lat' dir='ltr'><strong>llerimus</strong></span> <span class='ocrx_word' id='word_1_502' title='bbox 722 5409 791 5472; x_wconf 88' lang='lat' dir='ltr'><strong>apud</strong></span> <span class='ocrx_word' id='word_1_503' title='bbox 810 5409 958 5458; x_wconf 75' lang='lat' dir='ltr'><strong>charisium</strong></span> <span class='ocrx_word' id='word_1_504' title='bbox 977 5422 1001 5472; x_wconf 93' lang='lat' dir='ltr'><strong>p.</strong></span> <span class='ocrx_word' id='word_1_505' title='bbox 1020 5410 1078 5469; x_wconf 78' lang='lat' dir='ltr'><strong>tte,</strong></span> <span class='ocrx_word' id='word_1_506' title='bbox 1097 5412 1137 5459; x_wconf 77' lang='lat' dir='ltr'><strong>ia.</strong></span> <span class='ocrx_word' id='word_1_507' title='bbox 1161 5435 1185 5443; x_wconf 97' lang='lat'>-</span> <span class='ocrx_word' id='word_1_508' title='bbox 1210 5407 1249 5456; x_wconf 84' lang='lat'><strong>30.</strong></span> <span class='ocrx_word' id='word_1_509' title='bbox 1269 5408 1400 5455; x_wconf 81' lang='lat' dir='ltr'><strong>commodo</strong></span> <span class='ocrx_word' id='word_1_510' title='bbox 1417 5409 1436 5455; x_wconf 86' lang='lat' dir='ltr'>G</span> <span class='ocrx_word' id='word_1_511' title='bbox 1458 5433 1482 5444; x_wconf 92' lang='lat'>-</span> <span class='ocrx_word' id='word_1_512' title='bbox 1503 5406 1543 5457; x_wconf 75' lang='lat'><strong>3⁴.</strong></span> <span class='ocrx_word' id='word_1_513' title='bbox 1562 5406 1657 5455; x_wconf 79' lang='lat' dir='ltr'><strong>reticui</strong></span> <span class='ocrx_word' id='word_1_514' title='bbox 1674 5407 1723 5455; x_wconf 88' lang='lat' dir='ltr'><strong>Gli</strong></span> <span class='ocrx_word' id='word_1_515' title='bbox 1742 5432 1769 5445; x_wconf 88' lang='lat'>-</span> 
     </span>
     <span class='ocr_line' id='line_1_46' title="bbox 444 5479 1771 5535; baseline 0.004 -6"><span class='ocrx_word' id='word_1_516' title='bbox 444 5493 471 5528; x_wconf 83' lang='grc' dir='ltr'><strong>ι.</strong></span> <span class='ocrx_word' id='word_1_517' title='bbox 490 5491 571 5530; x_wconf 80' lang='lat' dir='ltr'><strong>rursu</strong></span> <span class='ocrx_word' id='word_1_518' title='bbox 587 5492 718 5531; x_wconf 79' lang='lat' dir='ltr'><strong>ciceronis</strong></span> <span class='ocrx_word' id='word_1_519' title='bbox 735 5479 906 5532; x_wconf 75' lang='lat' dir='ltr'><strong>rnscccrniari</strong></span> <span class='ocrx_word' id='word_1_520' title='bbox 923 5495 995 5532; x_wconf 78' lang='lat' dir='ltr'><strong>arara</strong></span> <span class='ocrx_word' id='word_1_521' title='bbox 1012 5496 1054 5533; x_wconf 89' lang='lat' dir='ltr'><strong>rrrr</strong></span> <span class='ocrx_word' id='word_1_522' title='bbox 1070 5496 1195 5533; x_wconf 78' lang='lat' dir='ltr'><strong>rrrmcrr.</strong></span> <span class='ocrx_word' id='word_1_523' title='bbox 1213 5495 1309 5532; x_wconf 81' lang='lat' dir='ltr'><strong>rucrrrr</strong></span> <span class='ocrx_word' id='word_1_524' title='bbox 1326 5494 1397 5532; x_wconf 83' lang='lat' dir='ltr'><strong>rraerr</strong></span> <span class='ocrx_word' id='word_1_525' title='bbox 1417 5485 1481 5534; x_wconf 74' lang='lat' dir='ltr'><strong>sti:</strong></span> <span class='ocrx_word' id='word_1_526' title='bbox 1499 5496 1527 5531; x_wconf 86' lang='lat' dir='ltr'><strong>rr.</strong></span> <span class='ocrx_word' id='word_1_527' title='bbox 1544 5494 1624 5532; x_wconf 82' lang='lat' dir='ltr'><strong>rurrrr</strong></span> <span class='ocrx_word' id='word_1_528' title='bbox 1641 5493 1771 5535; x_wconf 81' lang='lat' dir='ltr'><strong>crcraorrra</strong></span> 
     </span>
     <span class='ocr_line' id='line_1_47' title="bbox 444 5552 1619 5621; baseline -0.002 -14"><span class='ocrx_word' id='word_1_529' title='bbox 444 5552 614 5607; x_wconf 80' lang='lat' dir='ltr'><strong>ruscuunsnti</strong></span> <span class='ocrx_word' id='word_1_530' title='bbox 630 5568 703 5607; x_wconf 81' lang='lat' dir='ltr'><strong>uara</strong></span> <span class='ocrx_word' id='word_1_531' title='bbox 720 5569 828 5616; x_wconf 78' lang='lat' dir='ltr'><strong>cuunrcs</strong></span> <span class='ocrx_word' id='word_1_532' title='bbox 846 5570 976 5615; x_wconf 77' lang='lat' dir='ltr'><strong>rsratrcrr,¹</strong></span> <span class='ocrx_word' id='word_1_533' title='bbox 992 5571 1089 5609; x_wconf 82' lang='lat' dir='ltr'><strong>rncrrrr</strong></span> <span class='ocrx_word' id='word_1_534' title='bbox 1105 5569 1211 5618; x_wconf 79' lang='lat' dir='ltr'><strong>poturus</strong></span> <span class='ocrx_word' id='word_1_535' title='bbox 1228 5556 1262 5613; x_wconf 81' lang='grc' dir='ltr'><strong>Β;</strong></span> <span class='ocrx_word' id='word_1_536' title='bbox 1282 5556 1476 5621; x_wconf 87' lang='lat' dir='ltr'><strong>subscriptione</strong></span> <span class='ocrx_word' id='word_1_537' title='bbox 1494 5560 1568 5606; x_wconf 87' lang='lat' dir='ltr'><strong>caret</strong></span> <span class='ocrx_word' id='word_1_538' title='bbox 1585 5557 1619 5606; x_wconf 88' lang='lat' dir='ltr'><strong>li.</strong></span> 
     </span>
    </p>
   </div>
   <div class='ocr_carea' id='block_1_6' title="bbox 984 5830 1250 5843">
    <p class='ocr_par' dir='ltr' id='par_1_6' title="bbox 984 5830 1250 5843">
     <span class='ocr_line' id='line_1_48' title="bbox 984 5830 1250 5843; baseline -0.008 0"><span class='ocrx_word' id='word_1_539' title='bbox 984 5830 1250 5843; x_wconf 54' lang='lat'><strong>*-</strong></span> 
     </span>
    </p>
   </div>
   <div class='ocr_carea' id='block_1_7' title="bbox 0 0 2193 7459">
    <p class='ocr_par' dir='ltr' id='par_1_7' title="bbox 0 0 2193 7459">
     <span class='ocr_line' id='line_1_49' title="bbox 0 0 2193 7459; baseline 0 0"><span class='ocrx_word' id='word_1_540' title='bbox 0 0 2193 7459; x_wconf 95' lang='lat' dir='ltr'><strong> </strong></span> 
     </span>
    </p>
   </div>
  </div>
 </body>
</html>
