4342 7459
440 1244 503 1313 506
943 1252 997 1314 be
1017 1249 1285 1315 DIVINATIONE

526 1411 655 1473 XXXV.
678 1407 730 1474 77.
753 1410 863 1487 Quidt
884 1410 968 1474 bello
984 1411 1104 1474 Punico
1126 1409 1267 1474 secundo
1289 1429 1395 1474 nonno
1417 1410 1453 1474 C.
1466 1411 1639 1477 Flaminius
1658 1411 1772 1479 conml

440 1506 554 1569 iterum
577 1504 718 1585 neglexit
739 1506 830 1588 signa
850 1524 955 1570 rerum
976 1505 1152 1568 suturarum
1175 1524 1288 1586 magna
1316 1524 1386 1568 cum
1413 1504 1505 1569 clade
1525 1506 1573 1571 rei
1595 1506 1771 1589 publioaai

442 1598 504 1673 Qui
527 1599 668 1661 exercitu
690 1600 838 1673 lustrato,
873 1619 944 1662 oum
965 1600 1124 1661 Arretium
1158 1618 1268 1662 versus
1296 1607 1399 1662 castra
1427 1600 1580 1663 movisset
1608 1609 1640 1665 et
1661 1609 1772 1667 contra

441 1691 649 1755 Hannibalem
672 1691 815 1774 legiones
837 1691 982 1766 duceret,
1010 1701 1042 1755 et
1068 1693 1137 1774 ipse
1165 1701 1198 1756 et
1223 1713 1325 1775 equus
1352 1693 1515 1757 eiurante
1538 1693 1663 1775 signum
1686 1694 1771 1760 Iuris

415 1784 575 1847 sStatoris
597 1785 667 1848 sine
689 1806 785 1849 causa
806 1795 937 1869 repente
960 1785 1098 1850 concidit
1125 1806 1185 1849 nec
1207 1806 1277 1850 earn
1299 1807 1365 1849 rem
1387 1786 1497 1849 babuit
1518 1787 1685 1870 religioni,
1716 1788 1772 1852 ob-

439 1878 522 1941 iecto
545 1879 651 1960 siguo,
683 1888 718 1943 ut
739 1879 849 1962 peritis
873 1879 1056 1954 videbatur,
1086 1900 1126 1942 ne
1148 1882 1358 1944 committeret
1380 1881 1546 1962 proelium.
1589 1882 1678 1945 Idem
1700 1902 1771 1948 cum

439 1972 581 2055 tripudio
615 1973 854 2055 auspicaretur,
890 1973 1046 2055 pullarius
1082 1973 1165 2036 diem
1199 1973 1311 2056 proelii
1342 1974 1562 2037 committendi
1594 1976 1771 2040 differebat.

440 2066 521 2128 Tum
542 2067 716 2130 Flaminius
739 2086 780 2130 ex
803 2086 842 2131 eo
864 2067 1033 2150 quaesivit,
1056 2066 1082 2129 si
1107 2087 1146 2129 nc
1169 2076 1281 2149 postea
1302 2066 1433 2149 quidem
1456 2067 1533 2150 pulli
1556 2077 1772 2151 pascerentur,

439 2158 516 2242 quid
535 2159 714 2225 iaciendum
734 2170 888 2225 censeret.
924 2161 1001 2225 Cum
1016 2161 1071 2223 ille
1087 2161 1315 2243 quiescendum
1330 2162 1566 2241 respondisset,
1580 2162 1772 2226 Flaminius:

401 2254 625 2318 tosPraeclara
645 2274 720 2320 vero
742 2256 903 2339 auspicia,
925 2256 951 2318 si
976 2255 1189 2319 esurientibus
1212 2255 1309 2336 pullis
1330 2274 1382 2317 res
1404 2255 1471 2335 geri
1494 2256 1628 2339 poterit,
1657 2256 1772 2322 saturis

439 2347 518 2411 nibil
541 2356 696 2430 geretur.»
741 2349 853 2430 ltaque
875 2349 966 2430 signa
989 2349 1125 2411 convelli
1154 2357 1185 2411 et
1212 2369 1247 2412 se
1274 2348 1364 2431 sequi
1388 2349 1489 2412 iussit.
1534 2350 1607 2424 Quo
1630 2356 1773 2431 tempore

439 2461 511 2504 cum
534 2442 666 2524 signiter
687 2442 780 2523 primi
802 2443 895 2506 astati
919 2443 1044 2524 signnm
1066 2461 1131 2505 non
1155 2449 1263 2525 posset
1286 2462 1413 2505 movere
1436 2443 1507 2504 loco
1528 2443 1773 2526 necquicquam

439 2531 658 2619 proficeretur,
693 2537 803 2618 plures
833 2555 904 2598 cum
935 2536 1140 2608 accederent,
1172 2535 1346 2598 Flaminius
1373 2554 1407 2598 re
1436 2537 1580 2600 nuntiata
1601 2556 1662 2599 suo
1685 2556 1773 2601 mora

438 2629 589 2711 neglexit.
621 2631 733 2715 ltaque
755 2630 856 2692 tribus
878 2630 918 2692 iis
939 2629 1028 2692 boris
1050 2630 1196 2693 coocIsus
1219 2630 1376 2691 exercitus
1391 2638 1486 2711 atque
1501 2630 1569 2710 ipae
1584 2629 1773 2694 Interiectus

400 2731 497 2786 stat.
540 2719 592 2787 78.
618 2725 767 2805 blagnum
789 2723 868 2785 illud
891 2723 1001 2795 etiam,
1033 2722 1120 2804 quod
1147 2721 1270 2785 addidit
1292 2721 1434 2795 Caelius,
1462 2743 1501 2785 eo
1525 2732 1667 2805 tempore
1691 2726 1772 2809 ipso,

439 2836 511 2881 oum
531 2816 594 2879 boo
615 2817 833 2880 calamitosum
856 2815 1012 2899 proelium
1035 2813 1139 2888 beret,
1163 2824 1267 2878 tantos
1288 2823 1391 2878 terrae
1415 2824 1517 2879 motus
1539 2818 1573 2879 in
1588 2818 1770 2902 Liguribus,

439 2910 540 2975 Gallia
574 2911 855 2993 compluribusque
887 2909 999 2972 insulis
1031 2917 1162 2991 totaque
1188 2910 1220 2971 in
1248 2909 1336 2974 ItaIIa
1364 2908 1463 2973 factm
1490 2929 1579 2985 esse,
1613 2920 1648 2976 ut
1675 2912 1773 2978 multa

439 3005 558 3088 oppida
584 3006 783 3076 corruerint,
816 3005 923 3067 multis
953 3003 1032 3067 locis
1062 3002 1149 3068 labes
1178 3002 1279 3065 factae
1308 3003 1372 3066 sint
1402 3011 1567 3085 terraeque
1595 3005 1774 3072 desiderint

440 3099 634 3179 fluminaque
657 3099 690 3163 iu
710 3100 884 3161 contrarias
907 3107 1012 3180 partes
1035 3098 1185 3159 tluxerint
1207 3104 1302 3178 atque
1325 3097 1358 3159 in
1373 3116 1482 3160 arnnes
1499 3117 1585 3161 mare
1600 3099 1772 3164 intinxerit

400 3205 430 3253 st
523 3192 670 3254 xxxvl.
701 3192 798 3256 Fiunt
819 3200 902 3255 certe
923 3191 1155 3254 divinationum
1177 3190 1378 3256 coniecturae
1399 3210 1419 3254 a
1441 3192 1560 3273 peritis.
1597 3194 1703 3257 llidae
1726 3193 1772 3258 illi

438 3285 572 3370 Phrygi,
595 3306 666 3349 cum
689 3305 768 3368 puer
790 3291 890 3354 esset,
920 3285 1089 3348 dormienti
1113 3283 1261 3350 formicae
1289 3284 1321 3347 in
1344 3303 1381 3348 os
1404 3283 1498 3347 tritici
1520 3305 1619 3367 grana
1640 3307 1773 3371 conges-

439 3389 558 3445 serunt.
594 3380 821 3442 Divitissimum
843 3378 911 3442 lore
933 3378 1129 3462 praedictum
1153 3388 1211 3451 est,
1235 3379 1320 3461 quod
1343 3380 1460 3442 evenit.
1495 3381 1536 3442 st
1555 3381 1680 3444 Platoni
1701 3403 1772 3447 cum

439 3477 472 3539 in
494 3474 583 3538 cunis
607 3474 738 3555 parvulo
760 3473 932 3536 dormienti
954 3492 1032 3554 apes
1054 3473 1087 3534 in
1112 3473 1234 3535 labellis
1257 3473 1493 3546 consedissent,
1515 3492 1704 3556 responsum
1726 3483 1773 3540 est

439 3568 591 3651 singulari
614 3568 705 3630 illum
728 3569 883 3630 suavitate
907 3566 1062 3629 orationis
1085 3565 1170 3629 t'ore:
1193 3566 1236 3627 ita
1256 3565 1364 3629 lutura
1386 3566 1568 3648 eloquentia
1590 3570 1719 3651 provisa
1739 3570 1771 3633 in

400 3661 560 3725 winlante
582 3668 640 3723 est.
683 3657 734 3722 79.
759 3660 870 3735 Quid?
893 3679 1016 3722 amores
1039 3679 1076 3721 ao
1100 3659 1232 3722 deliciae
1255 3669 1339 3732 tuae,
1362 3662 1504 3734 Roscius,
1526 3682 1604 3724 num
1625 3672 1681 3726 aut
1702 3664 1771 3746 ipra

438 3766 494 3820 aut
515 3775 573 3837 pro
596 3775 635 3817 eo
656 3755 833 3819 Lanuvium
862 3762 961 3817 totum
989 3753 1226 3816 mentiebatur?
1260 3752 1324 3827 Qui
1347 3774 1419 3816 oum
1441 3765 1527 3817 esset
1547 3755 1581 3817 in
1603 3757 1770 3821 cunabulis
1865 3788 1869 3810 ι

438 3850 690 3931 educareturque
713 3849 746 3909 in
769 3846 916 3920 Salonio,
944 3849 1000 3927 qui
1023 3855 1071 3909 est
1094 3866 1224 3927 campus
1246 3846 1312 3928 agri
1335 3848 1509 3921 Lanuvini,
1532 3858 1631 3912 noctu
1652 3850 1771 3916 lumine
1844 3859 1847 3865 ’

438 3945 585 4025 adposito
614 3950 800 4022 experrecta
828 3942 937 4004 nutrix
958 3941 1181 4003 animadvertit
1203 3960 1336 4024 puerum
1359 3940 1568 4006 dormientem
1591 3944 1772 4026 cirorrmpli·

438 4048 542 4101 catum
577 4037 734 4120 serpentis
766 4036 924 4116 amplexu.
967 4034 1039 4109 Quo
1068 4034 1221 4114 adspectu
1252 4032 1403 4096 exterrita
1433 4034 1605 4100 clamorem
1634 4037 1771 4104 sustulit.

400 4133 531 4196 ttl'ater
559 4129 798 4195 autemrlioscii
828 4130 867 4193 ad
898 4126 1082 4209 haruspices
1111 4129 1244 4199 rettulit,
1277 4127 1331 4209 qui
1355 4128 1588 4208 responderunt
1614 4129 1693 4193 nibil
1717 4131 1771 4196 itto

439 4248 539 4310 puero
561 4226 686 4297 clarius,
709 4224 788 4285 nibil
812 4223 951 4285 nobilius
973 4222 1053 4285 fore.
1090 4226 1194 4302 Atque
1217 4221 1299 4284 banc
1321 4224 1456 4303 speciem
1475 4223 1625 4287 Pasiteles
1641 4226 1773 4290 caelavit

439 4330 569 4402 argento
593 4329 625 4382 et
647 4327 756 4382 noster
778 4318 936 4399 expressit
957 4317 1089 4379 Archias
1119 4315 1271 4377 versibus.
1316 4316 1401 4390 Quid
1424 4318 1520 4399 igitur
1542 4320 1771 4397 expectantur

439 4436 478 4480 an
507 4415 583 4478 dum
613 4417 644 4478 in
673 4413 742 4475 foro
766 4413 928 4474 nobiscum
952 4411 982 4471 di
1006 4410 1216 4480 immortales,
1247 4410 1321 4472 dum
1345 4412 1376 4470 in
1400 4412 1459 4473 viis
1483 4421 1668 4485 versentur,
1699 4414 1771 4477 dum

441 4509 553 4572 demit
587 4508 641 4590 qui
665 4506 792 4589 quidem
815 4506 875 4589 ipsi
899 4525 934 4567 se
956 4505 1046 4567 nobis
1070 4525 1131 4565 non
1156 4504 1308 4576 offerunt,
1339 4504 1401 4566 vim
1430 4512 1536 4571 autem
1564 4524 1654 4568 suam
1677 4506 1770 4587 longa

507 4753 529 4799 t.
549 4752 580 4805 G.
599 4750 618 4799 C
640 4774 665 4783 -
686 4748 709 4798 3.
729 4750 837 4797 entium
854 4748 888 4807 B,
910 4759 1032 4795 amenum
1049 4747 1070 4794 ll
1092 4773 1116 4781 -
1140 4744 1164 4794 l.
1184 4744 1328 4794 Annibalem
1345 4745 1390 4794 ΒΟ
1411 4773 1436 4780 -
1457 4748 1481 4801 5,
1499 4748 1601 4796 statoris
1617 4761 1680 4797 sons
1695 4761 1772 4798 roura

440 4828 509 4877 il-
528 4825 551 4874 t.
570 4824 643 4887 idem]
660 4825 686 4872 id
702 4825 775 4872 ertit
799 4848 826 4858 -
850 4823 874 4871 7.
893 4823 1089 4871 commitendilt
1113 4847 1139 4856 -
1165 4821 1188 4869 9.
1208 4826 1315 4892 censeret
1332 4819 1440 4871 Salisb.:
1465 4825 1592 4871 censerent
1607 4823 1690 4882 ARV,
1715 4837 1771 4873 cen·

439 4899 734 4960 serer--qstescendnm
757 4910 810 4945 om.
831 4897 851 4945 H
876 4923 902 4931 -
926 4897 1108 4956 respondissent
1125 4896 1169 4953 Αἱ,
1194 4897 1347 4957 respondisse
1364 4898 1384 4945 ll
1415 4923 1442 4931 -
1471 4899 1509 4947 to.
1528 4897 1595 4958 nno}
1613 4911 1681 4946 nune
1702 4898 1724 4950 ll
1743 4923 1769 4936 -·

437 4979 519 5040 potnit
536 4978 557 5025 ll
576 5001 602 5011 -
624 4976 664 5023 tl.
682 4974 770 5021 cmoelli
788 4974 808 5021 Η
828 4998 854 5006 -
880 4973 919 5020 li.
939 4985 996 5020 cum
1013 4984 1067 5019 om.
1088 4972 1108 5019 Η
1127 4998 1159 5006 -
1176 4973 1252 5018 ostati
1269 4971 1363 5019 Alle
1387 4972 1479 5020 borreti
1497 4972 1560 5028 ss0;
1583 4973 1616 5022 cl.
1637 4974 1722 5022 Varro
1739 4974 1771 5023 de

440 5050 457 5102 l.
475 5050 519 5102 lat,
540 5050 570 5107 V,
589 5050 663 5109 §trs
686 5074 713 5082 -
737 5062 767 5097 ne
786 5049 805 5097 ll
827 5075 852 5083 -
874 5046 915 5099 tl.
933 5046 1013 5094 tribus
1029 5048 1058 5094 iis
1075 5046 1142 5093 boris
1160 5046 1202 5095 ed.
1218 5047 1332 5094 Iuntina:
1357 5046 1435 5093 tribas
1451 5047 1488 5094 bis
1504 5047 1572 5095 torte
1588 5049 1674 5107 ARV,
1696 5050 1773 5098 tribus

439 5129 507 5176 boris
519 5127 575 5175 llO.
596 5126 748 5174 tectionem
761 5126 896 5185 receptam
910 5121 1053 5181 Madvigius
1067 5124 1139 5168 recte
1152 5120 1190 5168 sic
1204 5120 1406 5183 interpretatur:
1426 5119 1511 5170 tribus
1528 5120 1562 5169 ab
1581 5122 1622 5172 illo
1635 5129 1772 5176 momento

440 5200 567 5263 temporis
585 5200 671 5258 boris,
690 5200 757 5247 intra
776 5202 830 5247 tres
848 5197 940 5255 boras,
960 5201 1005 5259 qui
1023 5209 1088 5244 usus
1106 5198 1170 5244 satis
1188 5199 1228 5243 ost
1246 5199 1331 5243 nctus.
1359 5222 1384 5230 -
1411 5198 1449 5244 tt.
1468 5197 1560 5245 coelius
1577 5199 1653 5248 ΑΒΗ
1680 5228 1700 5237 -
1732 5202 1770 5251 tt.

438 5288 494 5325 com
510 5272 540 5323 Α·
560 5300 585 5308 -
603 5274 726 5335 proelium
741 5277 811 5333 floret
827 5274 861 5320 B:
885 5272 1008 5332 proelium
1027 5285 1079 5319 cnr.
1099 5272 1148 5320 All
1159 5272 1187 5328 V,
1205 5273 1274 5333 fieret
1289 5272 1411 5331 proelium
1428 5272 1448 5320 0
1469 5299 1492 5308 ·-
1515 5274 1555 5321 ii.
1575 5274 1601 5321 in
1618 5276 1677 5323 solis
1694 5274 1724 5321 V¹
1744 5302 1770 5312 -

440 5351 479 5399 l8.
492 5353 642 5396 canuerunt
655 5349 675 5396 Η
690 5374 716 5383 -
736 5348 805 5395 lanes
817 5345 869 5396 ΑΨ
885 5372 909 5382 -
931 5347 1062 5394 desiderint
1076 5349 1109 5394 A:
1130 5346 1266 5394 desederint
1279 5347 1365 5395 BllVO
1380 5372 1406 5380 -
1428 5348 1466 5396 49.
1479 5350 1610 5409 duxerunt
1622 5350 1642 5400 ll
1660 5376 1683 5386 -
1699 5357 1772 5411 sthss

439 5425 616 5487 “influunt
628 5423 714 5472 onnll
731 5450 755 5457 -
775 5428 851 5481 etqua
863 5423 931 5469 innes
942 5421 1019 5478 ΑΨ,
1038 5426 1113 5483 etque
1125 5435 1209 5469 amnes
1222 5419 1261 5478 pn.
1281 5427 1356 5483 atque
1373 5435 1449 5470 annes
1460 5420 1491 5471 rt²
1507 5447 1532 5458 -
1552 5425 1593 5473 20.
1606 5430 1691 5474 certae
1703 5426 1772 5474 Iler·

439 5513 485 5552 sus
503 5498 689 5562 probabiliter:
709 5510 770 5547 narn
783 5499 951 5547 coniecturae
965 5510 1051 5559 aeque
1069 5497 1187 5559 aperitis
1204 5499 1283 5557 atque
1301 5495 1334 5544 ab
1353 5498 1481 5560 imperitis
1499 5498 1578 5557 fiunt,
1597 5503 1687 5548 certae
1700 5499 1770 5550 solas

439 5590 454 5625 a
474 5577 564 5638 peritis
582 5573 638 5622 fieri
657 5574 788 5624 videntur.
810 5598 835 5607 ··
856 5575 896 5621 tt.
915 5574 1021 5635 l’lrrpgio
1039 5572 1058 5619 0
1075 5598 1108 5607 -
1126 5573 1166 5619 tt.
1185 5571 1298 5619 diuinitus
1314 5585 1436 5620 summam
1452 5574 1514 5632 ΑΒ,
1537 5574 1729 5623 diuinirsumusn
1741 5572 1769 5632 V,

439 5652 531 5702 sedni
549 5652 575 5700 in
593 5648 652 5698 loco
670 5663 747 5699 eraso
767 5672 793 5683 -
819 5653 846 5696 et
864 5653 882 5697 Α
903 5649 927 5697 in
947 5661 1015 5706 ras,
1039 5648 1073 5695 ed
1092 5646 1120 5703 V.
1145 5646 1203 5694 era
1229 5674 1256 5682 -
1283 5649 1322 5695 it.
1343 5648 1462 5709 insontem
1480 5649 1501 5697 ll
1521 5674 1548 5685 -
1569 5649 1609 5698 27.
1627 5650 1719 5697 telonio
1736 5648 1768 5702 C:

439 5728 541 5777 Solonio
557 5727 577 5774 0
594 5739 656 5775 cum
674 5727 796 5780 Grutero,
814 5727 843 5772 ut
860 5727 902 5771 est
924 5724 958 5783 ll,
973 5724 1030 5784 §do
1049 5748 1075 5757 ·-
1097 5722 1194 5770 lanuini
1206 5724 1236 5776 Α,
1255 5724 1397 5771 coloniens·
1415 5724 1435 5772 ll
1457 5749 1483 5759 -
1502 5724 1542 5772 28.
1562 5724 1659 5783 oposito
1676 5719 1729 5773 ΑΨ
1742 5746 1767 5758 -

439 5802 583 5863 reputoll
606 5828 628 5837 -
651 5802 691 5850 aa.
710 5805 811 5861 aspectu
828 5800 877 5849 ΑΗ
894 5824 928 5835 ·-
950 5799 990 5847 30.
1010 5798 1104 5846 rettulit
1122 5798 1153 5846 It:
1173 5798 1257 5844 retulit
1274 5797 1377 5846 nttvo
1398 5825 1423 5831 —
1443 5797 1484 5845 31.
1502 5799 1619 5849 Pasiteles
1635 5794 1769 5847 Winclel·

442 5889 521 5925 mann
544 5874 617 5937 (coll.
632 5872 694 5925 Plin.
714 5876 744 5924 N.
764 5875 794 5923 Η.
813 5873 930 5931 Xlllllll,
950 5873 980 5921 ta
1005 5876 1031 5922 et
1053 5872 1168 5931 XXXVI,
1188 5871 1215 5931 l,
1241 5886 1294 5934 quo
1313 5874 1337 5921 ln
1355 5870 1413 5921 loco
1432 5871 1483 5922 heo
1501 5886 1598 5924 nomen
1617 5870 1768 5923 melioribus

443 5950 520 6000 codd.
539 5949 733 6011 confirmatur):
748 5948 888 6013 mentulas
904 5951 937 6009 lt,
953 5947 1087 6010 praxitelis
1098 5946 1128 6008 V,
1143 5948 1298 6010 proxitbeies
1310 5948 1342 6009 B,
1354 5948 1531 6010 proeitslssll
1546 5974 1572 5986 -
1589 5949 1684 6002 etlatslt
1692 5944 1767 6003 Alli.
