4342 7459
441 1244 504 1340 aas
894 1245 948 1310 nu
971 1246 1141 1311 nnonuu
1160 1246 1323 1312 aarum

440 1407 513 1469 Nou
536 1410 585 1468 est
614 1424 746 1489 corpus,
776 1405 833 1470 sed
861 1407 953 1490 quasi
980 1427 1106 1491 corpus.
1150 1409 1217 1472 lloc
1250 1405 1468 1489 intellegerem
1499 1404 1593 1490 quale
1622 1414 1721 1481 esset,
1748 1406 1776 1471 si

440 1493 474 1563 iu
503 1500 585 1563 ceris
612 1495 782 1583 fingeretur
810 1508 865 1564 aut
892 1501 1043 1564 fictilibus
1072 1501 1204 1584 liguris:
1234 1502 1267 1565 in
1290 1500 1352 1563 deo
1376 1501 1453 1584 quid
1482 1500 1525 1564 sit
1546 1500 1637 1584 quasi
1660 1521 1776 1585 corpus

440 1593 607 1676 autquasi
631 1594 778 1676 sanguis,
808 1594 994 1676 intellegere
1016 1614 1078 1657 non
1103 1615 1242 1678 possum.
1279 1595 1325 1657 Ne
1348 1601 1382 1656 tu
1405 1591 1551 1676 quidem,
1574 1593 1692 1668 Vellei,
1720 1590 1777 1657 sed

441 1708 506 1752 uon
528 1689 575 1751 vis
597 1685 700 1752 fateri.
736 1685 788 1752 72.
811 1690 874 1752 lsta
897 1689 982 1753 enim
1005 1709 1024 1751 a
1046 1690 1137 1753 vobis
1154 1690 1247 1772 quasi
1262 1687 1379 1751 dictata
1393 1686 1580 1762 redduntur,
1603 1707 1686 1769 quas
1700 1685 1778 1769 lipi-

416 1793 535 1846 ucurus
557 1783 694 1846 oscitans
715 1781 916 1846 halucinatus
940 1790 1002 1856 est,
1033 1803 1105 1846 cum
1127 1782 1258 1867 quidem
1281 1781 1483 1865 gloriaretur,
1512 1790 1547 1846 ut
1576 1781 1722 1845 videmus
1743 1781 1777 1845 iu

440 1876 583 1959 scriptis,
605 1897 640 1940 se
663 1876 846 1959 magistrum
869 1878 1017 1940 habuisse
1033 1875 1168 1940 nullum.
1208 1874 1301 1950 Quod
1324 1875 1353 1938 ei
1376 1894 1442 1938 non
1457 1875 1654 1958 praedicanti
1670 1882 1777 1938 tamen

437 1965 532 2032 ¹facile
554 1969 703 2053 equidem
726 1969 904 2045 crederem,
933 1970 1016 2034 sicut
1036 1968 1111 2033 mali
1133 1966 1269 2032 aedilicii
1293 1969 1422 2033 domino
1445 1969 1592 2050 glorianti
1616 1988 1651 2032 se
1673 1967 1778 2032 archi·

439 2069 556 2126 motum
579 2083 644 2125 non
665 2063 827 2127 habuisse.
860 2062 946 2126 Nihil
967 2065 1051 2127 enim
1075 2061 1141 2126 olet
1157 2082 1198 2126 ex
1213 2062 1398 2137 Academia,
1419 2062 1497 2126 nihil
1514 2083 1552 2125 ex
1568 2061 1676 2146 Lycio,
1698 2060 1777 2125 nihil

438 2175 480 2218 ue
502 2174 520 2217 e
544 2157 721 2237 puerilibus
743 2156 874 2241 quidem
897 2156 1083 2240 disciplinis.
1121 2156 1323 2220 Xenocraten
1345 2156 1456 2221 audire
1477 2157 1597 2241 potuit,
1620 2175 1715 2240 quem
1730 2155 1778 2218 ri·

402 2264 523 2326 comm,
546 2250 579 2314 di
601 2251 809 2316 inmortales!
842 2259 874 2314 et
895 2259 971 2315 sunt
991 2252 1048 2336 qui
1070 2257 1185 2333 putent
1205 2249 1353 2314 audisse:
1384 2252 1453 2334 ipse
1475 2272 1537 2314 nou
1561 2250 1637 2314 vult.
1675 2248 1776 2312 Credo

439 2343 511 2430 plus
533 2344 664 2408 nemini.
705 2345 905 2429 Pamphilum
928 2343 1103 2429 quendam,
1135 2344 1276 2408 Platonis
1304 2344 1496 2419 auditorem,
1525 2344 1570 2407 ait
1591 2364 1610 2407 a
1632 2365 1665 2408 se
1689 2341 1774 2406 Sami

438 2438 598 2515 auditum:
620 2439 664 2502 ibi
688 2442 772 2505 enim
795 2438 982 2505 adulescens
1004 2438 1168 2502 habitabat
1189 2457 1261 2501 cum
1283 2447 1371 2520 patre
1393 2447 1425 2501 et
1444 2437 1611 2513 iratribus,
1633 2435 1720 2521 quod
1741 2435 1775 2497 iu

439 2552 510 2598 eam
531 2541 621 2615 pater
643 2534 713 2599 eius
733 2534 867 2598 Neocles
888 2536 1028 2619 agripeta
1044 2539 1188 2606 venerat,
1211 2530 1285 2605 sed,
1308 2551 1381 2594 cum
1396 2531 1518 2614 agellus
1532 2551 1605 2594 eum
1620 2529 1775 2594 nonsatis

438 2626 556 2701 aleret,
577 2634 613 2689 ut
634 2628 761 2711 opinor,
785 2628 852 2691 ludi
876 2630 1024 2712 magister
1046 2627 1116 2691 init.
1158 2623 1210 2688 73.
1233 2624 1294 2687 Sed
1317 2624 1403 2689 huuc
1425 2626 1621 2691 Platonicum
1643 2620 1775 2702 mirifice

401 2723 614 2786 tecentemuit
635 2721 811 2805 Epicurus:
834 2722 876 2785 ita
899 2724 1029 2796 metuit,
1051 2740 1092 2785 ue
1114 2720 1192 2804 quid
1215 2738 1366 2802 umquam
1388 2717 1539 2783 didicisse
1552 2720 1705 2783 videatur.
1740 2719 1775 2781 lu

437 2816 642 2902 Nausiphane
675 2815 878 2880 Democriteo
908 2823 1048 2890 tenetur,
1083 2834 1178 2899 quem
1208 2834 1279 2877 cum
1309 2832 1327 2876 a
1355 2833 1391 2876 se
1419 2834 1483 2877 uou
1505 2821 1600 2898 neget
1621 2813 1775 2888 auditum,

438 2918 535 2976 vexat
555 2920 660 2974 umen
682 2909 828 2973 omnibus
850 2909 1062 2974 contumeliis.
1098 2909 1196 2991 Atqui
1217 2910 1245 2971 si
1267 2907 1347 2971 haec
1360 2909 1559 2972 Democritea
1581 2928 1645 2972 nou
1666 2907 1776 2972 audis-

435 2997 505 3081 set,
527 3002 606 3089 quid
629 3004 799 3067 audierat?
821 3004 899 3087 quid
922 3012 971 3068 est
992 3005 1025 3067 in
1046 3003 1187 3087 physicis
1204 3002 1333 3085 Epicuri
1354 3022 1420 3064 non
1434 3021 1454 3065 a
1468 3003 1674 3066 Democrito?
1695 3003 1775 3065 Nam

438 3088 508 3162 etsi
521 3096 677 3182 quaedam
701 3098 919 3172 commutavit,
942 3104 978 3161 ut
998 3096 1085 3180 quod
1109 3096 1204 3179 paulo
1225 3103 1299 3158 aute
1314 3095 1354 3158 de
1375 3095 1580 3160 inclinatione
1598 3103 1774 3159 atomorum

399 3185 524 3269 addixi,
545 3202 652 3255 umen
674 3189 828 3275 pleraque
850 3190 927 3254 dicit
950 3188 1076 3265 eadem,
1099 3198 1235 3263 atomos,
1257 3189 1370 3264 inane,
1392 3190 1563 3271 imagines,
1585 3186 1774 3253 intinitatem

436 3283 582 3353 locorum
602 3282 988 3369 innumerabilitatemque
1003 3283 1210 3358 mundorum,
1234 3301 1344 3346 eorum
1363 3290 1462 3358 onus,
1484 3284 1645 3360 interitus,
1667 3284 1775 3348 omnia

437 3378 520 3456 iere,
543 3377 660 3465 quihus
683 3386 816 3442 naturae
837 3380 919 3444 ratio
942 3380 1132 3442 continetur.
1168 3380 1258 3441 Nunc
1279 3378 1362 3442 istuc
1378 3379 1470 3462 quasi
1493 3398 1609 3462 eorpus
1631 3385 1664 3442 et
1682 3380 1775 3464 quasi

438 3474 626 3559 sanguinem
648 3471 726 3557 quid
748 3471 932 3555 intellegis?
975 3468 1026 3535 74.
1048 3473 1116 3556 ligo
1139 3472 1224 3536 euim
1245 3481 1277 3535 te
1299 3472 1381 3536 scire
1403 3473 1465 3536 ista
1480 3473 1593 3538 melius
1611 3492 1707 3557 quam
1723 3493 1773 3536 ms

437 3590 503 3635 uon
526 3569 629 3633 iateor
650 3567 770 3640 solum,
793 3565 849 3629 sed
871 3566 967 3629 etiam
988 3567 1082 3630 facile
1101 3565 1219 3650 patior:
1242 3586 1313 3630 oum
1330 3566 1459 3650 quidem
1475 3567 1574 3631 semel
1589 3567 1773 3643 dictasunt,

400 3653 516 3748 mquid
547 3670 595 3726 est
628 3659 716 3745 quod
745 3658 887 3723 Velleius
915 3660 1101 3743 intellegere
1130 3662 1248 3744 possit,
1284 3661 1377 3725 Cotta
1409 3681 1473 3724 non
1502 3661 1626 3744 possiti
1664 3662 1774 3745 ltaque

438 3747 555 3844 corpus
572 3755 649 3841 quid
664 3754 722 3828 sit,
743 3754 873 3842 sanguis
889 3754 968 3837 quid
982 3757 1039 3830 sit,
1061 3755 1230 3838 intellego:
1254 3757 1344 3839 quasi
1360 3775 1475 3840 corpus
1491 3762 1523 3819 et
1538 3756 1630 3839 quasi
1644 3755 1774 3838 sanguis

438 3837 517 3946 quid
540 3851 597 3925 sit,
627 3847 716 3911 nullo
739 3866 870 3930 prorsus
893 3847 988 3911 modo
1013 3849 1177 3932 intellego.
1215 3850 1326 3932 Neque
1348 3856 1383 3911 tu
1406 3869 1457 3912 me
1479 3847 1579 3924 celas,
1603 3856 1639 3912 ut
1658 3848 1775 3934 Pytha·

420 3964 533 4039 *goras
563 3942 688 4009 solebat
711 3941 849 4017 alienos,
878 3961 938 4006 uec
958 3943 1105 4007 consulto
1127 3941 1208 4006 dicis
1230 3942 1367 4016 occulte,
1399 3949 1562 4025 tamquam
1583 3943 1773 4019 Heraclitus,

439 4039 512 4114 sed,
542 4036 628 4122 quod
658 4036 742 4100 inter
763 4055 823 4098 nos
846 4036 953 4111 liceat,
981 4056 1021 4100 ne
1042 4047 1077 4101 tu
1101 4037 1228 4121 quidem
1251 4034 1419 4119 intellegis.
1462 4035 1594 4099 xxvss.
1616 4034 1774 4101 75.1unu

401 4131 534 4194 touideo
563 4149 705 4215 pugnare
735 4138 780 4205 te,
810 4131 931 4214 species
954 4138 989 4194 ut
1011 4130 1168 4215 quaedam
1191 4131 1233 4193 sit
1254 4130 1405 4203 deorum,
1428 4150 1510 4212 quae
1532 4130 1611 4193 nibil
1634 4131 1775 4195 concreti

441 4222 569 4299 habeat,
600 4222 681 4286 nihil
703 4223 811 4298 solidi,
839 4223 917 4286 nihil
940 4225 1100 4307 expressi,
1128 4224 1207 4286 nihil
1231 4225 1412 4297 eminentis,
1434 4225 1539 4309 sitque
1561 4245 1655 4309 pura,
1685 4225 1775 4300 lasis,

440 4316 613 4401 perlucida.
651 4317 796 4379 Dicemus
818 4318 915 4397 igitur
935 4317 1036 4393 idem,
1059 4319 1146 4401 quod
1168 4318 1200 4380 in
1224 4320 1346 4381 Venere
1370 4319 1451 4382 Coa:
1473 4339 1587 4402 corpus
1609 4317 1687 4381 illud
1710 4339 1776 4381 uou

441 4418 506 4485 cst,
528 4412 586 4473 sed
608 4410 710 4472 similo
732 4410 893 4493 corporis,
915 4430 974 4473 uec
995 4412 1050 4476 illc
1072 4412 1163 4475 fusus
1186 4420 1219 4475 et
1240 4412 1379 4475 candore
1401 4413 1519 4476 mixtus
1534 4414 1630 4477 rubor
1645 4412 1775 4495 sanguis

441 4512 507 4580 est,
533 4504 590 4568 sed
620 4504 776 4588 quaedam
805 4506 969 4589 sauguinis
991 4506 1184 4570 similitudo:
1214 4507 1261 4570 sic
1289 4509 1323 4570 in
1345 4508 1504 4589 Epicureo
1527 4504 1587 4570 deo
1611 4530 1674 4572 uon
1697 4528 1775 4584 rem,

402 4598 498 4663 soced
520 4599 744 4663 similitudines
767 4619 837 4663 esse
860 4619 977 4663 rerum.
1009 4604 1071 4665 Fac
1093 4602 1142 4675 id,
1170 4602 1258 4685 quod
1281 4623 1321 4665 ne
1344 4602 1485 4685 intellegi
1507 4599 1635 4685 quidem
1659 4609 1775 4685 potest,

440 4694 518 4758 mihi
548 4715 618 4758 esse
649 4715 848 4778 persuasum,
879 4694 958 4759 cedo
988 4696 1065 4759 mihi
1094 4696 1227 4759 istorum
1250 4696 1506 4760 adumbratorum
1529 4696 1662 4759 deorum
1684 4694 1776 4759 linia·

441 4797 548 4853 menta
576 4797 672 4872 atque
701 4788 828 4854 formas.
872 4785 923 4851 76.
954 4791 1023 4852 Non
1046 4791 1135 4852 deest
1164 4790 1226 4853 hoc
1248 4789 1320 4853 loco
1344 4790 1435 4873 copia
1457 4790 1627 4863 rationum,
1657 4787 1776 4872 quibus

442 4881 557 4947 docere
580 4883 685 4946 velitis
708 4884 864 4947 humanas
887 4903 957 4946 esse
979 4882 1096 4947 formas
1112 4882 1262 4948 deorum:
1285 4885 1421 4967 primum
1436 4884 1524 4968 quod
1546 4884 1590 4947 ita
1613 4884 1656 4947 sit
1676 4883 1776 4946 infor-

496 5187 1775 5253 aaut:stsuo-acceusaequusiom.acue-s.aucqotus:qonsiu-o.ato-

439 5268 538 5318 mus
554 5268 591 5327 B:
610 5266 771 5316 muneratus
788 5267 851 5315 P-
868 5268 892 5317 6.
911 5266 1075 5317 cililotzius:
1095 5274 1118 5317 ct
1135 5265 1188 5318 tio
1202 5292 1229 5304 -
1247 5268 1392 5329 precanti?
1408 5294 1429 5303 -
1447 5265 1471 5315 7.
1484 5264 1598 5329 equidem
1610 5265 1773 5316 Lambinus:

440 5342 539 5405 quidun
555 5337 578 5392 u
597 5366 624 5377 -
643 5341 769 5391 ονσάινιιιι
785 5336 897 5392 a²u²az
916 5344 1013 5393 medem
1028 5340 1113 5400 A¹B¹;
1132 5341 1306 5399 ονοάιιιιιιιΰς
1325 5340 1428 5391 credam
1445 5341 1463 5390 P
1479 5367 1504 5376 -
1520 5342 1592 5389 domo
1610 5341 1669 5390 P-
1689 5339 1713 5390 8.
1727 5339 1776 5390 olet

438 5417 477 5467 u:
495 5419 568 5482 [toret
584 5417 692 5467 ACEP
716 5444 742 5453 -
760 5415 958 5469 sustossoria
978 5444 1005 5454 —
1024 5432 1058 5468 cu:
1074 5418 1149 5468 leutio
1165 5416 1228 5467 nibil
1243 5428 1274 5466 oe
1291 5417 1316 5465 io
1335 5428 1418 5478 marg.
1432 5428 1488 5465 sec.
1502 5428 1537 5466 m.
1551 5414 1645 5466 adda
1663 5441 1697 5451 —
1713 5415 1776 5464 iccio

443 5486 488 5552 1³¹:
509 5491 588 5542 leucio
606 5484 707 5551 Neu:
725 5491 803 5541 leucio
824 5493 856 5550 E:
874 5494 990 5554 LuccoO
1010 5519 1038 5529 -
1056 5491 1321 5544 9.X0ooerutemE0
1336 5518 1362 5526 -
1378 5490 1628 5541 lucadiuissco-
1648 5492 1776 5552 tipum·

436 5567 509 5631 filum
526 5567 594 5627 AC:
609 5569 750 5629 pumpitum
767 5568 801 5625 il:
817 5569 985 5631 pamphiliam
1002 5570 1022 5619 E
1041 5594 1068 5604 —
1088 5569 1126 5618 uit
1142 5582 1156 5618 o
1171 5581 1196 5619 ss
1213 5568 1232 5618 C
1247 5593 1273 5602 -
1295 5566 1334 5617 tt.
1353 5566 1436 5617 ncoctc
1451 5569 1471 5618 P
1484 5591 1512 5601 -
1531 5567 1647 5630 mpetu
1658 5578 1728 5615 corr.
1741 5578 1775 5616 ex

439 5646 560 5705 uqrcpstu
576 5645 597 5692 Α
616 5664 643 5677 -
668 5643 708 5691 lb.
727 5643 878 5704 communi:
894 5643 943 5693 ΑΕ
963 5669 991 5680 -
1011 5643 1051 5694 tl.
1070 5644 1150 5706 adqui
1167 5647 1188 5693 Α
1207 5669 1235 5680 -
1260 5642 1300 5693 ld.
1319 5648 1354 5692 est
1371 5639 1409 5693 il:
1429 5642 1494 5692 cuim
1512 5641 1532 5691 0
1551 5668 1579 5678 -
1596 5641 1638 5691 20.
1653 5641 1776 5704 pleraque

439 5724 505 5779 quus
520 5718 580 5767 dicit
597 5719 616 5768 P
635 5745 662 5755 -
681 5717 768 5767 incuss
783 5718 908 5780 imagines
924 5715 946 5768 a
960 5743 987 5753 -
1007 5718 1048 5768 ii.
1066 5718 1134 5769 istud
1148 5719 1168 5768 0
1182 5743 1209 5753 -
1228 5718 1269 5767 25.
1283 5717 1641 5778 ucNetimA—qwuaa-
1660 5714 1774 5766 licus-

437 5792 542 5842 tuaAlt
563 5819 590 5828 -
609 5791 651 5842 28.
669 5793 877 5843 conamine
897 5818 925 5829 -
949 5794 1098 5844 occultuch
1118 5819 1145 5829 -
1163 5792 1204 5844 29.
1223 5788 1358 5854 liqueret
1377 5818 1403 5827 —
1423 5790 1464 5842 32.
1482 5786 1608 5853 iqttser:
1627 5789 1724 5853 erqu
1743 5814 1771 5823 -

439 5866 491 5917 σοι
512 5868 605 5918 οιιι.Β
630 5893 657 5903 -
686 5867 727 5919 3³.
746 5868 860 5929 meu
879 5867 976 5918 ACE:
1005 5867 1174 5932 corporcffl:
1199 5868 1300 5930 corpori
1327 5866 1432 5918 8²0-
1459 5860 1723 5916 simulacro
1743 5889 1770 5900 -

438 5937 1635 6006 ta.rcmuuo-lsctoouodu¹-so.ccsuou-sa.ssttcua-tormac.
