4342 7459
439 1230 505 1300 030
676 1231 680 1242 '
1023 1232 1193 1297 Lelantus

438 1396 592 1462 amicitia
643 1391 696 1457 ot.
734 1394 847 1476 ltaque
882 1411 976 1455 verae
1008 1393 1165 1456 amicitiae
1199 1393 1386 1457 difficillime
1417 1395 1620 1478 reperiuntur
1650 1399 1686 1463 in
1720 1400 1772 1476 iia,

438 1492 499 1575 qui
520 1491 554 1552 in
576 1488 749 1552 bonoribus
770 1506 870 1569 reque
892 1486 1019 1568 publica
1041 1494 1217 1549 versantur.
1254 1488 1312 1552 Ubi
1327 1489 1410 1551 enim
1426 1490 1522 1553 istum
1537 1491 1701 1568 invenias,
1715 1495 1772 1578 qui

441 1585 596 1650 bonorem
618 1582 712 1646 amici
734 1588 904 1663 anteponat
925 1582 1006 1642 sno‘l
1051 1580 1161 1655 Quidt
1191 1579 1268 1645 baec
1290 1590 1326 1644 nt
1347 1584 1504 1658 omittam,
1531 1605 1627 1667 quam
1650 1605 1773 1670 graves,

440 1697 537 1762 qnam
564 1672 709 1740 difficiles
736 1673 898 1757 plerisque
921 1671 1070 1736 videntur
1091 1673 1304 1738 calamitatum
1327 1676 1513 1740 societates!
1542 1678 1686 1764 adquae
1706 1701 1772 1748 uon

415 1780 496 1842 test·
510 1770 605 1835 facile
627 1770 757 1833 inventu
778 1768 834 1851 qui
856 1766 1060 1831 descendant
1105 1767 1304 1851 Quamquam
1325 1770 1448 1833 Ennius
1470 1780 1575 1835 rectas

566 1864 726 1929 Amicus
757 1870 893 1925 certus
924 1862 965 1924 in
993 1881 1033 1924 re
1064 1863 1216 1924 incerta
1246 1862 1442 1938 cernitur,

439 1968 545 2032 tamen
566 1960 646 2023 baec
668 1956 731 2020 duo
752 1955 891 2018 levitatis
912 1963 945 2017 et
966 1954 1158 2018 infirmitatis
1179 1955 1351 2039 plerosque
1374 1957 1584 2035 convincunt,
1609 1970 1668 2024 aut
1688 1961 1717 2026 ei
1737 1964 1771 2028 in

440 2053 534 2119 bonis
560 2053 655 2117 rebus
682 2057 888 2114 contemnunt
914 2048 1028 2111 autin
1054 2049 1146 2112 malis
1170 2049 1330 2113 deserunt.
1375 2051 1438 2126 Qui
1460 2052 1559 2134 igitur
1581 2062 1715 2140 utraque
1736 2056 1771 2122 in

439 2162 475 2212 re
502 2167 647 2229 gravem
675 2151 886 2217 constantem,
916 2142 1060 2205 stabilem
1092 2162 1126 2205 se
1154 2144 1188 2205 in
1216 2144 1355 2207 amicitia
1382 2146 1590 2227 praestiterit,
1618 2148 1707 2213 hunc
1730 2170 1772 2215 ex

401 2242 578 2306 tumaxime
614 2259 688 2304 raro
724 2257 841 2322 genere
877 2236 1043 2299 hominum
1080 2236 1221 2300 iudicare
1259 2236 1411 2300 debemus
1447 2246 1479 2300 et
1515 2259 1616 2321 paens
1648 2242 1769 2308 divino.

439 2334 555 2400 XVlll.
592 2331 645 2396 65.
681 2334 928 2396 Firmamentum
962 2338 1069 2392 autem
1103 2329 1283 2393 stabilitatis
1315 2332 1576 2413 constantiaeque
1609 2345 1660 2399 est
1690 2338 1771 2414 eiua,

439 2446 537 2510 quam
558 2427 592 2489 in
613 2427 754 2491 amicitia
775 2424 966 2508 quaerimus,
986 2424 1077 2487 fides.
1104 2422 1191 2486 Nihil
1214 2432 1263 2486 est
1283 2424 1368 2487 enim
1389 2425 1517 2500 stabile,
1534 2429 1621 2510 quod
1635 2430 1770 2498 inlidum

439 2529 499 2586 eet.
542 2521 725 2603 Simplicem
747 2527 912 2603 praeterea
933 2527 965 2581 et
986 2537 1187 2580 communem
1216 2526 1248 2580 et
1269 2521 1538 2595 consentientem,
1565 2521 1599 2584 id
1621 2533 1687 2598 est,
1714 2526 1769 2609 qai

439 2614 535 2678 rebus
556 2612 658 2677 isdem
680 2621 858 2685 moveatur,
887 2610 962 2692 eligi
983 2631 1041 2694 par
1063 2619 1125 2685 est,
1153 2631 1235 2694 qnae
1258 2612 1366 2676 omnia
1387 2614 1550 2696 pertinent
1570 2617 1611 2680 ad
1632 2615 1770 2686 fidetiu-

402 2715 514 2774 tetem.
557 2710 668 2790 Neque
689 2708 775 2771 enim
796 2704 894 2768 fidum
917 2714 1114 2789 potestesse
1142 2704 1310 2787 multiplex
1335 2706 1500 2788 ingenium
1527 2718 1560 2772 et
1580 2718 1769 2790 tortuosum,

439 2820 547 2884 neque
568 2821 664 2876 vero,
693 2801 751 2885 qui
780 2820 844 2864 non
872 2798 993 2862 eisdem
1021 2800 1118 2861 rebus
1146 2807 1292 2862 movetur
1312 2807 1488 2884 naturaque
1509 2806 1687 2881 consentit,
1716 2817 1770 2873 aut

439 2892 521 2962 fidus
548 2901 603 2958 aut
629 2895 752 2960 stabilis
776 2902 878 2977 potest
899 2913 981 2956 esse.
1022 2891 1212 2955 Addendum
1235 2892 1348 2956 eodem
1371 2901 1436 2972 est,
1465 2903 1500 2962 ut
1521 2917 1562 2960 ne
1583 2900 1769 2967 criminibus

438 2998 495 3054 aut
523 2988 696 3054 inferendis
726 2989 901 3051 delectetur
926 2994 980 3050 aut
1005 2986 1113 3050 credat
1139 2986 1270 3061 oblatis,
1299 3006 1382 3068 quae
1411 2991 1571 3070 pertinent
1596 2995 1704 3058 omnia
1728 2995 1768 3058 ad

439 3104 528 3159 eam,
549 3101 643 3166 quam
666 3083 728 3146 iam
752 3081 870 3145 dudum
893 3089 1011 3153 tracto,
1033 3080 1256 3143 constantiam.
1299 3081 1347 3144 Ita
1369 3079 1405 3145 lit
1425 3102 1534 3147 verum
1556 3085 1653 3160 illud,
1681 3088 1769 3169 quod

400 3177 531 3243 reinitio
553 3176 637 3252 dixi,
666 3176 837 3240 amicitiam
859 3175 921 3237 nisi
944 3176 1025 3237 inter
1046 3175 1147 3237 banos
1170 3193 1242 3237 esse
1267 3195 1330 3239 non
1352 3196 1460 3258 posse.
1503 3179 1562 3242 Est
1583 3181 1669 3243 enim
1690 3181 1767 3249 mni

438 3271 509 3346 uiri,
531 3292 626 3356 quem
649 3270 786 3336 eundem
807 3269 983 3351 sapientem
1003 3268 1078 3331 licet
1100 3266 1215 3342 dicere,
1237 3267 1317 3333 baec
1339 3269 1403 3333 duo
1427 3278 1536 3335 tenere
1558 3274 1592 3337 in
1614 3276 1764 3340 amicitia:

438 3366 593 3450 primum,
620 3386 662 3429 ne
691 3363 767 3448 qnid
796 3360 902 3426 lictum
933 3362 976 3424 sit
1003 3381 1083 3424 neve
1113 3362 1315 3438 simulatum
1344 3373 1451 3448 aperte
1479 3366 1564 3430 enim
1586 3368 1637 3432 vel
1660 3368 1766 3434 odisse

437 3460 540 3542 magis
560 3460 689 3541 ingenui
711 3467 760 3521 est
780 3477 875 3540 quam
898 3456 1003 3518 fronte
1025 3454 1184 3518 occultare
1206 3459 1409 3521 sententium:
1438 3458 1555 3523 deinde
1576 3480 1642 3523 non
1664 3462 1766 3527 solum

438 3553 478 3618 ab
508 3552 619 3635 aliquo
648 3552 770 3615 adlatas
798 3548 1033 3614 criminationes
1061 3550 1234 3630 repellere,
1265 3551 1321 3614 sed
1348 3571 1387 3614 ne
1416 3554 1521 3635 ipsum
1543 3554 1674 3638 quidem
1695 3575 1765 3621 esse

400 3647 651 3730 usnspiciosum
684 3642 827 3728 [semper
859 3643 981 3726 aliquid
1015 3644 1246 3707 existimantem
1276 3645 1315 3708 eb
1344 3646 1447 3708 amico
1480 3667 1551 3710 esse
1581 3644 1765 3732 violatuml.

439 3738 491 3804 66.
512 3736 651 3803 Accedat
671 3739 733 3802 buc
756 3739 892 3801 suavitas
908 3735 1064 3821 quaedam
1079 3746 1203 3818 oportet
1218 3758 1397 3803 sermonum
1414 3749 1511 3824 atque
1528 3762 1667 3818 morum,
1681 3744 1765 3808 baud

438 3853 598 3917 quaquam
627 3833 788 3895 mediocre
810 3831 1045 3895 condimentum
1068 3832 1237 3895 amicitiae.
1282 3833 1420 3899 Tristitia
1441 3843 1548 3898 autem
1570 3845 1603 3899 et
1624 3838 1657 3902 in
1680 3839 1766 3902 omni

438 3945 473 3989 re
495 3926 648 3989 severitas
677 3925 773 3988 habet
802 3925 857 3988 illa
886 3923 1014 4008 quidem
1044 3924 1245 4007 gravitatem,
1275 3926 1332 3989 sed
1354 3929 1493 3992 amicitia
1513 3932 1676 3996 remissior
1697 3952 1767 3996 ease

438 4016 535 4083 debet
568 4028 600 4083 et
632 4019 762 4083 liberior
794 4028 825 4083 et
857 4017 982 4081 dulcior
1013 4028 1046 4082 et
1078 4017 1119 4081 ad
1153 4038 1279 4083 omnem
1313 4024 1491 4087 comitatem
1519 4023 1767 4109 laoilitatemqne

399 4115 617 4199 uproclivior.

522 4212 609 4273 xttt.
641 4206 692 4271 67.
721 4209 838 4271 Existit
866 4217 970 4271 autem
1002 4210 1063 4271 hoc
1093 4208 1162 4270 loco
1193 4207 1350 4290 quaedam
1381 4210 1525 4291 quaestio
1555 4210 1768 4290 subdifficilis,

438 4324 513 4367 num
536 4303 663 4386 quando
684 4299 777 4366 amici
800 4303 883 4375 novi,
907 4301 994 4383 digni
1016 4302 1171 4375 amicitia,
1203 4304 1360 4364 veteribus
1384 4305 1448 4366 sint
1470 4307 1703 4386 anteponendi,
1733 4315 1768 4372 ut

438 4398 530 4479 equis
556 4397 670 4460 vetulis
700 4406 825 4460 teneros
852 4405 1046 4478 anteponere
1068 4397 1217 4458 solemus.
1279 4397 1414 4479 Indigna
1440 4396 1568 4462 bomine
1594 4398 1766 4464 dubitatio!

437 4493 508 4555 Non
539 4493 622 4554 enim
652 4491 769 4553 debent
798 4509 868 4553 esse
897 4491 1125 4563 amicitiarum,
1159 4491 1242 4552 sicut
1277 4489 1411 4553 aliarum
1447 4512 1551 4554 rerum
1589 4495 1768 4560 satietates:

402 4586 607 4649 taveterrima
630 4604 799 4667 quaeque,
815 4593 850 4647 ut
872 4605 908 4646 ee
932 4586 1013 4658 vina,
1037 4605 1120 4666 quae
1145 4591 1330 4645 vetustatem
1354 4584 1469 4658 lerunt,
1492 4607 1562 4648 esse
1586 4588 1680 4650 debet
1696 4610 1769 4652 sua·

437 4677 583 4753 vissima,
612 4698 786 4760 verumque
815 4677 895 4740 illud
924 4686 987 4751 est,
1015 4678 1102 4760 qnod
1132 4677 1260 4751 dicitur,
1290 4678 1405 4740 multos
1429 4681 1552 4743 modios
1574 4681 1650 4744 salis
1673 4684 1768 4747 simul

504 4970 528 5018 l.
542 4968 569 5017 iu
585 4967 623 5016 tis
639 4968 737 5017 BGSV
750 4994 777 5006 -
796 4970 820 5018 ἰ.
833 4969 871 5018 rei
886 4968 1038 5029 publicari)
1060 4994 1085 5007 -
1105 4969 1310 5019 enimiurtumB
1330 4995 1357 5005 -
1378 4969 1402 5019 3.
1416 4971 1493 5019 amici
1511 4972 1597 5021 om.B
1617 4998 1645 5009 -
1664 4975 1769 5024 medam

437 5045 458 5096 G
478 5067 504 5081 -
524 5045 549 5093 b.
562 5044 710 5093 descenderit
727 5044 867 5094 BEGSV:
887 5044 1016 5093 demandat
1033 5044 1120 5100 Dt‘llo
1141 5068 1167 5077 —
1187 5044 1211 5093 8.
1231 5046 1257 5092 in
1273 5058 1302 5094 rc
1318 5051 1425 5106 utraque
1443 5046 1464 5094 D
1483 5071 1510 5080 -
1531 5047 1555 5096 9.
1574 5060 1600 5095 sc
1616 5049 1767 5098 amicicias

439 5144 467 5157 ·-
486 5119 527 5180 aa]
539 5124 562 5167 et
579 5118 630 5166 Bs¹
639 5120 668 5178 V,
693 5120 719 5169 in
737 5121 756 5168 G
774 5132 807 5168 ca
824 5123 884 5182 post
899 5122 1012 5168 maxime
1029 5131 1163 5181 suprascr.
1183 5122 1224 5167 est
1251 5145 1277 5155 -
1307 5120 1346 5167 to.
1360 5120 1424 5168 tom.
1438 5122 1564 5181 genereo
1585 5147 1612 5156 -
1633 5120 1692 5171 bene
1704 5122 1725 5170 V
1739 5149 1765 5160 -

436 5195 477 5243 ll.
490 5193 613 5243 stabilitas
629 5192 660 5242 G¹
679 5221 705 5231 -
731 5196 934 5254 constantiaeque
951 5195 1002 5241 eiras
1013 5220 1026 5229 -
1037 5222 1050 5231 -
1061 5195 1121 5255 tides
1139 5199 1173 5242 cst
1190 5195 1209 5242 0
1228 5218 1254 5228 -
1277 5194 1314 5242 tt.
1329 5200 1364 5242 est
1380 5197 1445 5242 enim
1461 5196 1525 5245 stab.
1545 5196 1633 5245 DEG:
1653 5199 1718 5245 enim
1734 5202 1768 5247 cst

435 5269 498 5320 stab.
518 5269 596 5327 llSV,
614 5270 680 5318 cuim
695 5269 757 5318 stab.
777 5274 811 5317 cst
828 5269 848 5318 0
868 5294 895 5304 -
915 5271 1018 5329 trifidum
1034 5276 1068 5317 est
1087 5271 1119 5318 C:
1138 5275 1173 5317 est
1191 5269 1279 5317 om.0
1299 5294 1325 5304 -
1347 5270 1386 5318 ⁴3.
1406 5271 1431 5317 id
1448 5276 1482 5318 ert
1499 5271 1607 5319 ubas:
1627 5273 1693 5320 idern
1710 5272 1765 5332 EV,

437 5345 526 5396 om.0
552 5372 578 5384 -
610 5346 653 5405 qui
670 5345 696 5392 in
714 5345 734 5393 D
754 5369 782 5379 -
806 5343 846 5392 ts.
866 5344 941 5392 isdem
958 5341 1029 5392 G¹V:
1053 5345 1147 5392 disderii
1165 5339 1282 5400 bools,
1307 5345 1396 5392 eisdem
1414 5344 1459 5392 EO
1480 5371 1506 5380 -
1531 5346 1570 5394 ⁴5.
1589 5351 1767 5397 ettortuasum

436 5421 564 5484 umatus
580 5420 650 5469 BSV
665 5445 691 5455 -
711 5419 751 5467 tt.
764 5418 848 5467 eodem
865 5431 919 5466 orn.
931 5419 949 5466 B
963 5444 989 5453 ·-
1010 5419 1049 5467 48.
1061 5421 1185 5479 pertinent
1197 5420 1281 5467 omnia
1294 5419 1311 5466 B
1322 5419 1432 5466 lJlJGV:
1453 5421 1537 5468 omnia
1546 5423 1671 5482 pertinent
1683 5423 1725 5471 so
1737 5447 1764 5460 -

436 5496 477 5547 20.
490 5496 517 5544 ui
530 5495 596 5543 v-
612 5496 652 5544 il.
666 5494 748 5542 dicere
763 5494 818 5542 licet
835 5494 906 5542 RSV
921 5520 947 5527 -
966 5495 1008 5545 22.
1020 5495 1131 5555 primum
1148 5507 1200 5542 om.
1213 5495 1229 5540 S
1243 5518 1270 5527 -
1291 5494 1330 5542 23.
1345 5495 1479 5556 ingenuum
1492 5495 1547 5554 SV,
1566 5498 1694 5558 ingenium
1707 5498 1766 5547 B-

436 5568 478 5620 il.
491 5570 652 5631 εοφὶοἱοοοω
661 5581 712 5617 esse
723 5568 742 5616 E
755 5592 782 5601 -
803 5569 843 5615 25.
856 5580 992 5626 semiper„
1001 5581 1050 5616 esse
1066 5569 1187 5616 alietatum
1205 5581 1268 5617 cunr
1283 5569 1436 5618 ttulinkeuio
1450 5575 1476 5619 et
1488 5571 1581 5620 Beiero
1594 5575 1622 5619 ut
1633 5570 1766 5634 glossema

437 5644 606 5701 inclusimns;
624 5658 649 5693 v.
660 5643 853 5695 Schneidewini
866 5642 955 5691 Pliilol.
971 5644 1000 5702 v,
1011 5642 1058 5692 ibi
1073 5668 1099 5677 —
1114 5642 1153 5690 so.
1167 5643 1358 5703 hautquaquam
1373 5644 1519 5702 lis‚0n1.V
1534 5672 1560 5682 -
1580 5648 1621 5696 28.
1634 5649 1679 5696 itta
1695 5649 1767 5698 babet

438 5721 570 5781 quidems
590 5746 617 5756 -
636 5718 676 5770 33.
690 5717 812 5766 dubitatio
829 5718 926 5767 tramine
944 5719 962 5767 E
980 5718 1053 5767 solus
1072 5730 1104 5765 er
1122 5718 1189 5765 meis
1209 5744 1234 5752 -
1255 5718 1295 5766 at.
1315 5720 1400 5767 demut
1416 5733 1466 5769 esse
1483 5722 1654 5770 amicitiarum
1673 5724 1764 5774 DEG:

438 5796 611 5844 amicitiarum
622 5794 768 5844 detentores
785 5794 819 5847 0;
838 5792 905 5840 debet
921 5805 970 5841 esse
987 5794 1317 5842 amicitiarum-·satietas
1334 5795 1403 5842 sssv
1423 5821 1448 5830 -
1468 5795 1507 5845 35.
1522 5798 1689 5846 uetustitatem
1706 5797 1722 5845 S
1737 5822 1763 5833 —

437 5881 488 5919 arae
504 5869 572 5918 debet
593 5869 698 5933 iladvig
714 5881 776 5918 cum
794 5869 905 5918 Beiero:
932 5881 983 5917 esse
998 5869 1083 5917 decem
1100 5881 1149 5917 csse
1166 5870 1194 5930 S,
1220 5869 1304 5918 debeat
1321 5882 1371 5917 csse
1389 5870 1421 5932 E,
1448 5884 1499 5922 erse
1515 5871 1599 5922 actem
1616 5872 1764 5933 bonvm

439 5955 465 5993 v.
483 5943 604 6008 iladvigii
620 5944 716 6009 Opusc.
736 5944 768 6006 ll,
780 5943 829 5994 tabl
846 5956 886 6007 aq.
907 5968 935 5981 -
960 5943 1000 5995 ³6.
1019 5944 1132 6027 φανά
1148 5945 1168 5995 Β
1185 5971 1218 5981 -
1235 5944 1308 5994 simut
1325 5959 1378 5996 am.
1391 5947 1418 5997 S.
