<?xml version="1.0" encoding="UTF-8"?>
<!DOCTYPE html PUBLIC "-//W3C//DTD XHTML 1.0 Transitional//EN"
    "http://www.w3.org/TR/xhtml1/DTD/xhtml1-transitional.dtd">
<html xmlns="http://www.w3.org/1999/xhtml" xml:lang="en" lang="en">
 <head>
  <title>
</title>
<meta http-equiv="Content-Type" content="text/html;charset=utf-8" />
  <meta name='ocr-system' content='tesseract 3.04.00' />
  <meta name='ocr-capabilities' content='ocr_page ocr_carea ocr_par ocr_line ocrx_word'/>
</head>
<body>
  <div class='ocr_page' id='page_1' title='image "./operaquaesupers00halmgoog/operaquaesupers00halmgoog_0416.png"; bbox 0 0 4342 7459; ppageno 0'>
   <div class='ocr_carea' id='block_1_1' title="bbox 448 1221 1334 1305">
    <p class='ocr_par' dir='ltr' id='par_1_1' title="bbox 448 1221 1334 1305">
     <span class='ocr_line' id='line_1_1' title="bbox 448 1221 1334 1305; baseline 0 -2"><span class='ocrx_word' id='word_1_1' title='bbox 448 1221 511 1304; x_wconf 79' lang='lat' dir='ltr'><strong>rei</strong></span> <span class='ocrx_word' id='word_1_2' title='bbox 751 1264 754 1270; x_wconf 91' lang='lat'>·</span> <span class='ocrx_word' id='word_1_3' title='bbox 788 1267 790 1270; x_wconf 93' lang='lat'>-</span> <span class='ocrx_word' id='word_1_4' title='bbox 901 1240 956 1304; x_wconf 80' lang='lat' dir='ltr'><strong>nx</strong></span> <span class='ocrx_word' id='word_1_5' title='bbox 978 1238 1149 1305; x_wconf 85' lang='lat' dir='ltr'><strong>nuonuu</strong></span> <span class='ocrx_word' id='word_1_6' title='bbox 1171 1240 1334 1304; x_wconf 75' lang='lat' dir='ltr'><strong>urrann</strong></span> 
     </span>
    </p>
   </div>
   <div class='ocr_carea' id='block_1_2' title="bbox 404 1397 1784 3360">
    <p class='ocr_par' dir='ltr' id='par_1_2' title="bbox 404 1397 1784 3360">
     <span class='ocr_line' id='line_1_2' title="bbox 448 1397 1783 1485; baseline -0.001 -21"><span class='ocrx_word' id='word_1_7' title='bbox 448 1402 590 1465; x_wconf 90' lang='lat' dir='ltr'><strong>omniurn</strong></span> <span class='ocrx_word' id='word_1_8' title='bbox 613 1418 679 1462; x_wconf 91' lang='lat' dir='ltr'><strong>non</strong></span> <span class='ocrx_word' id='word_1_9' title='bbox 700 1399 794 1461; x_wconf 93' lang='lat' dir='ltr'><strong>modo</strong></span> <span class='ocrx_word' id='word_1_10' title='bbox 817 1400 1070 1481; x_wconf 79' lang='lat' dir='ltr'><strong>superstitionem</strong></span> <span class='ocrx_word' id='word_1_11' title='bbox 1095 1401 1223 1477; x_wconf 91' lang='lat' dir='ltr'><strong>tollunt,</strong></span> <span class='ocrx_word' id='word_1_12' title='bbox 1245 1402 1279 1464; x_wconf 89' lang='lat' dir='ltr'><strong>in</strong></span> <span class='ocrx_word' id='word_1_13' title='bbox 1300 1420 1364 1485; x_wconf 92' lang='lat' dir='ltr'><strong>qua</strong></span> <span class='ocrx_word' id='word_1_14' title='bbox 1379 1402 1462 1464; x_wconf 90' lang='lat' dir='ltr'><strong>inest</strong></span> <span class='ocrx_word' id='word_1_15' title='bbox 1478 1397 1783 1464; x_wconf 85' lang='lat' dir='ltr'><strong>timorinenisdeo·</strong></span> 
     </span>
     <span class='ocr_line' id='line_1_3' title="bbox 447 1489 1783 1576; baseline -0.002 -17"><span class='ocrx_word' id='word_1_16' title='bbox 447 1516 531 1568; x_wconf 92' lang='lat' dir='ltr'><strong>rum,</strong></span> <span class='ocrx_word' id='word_1_17' title='bbox 555 1496 611 1558; x_wconf 93' lang='lat' dir='ltr'><strong>sed</strong></span> <span class='ocrx_word' id='word_1_18' title='bbox 634 1493 729 1556; x_wconf 90' lang='lat' dir='ltr'><strong>etiam</strong></span> <span class='ocrx_word' id='word_1_19' title='bbox 742 1493 945 1575; x_wconf 89' lang='lat' dir='ltr'><strong>religionem</strong></span> <span class='ocrx_word' id='word_1_20' title='bbox 969 1514 1051 1576; x_wconf 90' lang='lat' dir='ltr'><strong>quae</strong></span> <span class='ocrx_word' id='word_1_21' title='bbox 1067 1494 1200 1557; x_wconf 91' lang='lat' dir='ltr'><strong>deorum</strong></span> <span class='ocrx_word' id='word_1_22' title='bbox 1215 1494 1301 1558; x_wconf 90' lang='lat' dir='ltr'><strong>cultu</strong></span> <span class='ocrx_word' id='word_1_23' title='bbox 1316 1495 1371 1576; x_wconf 93' lang='lat' dir='ltr'><strong>pio</strong></span> <span class='ocrx_word' id='word_1_24' title='bbox 1386 1494 1576 1557; x_wconf 87' lang='lat' dir='ltr'><strong>continetur.</strong></span> <span class='ocrx_word' id='word_1_25' title='bbox 1607 1489 1680 1556; x_wconf 88' lang='lat' dir='ltr'><strong>ll8.</strong></span> <span class='ocrx_word' id='word_1_26' title='bbox 1695 1492 1783 1569; x_wconf 83' lang='lat' dir='ltr'><strong>Quid</strong></span> 
     </span>
     <span class='ocr_line' id='line_1_4' title="bbox 447 1585 1784 1672; baseline -0.001 -21"><span class='ocrx_word' id='word_1_27' title='bbox 447 1589 486 1664; x_wconf 91' lang='lat' dir='ltr'><strong>ii,</strong></span> <span class='ocrx_word' id='word_1_28' title='bbox 510 1590 565 1672; x_wconf 90' lang='lat' dir='ltr'><strong>qui</strong></span> <span class='ocrx_word' id='word_1_29' title='bbox 589 1587 738 1649; x_wconf 88' lang='lat' dir='ltr'><strong>dixerunt</strong></span> <span class='ocrx_word' id='word_1_30' title='bbox 760 1594 857 1649; x_wconf 90' lang='lat' dir='ltr'><strong>totam</strong></span> <span class='ocrx_word' id='word_1_31' title='bbox 879 1585 919 1650; x_wconf 90' lang='lat' dir='ltr'><strong>de</strong></span> <span class='ocrx_word' id='word_1_32' title='bbox 941 1587 990 1651; x_wconf 92' lang='lat' dir='ltr'><strong>dis</strong></span> <span class='ocrx_word' id='word_1_33' title='bbox 1011 1588 1230 1652; x_wconf 79' lang='lat' dir='ltr'><strong>inmortalibus</strong></span> <span class='ocrx_word' id='word_1_34' title='bbox 1254 1589 1436 1671; x_wconf 86' lang='lat' dir='ltr'><strong>opinionem</strong></span> <span class='ocrx_word' id='word_1_35' title='bbox 1459 1585 1562 1651; x_wconf 87' lang='lat' dir='ltr'><strong>fictam</strong></span> <span class='ocrx_word' id='word_1_36' title='bbox 1579 1606 1649 1650; x_wconf 89' lang='lat' dir='ltr'><strong>esse</strong></span> <span class='ocrx_word' id='word_1_37' title='bbox 1664 1590 1704 1651; x_wconf 79' lang='lat' dir='ltr'><strong>ab</strong></span> <span class='ocrx_word' id='word_1_38' title='bbox 1724 1587 1784 1649; x_wconf 93' lang='lat' dir='ltr'><strong>bo·</strong></span> 
     </span>
     <span class='ocr_line' id='line_1_5' title="bbox 446 1681 1782 1766; baseline -0.001 -21"><span class='ocrx_word' id='word_1_39' title='bbox 446 1682 585 1746; x_wconf 86' lang='lat' dir='ltr'><strong>minibus</strong></span> <span class='ocrx_word' id='word_1_40' title='bbox 609 1681 806 1764; x_wconf 81' lang='lat' dir='ltr'><strong>sapientibus</strong></span> <span class='ocrx_word' id='word_1_41' title='bbox 828 1683 875 1744; x_wconf 89' lang='lat' dir='ltr'><strong>rei</strong></span> <span class='ocrx_word' id='word_1_42' title='bbox 897 1682 1041 1766; x_wconf 88' lang='lat' dir='ltr'><strong>publicae</strong></span> <span class='ocrx_word' id='word_1_43' title='bbox 1064 1701 1175 1755; x_wconf 90' lang='lat' dir='ltr'><strong>causa,</strong></span> <span class='ocrx_word' id='word_1_44' title='bbox 1204 1690 1255 1755; x_wconf 93' lang='lat' dir='ltr'><strong>ut,</strong></span> <span class='ocrx_word' id='word_1_45' title='bbox 1282 1701 1365 1762; x_wconf 94' lang='lat' dir='ltr'><strong>quos</strong></span> <span class='ocrx_word' id='word_1_46' title='bbox 1387 1682 1467 1744; x_wconf 88' lang='lat' dir='ltr'><strong>ratio</strong></span> <span class='ocrx_word' id='word_1_47' title='bbox 1491 1700 1556 1743; x_wconf 92' lang='lat' dir='ltr'><strong>non</strong></span> <span class='ocrx_word' id='word_1_48' title='bbox 1578 1688 1703 1763; x_wconf 89' lang='lat' dir='ltr'><strong>posset,</strong></span> <span class='ocrx_word' id='word_1_49' title='bbox 1725 1700 1782 1745; x_wconf 88' lang='lat' dir='ltr'><strong>eas</strong></span> 
     </span>
     <span class='ocr_line' id='line_1_6' title="bbox 421 1759 1782 1858; baseline 0.002 -24"><span class='ocrx_word' id='word_1_50' title='bbox 421 1759 485 1839; x_wconf 76' lang='lat' dir='ltr'><strong>iad</strong></span> <span class='ocrx_word' id='word_1_51' title='bbox 501 1773 640 1838; x_wconf 82' lang='lat' dir='ltr'><strong>officium</strong></span> <span class='ocrx_word' id='word_1_52' title='bbox 655 1774 766 1855; x_wconf 89' lang='lat' dir='ltr'><strong>religio</strong></span> <span class='ocrx_word' id='word_1_53' title='bbox 783 1775 927 1849; x_wconf 91' lang='lat' dir='ltr'><strong>duceret,</strong></span> <span class='ocrx_word' id='word_1_54' title='bbox 943 1794 1048 1839; x_wconf 91' lang='lat' dir='ltr'><strong>nonne</strong></span> <span class='ocrx_word' id='word_1_55' title='bbox 1065 1795 1191 1838; x_wconf 93' lang='lat' dir='ltr'><strong>omnem</strong></span> <span class='ocrx_word' id='word_1_56' title='bbox 1205 1776 1392 1858; x_wconf 78' lang='lat' dir='ltr'><strong>religionem</strong></span> <span class='ocrx_word' id='word_1_57' title='bbox 1407 1775 1550 1839; x_wconf 77' lang='lat' dir='ltr'><strong>funditus</strong></span> <span class='ocrx_word' id='word_1_58' title='bbox 1566 1775 1782 1839; x_wconf 72' lang='lat' dir='ltr'><strong>sustulerunt?</strong></span> 
     </span>
     <span class='ocr_line' id='line_1_7' title="bbox 446 1868 1782 1952; baseline -0.001 -21"><span class='ocrx_word' id='word_1_59' title='bbox 446 1868 532 1943; x_wconf 86' lang='lat' dir='ltr'><strong>Quid</strong></span> <span class='ocrx_word' id='word_1_60' title='bbox 555 1869 706 1931; x_wconf 89' lang='lat' dir='ltr'><strong>Prodicus</strong></span> <span class='ocrx_word' id='word_1_61' title='bbox 729 1868 818 1942; x_wconf 86' lang='lat' dir='ltr'><strong>Cius,</strong></span> <span class='ocrx_word' id='word_1_62' title='bbox 842 1870 897 1952; x_wconf 93' lang='lat' dir='ltr'><strong>qui</strong></span> <span class='ocrx_word' id='word_1_63' title='bbox 921 1888 974 1943; x_wconf 89' lang='lat' dir='ltr'><strong>ea,</strong></span> <span class='ocrx_word' id='word_1_64' title='bbox 998 1889 1080 1952; x_wconf 89' lang='lat' dir='ltr'><strong>quae</strong></span> <span class='ocrx_word' id='word_1_65' title='bbox 1097 1869 1285 1951; x_wconf 87' lang='lat' dir='ltr'><strong>prodessent</strong></span> <span class='ocrx_word' id='word_1_66' title='bbox 1299 1869 1462 1932; x_wconf 80' lang='lat' dir='ltr'><strong>hominum</strong></span> <span class='ocrx_word' id='word_1_67' title='bbox 1478 1870 1576 1942; x_wconf 84' lang='lat' dir='ltr'><strong>rrtae</strong></span> <span class='ocrx_word' id='word_1_68' title='bbox 1599 1868 1759 1931; x_wconf 88' lang='lat' dir='ltr'><strong>deorum</strong></span> <span class='ocrx_word' id='word_1_69' title='bbox 1748 1886 1782 1930; x_wconf 86' lang='grc' dir='ltr'><strong>ιιι</strong></span> 
     </span>
     <span class='ocr_line' id='line_1_8' title="bbox 446 1957 1782 2047; baseline -0.002 -21"><span class='ocrx_word' id='word_1_70' title='bbox 446 1982 579 2026; x_wconf 91' lang='lat' dir='ltr'><strong>numero</strong></span> <span class='ocrx_word' id='word_1_71' title='bbox 600 1961 709 2025; x_wconf 91' lang='lat' dir='ltr'><strong>habita</strong></span> <span class='ocrx_word' id='word_1_72' title='bbox 731 1983 801 2026; x_wconf 89' lang='lat' dir='ltr'><strong>esse</strong></span> <span class='ocrx_word' id='word_1_73' title='bbox 816 1962 913 2038; x_wconf 84' lang='lat' dir='ltr'><strong>dixit,</strong></span> <span class='ocrx_word' id='word_1_74' title='bbox 937 1984 1031 2047; x_wconf 91' lang='lat' dir='ltr'><strong>quam</strong></span> <span class='ocrx_word' id='word_1_75' title='bbox 1049 1964 1176 2027; x_wconf 90' lang='lat' dir='ltr'><strong>tandem</strong></span> <span class='ocrx_word' id='word_1_76' title='bbox 1192 1963 1379 2046; x_wconf 82' lang='lat' dir='ltr'><strong>religionem</strong></span> <span class='ocrx_word' id='word_1_77' title='bbox 1394 1964 1551 2046; x_wconf 74' lang='lat' dir='ltr'><strong>reliquit?</strong></span> <span class='ocrx_word' id='word_1_78' title='bbox 1584 1957 1655 2024; x_wconf 78' lang='lat' dir='ltr'><strong>tlt.</strong></span> <span class='ocrx_word' id='word_1_79' title='bbox 1672 1960 1782 2037; x_wconf 78' lang='lat' dir='ltr'><strong>Ouidi</strong></span> 
     </span>
     <span class='ocr_line' id='line_1_9' title="bbox 446 2054 1782 2141; baseline -0.001 -22"><span class='ocrx_word' id='word_1_80' title='bbox 446 2058 502 2139; x_wconf 92' lang='lat' dir='ltr'><strong>qui</strong></span> <span class='ocrx_word' id='word_1_81' title='bbox 525 2064 580 2119; x_wconf 90' lang='lat' dir='ltr'><strong>aut</strong></span> <span class='ocrx_word' id='word_1_82' title='bbox 601 2054 691 2119; x_wconf 84' lang='lat' dir='ltr'><strong>sortis</strong></span> <span class='ocrx_word' id='word_1_83' title='bbox 714 2064 769 2119; x_wconf 94' lang='lat' dir='ltr'><strong>aut</strong></span> <span class='ocrx_word' id='word_1_84' title='bbox 791 2057 894 2121; x_wconf 91' lang='lat' dir='ltr'><strong>claros</strong></span> <span class='ocrx_word' id='word_1_85' title='bbox 916 2066 971 2121; x_wconf 92' lang='lat' dir='ltr'><strong>aut</strong></span> <span class='ocrx_word' id='word_1_86' title='bbox 992 2057 1130 2141; x_wconf 86' lang='lat' dir='ltr'><strong>potentis</strong></span> <span class='ocrx_word' id='word_1_87' title='bbox 1154 2059 1238 2120; x_wconf 83' lang='lat' dir='ltr'><strong>viras</strong></span> <span class='ocrx_word' id='word_1_88' title='bbox 1260 2057 1391 2119; x_wconf 88' lang='lat' dir='ltr'><strong>tradunt</strong></span> <span class='ocrx_word' id='word_1_89' title='bbox 1413 2064 1486 2139; x_wconf 92' lang='lat' dir='ltr'><strong>post</strong></span> <span class='ocrx_word' id='word_1_90' title='bbox 1502 2063 1635 2119; x_wconf 90' lang='lat' dir='ltr'><strong>martem</strong></span> <span class='ocrx_word' id='word_1_91' title='bbox 1647 2054 1687 2118; x_wconf 91' lang='lat' dir='ltr'><strong>ad</strong></span> <span class='ocrx_word' id='word_1_92' title='bbox 1703 2055 1782 2119; x_wconf 83' lang='lat' dir='ltr'><strong>deas</strong></span> 
     </span>
     <span class='ocr_line' id='line_1_10' title="bbox 445 2148 1782 2234; baseline 0 -22"><span class='ocrx_word' id='word_1_93' title='bbox 445 2150 629 2234; x_wconf 86' lang='lat' dir='ltr'><strong>pervenisse</strong></span> <span class='ocrx_word' id='word_1_94' title='bbox 651 2170 771 2233; x_wconf 90' lang='lat' dir='ltr'><strong>eosque</strong></span> <span class='ocrx_word' id='word_1_95' title='bbox 787 2171 856 2213; x_wconf 84' lang='lat' dir='ltr'><strong>esse</strong></span> <span class='ocrx_word' id='word_1_96' title='bbox 877 2154 979 2234; x_wconf 90' lang='lat' dir='ltr'><strong>ipsos,</strong></span> <span class='ocrx_word' id='word_1_97' title='bbox 1004 2172 1084 2234; x_wconf 90' lang='lat' dir='ltr'><strong>quos</strong></span> <span class='ocrx_word' id='word_1_98' title='bbox 1099 2170 1158 2213; x_wconf 91' lang='lat' dir='ltr'><strong>nos</strong></span> <span class='ocrx_word' id='word_1_99' title='bbox 1173 2151 1295 2225; x_wconf 90' lang='lat' dir='ltr'><strong>colere,</strong></span> <span class='ocrx_word' id='word_1_100' title='bbox 1319 2151 1440 2233; x_wconf 90' lang='lat' dir='ltr'><strong>precari</strong></span> <span class='ocrx_word' id='word_1_101' title='bbox 1455 2150 1664 2232; x_wconf 79' lang='lat' dir='ltr'><strong>venerarique</strong></span> <span class='ocrx_word' id='word_1_102' title='bbox 1679 2148 1782 2213; x_wconf 88' lang='lat' dir='ltr'><strong>salea-</strong></span> 
     </span>
     <span class='ocr_line' id='line_1_11' title="bbox 408 2241 1782 2327; baseline -0.002 -18"><span class='ocrx_word' id='word_1_103' title='bbox 408 2260 532 2317; x_wconf 88' lang='lat' dir='ltr'><strong>tomus,</strong></span> <span class='ocrx_word' id='word_1_104' title='bbox 555 2258 662 2306; x_wconf 89' lang='lat' dir='ltr'><strong>nonne</strong></span> <span class='ocrx_word' id='word_1_105' title='bbox 684 2253 832 2326; x_wconf 87' lang='lat' dir='ltr'><strong>expertes</strong></span> <span class='ocrx_word' id='word_1_106' title='bbox 855 2253 928 2308; x_wconf 92' lang='lat' dir='ltr'><strong>sunt</strong></span> <span class='ocrx_word' id='word_1_107' title='bbox 950 2245 1139 2327; x_wconf 77' lang='lat' dir='ltr'><strong>religionum</strong></span> <span class='ocrx_word' id='word_1_108' title='bbox 1162 2245 1327 2308; x_wconf 81' lang='lat' dir='ltr'><strong>omniomi</strong></span> <span class='ocrx_word' id='word_1_109' title='bbox 1361 2246 1452 2321; x_wconf 89' lang='lat' dir='ltr'><strong>Quae</strong></span> <span class='ocrx_word' id='word_1_110' title='bbox 1471 2241 1551 2307; x_wconf 81' lang='lat' dir='ltr'><strong>&#39;ratio</strong></span> <span class='ocrx_word' id='word_1_111' title='bbox 1567 2244 1704 2306; x_wconf 81' lang='lat' dir='ltr'><strong>maxime</strong></span> <span class='ocrx_word' id='word_1_112' title='bbox 1719 2250 1782 2306; x_wconf 90' lang='lat' dir='ltr'><strong>tra-</strong></span> 
     </span>
     <span class='ocr_line' id='line_1_12' title="bbox 445 2336 1782 2421; baseline -0.001 -21"><span class='ocrx_word' id='word_1_113' title='bbox 445 2341 529 2400; x_wconf 87' lang='lat' dir='ltr'><strong>ctata</strong></span> <span class='ocrx_word' id='word_1_114' title='bbox 550 2336 589 2400; x_wconf 90' lang='lat' dir='ltr'><strong>ab</strong></span> <span class='ocrx_word' id='word_1_115' title='bbox 606 2338 783 2401; x_wconf 85' lang='lat' dir='ltr'><strong>Euhemero</strong></span> <span class='ocrx_word' id='word_1_116' title='bbox 800 2346 858 2411; x_wconf 90' lang='lat' dir='ltr'><strong>est,</strong></span> <span class='ocrx_word' id='word_1_117' title='bbox 882 2347 1101 2421; x_wconf 85' lang='lat' dir='ltr'><strong>quemnoster</strong></span> <span class='ocrx_word' id='word_1_118' title='bbox 1116 2346 1148 2401; x_wconf 93' lang='lat' dir='ltr'><strong>et</strong></span> <span class='ocrx_word' id='word_1_119' title='bbox 1165 2339 1388 2421; x_wconf 88' lang='lat' dir='ltr'><strong>interpretatus</strong></span> <span class='ocrx_word' id='word_1_120' title='bbox 1405 2346 1436 2401; x_wconf 89' lang='lat' dir='ltr'><strong>et</strong></span> <span class='ocrx_word' id='word_1_121' title='bbox 1450 2346 1577 2400; x_wconf 90' lang='lat' dir='ltr'><strong>secutus</strong></span> <span class='ocrx_word' id='word_1_122' title='bbox 1594 2344 1642 2400; x_wconf 90' lang='lat' dir='ltr'><strong>est</strong></span> <span class='ocrx_word' id='word_1_123' title='bbox 1656 2342 1782 2420; x_wconf 88' lang='lat' dir='ltr'><strong>praeter</strong></span> 
     </span>
     <span class='ocr_line' id='line_1_13' title="bbox 444 2430 1781 2515; baseline -0.001 -22"><span class='ocrx_word' id='word_1_124' title='bbox 444 2436 573 2493; x_wconf 88' lang='lat' dir='ltr'><strong>ceteros·</strong></span> <span class='ocrx_word' id='word_1_125' title='bbox 589 2431 720 2494; x_wconf 88' lang='lat' dir='ltr'><strong>Ennius.</strong></span> <span class='ocrx_word' id='word_1_126' title='bbox 753 2432 801 2493; x_wconf 95' lang='lat' dir='ltr'><strong>Ab</strong></span> <span class='ocrx_word' id='word_1_127' title='bbox 823 2433 1001 2495; x_wconf 87' lang='lat' dir='ltr'><strong>Euhemero</strong></span> <span class='ocrx_word' id='word_1_128' title='bbox 1023 2440 1127 2494; x_wconf 90' lang='lat' dir='ltr'><strong>autern</strong></span> <span class='ocrx_word' id='word_1_129' title='bbox 1144 2439 1176 2495; x_wconf 90' lang='lat' dir='ltr'><strong>et</strong></span> <span class='ocrx_word' id='word_1_130' title='bbox 1191 2440 1308 2495; x_wconf 90' lang='lat' dir='ltr'><strong>mortes</strong></span> <span class='ocrx_word' id='word_1_131' title='bbox 1323 2442 1354 2496; x_wconf 93' lang='lat' dir='ltr'><strong>et</strong></span> <span class='ocrx_word' id='word_1_132' title='bbox 1369 2431 1548 2515; x_wconf 89' lang='lat' dir='ltr'><strong>sepulturae</strong></span> <span class='ocrx_word' id='word_1_133' title='bbox 1562 2430 1781 2494; x_wconf 82' lang='lat' dir='ltr'><strong>demonstrau-</strong></span> 
     </span>
     <span class='ocr_line' id='line_1_14' title="bbox 445 2522 1779 2608; baseline -0.001 -22"><span class='ocrx_word' id='word_1_134' title='bbox 445 2528 504 2587; x_wconf 89' lang='lat' dir='ltr'><strong>tu&#39;r·</strong></span> <span class='ocrx_word' id='word_1_135' title='bbox 517 2525 660 2587; x_wconf 82' lang='lat' dir='ltr'><strong>deorum.</strong></span> <span class='ocrx_word' id='word_1_136' title='bbox 694 2526 804 2588; x_wconf 88' lang='lat' dir='ltr'><strong>Utrum</strong></span> <span class='ocrx_word' id='word_1_137' title='bbox 827 2526 926 2608; x_wconf 91' lang='lat' dir='ltr'><strong>igitur</strong></span> <span class='ocrx_word' id='word_1_138' title='bbox 945 2526 998 2587; x_wconf 91' lang='lat' dir='ltr'><strong>hic</strong></span> <span class='ocrx_word' id='word_1_139' title='bbox 1020 2522 1222 2590; x_wconf 88' lang='lat' dir='ltr'><strong>confirmasse</strong></span> <span class='ocrx_word' id='word_1_140' title='bbox 1237 2525 1365 2589; x_wconf 85' lang='lat' dir='ltr'><strong>videtur</strong></span> <span class='ocrx_word' id='word_1_141' title='bbox 1387 2525 1573 2607; x_wconf 91' lang='lat' dir='ltr'><strong>religionem</strong></span> <span class='ocrx_word' id='word_1_142' title='bbox 1587 2543 1629 2586; x_wconf 89' lang='lat' dir='ltr'><strong>an</strong></span> <span class='ocrx_word' id='word_1_143' title='bbox 1651 2522 1779 2606; x_wconf 86' lang='lat' dir='ltr'><strong>penitus</strong></span> 
     </span>
     <span class='ocr_line' id='line_1_15' title="bbox 444 2617 1643 2701; baseline 0.001 -21"><span class='ocrx_word' id='word_1_144' title='bbox 444 2621 541 2681; x_wconf 83' lang='lat' dir='ltr'><strong>totam</strong></span> <span class='ocrx_word' id='word_1_145' title='bbox 563 2619 756 2681; x_wconf 76' lang='lat' dir='ltr'><strong>sustulisset</strong></span> <span class='ocrx_word' id='word_1_146' title='bbox 790 2617 910 2683; x_wconf 85' lang='lat' dir='ltr'><strong>Omitto</strong></span> <span class='ocrx_word' id='word_1_147' title='bbox 931 2619 1114 2682; x_wconf 87' lang='lat' dir='ltr'><strong>Eleusinem</strong></span> <span class='ocrx_word' id='word_1_148' title='bbox 1137 2628 1277 2684; x_wconf 88' lang='lat' dir='ltr'><strong>sanctam</strong></span> <span class='ocrx_word' id='word_1_149' title='bbox 1299 2621 1385 2683; x_wconf 92' lang='lat' dir='ltr'><strong>illam</strong></span> <span class='ocrx_word' id='word_1_150' title='bbox 1407 2627 1440 2682; x_wconf 90' lang='lat' dir='ltr'><strong>et</strong></span> <span class='ocrx_word' id='word_1_151' title='bbox 1462 2627 1643 2701; x_wconf 90' lang='lat' dir='ltr'><strong>augustam,</strong></span> 
     </span>
     <span class='ocr_line' id='line_1_16' title="bbox 404 2695 1526 2795; baseline 0.001 -19"><span class='ocrx_word' id='word_1_152' title='bbox 404 2695 435 2777; x_wconf 85' lang='lat' dir='ltr'><strong>&#39;le</strong></span> <span class='ocrx_word' id='word_1_153' title='bbox 526 2741 528 2744; x_wconf 89' lang='lat'>·</span> <span class='ocrx_word' id='word_1_154' title='bbox 657 2712 725 2775; x_wconf 84' lang='lat' dir='ltr'><strong>Ubi</strong></span> <span class='ocrx_word' id='word_1_155' title='bbox 746 2712 974 2776; x_wconf 87' lang='lat' dir='ltr'><strong>rnrtrantur</strong></span> <span class='ocrx_word' id='word_1_156' title='bbox 995 2721 1138 2795; x_wconf 91' lang='lat' dir='ltr'><strong>gentes</strong></span> <span class='ocrx_word' id='word_1_157' title='bbox 1161 2734 1319 2778; x_wconf 91' lang='lat' dir='ltr'><strong>orarum</strong></span> <span class='ocrx_word' id='word_1_158' title='bbox 1342 2715 1526 2787; x_wconf 86' lang='lat' dir='ltr'><strong>ultimae,</strong></span> 
     </span>
     <span class='ocr_line' id='line_1_17' title="bbox 443 2807 1259 2929; baseline 0 -59"><span class='ocrx_word' id='word_1_159' title='bbox 443 2808 610 2929; x_wconf 71' lang='lat' dir='ltr'><strong>praetereo</strong></span> <span class='ocrx_word' id='word_1_160' title='bbox 633 2807 879 2870; x_wconf 87' lang='lat' dir='ltr'><strong>Samothraciam</strong></span> <span class='ocrx_word' id='word_1_161' title='bbox 902 2825 1019 2891; x_wconf 91' lang='lat' dir='ltr'><strong>eaque,</strong></span> <span class='ocrx_word' id='word_1_162' title='bbox 1043 2826 1125 2889; x_wconf 90' lang='lat' dir='ltr'><strong>quae</strong></span> <span class='ocrx_word' id='word_1_163' title='bbox 1148 2808 1259 2870; x_wconf 87' lang='lat' dir='ltr'><strong>Lemni</strong></span> 
     </span>
     <span class='ocr_line' id='line_1_18' title="bbox 679 2899 1419 2966; baseline 0.001 -4"><span class='ocrx_word' id='word_1_164' title='bbox 679 2902 883 2963; x_wconf 88' lang='lat' dir='ltr'><strong>Nocturna</strong></span> <span class='ocrx_word' id='word_1_165' title='bbox 906 2899 1019 2964; x_wconf 89' lang='lat' dir='ltr'><strong>aditu</strong></span> <span class='ocrx_word' id='word_1_166' title='bbox 1041 2900 1207 2964; x_wconf 91' lang='lat' dir='ltr'><strong>occulta</strong></span> <span class='ocrx_word' id='word_1_167' title='bbox 1228 2903 1419 2966; x_wconf 89' lang='lat' dir='ltr'><strong>coluntur</strong></span> 
     </span>
     <span class='ocr_line' id='line_1_19' title="bbox 678 2994 1334 3077; baseline 0.002 -20"><span class='ocrx_word' id='word_1_168' title='bbox 678 2994 956 3057; x_wconf 83' lang='lat' dir='ltr'><strong>Silvestribus</strong></span> <span class='ocrx_word' id='word_1_169' title='bbox 978 2995 1171 3077; x_wconf 88' lang='lat' dir='ltr'><strong>saepibus</strong></span> <span class='ocrx_word' id='word_1_170' title='bbox 1194 2995 1334 3069; x_wconf 90' lang='lat' dir='ltr'><strong>densa,</strong></span> 
     </span>
     <span class='ocr_line' id='line_1_20' title="bbox 421 3086 1779 3183; baseline 0 -31"><span class='ocrx_word' id='word_1_171' title='bbox 421 3088 558 3183; x_wconf 88' lang='lat' dir='ltr'><strong>quibos</strong></span> <span class='ocrx_word' id='word_1_172' title='bbox 586 3087 753 3170; x_wconf 82' lang='lat' dir='ltr'><strong>explicatis</strong></span> <span class='ocrx_word' id='word_1_173' title='bbox 783 3089 823 3150; x_wconf 90' lang='lat' dir='ltr'><strong>ad</strong></span> <span class='ocrx_word' id='word_1_174' title='bbox 845 3089 1067 3171; x_wconf 89' lang='lat' dir='ltr'><strong>rationemque</strong></span> <span class='ocrx_word' id='word_1_175' title='bbox 1089 3086 1252 3152; x_wconf 84' lang='lat' dir='ltr'><strong>revocatis</strong></span> <span class='ocrx_word' id='word_1_176' title='bbox 1267 3109 1374 3152; x_wconf 90' lang='lat' dir='ltr'><strong>rerum</strong></span> <span class='ocrx_word' id='word_1_177' title='bbox 1396 3088 1496 3170; x_wconf 86' lang='lat' dir='ltr'><strong>magis</strong></span> <span class='ocrx_word' id='word_1_178' title='bbox 1527 3095 1638 3152; x_wconf 85' lang='lat' dir='ltr'><strong>natura</strong></span> <span class='ocrx_word' id='word_1_179' title='bbox 1660 3106 1779 3172; x_wconf 89' lang='lat' dir='ltr'><strong>cogna-</strong></span> 
     </span>
     <span class='ocr_line' id='line_1_21' title="bbox 405 3170 824 3307; baseline -0.01 -60"><span class='ocrx_word' id='word_1_180' title='bbox 405 3170 542 3307; x_wconf 75' lang='lat' dir='ltr'><strong>i&#39;oscitur</strong></span> <span class='ocrx_word' id='word_1_181' title='bbox 563 3202 658 3265; x_wconf 92' lang='lat' dir='ltr'><strong>quam</strong></span> <span class='ocrx_word' id='word_1_182' title='bbox 681 3181 824 3244; x_wconf 91' lang='lat' dir='ltr'><strong>dearum.</strong></span> 
     </span>
     <span class='ocr_line' id='line_1_22' title="bbox 492 3271 1777 3360; baseline 0 -22"><span class='ocrx_word' id='word_1_183' title='bbox 492 3276 640 3338; x_wconf 86' lang='lat' dir='ltr'><strong>Xhlll.</strong></span> <span class='ocrx_word' id='word_1_184' title='bbox 662 3271 735 3342; x_wconf 73' lang='lat'><strong>⁴20.</strong></span> <span class='ocrx_word' id='word_1_185' title='bbox 759 3276 836 3338; x_wconf 81' lang='lat' dir='ltr'><strong>Mihi</strong></span> <span class='ocrx_word' id='word_1_186' title='bbox 859 3275 989 3360; x_wconf 89' lang='lat' dir='ltr'><strong>quidem</strong></span> <span class='ocrx_word' id='word_1_187' title='bbox 1017 3275 1113 3340; x_wconf 90' lang='lat' dir='ltr'><strong>etiam</strong></span> <span class='ocrx_word' id='word_1_188' title='bbox 1135 3275 1349 3350; x_wconf 83' lang='lat' dir='ltr'><strong>Democritus,</strong></span> <span class='ocrx_word' id='word_1_189' title='bbox 1375 3276 1424 3337; x_wconf 86' lang='lat' dir='ltr'><strong>rir</strong></span> <span class='ocrx_word' id='word_1_190' title='bbox 1445 3293 1577 3359; x_wconf 85' lang='lat' dir='ltr'><strong>magnus</strong></span> <span class='ocrx_word' id='word_1_191' title='bbox 1600 3275 1777 3359; x_wconf 86' lang='lat' dir='ltr'><strong>inprimis,</strong></span> 
     </span>
    </p>
   </div>
   <div class='ocr_carea' id='block_1_3' title="bbox 403 3356 1778 3734">
    <p class='ocr_par' dir='ltr' id='par_1_3' title="bbox 403 3356 1778 3734">
     <span class='ocr_line' id='line_1_23' title="bbox 442 3356 1778 3451; baseline -0.001 -16"><span class='ocrx_word' id='word_1_192' title='bbox 442 3356 531 3435; x_wconf 80' lang='lat' dir='ltr'><strong>cuius</strong></span> <span class='ocrx_word' id='word_1_193' title='bbox 553 3368 693 3432; x_wconf 81' lang='lat' dir='ltr'><strong>lontibus</strong></span> <span class='ocrx_word' id='word_1_194' title='bbox 716 3370 873 3450; x_wconf 89' lang='lat' dir='ltr'><strong>Epicurus</strong></span> <span class='ocrx_word' id='word_1_195' title='bbox 894 3370 1037 3433; x_wconf 89' lang='lat' dir='ltr'><strong>hortulos</strong></span> <span class='ocrx_word' id='word_1_196' title='bbox 1059 3388 1135 3432; x_wconf 90' lang='lat' dir='ltr'><strong>suas</strong></span> <span class='ocrx_word' id='word_1_197' title='bbox 1158 3369 1322 3451; x_wconf 85' lang='lat' dir='ltr'><strong>inrigavit,</strong></span> <span class='ocrx_word' id='word_1_198' title='bbox 1346 3378 1458 3433; x_wconf 90' lang='lat' dir='ltr'><strong>nutare</strong></span> <span class='ocrx_word' id='word_1_199' title='bbox 1472 3370 1628 3434; x_wconf 82' lang='lat' dir='ltr'><strong>videtur</strong></span> <span class='ocrx_word' id='word_1_200' title='bbox 1617 3391 1651 3434; x_wconf 92' lang='grc' dir='ltr'><strong>ιιι</strong></span> <span class='ocrx_word' id='word_1_201' title='bbox 1665 3378 1778 3434; x_wconf 80' lang='lat' dir='ltr'><strong>natura</strong></span> 
     </span>
     <span class='ocr_line' id='line_1_24' title="bbox 441 3462 1778 3573; baseline -0.002 -45"><span class='ocrx_word' id='word_1_202' title='bbox 441 3464 584 3528; x_wconf 87' lang='lat' dir='ltr'><strong>deorum</strong></span> <span class='ocrx_word' id='word_1_203' title='bbox 620 3464 701 3525; x_wconf 87' lang='lat' dir='ltr'><strong>Turn</strong></span> <span class='ocrx_word' id='word_1_204' title='bbox 729 3464 813 3527; x_wconf 92' lang='lat' dir='ltr'><strong>enim</strong></span> <span class='ocrx_word' id='word_1_205' title='bbox 836 3472 945 3545; x_wconf 87' lang='lat' dir='ltr'><strong>censet</strong></span> <span class='ocrx_word' id='word_1_206' title='bbox 974 3463 1128 3545; x_wconf 87' lang='lat' dir='ltr'><strong>imagines</strong></span> <span class='ocrx_word' id='word_1_207' title='bbox 1151 3462 1317 3526; x_wconf 83' lang='lat' dir='ltr'><strong>divinitate</strong></span> <span class='ocrx_word' id='word_1_208' title='bbox 1340 3463 1529 3573; x_wconf 87' lang='lat' dir='ltr'><strong>praeditas</strong></span> <span class='ocrx_word' id='word_1_209' title='bbox 1519 3482 1626 3527; x_wconf 89' lang='lat' dir='ltr'><strong>messe</strong></span> <span class='ocrx_word' id='word_1_210' title='bbox 1647 3464 1681 3528; x_wconf 92' lang='lat' dir='ltr'><strong>in</strong></span> <span class='ocrx_word' id='word_1_211' title='bbox 1705 3463 1778 3527; x_wconf 89' lang='lat' dir='ltr'><strong>nni-</strong></span> 
     </span>
     <span class='ocr_line' id='line_1_25' title="bbox 440 3556 1776 3641; baseline 0.001 -21"><span class='ocrx_word' id='word_1_212' title='bbox 440 3556 589 3620; x_wconf 77' lang='lat' dir='ltr'><strong>iersitate</strong></span> <span class='ocrx_word' id='word_1_213' title='bbox 611 3575 727 3630; x_wconf 90' lang='lat' dir='ltr'><strong>rerum,</strong></span> <span class='ocrx_word' id='word_1_214' title='bbox 749 3564 815 3618; x_wconf 91' lang='lat' dir='ltr'><strong>tum</strong></span> <span class='ocrx_word' id='word_1_215' title='bbox 839 3556 996 3639; x_wconf 91' lang='lat' dir='ltr'><strong>principia</strong></span> <span class='ocrx_word' id='word_1_216' title='bbox 1017 3556 1142 3631; x_wconf 89' lang='lat' dir='ltr'><strong>mentis,</strong></span> <span class='ocrx_word' id='word_1_217' title='bbox 1165 3576 1247 3641; x_wconf 82' lang='lat' dir='ltr'><strong>quae</strong></span> <span class='ocrx_word' id='word_1_218' title='bbox 1262 3558 1349 3620; x_wconf 90' lang='lat' dir='ltr'><strong>sint</strong></span> <span class='ocrx_word' id='word_1_219' title='bbox 1339 3578 1373 3619; x_wconf 91' lang='grc' dir='ltr'><strong>ιιι</strong></span> <span class='ocrx_word' id='word_1_220' title='bbox 1390 3558 1501 3620; x_wconf 92' lang='lat' dir='ltr'><strong>eodem</strong></span> <span class='ocrx_word' id='word_1_221' title='bbox 1517 3558 1676 3633; x_wconf 81' lang='lat' dir='ltr'><strong>universo,</strong></span> <span class='ocrx_word' id='word_1_222' title='bbox 1698 3556 1776 3621; x_wconf 87' lang='lat' dir='ltr'><strong>deae</strong></span> 
     </span>
     <span class='ocr_line' id='line_1_26' title="bbox 403 3643 1777 3734; baseline -0.004 -16"><span class='ocrx_word' id='word_1_223' title='bbox 403 3643 512 3719; x_wconf 77' lang='lat' dir='ltr'><strong>siesse</strong></span> <span class='ocrx_word' id='word_1_224' title='bbox 535 3650 628 3723; x_wconf 91' lang='lat' dir='ltr'><strong>dicit,</strong></span> <span class='ocrx_word' id='word_1_225' title='bbox 652 3661 718 3713; x_wconf 91' lang='lat' dir='ltr'><strong>tum</strong></span> <span class='ocrx_word' id='word_1_226' title='bbox 740 3653 916 3714; x_wconf 86' lang='lat' dir='ltr'><strong>animantes</strong></span> <span class='ocrx_word' id='word_1_227' title='bbox 938 3651 1110 3732; x_wconf 91' lang='lat' dir='ltr'><strong>imagines,</strong></span> <span class='ocrx_word' id='word_1_228' title='bbox 1134 3670 1216 3731; x_wconf 89' lang='lat' dir='ltr'><strong>quae</strong></span> <span class='ocrx_word' id='word_1_229' title='bbox 1234 3650 1285 3713; x_wconf 81' lang='lat' dir='ltr'><strong>vel</strong></span> <span class='ocrx_word' id='word_1_230' title='bbox 1308 3651 1458 3734; x_wconf 89' lang='lat' dir='ltr'><strong>prodesse</strong></span> <span class='ocrx_word' id='word_1_231' title='bbox 1480 3651 1574 3713; x_wconf 89' lang='lat' dir='ltr'><strong>nobis</strong></span> <span class='ocrx_word' id='word_1_232' title='bbox 1589 3652 1713 3715; x_wconf 89' lang='lat' dir='ltr'><strong>soleant</strong></span> <span class='ocrx_word' id='word_1_233' title='bbox 1726 3649 1777 3715; x_wconf 87' lang='lat' dir='ltr'><strong>rel</strong></span> 
     </span>
    </p>
   </div>
   <div class='ocr_carea' id='block_1_4' title="bbox 400 3744 1776 4765">
    <p class='ocr_par' dir='ltr' id='par_1_4' title="bbox 400 3744 1776 4765">
     <span class='ocr_line' id='line_1_27' title="bbox 440 3744 1775 3828; baseline -0.001 -19"><span class='ocrx_word' id='word_1_234' title='bbox 440 3745 573 3818; x_wconf 81' lang='lat' dir='ltr'><strong>necere,</strong></span> <span class='ocrx_word' id='word_1_235' title='bbox 596 3752 663 3806; x_wconf 91' lang='lat' dir='ltr'><strong>tum</strong></span> <span class='ocrx_word' id='word_1_236' title='bbox 678 3744 817 3825; x_wconf 89' lang='lat' dir='ltr'><strong>ingentis</strong></span> <span class='ocrx_word' id='word_1_237' title='bbox 832 3745 984 3827; x_wconf 91' lang='lat' dir='ltr'><strong>quasdam</strong></span> <span class='ocrx_word' id='word_1_238' title='bbox 1000 3744 1153 3825; x_wconf 87' lang='lat' dir='ltr'><strong>imagines</strong></span> <span class='ocrx_word' id='word_1_239' title='bbox 1170 3752 1350 3828; x_wconf 86' lang='lat' dir='ltr'><strong>tantasque,</strong></span> <span class='ocrx_word' id='word_1_240' title='bbox 1374 3752 1411 3807; x_wconf 95' lang='lat' dir='ltr'><strong>ut</strong></span> <span class='ocrx_word' id='word_1_241' title='bbox 1425 3746 1607 3808; x_wconf 86' lang='lat' dir='ltr'><strong>universum</strong></span> <span class='ocrx_word' id='word_1_242' title='bbox 1622 3744 1775 3809; x_wconf 89' lang='lat' dir='ltr'><strong>mundum</strong></span> 
     </span>
     <span class='ocr_line' id='line_1_28' title="bbox 440 3837 1776 3924; baseline 0 -23"><span class='ocrx_word' id='word_1_243' title='bbox 440 3838 682 3921; x_wconf 82' lang='lat' dir='ltr'><strong>conplectantur</strong></span> <span class='ocrx_word' id='word_1_244' title='bbox 696 3838 911 3900; x_wconf 76' lang='lat' dir='ltr'><strong>extrinsecust</strong></span> <span class='ocrx_word' id='word_1_245' title='bbox 928 3857 1010 3921; x_wconf 93' lang='lat' dir='ltr'><strong>quae</strong></span> <span class='ocrx_word' id='word_1_246' title='bbox 1026 3837 1157 3919; x_wconf 91' lang='lat' dir='ltr'><strong>quidem</strong></span> <span class='ocrx_word' id='word_1_247' title='bbox 1173 3839 1280 3901; x_wconf 90' lang='lat' dir='ltr'><strong>omnia</strong></span> <span class='ocrx_word' id='word_1_248' title='bbox 1295 3846 1370 3901; x_wconf 90' lang='lat' dir='ltr'><strong>sunt</strong></span> <span class='ocrx_word' id='word_1_249' title='bbox 1385 3838 1487 3921; x_wconf 91' lang='lat' dir='ltr'><strong>patria</strong></span> <span class='ocrx_word' id='word_1_250' title='bbox 1498 3839 1667 3903; x_wconf 88' lang='lat' dir='ltr'><strong>Democriti</strong></span> <span class='ocrx_word' id='word_1_251' title='bbox 1680 3859 1776 3924; x_wconf 91' lang='lat' dir='ltr'><strong>quam</strong></span> 
     </span>
     <span class='ocr_line' id='line_1_29' title="bbox 438 3927 1775 4015; baseline -0.001 -19"><span class='ocrx_word' id='word_1_252' title='bbox 438 3931 618 3996; x_wconf 84' lang='lat' dir='ltr'><strong>Democrito</strong></span> <span class='ocrx_word' id='word_1_253' title='bbox 640 3931 795 4013; x_wconf 88' lang='lat' dir='ltr'><strong>digniora.</strong></span> <span class='ocrx_word' id='word_1_254' title='bbox 839 3927 911 3993; x_wconf 68' lang='lat' dir='ltr'><strong>tit.</strong></span> <span class='ocrx_word' id='word_1_255' title='bbox 932 3931 1012 4007; x_wconf 91' lang='lat' dir='ltr'><strong>Quis</strong></span> <span class='ocrx_word' id='word_1_256' title='bbox 1028 3932 1112 3993; x_wconf 86' lang='lat' dir='ltr'><strong>enim</strong></span> <span class='ocrx_word' id='word_1_257' title='bbox 1129 3932 1205 3995; x_wconf 89' lang='lat' dir='ltr'><strong>istas</strong></span> <span class='ocrx_word' id='word_1_258' title='bbox 1221 3932 1376 4014; x_wconf 89' lang='lat' dir='ltr'><strong>imagines</strong></span> <span class='ocrx_word' id='word_1_259' title='bbox 1392 3931 1654 4015; x_wconf 88' lang='lat' dir='ltr'><strong>conprehendere</strong></span> <span class='ocrx_word' id='word_1_260' title='bbox 1670 3932 1775 3995; x_wconf 88' lang='lat' dir='ltr'><strong>anima</strong></span> 
     </span>
     <span class='ocr_line' id='line_1_30' title="bbox 438 4025 1775 4110; baseline -0.001 -21"><span class='ocrx_word' id='word_1_261' title='bbox 438 4028 569 4110; x_wconf 83' lang='lat' dir='ltr'><strong>po&#39;testt</strong></span> <span class='ocrx_word' id='word_1_262' title='bbox 604 4025 675 4108; x_wconf 92' lang='lat' dir='ltr'><strong>quis</strong></span> <span class='ocrx_word' id='word_1_263' title='bbox 698 4025 867 4087; x_wconf 72' lang='lat' dir='ltr'><strong>admirari?</strong></span> <span class='ocrx_word' id='word_1_264' title='bbox 899 4027 971 4108; x_wconf 87' lang='lat' dir='ltr'><strong>quis</strong></span> <span class='ocrx_word' id='word_1_265' title='bbox 999 4033 1055 4088; x_wconf 90' lang='lat' dir='ltr'><strong>aut</strong></span> <span class='ocrx_word' id='word_1_266' title='bbox 1084 4027 1171 4089; x_wconf 90' lang='lat' dir='ltr'><strong>cultu</strong></span> <span class='ocrx_word' id='word_1_267' title='bbox 1200 4034 1255 4090; x_wconf 92' lang='lat' dir='ltr'><strong>aut</strong></span> <span class='ocrx_word' id='word_1_268' title='bbox 1284 4025 1439 4108; x_wconf 89' lang='lat' dir='ltr'><strong>religione</strong></span> <span class='ocrx_word' id='word_1_269' title='bbox 1469 4026 1580 4108; x_wconf 93' lang='lat' dir='ltr'><strong>dignas</strong></span> <span class='ocrx_word' id='word_1_270' title='bbox 1609 4025 1775 4089; x_wconf 82' lang='lat' dir='ltr'><strong>iudicaret</strong></span> 
     </span>
     <span class='ocr_line' id='line_1_31' title="bbox 400 4117 1776 4203; baseline -0.004 -17"><span class='ocrx_word' id='word_1_271' title='bbox 400 4117 592 4203; x_wconf 82' lang='lat' dir='ltr'><strong>aaEpicurus</strong></span> <span class='ocrx_word' id='word_1_272' title='bbox 614 4139 689 4181; x_wconf 81' lang='lat' dir='ltr'><strong>vero</strong></span> <span class='ocrx_word' id='word_1_273' title='bbox 712 4139 753 4180; x_wconf 89' lang='lat' dir='ltr'><strong>ex</strong></span> <span class='ocrx_word' id='word_1_274' title='bbox 775 4120 889 4182; x_wconf 89' lang='lat' dir='ltr'><strong>animis</strong></span> <span class='ocrx_word' id='word_1_275' title='bbox 910 4120 1073 4182; x_wconf 90' lang='lat' dir='ltr'><strong>hominum</strong></span> <span class='ocrx_word' id='word_1_276' title='bbox 1095 4122 1233 4183; x_wconf 82' lang='lat' dir='ltr'><strong>extraxit</strong></span> <span class='ocrx_word' id='word_1_277' title='bbox 1254 4120 1405 4182; x_wconf 87' lang='lat' dir='ltr'><strong>radicitus</strong></span> <span class='ocrx_word' id='word_1_278' title='bbox 1422 4120 1626 4201; x_wconf 89' lang='lat' dir='ltr'><strong>religionem,</strong></span> <span class='ocrx_word' id='word_1_279' title='bbox 1648 4140 1720 4183; x_wconf 93' lang='lat' dir='ltr'><strong>cum</strong></span> <span class='ocrx_word' id='word_1_280' title='bbox 1742 4120 1776 4182; x_wconf 82' lang='lat' dir='ltr'><strong>in</strong></span> 
     </span>
     <span class='ocr_line' id='line_1_32' title="bbox 439 4212 1775 4296; baseline -0.001 -20"><span class='ocrx_word' id='word_1_281' title='bbox 439 4214 487 4276; x_wconf 91' lang='lat' dir='ltr'><strong>dis</strong></span> <span class='ocrx_word' id='word_1_282' title='bbox 503 4212 723 4275; x_wconf 86' lang='lat' dir='ltr'><strong>inmortalibus</strong></span> <span class='ocrx_word' id='word_1_283' title='bbox 740 4223 772 4274; x_wconf 90' lang='lat' dir='ltr'><strong>et</strong></span> <span class='ocrx_word' id='word_1_284' title='bbox 788 4233 881 4294; x_wconf 90' lang='lat' dir='ltr'><strong>opem</strong></span> <span class='ocrx_word' id='word_1_285' title='bbox 897 4221 928 4274; x_wconf 91' lang='lat' dir='ltr'><strong>et</strong></span> <span class='ocrx_word' id='word_1_286' title='bbox 943 4218 1075 4295; x_wconf 91' lang='lat' dir='ltr'><strong>gratiam</strong></span> <span class='ocrx_word' id='word_1_287' title='bbox 1092 4215 1230 4277; x_wconf 87' lang='lat' dir='ltr'><strong>sustulit.</strong></span> <span class='ocrx_word' id='word_1_288' title='bbox 1266 4213 1344 4276; x_wconf 86' lang='lat' dir='ltr'><strong>Cum</strong></span> <span class='ocrx_word' id='word_1_289' title='bbox 1362 4215 1446 4277; x_wconf 90' lang='lat' dir='ltr'><strong>enim</strong></span> <span class='ocrx_word' id='word_1_290' title='bbox 1462 4215 1614 4296; x_wconf 88' lang='lat' dir='ltr'><strong>optimam</strong></span> <span class='ocrx_word' id='word_1_291' title='bbox 1630 4221 1662 4276; x_wconf 93' lang='lat' dir='ltr'><strong>et</strong></span> <span class='ocrx_word' id='word_1_292' title='bbox 1684 4232 1775 4295; x_wconf 89' lang='lat' dir='ltr'><strong>prae·</strong></span> 
     </span>
     <span class='ocr_line' id='line_1_33' title="bbox 437 4306 1774 4390; baseline -0.001 -19"><span class='ocrx_word' id='word_1_293' title='bbox 437 4307 661 4371; x_wconf 89' lang='lat' dir='ltr'><strong>stantissimam</strong></span> <span class='ocrx_word' id='word_1_294' title='bbox 691 4314 836 4368; x_wconf 90' lang='lat' dir='ltr'><strong>naturam</strong></span> <span class='ocrx_word' id='word_1_295' title='bbox 865 4306 916 4369; x_wconf 91' lang='lat' dir='ltr'><strong>dei</strong></span> <span class='ocrx_word' id='word_1_296' title='bbox 946 4308 1031 4370; x_wconf 90' lang='lat' dir='ltr'><strong>dicat</strong></span> <span class='ocrx_word' id='word_1_297' title='bbox 1057 4329 1144 4382; x_wconf 89' lang='lat' dir='ltr'><strong>esse,</strong></span> <span class='ocrx_word' id='word_1_298' title='bbox 1175 4316 1270 4389; x_wconf 88' lang='lat' dir='ltr'><strong>negat</strong></span> <span class='ocrx_word' id='word_1_299' title='bbox 1291 4309 1376 4371; x_wconf 88' lang='lat' dir='ltr'><strong>idem</strong></span> <span class='ocrx_word' id='word_1_300' title='bbox 1400 4328 1469 4371; x_wconf 90' lang='lat' dir='ltr'><strong>esse</strong></span> <span class='ocrx_word' id='word_1_301' title='bbox 1493 4309 1526 4369; x_wconf 93' lang='lat' dir='ltr'><strong>in</strong></span> <span class='ocrx_word' id='word_1_302' title='bbox 1548 4308 1609 4370; x_wconf 93' lang='lat' dir='ltr'><strong>deo</strong></span> <span class='ocrx_word' id='word_1_303' title='bbox 1632 4308 1774 4390; x_wconf 88' lang='lat' dir='ltr'><strong>gratiam.</strong></span> 
     </span>
     <span class='ocr_line' id='line_1_34' title="bbox 438 4400 1775 4484; baseline 0.001 -23"><span class='ocrx_word' id='word_1_304' title='bbox 438 4401 536 4464; x_wconf 90' lang='lat' dir='ltr'><strong>Tollit</strong></span> <span class='ocrx_word' id='word_1_305' title='bbox 564 4400 613 4473; x_wconf 92' lang='lat' dir='ltr'><strong>id,</strong></span> <span class='ocrx_word' id='word_1_306' title='bbox 644 4400 730 4482; x_wconf 93' lang='lat' dir='ltr'><strong>quod</strong></span> <span class='ocrx_word' id='word_1_307' title='bbox 760 4400 897 4461; x_wconf 86' lang='lat' dir='ltr'><strong>maxime</strong></span> <span class='ocrx_word' id='word_1_308' title='bbox 926 4402 1090 4482; x_wconf 85' lang='lat' dir='ltr'><strong>proprium</strong></span> <span class='ocrx_word' id='word_1_309' title='bbox 1114 4409 1162 4464; x_wconf 89' lang='lat' dir='ltr'><strong>est</strong></span> <span class='ocrx_word' id='word_1_310' title='bbox 1184 4404 1322 4483; x_wconf 87' lang='lat' dir='ltr'><strong>optimae</strong></span> <span class='ocrx_word' id='word_1_311' title='bbox 1345 4402 1697 4484; x_wconf 87' lang='lat' dir='ltr'><strong>praestantissimaeque</strong></span> <span class='ocrx_word' id='word_1_312' title='bbox 1719 4421 1775 4463; x_wconf 89' lang='lat' dir='ltr'><strong>na·</strong></span> 
     </span>
     <span class='ocr_line' id='line_1_35' title="bbox 438 4491 1773 4578; baseline -0.001 -21"><span class='ocrx_word' id='word_1_313' title='bbox 438 4503 539 4557; x_wconf 89' lang='lat' dir='ltr'><strong>turae.</strong></span> <span class='ocrx_word' id='word_1_314' title='bbox 573 4495 656 4569; x_wconf 90' lang='lat' dir='ltr'><strong>Quid</strong></span> <span class='ocrx_word' id='word_1_315' title='bbox 681 4494 763 4555; x_wconf 85' lang='lat' dir='ltr'><strong>enim</strong></span> <span class='ocrx_word' id='word_1_316' title='bbox 788 4494 899 4556; x_wconf 88' lang='lat' dir='ltr'><strong>melius</strong></span> <span class='ocrx_word' id='word_1_317' title='bbox 922 4502 977 4557; x_wconf 91' lang='lat' dir='ltr'><strong>aut</strong></span> <span class='ocrx_word' id='word_1_318' title='bbox 999 4495 1077 4577; x_wconf 92' lang='lat' dir='ltr'><strong>quid</strong></span> <span class='ocrx_word' id='word_1_319' title='bbox 1101 4497 1311 4578; x_wconf 89' lang='lat' dir='ltr'><strong>praestantius</strong></span> <span class='ocrx_word' id='word_1_320' title='bbox 1334 4495 1473 4559; x_wconf 88' lang='lat' dir='ltr'><strong>bonitate</strong></span> <span class='ocrx_word' id='word_1_321' title='bbox 1496 4503 1528 4557; x_wconf 90' lang='lat' dir='ltr'><strong>et</strong></span> <span class='ocrx_word' id='word_1_322' title='bbox 1542 4491 1773 4557; x_wconf 74' lang='lat' dir='ltr'><strong>beneficentia?</strong></span> 
     </span>
     <span class='ocr_line' id='line_1_36' title="bbox 400 4588 1775 4663; baseline 0.001 -13"><span class='ocrx_word' id='word_1_323' title='bbox 400 4588 512 4663; x_wconf 78' lang='lat' dir='ltr'><strong>asQua</strong></span> <span class='ocrx_word' id='word_1_324' title='bbox 534 4609 604 4650; x_wconf 93' lang='lat' dir='ltr'><strong>cum</strong></span> <span class='ocrx_word' id='word_1_325' title='bbox 629 4608 735 4650; x_wconf 90' lang='lat' dir='ltr'><strong>carere</strong></span> <span class='ocrx_word' id='word_1_326' title='bbox 757 4589 851 4651; x_wconf 90' lang='lat' dir='ltr'><strong>deum</strong></span> <span class='ocrx_word' id='word_1_327' title='bbox 873 4588 982 4661; x_wconf 81' lang='lat' dir='ltr'><strong>vultis,</strong></span> <span class='ocrx_word' id='word_1_328' title='bbox 1006 4589 1166 4651; x_wconf 92' lang='lat' dir='ltr'><strong>neminem</strong></span> <span class='ocrx_word' id='word_1_329' title='bbox 1190 4588 1250 4651; x_wconf 90' lang='lat' dir='ltr'><strong>deo</strong></span> <span class='ocrx_word' id='word_1_330' title='bbox 1274 4609 1333 4652; x_wconf 92' lang='lat' dir='ltr'><strong>nea</strong></span> <span class='ocrx_word' id='word_1_331' title='bbox 1348 4590 1443 4653; x_wconf 86' lang='lat' dir='ltr'><strong>deum</strong></span> <span class='ocrx_word' id='word_1_332' title='bbox 1465 4610 1524 4652; x_wconf 90' lang='lat' dir='ltr'><strong>nec</strong></span> <span class='ocrx_word' id='word_1_333' title='bbox 1546 4589 1706 4652; x_wconf 91' lang='lat' dir='ltr'><strong>hominem</strong></span> <span class='ocrx_word' id='word_1_334' title='bbox 1722 4608 1775 4652; x_wconf 88' lang='lat' dir='ltr'><strong>ca·</strong></span> 
     </span>
     <span class='ocr_line' id='line_1_37' title="bbox 438 4682 1774 4765; baseline -0.002 -17"><span class='ocrx_word' id='word_1_335' title='bbox 438 4703 523 4757; x_wconf 89' lang='lat' dir='ltr'><strong>rum,</strong></span> <span class='ocrx_word' id='word_1_336' title='bbox 555 4682 714 4745; x_wconf 89' lang='lat' dir='ltr'><strong>neminem</strong></span> <span class='ocrx_word' id='word_1_337' title='bbox 742 4683 782 4744; x_wconf 93' lang='lat' dir='ltr'><strong>ab</strong></span> <span class='ocrx_word' id='word_1_338' title='bbox 817 4703 855 4745; x_wconf 92' lang='lat' dir='ltr'><strong>ea</strong></span> <span class='ocrx_word' id='word_1_339' title='bbox 888 4683 1003 4757; x_wconf 91' lang='lat' dir='ltr'><strong>amari,</strong></span> <span class='ocrx_word' id='word_1_340' title='bbox 1037 4683 1197 4747; x_wconf 88' lang='lat' dir='ltr'><strong>neminem</strong></span> <span class='ocrx_word' id='word_1_341' title='bbox 1226 4683 1315 4765; x_wconf 90' lang='lat' dir='ltr'><strong>diligi</strong></span> <span class='ocrx_word' id='word_1_342' title='bbox 1343 4683 1447 4746; x_wconf 89' lang='lat' dir='ltr'><strong>vultis.</strong></span> <span class='ocrx_word' id='word_1_343' title='bbox 1494 4685 1541 4747; x_wconf 93' lang='lat' dir='ltr'><strong>lta</strong></span> <span class='ocrx_word' id='word_1_344' title='bbox 1573 4683 1610 4745; x_wconf 89' lang='lat' dir='ltr'><strong>lit</strong></span> <span class='ocrx_word' id='word_1_345' title='bbox 1646 4690 1682 4746; x_wconf 89' lang='lat' dir='ltr'><strong>ut</strong></span> <span class='ocrx_word' id='word_1_346' title='bbox 1708 4702 1774 4747; x_wconf 89' lang='lat' dir='ltr'><strong>non</strong></span> 
     </span>
    </p>
   </div>
   <div class='ocr_carea' id='block_1_5' title="bbox 434 4958 1774 6004">
    <p class='ocr_par' dir='ltr' id='par_1_5' title="bbox 434 4958 1774 6004">
     <span class='ocr_line' id='line_1_38' title="bbox 505 4958 1774 5026; baseline 0.001 -16"><span class='ocrx_word' id='word_1_347' title='bbox 505 4963 528 5011; x_wconf 92' lang='grc'><strong>4.</strong></span> <span class='ocrx_word' id='word_1_348' title='bbox 546 4962 725 5023; x_wconf 80' lang='lat' dir='ltr'><strong>superstionem</strong></span> <span class='ocrx_word' id='word_1_349' title='bbox 740 4963 762 5011; x_wconf 93' lang='lat' dir='ltr'>A</span> <span class='ocrx_word' id='word_1_350' title='bbox 786 4987 812 4996; x_wconf 91' lang='lat'>—</span> <span class='ocrx_word' id='word_1_351' title='bbox 837 4962 862 5011; x_wconf 76' lang='lat'><strong>2.</strong></span> <span class='ocrx_word' id='word_1_352' title='bbox 882 4961 947 5023; x_wconf 81' lang='lat' dir='ltr'><strong>Quid</strong></span> <span class='ocrx_word' id='word_1_353' title='bbox 968 4962 987 5012; x_wconf 86' lang='lat' dir='ltr'><strong>ii</strong></span> <span class='ocrx_word' id='word_1_354' title='bbox 1008 4974 1061 5012; x_wconf 90' lang='lat' dir='ltr'><strong>om.</strong></span> <span class='ocrx_word' id='word_1_355' title='bbox 1081 4963 1101 5012; x_wconf 88' lang='lat' dir='ltr'>C</span> <span class='ocrx_word' id='word_1_356' title='bbox 1122 4987 1148 4997; x_wconf 92' lang='lat'>-</span> <span class='ocrx_word' id='word_1_357' title='bbox 1173 4962 1197 5012; x_wconf 88' lang='lat'><strong>6.</strong></span> <span class='ocrx_word' id='word_1_358' title='bbox 1213 4963 1336 5026; x_wconf 77' lang='lat' dir='ltr'><strong>prodigus</strong></span> <span class='ocrx_word' id='word_1_359' title='bbox 1352 4958 1375 5012; x_wconf 71' lang='grc' dir='ltr'><strong>ΙΙ</strong></span> <span class='ocrx_word' id='word_1_360' title='bbox 1393 4986 1420 4997; x_wconf 91' lang='grc'><strong>-</strong></span> <span class='ocrx_word' id='word_1_361' title='bbox 1449 4960 1507 5011; x_wconf 78' lang='lat' dir='ltr'><strong>Cius</strong></span> <span class='ocrx_word' id='word_1_362' title='bbox 1522 4959 1671 5012; x_wconf 85' lang='lat' dir='ltr'><strong>Victorius:</strong></span> <span class='ocrx_word' id='word_1_363' title='bbox 1695 4959 1774 5011; x_wconf 82' lang='lat' dir='ltr'><strong>cbiuis</strong></span> 
     </span>
     <span class='ocr_line' id='line_1_39' title="bbox 438 5033 1774 5099; baseline -0.001 -11"><span class='ocrx_word' id='word_1_364' title='bbox 438 5035 535 5097; x_wconf 85' lang='lat' dir='ltr'><strong>Aec;</strong></span> <span class='ocrx_word' id='word_1_365' title='bbox 554 5037 622 5085; x_wconf 82' lang='lat' dir='ltr'><strong>chius</strong></span> <span class='ocrx_word' id='word_1_366' title='bbox 640 5038 676 5093; x_wconf 83' lang='lat' dir='ltr'><strong>E;</strong></span> <span class='ocrx_word' id='word_1_367' title='bbox 696 5038 794 5086; x_wconf 74' lang='lat' dir='ltr'><strong>Cesso</strong></span> <span class='ocrx_word' id='word_1_368' title='bbox 814 5063 841 5073; x_wconf 94' lang='lat'><em>-</em></span> <span class='ocrx_word' id='word_1_369' title='bbox 860 5035 884 5084; x_wconf 78' lang='lat' dir='ltr'><strong>i.</strong></span> <span class='ocrx_word' id='word_1_370' title='bbox 903 5038 1011 5099; x_wconf 84' lang='lat' dir='ltr'><strong>reliquid</strong></span> <span class='ocrx_word' id='word_1_371' title='bbox 1028 5033 1057 5087; x_wconf 80' lang='grc' dir='ltr'><strong>Β1</strong></span> <span class='ocrx_word' id='word_1_372' title='bbox 1077 5065 1104 5073; x_wconf 96' lang='grc'><strong>-</strong></span> <span class='ocrx_word' id='word_1_373' title='bbox 1124 5036 1164 5087; x_wconf 92' lang='grc'><strong>44.</strong></span> <span class='ocrx_word' id='word_1_374' title='bbox 1183 5037 1312 5087; x_wconf 75' lang='lat' dir='ltr'><strong>eubenero</strong></span> <span class='ocrx_word' id='word_1_375' title='bbox 1330 5035 1407 5088; x_wconf 86' lang='lat' dir='ltr'>A¹C:</span> <span class='ocrx_word' id='word_1_376' title='bbox 1433 5037 1578 5086; x_wconf 75' lang='lat' dir='ltr'><strong>beubcmew</strong></span> <span class='ocrx_word' id='word_1_377' title='bbox 1596 5037 1633 5096; x_wconf 84' lang='lat' dir='ltr'><strong>B;</strong></span> <span class='ocrx_word' id='word_1_378' title='bbox 1657 5036 1774 5087; x_wconf 68' lang='lat' dir='ltr'><strong>bermo</strong></span> 
     </span>
     <span class='ocr_line' id='line_1_40' title="bbox 437 5109 1770 5170; baseline 0.001 -7"><span class='ocrx_word' id='word_1_379' title='bbox 437 5115 483 5170; x_wconf 74' lang='lat' dir='ltr'><strong>A13</strong></span> <span class='ocrx_word' id='word_1_380' title='bbox 506 5112 604 5162; x_wconf 77' lang='lat' dir='ltr'><strong>lentem</strong></span> <span class='ocrx_word' id='word_1_381' title='bbox 622 5113 641 5162; x_wconf 82' lang='lat' dir='ltr'>E</span> <span class='ocrx_word' id='word_1_382' title='bbox 666 5139 692 5147; x_wconf 94' lang='lat'>—</span> <span class='ocrx_word' id='word_1_383' title='bbox 718 5112 999 5162; x_wconf 58' lang='lat' dir='ltr'><strong>indemonstratum</strong></span> <span class='ocrx_word' id='word_1_384' title='bbox 1025 5139 1052 5147; x_wconf 94' lang='lat'><em>-</em></span> <span class='ocrx_word' id='word_1_385' title='bbox 1076 5112 1115 5162; x_wconf 83' lang='grc'><strong>43.</strong></span> <span class='ocrx_word' id='word_1_386' title='bbox 1134 5112 1160 5161; x_wconf 86' lang='lat' dir='ltr'><strong>bi</strong></span> <span class='ocrx_word' id='word_1_387' title='bbox 1177 5109 1207 5164; x_wconf 90' lang='lat' dir='ltr'><strong>A¹</strong></span> <span class='ocrx_word' id='word_1_388' title='bbox 1227 5139 1253 5148; x_wconf 94' lang='lat'>-</span> <span class='ocrx_word' id='word_1_389' title='bbox 1280 5112 1320 5163; x_wconf 93' lang='grc'><strong>44.</strong></span> <span class='ocrx_word' id='word_1_390' title='bbox 1339 5112 1414 5161; x_wconf 79' lang='lat' dir='ltr'><strong>amiw</strong></span> <span class='ocrx_word' id='word_1_391' title='bbox 1431 5115 1452 5162; x_wconf 90' lang='lat' dir='ltr'>A</span> <span class='ocrx_word' id='word_1_392' title='bbox 1473 5138 1500 5148; x_wconf 87' lang='lat'>-</span> <span class='ocrx_word' id='word_1_393' title='bbox 1524 5112 1656 5161; x_wconf 69' lang='lat' dir='ltr'><strong>elmuinem</strong></span> <span class='ocrx_word' id='word_1_394' title='bbox 1672 5112 1770 5164; x_wconf 82' lang='lat' dir='ltr'>ACE:</span> 
     </span>
     <span class='ocr_line' id='line_1_41' title="bbox 437 5183 1770 5249; baseline 0.001 -13"><span class='ocrx_word' id='word_1_395' title='bbox 437 5183 548 5237; x_wconf 57' lang='lat' dir='ltr'><strong>eleusim</strong></span> <span class='ocrx_word' id='word_1_396' title='bbox 565 5188 601 5246; x_wconf 84' lang='lat' dir='ltr'><strong>D;</strong></span> <span class='ocrx_word' id='word_1_397' title='bbox 620 5186 738 5236; x_wconf 79' lang='lat' dir='ltr'><strong>Eleusina</strong></span> <span class='ocrx_word' id='word_1_398' title='bbox 755 5187 783 5235; x_wconf 93' lang='lat'><strong>0.</strong></span> <span class='ocrx_word' id='word_1_399' title='bbox 804 5185 842 5235; x_wconf 88' lang='lat' dir='ltr'><strong>Cl.</strong></span> <span class='ocrx_word' id='word_1_400' title='bbox 862 5198 886 5249; x_wconf 88' lang='lat' dir='ltr'><strong>p.</strong></span> <span class='ocrx_word' id='word_1_401' title='bbox 902 5185 959 5246; x_wconf 78' lang='lat' dir='ltr'><strong>2l6,</strong></span> <span class='ocrx_word' id='word_1_402' title='bbox 973 5188 1013 5236; x_wconf 75' lang='lat'><strong>20.</strong></span> <span class='ocrx_word' id='word_1_403' title='bbox 1030 5214 1057 5223; x_wconf 90' lang='lat'>-</span> <span class='ocrx_word' id='word_1_404' title='bbox 1077 5188 1118 5236; x_wconf 87' lang='grc'><strong>45.</strong></span> <span class='ocrx_word' id='word_1_405' title='bbox 1136 5187 1258 5237; x_wconf 75' lang='lat' dir='ltr'><strong>horarum</strong></span> <span class='ocrx_word' id='word_1_406' title='bbox 1275 5190 1294 5238; x_wconf 96' lang='lat' dir='ltr'>A</span> <span class='ocrx_word' id='word_1_407' title='bbox 1309 5184 1356 5246; x_wconf 89' lang='lat' dir='ltr'><strong>C¹;</strong></span> <span class='ocrx_word' id='word_1_408' title='bbox 1375 5185 1555 5249; x_wconf 75' lang='lat' dir='ltr'><strong>oraisseutley</strong></span> <span class='ocrx_word' id='word_1_409' title='bbox 1567 5188 1592 5237; x_wconf 91' lang='lat' dir='ltr'><strong>iu</strong></span> <span class='ocrx_word' id='word_1_410' title='bbox 1606 5188 1667 5237; x_wconf 81' lang='lat' dir='ltr'><strong>lior.</strong></span> <span class='ocrx_word' id='word_1_411' title='bbox 1682 5188 1770 5239; x_wconf 80' lang='lat' dir='ltr'><strong>Carni.</strong></span> 
     </span>
     <span class='ocr_line' id='line_1_42' title="bbox 437 5262 1771 5326; baseline -0.001 -13"><span class='ocrx_word' id='word_1_412' title='bbox 437 5264 457 5323; x_wconf 96' lang='lat' dir='ltr'><strong>l,</strong></span> <span class='ocrx_word' id='word_1_413' title='bbox 476 5262 516 5321; x_wconf 81' lang='lat'><strong>35,</strong></span> <span class='ocrx_word' id='word_1_414' title='bbox 535 5262 576 5310; x_wconf 71' lang='lat'><strong>29.</strong></span> <span class='ocrx_word' id='word_1_415' title='bbox 595 5288 627 5296; x_wconf 98' lang='lat'>—</span> <span class='ocrx_word' id='word_1_416' title='bbox 646 5262 686 5311; x_wconf 88' lang='grc'><strong>46.</strong></span> <span class='ocrx_word' id='word_1_417' title='bbox 704 5263 884 5311; x_wconf 80' lang='lat' dir='ltr'><strong>samotraciam</strong></span> <span class='ocrx_word' id='word_1_418' title='bbox 901 5262 951 5312; x_wconf 91' lang='lat' dir='ltr'><strong>AC</strong></span> <span class='ocrx_word' id='word_1_419' title='bbox 970 5288 997 5297; x_wconf 96' lang='lat'>-</span> <span class='ocrx_word' id='word_1_420' title='bbox 1016 5274 1097 5324; x_wconf 82' lang='lat' dir='ltr'><strong>eaque</strong></span> <span class='ocrx_word' id='word_1_421' title='bbox 1113 5265 1170 5323; x_wconf 77' lang='lat' dir='ltr'><strong>tque</strong></span> <span class='ocrx_word' id='word_1_422' title='bbox 1180 5262 1206 5312; x_wconf 89' lang='lat' dir='ltr'><strong>in</strong></span> <span class='ocrx_word' id='word_1_423' title='bbox 1219 5263 1282 5324; x_wconf 90' lang='lat' dir='ltr'><strong>ras.)</strong></span> <span class='ocrx_word' id='word_1_424' title='bbox 1300 5264 1362 5311; x_wconf 94' lang='lat' dir='ltr'><strong>A-</strong></span> <span class='ocrx_word' id='word_1_425' title='bbox 1387 5262 1422 5311; x_wconf 80' lang='lat' dir='ltr'><strong>tt.</strong></span> <span class='ocrx_word' id='word_1_426' title='bbox 1442 5262 1540 5311; x_wconf 80' lang='lat' dir='ltr'><strong>occulta</strong></span> <span class='ocrx_word' id='word_1_427' title='bbox 1556 5264 1673 5312; x_wconf 78' lang='lat' dir='ltr'><strong>colantur</strong></span> <span class='ocrx_word' id='word_1_428' title='bbox 1689 5263 1771 5326; x_wconf 73' lang='grc' dir='ltr'><strong>αάίιιι,</strong></span> 
     </span>
     <span class='ocr_line' id='line_1_43' title="bbox 436 5334 1770 5402; baseline -0.004 -12"><span class='ocrx_word' id='word_1_429' title='bbox 436 5336 485 5390; x_wconf 90' lang='lat' dir='ltr'><strong>sed</strong></span> <span class='ocrx_word' id='word_1_430' title='bbox 503 5337 599 5387; x_wconf 88' lang='lat' dir='ltr'><strong>additis</strong></span> <span class='ocrx_word' id='word_1_431' title='bbox 616 5337 806 5402; x_wconf 86' lang='lat' dir='ltr'><strong>transponendi</strong></span> <span class='ocrx_word' id='word_1_432' title='bbox 824 5339 901 5397; x_wconf 88' lang='lat' dir='ltr'><strong>notis,</strong></span> <span class='ocrx_word' id='word_1_433' title='bbox 922 5339 941 5388; x_wconf 87' lang='lat' dir='ltr'>C</span> <span class='ocrx_word' id='word_1_434' title='bbox 961 5362 988 5373; x_wconf 88' lang='lat'>-</span> <span class='ocrx_word' id='word_1_435' title='bbox 1009 5337 1049 5388; x_wconf 90' lang='grc'><strong>48.</strong></span> <span class='ocrx_word' id='word_1_436' title='bbox 1068 5336 1183 5399; x_wconf 79' lang='lat' dir='ltr'><strong>saepibus</strong></span> <span class='ocrx_word' id='word_1_437' title='bbox 1199 5350 1253 5387; x_wconf 91' lang='lat' dir='ltr'><strong>om.</strong></span> <span class='ocrx_word' id='word_1_438' title='bbox 1270 5337 1331 5387; x_wconf 89' lang='lat' dir='ltr'><strong>C·</strong></span> <span class='ocrx_word' id='word_1_439' title='bbox 1351 5334 1391 5387; x_wconf 87' lang='grc'><strong>49.</strong></span> <span class='ocrx_word' id='word_1_440' title='bbox 1412 5338 1584 5399; x_wconf 80' lang='lat' dir='ltr'><strong>rationemque</strong></span> <span class='ocrx_word' id='word_1_441' title='bbox 1602 5340 1658 5399; x_wconf 81' lang='lat' dir='ltr'><strong>(qne</strong></span> <span class='ocrx_word' id='word_1_442' title='bbox 1669 5337 1694 5386; x_wconf 91' lang='lat' dir='ltr'><strong>in</strong></span> <span class='ocrx_word' id='word_1_443' title='bbox 1708 5336 1770 5398; x_wconf 84' lang='lat' dir='ltr'><strong>ras.)</strong></span> 
     </span>
     <span class='ocr_line' id='line_1_44' title="bbox 436 5409 1771 5476; baseline -0.002 -12"><span class='ocrx_word' id='word_1_444' title='bbox 436 5416 457 5464; x_wconf 94' lang='lat' dir='ltr'>A</span> <span class='ocrx_word' id='word_1_445' title='bbox 480 5413 572 5463; x_wconf 65' lang='grc' dir='ltr'><strong>-Ὦ,</strong></span> <span class='ocrx_word' id='word_1_446' title='bbox 590 5414 708 5476; x_wconf 75' lang='lat' dir='ltr'><strong>epicurea</strong></span> <span class='ocrx_word' id='word_1_447' title='bbox 727 5425 795 5462; x_wconf 91' lang='lat' dir='ltr'><strong>corr.</strong></span> <span class='ocrx_word' id='word_1_448' title='bbox 819 5426 851 5462; x_wconf 84' lang='lat' dir='ltr'><strong>er</strong></span> <span class='ocrx_word' id='word_1_449' title='bbox 873 5411 1040 5474; x_wconf 80' lang='lat' dir='ltr'><strong>epicuriusA</strong></span> <span class='ocrx_word' id='word_1_450' title='bbox 1067 5438 1094 5448; x_wconf 94' lang='lat'>-</span> <span class='ocrx_word' id='word_1_451' title='bbox 1120 5417 1209 5462; x_wconf 87' lang='lat' dir='ltr'><strong>notare</strong></span> <span class='ocrx_word' id='word_1_452' title='bbox 1232 5409 1261 5461; x_wconf 68' lang='grc' dir='ltr'><strong>ΙΙι</strong></span> <span class='ocrx_word' id='word_1_453' title='bbox 1288 5438 1314 5447; x_wconf 91' lang='grc'>-</span> <span class='ocrx_word' id='word_1_454' title='bbox 1347 5412 1388 5461; x_wconf 74' lang='lat'><strong>23.</strong></span> <span class='ocrx_word' id='word_1_455' title='bbox 1406 5419 1487 5462; x_wconf 79' lang='lat' dir='ltr'><strong>censet</strong></span> <span class='ocrx_word' id='word_1_456' title='bbox 1508 5425 1577 5463; x_wconf 89' lang='lat' dir='ltr'><strong>carr.</strong></span> <span class='ocrx_word' id='word_1_457' title='bbox 1597 5426 1630 5463; x_wconf 85' lang='lat' dir='ltr'><strong>ex</strong></span> <span class='ocrx_word' id='word_1_458' title='bbox 1651 5412 1728 5461; x_wconf 80' lang='lat' dir='ltr'><strong>cenail</strong></span> <span class='ocrx_word' id='word_1_459' title='bbox 1750 5413 1771 5461; x_wconf 94' lang='lat' dir='ltr'>A</span> 
     </span>
     <span class='ocr_line' id='line_1_45' title="bbox 437 5487 1772 5540; baseline -0.003 0"><span class='ocrx_word' id='word_1_460' title='bbox 437 5515 465 5525; x_wconf 91' lang='lat'><em>-</em></span> <span class='ocrx_word' id='word_1_461' title='bbox 483 5490 562 5540; x_wconf 80' lang='lat' dir='ltr'><strong>inesse</strong></span> <span class='ocrx_word' id='word_1_462' title='bbox 581 5489 607 5536; x_wconf 89' lang='lat' dir='ltr'><strong>tn</strong></span> <span class='ocrx_word' id='word_1_463' title='bbox 627 5490 739 5537; x_wconf 75' lang='lat' dir='ltr'><strong>autumi</strong></span> <span class='ocrx_word' id='word_1_464' title='bbox 758 5492 815 5537; x_wconf 80' lang='lat' dir='ltr'><strong>eant</strong></span> <span class='ocrx_word' id='word_1_465' title='bbox 834 5488 861 5536; x_wconf 88' lang='grc' dir='ltr'><strong>ιἰι</strong></span> <span class='ocrx_word' id='word_1_466' title='bbox 878 5487 961 5537; x_wconf 87' lang='lat' dir='ltr'><strong>eodem</strong></span> <span class='ocrx_word' id='word_1_467' title='bbox 977 5488 1095 5537; x_wconf 81' lang='lat' dir='ltr'><strong>uniuerso</strong></span> <span class='ocrx_word' id='word_1_468' title='bbox 1113 5489 1235 5537; x_wconf 80' lang='lat' dir='ltr'><strong>decresse</strong></span> <span class='ocrx_word' id='word_1_469' title='bbox 1251 5490 1278 5537; x_wconf 82' lang='lat' dir='ltr'><strong>in</strong></span> <span class='ocrx_word' id='word_1_470' title='bbox 1294 5487 1458 5538; x_wconf 69' lang='lat' dir='ltr'><strong>solennitate</strong></span> <span class='ocrx_word' id='word_1_471' title='bbox 1477 5489 1538 5538; x_wconf 83' lang='lat' dir='ltr'><strong>dicit</strong></span> <span class='ocrx_word' id='word_1_472' title='bbox 1559 5493 1613 5537; x_wconf 79' lang='lat' dir='ltr'><strong>tam</strong></span> <span class='ocrx_word' id='word_1_473' title='bbox 1632 5487 1772 5536; x_wconf 75' lang='lat' dir='ltr'><strong>animantes</strong></span> 
     </span>
     <span class='ocr_line' id='line_1_46' title="bbox 435 5558 1770 5626; baseline -0.004 -12"><span class='ocrx_word' id='word_1_474' title='bbox 435 5564 536 5625; x_wconf 84' lang='lat' dir='ltr'><strong>(verbis</strong></span> <span class='ocrx_word' id='word_1_475' title='bbox 553 5569 610 5613; x_wconf 81' lang='lat' dir='ltr'><strong>sunt</strong></span> <span class='ocrx_word' id='word_1_476' title='bbox 627 5565 653 5612; x_wconf 90' lang='lat' dir='ltr'><strong>et</strong></span> <span class='ocrx_word' id='word_1_477' title='bbox 669 5565 696 5611; x_wconf 84' lang='grc' dir='ltr'><strong>ιἰι</strong></span> <span class='ocrx_word' id='word_1_478' title='bbox 712 5564 876 5612; x_wconf 75' lang='lat' dir='ltr'><strong>uniuersitate</strong></span> <span class='ocrx_word' id='word_1_479' title='bbox 893 5564 1031 5625; x_wconf 82' lang='lat' dir='ltr'><strong>expunctis</strong></span> <span class='ocrx_word' id='word_1_480' title='bbox 1048 5566 1129 5626; x_wconf 88' lang='lat' dir='ltr'><strong>atque</strong></span> <span class='ocrx_word' id='word_1_481' title='bbox 1146 5560 1180 5611; x_wconf 90' lang='lat' dir='ltr'><strong>ab</strong></span> <span class='ocrx_word' id='word_1_482' title='bbox 1198 5558 1258 5622; x_wconf 88' lang='lat' dir='ltr'><strong>elie,</strong></span> <span class='ocrx_word' id='word_1_483' title='bbox 1279 5560 1327 5611; x_wconf 89' lang='lat' dir='ltr'><strong>sed</strong></span> <span class='ocrx_word' id='word_1_484' title='bbox 1346 5562 1452 5625; x_wconf 87' lang='lat' dir='ltr'><strong>antiqua</strong></span> <span class='ocrx_word' id='word_1_485' title='bbox 1471 5574 1552 5612; x_wconf 88' lang='lat' dir='ltr'><strong>manu</strong></span> <span class='ocrx_word' id='word_1_486' title='bbox 1569 5561 1727 5612; x_wconf 76' lang='lat' dir='ltr'><strong>vernasset</strong></span> <span class='ocrx_word' id='word_1_487' title='bbox 1744 5560 1770 5609; x_wconf 92' lang='lat' dir='ltr'><strong>in</strong></span> 
     </span>
     <span class='ocr_line' id='line_1_47' title="bbox 436 5629 1771 5703; baseline -0.004 -13"><span class='ocrx_word' id='word_1_488' title='bbox 436 5642 554 5703; x_wconf 84' lang='lat' dir='ltr'><strong>margine</strong></span> <span class='ocrx_word' id='word_1_489' title='bbox 572 5641 613 5689; x_wconf 90' lang='lat' dir='ltr'><strong>his</strong></span> <span class='ocrx_word' id='word_1_490' title='bbox 631 5637 795 5688; x_wconf 88' lang='lat' dir='ltr'><strong>substitutis:</strong></span> <span class='ocrx_word' id='word_1_491' title='bbox 815 5642 866 5685; x_wconf 87' lang='lat' dir='ltr'><strong>tate</strong></span> <span class='ocrx_word' id='word_1_492' title='bbox 881 5650 968 5685; x_wconf 81' lang='lat' dir='ltr'><strong>rerum</strong></span> <span class='ocrx_word' id='word_1_493' title='bbox 984 5642 1037 5687; x_wconf 82' lang='lat' dir='ltr'><strong>tam</strong></span> <span class='ocrx_word' id='word_1_494' title='bbox 1051 5638 1180 5700; x_wconf 77' lang='lat' dir='ltr'><strong>principia</strong></span> <span class='ocrx_word' id='word_1_495' title='bbox 1195 5642 1288 5687; x_wconf 83' lang='lat' dir='ltr'><strong>menter</strong></span> <span class='ocrx_word' id='word_1_496' title='bbox 1304 5651 1369 5698; x_wconf 81' lang='lat' dir='ltr'><strong>qaae</strong></span> <span class='ocrx_word' id='word_1_497' title='bbox 1380 5637 1447 5701; x_wconf 71' lang='lat' dir='ltr'><strong>mat)</strong></span> <span class='ocrx_word' id='word_1_498' title='bbox 1458 5639 1480 5688; x_wconf 91' lang='lat' dir='ltr'>A</span> <span class='ocrx_word' id='word_1_499' title='bbox 1493 5663 1522 5672; x_wconf 96' lang='lat'>—</span> <span class='ocrx_word' id='word_1_500' title='bbox 1540 5636 1581 5688; x_wconf 69' lang='grc'><strong>44.</strong></span> <span class='ocrx_word' id='word_1_501' title='bbox 1600 5640 1694 5686; x_wconf 79' lang='lat' dir='ltr'><strong>mentes</strong></span> <span class='ocrx_word' id='word_1_502' title='bbox 1710 5629 1771 5684; x_wconf 87' lang='lat' dir='ltr'><strong>AD¹</strong></span> 
     </span>
     <span class='ocr_line' id='line_1_48' title="bbox 436 5709 1769 5775; baseline -0.008 -9"><span class='ocrx_word' id='word_1_503' title='bbox 436 5716 485 5767; x_wconf 83' lang='lat' dir='ltr'><strong>CE</strong></span> <span class='ocrx_word' id='word_1_504' title='bbox 505 5743 531 5751; x_wconf 93' lang='lat'><em>-</em></span> <span class='ocrx_word' id='word_1_505' title='bbox 550 5717 599 5764; x_wconf 85' lang='lat' dir='ltr'><strong>sint</strong></span> <span class='ocrx_word' id='word_1_506' title='bbox 617 5712 799 5764; x_wconf 81' lang='lat' dir='ltr'><strong>Heindorlius:</strong></span> <span class='ocrx_word' id='word_1_507' title='bbox 821 5717 879 5762; x_wconf 81' lang='lat' dir='ltr'><strong>eunt</strong></span> <span class='ocrx_word' id='word_1_508' title='bbox 896 5710 957 5762; x_wconf 76' lang='grc'><strong>440.</strong></span> <span class='ocrx_word' id='word_1_509' title='bbox 977 5713 1016 5764; x_wconf 86' lang='lat' dir='ltr'><strong>Cl.</strong></span> <span class='ocrx_word' id='word_1_510' title='bbox 1035 5712 1253 5762; x_wconf 90' lang='lat' dir='ltr'><strong>Schoemannum</strong></span> <span class='ocrx_word' id='word_1_511' title='bbox 1271 5711 1339 5761; x_wconf 91' lang='lat' dir='ltr'><strong>Dlss.</strong></span> <span class='ocrx_word' id='word_1_512' title='bbox 1358 5711 1379 5761; x_wconf 94' lang='lat' dir='ltr'><strong>ll</strong></span> <span class='ocrx_word' id='word_1_513' title='bbox 1398 5724 1424 5775; x_wconf 91' lang='lat' dir='ltr'><strong>p.</strong></span> <span class='ocrx_word' id='word_1_514' title='bbox 1439 5711 1480 5761; x_wconf 87' lang='grc'><strong>46.</strong></span> <span class='ocrx_word' id='word_1_515' title='bbox 1500 5712 1520 5760; x_wconf 88' lang='lat' dir='ltr'>V</span> <span class='ocrx_word' id='word_1_516' title='bbox 1539 5724 1564 5775; x_wconf 89' lang='lat' dir='ltr'><strong>p.</strong></span> <span class='ocrx_word' id='word_1_517' title='bbox 1579 5712 1619 5760; x_wconf 81' lang='lat' dir='ltr'><strong>ta.</strong></span> <span class='ocrx_word' id='word_1_518' title='bbox 1635 5735 1662 5745; x_wconf 95' lang='lat'>—</span> <span class='ocrx_word' id='word_1_519' title='bbox 1680 5709 1708 5757; x_wconf 84' lang='lat' dir='ltr'><strong>in</strong></span> <span class='ocrx_word' id='word_1_520' title='bbox 1725 5721 1769 5757; x_wconf 88' lang='lat' dir='ltr'><strong>eo-</strong></span> 
     </span>
     <span class='ocr_line' id='line_1_49' title="bbox 435 5783 1770 5849; baseline -0.006 -9"><span class='ocrx_word' id='word_1_521' title='bbox 435 5788 490 5840; x_wconf 74' lang='grc' dir='ltr'><strong>(Ισιι</strong></span> <span class='ocrx_word' id='word_1_522' title='bbox 506 5791 635 5839; x_wconf 78' lang='lat' dir='ltr'><strong>uniuersas</strong></span> <span class='ocrx_word' id='word_1_523' title='bbox 651 5789 708 5837; x_wconf 78' lang='lat' dir='ltr'><strong>deas</strong></span> <span class='ocrx_word' id='word_1_524' title='bbox 725 5787 744 5837; x_wconf 90' lang='lat' dir='ltr'>C</span> <span class='ocrx_word' id='word_1_525' title='bbox 766 5812 791 5823; x_wconf 91' lang='lat'><strong>··</strong></span> <span class='ocrx_word' id='word_1_526' title='bbox 811 5785 852 5836; x_wconf 75' lang='lat'><strong>25.</strong></span> <span class='ocrx_word' id='word_1_527' title='bbox 871 5786 966 5836; x_wconf 77' lang='lat' dir='ltr'><strong>soleant</strong></span> <span class='ocrx_word' id='word_1_528' title='bbox 982 5787 1019 5837; x_wconf 86' lang='lat' dir='ltr'><strong>E:</strong></span> <span class='ocrx_word' id='word_1_529' title='bbox 1046 5788 1124 5836; x_wconf 69' lang='lat' dir='ltr'><strong>salem</strong></span> <span class='ocrx_word' id='word_1_530' title='bbox 1139 5785 1249 5837; x_wconf 77' lang='lat' dir='ltr'><strong>Anco</strong></span> <span class='ocrx_word' id='word_1_531' title='bbox 1268 5810 1295 5821; x_wconf 90' lang='lat'><em>-</em></span> <span class='ocrx_word' id='word_1_532' title='bbox 1314 5787 1355 5836; x_wconf 67' lang='grc' dir='ltr'><strong>ΙΙ.</strong></span> <span class='ocrx_word' id='word_1_533' title='bbox 1371 5787 1449 5849; x_wconf 83' lang='lat' dir='ltr'><strong>paria</strong></span> <span class='ocrx_word' id='word_1_534' title='bbox 1466 5787 1516 5837; x_wconf 82' lang='lat' dir='ltr'><strong>Cli</strong></span> <span class='ocrx_word' id='word_1_535' title='bbox 1536 5813 1563 5822; x_wconf 95' lang='lat'>-</span> <span class='ocrx_word' id='word_1_536' title='bbox 1583 5797 1660 5848; x_wconf 78' lang='lat' dir='ltr'><strong>quam</strong></span> <span class='ocrx_word' id='word_1_537' title='bbox 1677 5783 1770 5833; x_wconf 85' lang='lat' dir='ltr'><strong>Dema·</strong></span> 
     </span>
     <span class='ocr_line' id='line_1_50' title="bbox 434 5858 1769 5925; baseline -0.003 -11"><span class='ocrx_word' id='word_1_538' title='bbox 434 5866 498 5915; x_wconf 81' lang='lat' dir='ltr'><strong>crito</strong></span> <span class='ocrx_word' id='word_1_539' title='bbox 515 5878 568 5915; x_wconf 88' lang='lat' dir='ltr'><strong>am.</strong></span> <span class='ocrx_word' id='word_1_540' title='bbox 581 5860 612 5916; x_wconf 87' lang='lat' dir='ltr'><strong>A¹</strong></span> <span class='ocrx_word' id='word_1_541' title='bbox 626 5891 654 5901; x_wconf 91' lang='lat'>-</span> <span class='ocrx_word' id='word_1_542' title='bbox 673 5864 713 5915; x_wconf 83' lang='lat'><strong>30.</strong></span> <span class='ocrx_word' id='word_1_543' title='bbox 731 5863 858 5925; x_wconf 62' lang='lat' dir='ltr'><strong>spiciamus</strong></span> <span class='ocrx_word' id='word_1_544' title='bbox 868 5858 899 5911; x_wconf 73' lang='grc' dir='ltr'><strong>Αι</strong></span> <span class='ocrx_word' id='word_1_545' title='bbox 913 5887 940 5897; x_wconf 98' lang='grc'>-</span> <span class='ocrx_word' id='word_1_546' title='bbox 959 5863 986 5911; x_wconf 83' lang='lat' dir='ltr'><strong>in</strong></span> <span class='ocrx_word' id='word_1_547' title='bbox 1003 5859 1121 5913; x_wconf 85' lang='lat' dir='ltr'><strong>Halmius</strong></span> <span class='ocrx_word' id='word_1_548' title='bbox 1134 5858 1201 5924; x_wconf 80' lang='lat' dir='ltr'><strong>(coll.</strong></span> <span class='ocrx_word' id='word_1_549' title='bbox 1214 5875 1240 5912; x_wconf 89' lang='lat' dir='ltr'><strong>v.</strong></span> <span class='ocrx_word' id='word_1_550' title='bbox 1254 5860 1312 5924; x_wconf 73' lang='lat' dir='ltr'><strong>eat:</strong></span> <span class='ocrx_word' id='word_1_551' title='bbox 1331 5873 1385 5912; x_wconf 87' lang='lat' dir='ltr'><strong>am.</strong></span> <span class='ocrx_word' id='word_1_552' title='bbox 1399 5859 1451 5912; x_wconf 75' lang='lat' dir='ltr'><strong>ilO</strong></span> <span class='ocrx_word' id='word_1_553' title='bbox 1463 5888 1496 5899; x_wconf 91' lang='lat'>-</span> <span class='ocrx_word' id='word_1_554' title='bbox 1512 5860 1553 5911; x_wconf 78' lang='grc'><strong>34.</strong></span> <span class='ocrx_word' id='word_1_555' title='bbox 1570 5860 1769 5924; x_wconf 69' lang='lat' dir='ltr'><strong>praestantissu-</strong></span> 
     </span>
     <span class='ocr_line' id='line_1_51' title="bbox 436 5933 1687 6004; baseline -0.003 -13"><span class='ocrx_word' id='word_1_556' title='bbox 436 5952 505 5990; x_wconf 76' lang='lat' dir='ltr'><strong>mcen</strong></span> <span class='ocrx_word' id='word_1_557' title='bbox 522 5953 591 5991; x_wconf 89' lang='lat' dir='ltr'><strong>corr.</strong></span> <span class='ocrx_word' id='word_1_558' title='bbox 608 5939 809 6004; x_wconf 80' lang='lat' dir='ltr'><strong>expraestaetie</strong></span> <span class='ocrx_word' id='word_1_559' title='bbox 824 5936 984 5989; x_wconf 75' lang='grc' dir='ltr'><strong>ιιιιιιιιιαιιιΒ</strong></span> <span class='ocrx_word' id='word_1_560' title='bbox 1004 5962 1032 5973; x_wconf 89' lang='grc'><strong>-</strong></span> <span class='ocrx_word' id='word_1_561' title='bbox 1051 5936 1094 5988; x_wconf 72' lang='lat' dir='ltr'><strong>il.</strong></span> <span class='ocrx_word' id='word_1_562' title='bbox 1112 5938 1178 5989; x_wconf 74' lang='lat' dir='ltr'><strong>enin</strong></span> <span class='ocrx_word' id='word_1_563' title='bbox 1195 5933 1235 5991; x_wconf 74' lang='lat' dir='ltr'><strong>il:</strong></span> <span class='ocrx_word' id='word_1_564' title='bbox 1254 5936 1320 5991; x_wconf 71' lang='lat' dir='ltr'><strong>atu</strong></span> <span class='ocrx_word' id='word_1_565' title='bbox 1337 5936 1389 6003; x_wconf 79' lang='lat' dir='ltr'><strong>[est]</strong></span> <span class='ocrx_word' id='word_1_566' title='bbox 1407 5937 1428 5988; x_wconf 92' lang='lat'><strong>0</strong></span> <span class='ocrx_word' id='word_1_567' title='bbox 1446 5960 1474 5973; x_wconf 90' lang='lat'>-</span> <span class='ocrx_word' id='word_1_568' title='bbox 1495 5935 1556 6002; x_wconf 80' lang='lat' dir='ltr'><strong>qaid</strong></span> <span class='ocrx_word' id='word_1_569' title='bbox 1572 5948 1627 5988; x_wconf 89' lang='lat' dir='ltr'><strong>am.</strong></span> <span class='ocrx_word' id='word_1_570' title='bbox 1646 5937 1687 5988; x_wconf 67' lang='grc' dir='ltr'><strong>ΑΙ.</strong></span> 
     </span>
    </p>
   </div>
   <div class='ocr_carea' id='block_1_6' title="bbox 0 0 2176 7459">
    <p class='ocr_par' dir='ltr' id='par_1_6' title="bbox 0 0 2176 7459">
     <span class='ocr_line' id='line_1_52' title="bbox 0 0 2176 7459; baseline 0 4"><span class='ocrx_word' id='word_1_571' title='bbox 0 0 2176 7459; x_wconf 95' lang='lat' dir='ltr'><strong> </strong></span> 
     </span>
    </p>
   </div>
  </div>
 </body>
</html>
