4342 7459
686 1248 755 1312 Lan.
775 1248 815 1310 ll.
845 1246 919 1311 Car.
941 1248 1210 1311 xxlv-xxvt.
1240 1245 1286 1330 §5
1307 1244 1452 1311 oti-62.
1484 1244 1485 1247 ’
1668 1245 1725 1312 274

414 1408 545 1491 perpeti.
581 1409 632 1471 Ex
651 1407 713 1473 boc
732 1428 826 1472 cursu
850 1413 944 1491 atque
966 1408 1086 1490 impetu
1108 1407 1283 1470 animorum
1306 1408 1467 1472 advenam
1489 1407 1613 1471 laudem
1636 1412 1730 1490 atque

413 1502 610 1566 honestatem
632 1501 687 1564 illa
708 1500 846 1583 pericula
868 1500 1023 1564 adeuntur
1043 1502 1076 1562 in
1099 1501 1243 1583 proeliis:
1265 1521 1330 1564 non
1352 1503 1490 1565 sentiunt
1505 1501 1562 1564 viri
1585 1500 1682 1563 fortes
1697 1500 1731 1561 in

411 1598 475 1662 acie
507 1596 651 1671 volnera,
680 1595 730 1657 vel
761 1595 917 1668 sentiunt,
950 1593 1005 1656 sed
1033 1596 1115 1657 mori
1143 1594 1264 1656 malunt
1294 1615 1389 1678 quam
1420 1602 1540 1657 tantum
1569 1593 1663 1656 modo
1691 1594 1730 1655 de

411 1690 574 1774 dignitatis
595 1689 694 1773 gradu
715 1689 886 1753 demoveri.
922 1684 972 1749 59.
995 1688 1157 1769 Fuigentis
1178 1687 1299 1769 gladios
1316 1689 1453 1753 bostium
1468 1687 1618 1750 videbant
1632 1686 1731 1759 Decii,

411 1804 481 1847 cum
510 1784 544 1847 in
571 1785 672 1847 aciem
698 1802 807 1846 eorum
828 1781 1007 1844 inruebant.
1042 1780 1100 1843 His
1127 1780 1251 1844 levabat
1280 1802 1405 1845 omnem
1428 1782 1591 1856 volnerum
1615 1787 1755 1844 metumt

411 1878 560 1942 nobilitas
587 1876 697 1941 mortis
726 1883 759 1940 et
787 1875 896 1957 gloria.
941 1877 1021 1936 Num
1051 1882 1116 1937 tum
1139 1875 1331 1957 ingemuisse
1354 1874 1602 1958 Epaminondam
1624 1886 1731 1958 putas,

410 1991 482 2035 enm
509 1991 575 2034 una
602 1990 674 2033 cnm
702 1970 855 2051 sanguine
882 1970 977 2032 vitam
1001 1963 1132 2030 effluere
1153 1969 1307 2032 sentireti
1338 1970 1549 2051 imperantem
1571 1970 1655 2033 enim
1677 1991 1732 2053 pa-

409 2064 501 2126 triam
522 2062 784 2127 lacedaemoniis
806 2061 1017 2145 relinquebat,
1040 2081 1135 2142 quam
1150 2071 1314 2144 acceperat
1327 2065 1527 2127 servientem.
1558 2062 1644 2128 llaec
1659 2073 1733 2128 sunt

410 2156 542 2230 solacia,
564 2157 643 2220 haec
663 2156 802 2219 tomenta
824 2174 1017 2218 summorum
1040 2155 1194 2219 doiorum.

494 2252 596 2313 XXV.
621 2248 671 2312 60.
693 2249 802 2321 Dices,
824 2248 902 2330 qnid
924 2249 957 2310 in
979 2268 1071 2330 pace,
1094 2248 1171 2329 quid
1187 2250 1286 2324 domi,
1308 2250 1385 2333 quid
1401 2251 1434 2311 in
1449 2251 1586 2314 lectuloi
1607 2251 1647 2314 ad
1663 2250 1769 2332 phi-⁴⁰

409 2343 562 2427 losopbos
585 2364 635 2406 me
658 2362 800 2415 revocas,
822 2342 877 2423 qui
900 2343 933 2404 in
955 2343 1053 2404 aciem
1076 2362 1139 2405 non
1155 2362 1250 2423 saepe
1271 2344 1441 2427 prodeunt,
1464 2365 1482 2408 e
1502 2345 1617 2429 quibus
1637 2345 1732 2410 bomo

410 2457 486 2500 sane
508 2437 605 2512 levis,
634 2435 837 2499 Heracleotes
859 2436 1045 2521 Dionysius,
1073 2455 1143 2497 cum
1165 2454 1184 2497 a
1207 2438 1333 2498 Zenone
1355 2435 1444 2499 tortis
1466 2458 1536 2501 esse
1558 2437 1732 2513 didicisset,

410 2529 563 2593 adolore
584 2530 738 2593 dedoctus
761 2537 821 2591 est.
860 2530 937 2591 Nam
961 2549 1030 2591 oum
1054 2548 1096 2590 ex
1116 2529 1247 2591 renibus
1269 2529 1440 2605 laboraret,
1468 2533 1537 2613 ipso
1560 2534 1592 2595 in
1614 2532 1732 2596 eiulatu

410 2623 588 2687 clamitabat
617 2623 697 2686 falsa
724 2643 795 2686 esse
824 2622 895 2696 illa,
925 2643 1006 2705 quae
1035 2630 1129 2685 antea
1150 2621 1189 2684 de
1212 2622 1320 2685 dolore
1342 2625 1411 2705 ipse
1433 2627 1593 2689 sensisset.
1630 2626 1732 2701 Quem

410 2736 480 2779 cnm
513 2717 682 2780 Cleanthes
712 2715 948 2797 condiscipulus
977 2722 1119 2797 rogaret,
1141 2735 1297 2798 quaenam
1318 2718 1399 2779 ratio
1422 2738 1493 2781 eum
1516 2719 1555 2782 de
1577 2719 1734 2783 sententia
1743 2725 1770 2772 ⁴³

410 2808 614 2880 deduxisset,
645 2808 827 2891 respondit:
859 2808 961 2883 «Quia
989 2810 1032 2882 si,
1062 2828 1133 2870 cum
1156 2818 1277 2873 tantum
1299 2830 1414 2892 operae
1436 2811 1656 2896 philosophiae
1678 2815 1733 2876 de·

410 2903 545 2978 diesem,
569 2903 708 2966 dolorem
731 2912 837 2966 tamen
859 2900 939 2963 terre
962 2921 1025 2964 non
1048 2921 1188 2983 possem,
1218 2904 1293 2966 satis
1315 2912 1398 2966 esset
1418 2908 1595 2987 argumenti
1617 2907 1731 2971 malum

410 3016 478 3060 ease
503 2995 664 3070 dolorem3
686 2995 839 3078 plurimos
860 3004 965 3057 autem
979 3015 1080 3058 annos
1103 2996 1135 3057 in
1155 2995 1355 3080 philosophia
1369 3001 1549 3082 consumpsi
1571 3020 1630 3062 nec
1651 2999 1731 3062 terre

410 3110 556 3173 possim:
589 3089 706 3153 malum
730 3098 778 3152 est
798 3090 894 3171 igitur
915 3088 1035 3151 dolor.»
1075 3090 1155 3151 'l'um
1179 3089 1375 3164 Cleanthem,
1405 3112 1476 3154 oum
1506 3092 1589 3175 pede
1617 3101 1731 3156 terram

410 3183 638 3265 percussisset,
660 3202 784 3246 versum
807 3203 846 3244 ex
867 3182 1020 3264 Epigonis
1042 3181 1148 3244 ierunt
1169 3182 1306 3246 dixisse:
1741 3193 1769 3239 ao

562 3277 743 3339 ludisne
765 3276 877 3350 baec,
898 3275 1153 3357 Amphiarai,
1175 3276 1248 3338 sub
1270 3285 1418 3341 terram
1440 3278 1605 3343 abditei

410 3373 573 3433 Zenonem
594 3366 803 3453 significabat,
825 3389 844 3431 a
859 3389 923 3451 quo
945 3368 1033 3433 ilium
1051 3369 1242 3452 degenerare
1257 3370 1393 3435 dolebat
1424 3367 1475 3435 64.
1490 3373 1531 3456 tlt
1544 3394 1610 3437 non
1625 3382 1733 3439 noster

409 3462 616 3537 Posidonius,
639 3483 733 3547 quem
756 3473 788 3525 et
808 3464 877 3544 ipse
900 3482 995 3544 saepe
1016 3463 1080 3525 vidi
1104 3471 1135 3526 et
1156 3462 1187 3524 id
1211 3462 1329 3539 dicam,
1355 3466 1440 3547 quod
1463 3466 1584 3530 solebat
1604 3488 1732 3533 amare

410 3558 596 3639 Pompeius,
618 3577 667 3632 se,
689 3578 761 3621 cum
782 3556 928 3619 ilbodum
951 3558 1088 3621 venisset
1110 3558 1267 3621 decedens
1283 3579 1324 3620 ex
1340 3559 1445 3643 Syria,
1467 3560 1577 3624 audire
1592 3561 1731 3625 voluisse

409 3652 635 3724 Posidonium3
664 3650 720 3713 sed
750 3670 821 3713 cum
849 3650 990 3712 audisset
1012 3672 1082 3714 eum
1106 3653 1241 3735 graviter
1262 3673 1337 3717 esse.
1353 3673 1499 3735 aspum,
1528 3655 1614 3739 quod
1636 3658 1769 3719 vebs-2⁶

409 3754 533 3835 menter
554 3745 624 3808 eius
645 3752 730 3807 artus
758 3743 950 3816 laborarent,
973 3745 1112 3808 voluisse
1134 3755 1238 3808 tamen
1259 3745 1489 3811 nobilissimum
1509 3748 1731 3833 philosophum

409 3839 529 3903 msere:
552 3858 649 3920 quem
670 3844 706 3899 ut
727 3837 858 3900 vidisset
879 3844 911 3900 et
933 3836 1134 3902 salutavisset
1153 3838 1403 3923 honorificisque
1425 3841 1528 3905 verbis
1549 3852 1731 3925 prosecutus

408 3940 492 3996 esset
515 3930 711 4013 molesteque
733 3950 767 3992 se
790 3928 923 3994 dixisset
944 3928 1042 4005 ferre,
1065 3931 1149 4013 quod
1172 3951 1244 3995 eum
1266 3953 1330 3995 non
1354 3943 1462 4015 posset
1482 3935 1605 4011 audire,
1627 3945 1659 4001 at
1676 3939 1731 4002 ille

410 4026 480 4087 «Tu
502 4042 603 4086 veron
628 4024 731 4108 inquit
755 4032 889 4104 apotes3
916 4043 974 4086 nec
1000 4025 1189 4087 committam
1211 4033 1247 4088 ut
1268 4026 1359 4088 dolor
1379 4029 1520 4111 corporis
1542 4030 1675 4107 efficiat,
1696 4042 1732 4098 ut

406 4117 523 4182 trusos
539 4126 645 4180 tantus
659 4120 706 4182 vir
719 4117 758 4180 ad
775 4136 824 4179 me
841 4118 989 4179 venerit»)
1013 4117 1125 4199 Itaque
1148 4119 1292 4182 narrabat
1313 4139 1384 4183 cum
1406 4123 1542 4203 graviter
1555 4132 1587 4187 et
1600 4127 1730 4212 copiose
1740 4138 1768 4185 ao

407 4212 448 4275 de
464 4212 526 4275 boc
540 4212 622 4292 ipso,
645 4212 722 4275 nibil
741 4210 943 4274 essebonum
966 4211 1027 4272 nisi
1044 4211 1130 4293 quod
1146 4221 1230 4274 essct
1244 4211 1421 4288 honestum,
1443 4216 1607 4281 cubantem
1624 4219 1732 4303 dispu-

407 4308 535 4379 tavisse,
551 4325 688 4387 cumque
703 4304 794 4388 quasi
813 4300 895 4365 laces
912 4304 940 4364 ei
956 4304 1074 4365 doloris
1090 4305 1341 4379 admoverentur,
1357 4327 1451 4389 saepe
1469 4308 1602 4374 dixisse:
1627 4313 1730 4377 nNihil

407 4401 489 4482 agis,
513 4398 622 4462 dolori
646 4398 788 4481 quamvis
811 4396 854 4458 sis
877 4397 1037 4470 molestus,
1060 4416 1233 4480 numquam
1256 4407 1286 4460 te
1306 4418 1375 4462 esse
1390 4398 1562 4466 confitebor
1584 4405 1728 4468 malum.»

407 4493 522 4556 XXVl.
551 4488 603 4552 62.
633 4491 833 4573 Omninoque
867 4510 977 4552 omnes
1010 4489 1086 4551 clari
1117 4498 1148 4551 et
1175 4490 1331 4555 nobilitati
1359 4493 1483 4559 labores
1510 4498 1730 4562 contendendo

406 4583 487 4650 fiunt
509 4586 604 4649 etiam
627 4584 815 4648 tolerabiles.
855 4583 1045 4648 Videmusne
1067 4581 1153 4665 apud
1176 4604 1257 4668 quos
1280 4604 1388 4650 eorum
1411 4587 1573 4665 indorum,
1596 4592 1651 4675 qui
1675 4608 1769 4676 gy-ao

475 4894 499 4942 4.
518 4892 601 4953 adque
616 4904 684 4941 corr.
703 4891 729 4940 in
747 4895 821 4953 utque
838 4892 898 4940 G·
918 4890 942 4939 3.
960 4890 999 4940 ou
1015 4891 1037 4939 si
1051 4892 1171 4952 sentiunt,
1189 4893 1294 4942 mmoin'
1310 4894 1330 4943 0
1345 4920 1369 4931 -
1390 4900 1487 4945 tontmn
1504 4897 1538 4947 C:
1558 4900 1682 4950 tantulum
1699 4903 1729 4963 0,

408 4969 447 5017 ui.
466 4980 491 5018 e.
510 4965 553 5016 vel
572 4966 718 5024 minimum,
738 4978 805 5028 quae
824 4965 907 5014 torma
925 4978 977 5015 non
990 4966 1161 5016 Ciceroniana
1179 4969 1227 5017 est.
1254 4967 1429 5019 scribendum
1441 4969 1573 5021 levissima
1586 4978 1730 5030 mutatione

406 5043 541 5093 muium.
570 5041 607 5091 ct.
627 5041 641 5103 Β
659 5041 698 5089 66.
724 5041 757 5091 de
776 5042 854 5102 Legg.
874 5042 882 5089 i
902 5040 916 5102 S
934 5041 978 5089 3i:
1002 5041 1023 5088 si
1044 5042 1159 5090 interesse
1180 5042 1308 5103 quippiam
1330 5045 1487 5093 tantulum
1507 5049 1593 5098 modo
1611 5054 1729 5112 potuerit.

407 5132 436 5182 p.
455 5120 532 5168 hoec.
552 5121 609 5165 Am.
629 5115 643 5177 5
664 5115 719 5164 tt8.
739 5115 814 5164 Vecr.
835 5116 865 5174 11,
885 5114 940 5165 tat.
961 5116 990 5174 V,
1010 5115 1065 5164 ⁴76.
1086 5115 1159 5164 484.»
1178 5116 1219 5164 W.
1238 5115 1311 5165 Nulla
1329 5120 1473 5169 mutatione
1491 5133 1558 5184 opos
1575 5136 1634 5175 esse
1653 5126 1732 5178 docet

407 5194 466 5256 ipse
485 5189 652 5251 Wesenberg
669 5188 703 5238 ad
722 5189 736 5252 ς
755 5189 794 5238 64.
812 5216 837 5223 -
858 5190 897 5238 ta.
917 5191 1035 5238 dionisius
1052 5190 1101 5238 Gli
1122 5214 1148 5223 -
1172 5189 1211 5238 43.
1230 5191 1329 5241 adolere
1345 5205 1413 5241 corr.
1429 5194 1453 5242 in
1471 5207 1488 5242 o
1504 5196 1588 5247 cotom
1604 5199 1624 5248 ll
1642 5226 1668 5235 ·-
1688 5203 1732 5251 do-

406 5268 495 5316 doetua
510 5262 635 5326 Bentley:
655 5265 772 5313 deductus
789 5266 808 5313 C
829 5291 855 5300 -
875 5266 914 5314 m.
934 5271 986 5313 tum
1002 5266 1023 5312 G
1040 5266 1067 5313 et
1084 5267 1183 5313 mutata
1200 5264 1247 5315 litt.
1266 5271 1275 5315 t
1291 5268 1316 5315 in
1334 5281 1348 5316 c
1364 5269 1445 5331 antiq.
1464 5282 1499 5320 m.
1514 5271 1534 5320 li
1548 5298 1575 5307 —
1594 5275 1730 5327 cleontesc
1788 5309 1793 5321 .

409 5366 439 5377 -
458 5340 498 5390 46.
520 5341 586 5400 onio
607 5341 628 5388 si
649 5352 706 5386 omn
727 5338 829 5401 iladvig
853 5339 895 5398 (ad
914 5341 967 5389 Cic.
988 5338 1021 5387 de
1039 5339 1092 5388 fin.
1112 5352 1138 5402 p.
1157 5340 1228 5399 reti:
1252 5342 1296 5401 qui
1311 5355 1367 5391 eum
1385 5344 1419 5401 (ἔς
1443 5345 1508 5406 Ouio
1524 5359 1600 5409 qutun
1617 5351 1637 5400 0
1654 5350 1731 5412 (Quin

406 5427 465 5464 m
477 5439 516 5452 --
527 5414 643 5473 dedisset,
662 5418 789 5475 --posset
806 5413 959 5470 iitihnerus;
978 5413 1005 5461 Si
1022 5414 1077 5474 quis
1095 5413 1167 5476 [qui],
1185 5428 1241 5464 cum
1252 5441 1290 5454 -·
1301 5418 1417 5478 dodisset,
1435 5427 1560 5482 --poun
1576 5423 1730 5487 Ernestius.i

408 5515 438 5526 -
456 5494 527 5538 tanto
544 5501 617 5550 opere
634 5489 697 5545 (iii,
716 5493 787 5536 tantu
803 5489 911 5549 opcreB
932 5515 957 5523 -
981 5487 1020 5536 49.
1040 5492 1098 5536 tunc
1114 5485 1260 5539 cubantis
1280 5516 1306 5527 -
1329 5493 1370 5542 20.
1388 5495 1513 5557 epipam
1529 5497 1548 5547 C
1567 5523 1594 5531 -
1614 5499 1654 5548 at.
1673 5513 1730 5548 ons·

404 5564 496 5625 patore
513 5564 562 5613 GR
581 5587 608 5597 -
627 5561 921 5622 ripacorcensem
941 5563 1003 5611 item
1021 5575 1045 5609 v.
1065 5562 1105 5612 m.
1124 5588 1156 5596 -
1178 5564 1219 5613 25.
1238 5566 1371 5616 audivisset
1387 5568 1407 5617 0
1427 5596 1449 5605 -
1472 5570 1512 5619 26.
1530 5571 1730 5633 pbilosophorum

407 5636 501 5687 littoris
518 5651 549 5687 or
565 5635 624 5686 ead.
644 5647 679 5683 m.
699 5634 792 5685 deletis
810 5637 829 5686 44
850 5663 875 5672 -
900 5637 940 5686 28.
960 5636 1073 5685 diosisset
1091 5638 1125 5694 G,
1145 5637 1207 5686 item
1225 5651 1250 5687 v.
1269 5639 1309 5689 34.
1330 5666 1357 5678 ·-
1382 5642 1422 5691 29.
1442 5644 1529 5704 inquid
1546 5642 1575 5694 G¹
1595 5672 1621 5681 -
1639 5660 1670 5695 nc
1686 5661 1729 5697 co-

407 5713 497 5761 nnium
513 5722 647 5775 superscr.
666 5714 675 5757 t
692 5712 726 5768 G,
744 5711 891 5759 necomitam
907 5723 1040 5775 superscr.
1059 5716 1068 5758 t
1087 5712 1118 5769 it,
1136 5725 1180 5761 nec
1191 5714 1303 5763 omittom
1319 5716 1338 5764 B
1353 5741 1379 5750 -
1399 5716 1439 5765 34.
1452 5718 1579 5767 honestum
1594 5720 1686 5769 assato
1699 5747 1726 5757 -

409 5782 451 5834 34.
469 5785 636 5836 contendendo
652 5782 778 5846 Bentley:
798 5791 941 5847 contempno
959 5788 1018 5848 Gii5
1036 5791 1175 5849 contemptu
1190 5788 1223 5845 B;
1242 5790 1358 5840 continuo
1369 5788 1490 5841 Klotzius.
1504 5817 1530 5826 -
1545 5792 1585 5842 344.
1596 5796 1673 5856 ficunt
1683 5797 1729 5849 ou

413 5884 440 5894 -
459 5859 602 5909 mmmm
623 5863 651 5907 nt
672 5859 740 5921 opud
757 5861 776 5909 C
795 5864 823 5909 et
838 5860 1000 5925 megaeram
1025 5866 1067 5909 tut
1089 5865 1147 5921 eut,
1170 5864 1199 5911 nt
1217 5860 1292 5922 aiibi,
1317 5876 1349 5913 ex
1366 5877 1409 5925 ne,
1433 5868 1477 5914 nui
1494 5878 1526 5915 ex
1543 5867 1569 5915 ui
1586 5870 1728 5931 repetitum

412 5943 472 5982 asse
488 5934 591 5997 potest,
610 5931 643 5982 ct.
661 5932 676 5996 i
693 5933 733 5983 64.
751 5933 783 5994 V,
801 5933 841 5983 ts.
865 5932 989 5999 Teegderi
1006 5934 1083 5986 tectio
1100 5934 1276 5987 anacoluthon
1293 5938 1379 5988 minna
1396 5939 1453 5989 vert
1468 5937 1553 5992 simile
1570 5940 1660 6007 babet,
1678 5945 1729 5997 stu
