4342 7459
442 1248 506 1316 Μ
895 1253 949 1317 DE
970 1252 1139 1319 DEORUM
1159 1251 1323 1317 Narona

442 1414 508 1476 isto
536 1410 647 1486 modo,
678 1412 828 1495 qnoniam
857 1412 1004 1475 hemines
1032 1412 1180 1477 mortales
1203 1420 1292 1486 sunt,
1323 1412 1387 1475 sint
1408 1410 1509 1495 aliqui
1529 1411 1717 1478 inmortales
1738 1419 1781 1496 et,

443 1508 592 1590 qnoniam
614 1515 788 1570 nascuntur
809 1508 843 1569 in
865 1515 965 1581 terra,
986 1516 1156 1570 nascantur
1176 1507 1209 1571 in
1232 1524 1325 1589 aqna.
1365 1506 1423 1567 «Et
1444 1506 1521 1587 quia
1542 1513 1617 1570 sunt
1631 1525 1717 1591 qnae
1732 1511 1784 1573 iu·

443 1602 605 1677 terimaat,
627 1601 693 1663 sint
706 1619 790 1683 qnae
806 1608 1021 1664 conserventu
1046 1601 1116 1663 Sint
1131 1621 1217 1674 sane,
1239 1600 1295 1663 sed
1312 1618 1349 1662 ea
1365 1608 1567 1674 conservent,
1591 1610 1782 1685 quaesunt:

344 1705 346 1722 '
443 1695 522 1758 deos
550 1696 629 1757 istos
658 1714 729 1757 esse
760 1714 825 1756 non
856 1693 971 1760 sentio.
1021 1690 1094 1756 ll0.
1118 1692 1228 1757 Omnis
1251 1702 1357 1756 tamen
1384 1692 1444 1755 ista
1466 1711 1572 1755 rerum
1595 1690 1722 1778 effigies
1741 1711 1783 1759 ex

418 1787 617 1851 sindividuis
639 1807 704 1871 qno
722 1790 817 1850 modo
833 1788 1019 1870 corporibus
1035 1785 1159 1851 oritur?
1183 1808 1267 1872 qnae
1286 1788 1381 1849 etiam
1397 1787 1424 1848 si
1439 1795 1561 1861 essem,
1585 1783 1680 1873 [qnae
1695 1788 1785 1853 nulla

442 1876 543 1963 sunt,]
574 1881 694 1962 pellere
716 1900 752 1944 se
774 1882 846 1963 ipsa
863 1888 896 1944 et
917 1881 1028 1962 agitari
1052 1882 1135 1943 inter
1156 1900 1190 1943 se
1212 1899 1368 1943 concursu
1393 1879 1526 1944 tortasse
1550 1890 1696 1964 possent,
1717 1880 1785 1946 turs

442 1995 544 2051 nare,
566 1972 715 2058 limare,
737 1975 895 2049 colorare,
917 1976 1059 2038 animare
1075 1992 1139 2036 non
1154 1979 1307 2056 possent:
1330 1972 1419 2034 nullo
1434 1971 1534 2055 igitur
1548 1974 1647 2037 modo
1661 1975 1784 2039 iamet*

441 2068 537 2131 talem
560 2067 655 2131 deum
677 2068 813 2132 efficitis
858 2069 925 2131 XL.
950 2066 1123 2132 Videamus
1147 2086 1233 2129 nunc
1257 2065 1297 2128 de
1319 2065 1422 2127 beato.
1460 2066 1536 2130 Sine
1558 2068 1676 2131 virtius
1697 2076 1784 2133 norw

442 2162 667 2227 nullomodo:
696 2164 795 2225 virtus
823 2170 930 2225 autem
960 2170 1111 2234 actuosa,
1145 2167 1177 2223 et
1199 2160 1279 2223 deus
1303 2166 1407 2223 vester
1428 2160 1508 2222 nibil
1530 2175 1783 2247 agens,=expers

404 2256 568 2320 serirtutis
589 2257 702 2338 igitur:
723 2258 767 2319 ita
786 2277 827 2320 ne
844 2257 957 2319 beatus
972 2255 1114 2338 quidem.
1149 2250 1221 2315 lll.
1239 2253 1330 2329 Quae
1345 2272 1423 2335 ergo
1439 2255 1528 2317 vital
1551 2254 1784 2341 Suppeditatio,

441 2350 564 2433 inquis,
585 2349 741 2414 bonoram
765 2349 853 2413 nullo
876 2348 1032 2412 malorum
1054 2348 1246 2411 interventu.
1284 2348 1429 2423 Quorum
1451 2349 1580 2413 tandem
1602 2350 1783 2416 bonomia?

441 2444 664 2526 voluptatum,
686 2445 798 2518 aedo,
819 2464 934 2528 nempe
952 2442 993 2505 ad
1009 2460 1130 2523 corpus
1142 2442 1387 2523 pertinentium
1411 2441 1533 2505 nnllam
1548 2444 1634 2506 enim
1649 2444 1783 2508 nedelis

442 2538 503 2601 nisi
525 2537 699 2621 prolectam
721 2558 740 2601 a
761 2558 895 2620 corpore
917 2545 950 2599 et
971 2533 1160 2598 redeuntem
1182 2533 1222 2597 ad
1238 2554 1359 2616 corpus
1370 2535 1467 2599 animi
1483 2536 1689 2620 voluptatem.
1710 2533 1783 2601 lien

442 2631 578 2694 ubitror
598 2638 645 2704 te,
668 2630 789 2704 Vellei,
810 2630 946 2693 similem
969 2649 1039 2692 esse
1060 2630 1290 2712 Epicureorum
1311 2629 1524 2713 reliquorum,
1547 2651 1629 2714 quos
1647 2649 1710 2694 uois
1725 2645 1783 2715 pit·

404 2722 519 2786 odoro
538 2740 646 2786 aarum
667 2724 798 2806 Epicuri
819 2744 945 2796 vocum,
969 2723 1085 2805 quibus
1107 2724 1161 2786 ille
1184 2732 1321 2786 testatur
1340 2742 1375 2786 se
1392 2743 1433 2786 ne
1449 2724 1636 2808 intellegere
1651 2725 1783 2809 qmdsaa

441 2815 543 2879 allum
571 2818 713 2891 bonum,
737 2817 827 2901 qnod
853 2817 896 2879 sit
921 2818 1100 2881 seiunctum
1124 2837 1142 2880 a
1165 2817 1309 2880 delicatis
1331 2825 1363 2879 et
1385 2817 1532 2881 obscenis
1553 2818 1783 2902 voluptatibus,

441 2930 523 2994 quas
545 2912 680 2995 quidam
697 2932 763 2974 non
784 2912 981 2975 erubescens
998 2912 1204 2995 persequitur
1224 2912 1329 2973 omnis
1343 2912 1543 2975 nominatim.
1587 2908 1661 2974 444.
1677 2912 1783 2989 Quem

441 3004 546 3067 cibum
576 3005 674 3087 igitar
700 3014 755 3069 aut
783 3026 869 3090 quas
895 3008 1045 3090 potiones
1074 3014 1129 3069 aut
1152 3025 1238 3089 quas
1255 3024 1368 3068 vocam
1390 3015 1445 3068 ant
1470 3007 1584 3069 llornm
1606 3007 1781 3071 varisutes

440 3106 498 3162 aut
518 3120 605 3182 quos.
622 3109 741 3175 metus,
770 3122 852 3185 quos
874 3102 992 3165 odores
1013 3101 1184 3164 adhibebis
1203 3100 1243 3162 ad
1266 3098 1361 3173 deos,
1390 3107 1426 3161 ut
1447 3117 1504 3163 cos
1526 3099 1703 3183 perfundas
1723 3115 1781 3163 to·

402 3192 638 3277 teleptatibusl
665 3200 710 3259 Ao
739 3203 851 3278 poetae
874 3196 1004 3279 qudem
1030 3190 1166 3277 [nectar,
1192 3188 1394 3274 ambrosiam]
1418 3192 1530 3275 epulas
1552 3200 1729 3275 conparant
1749 3199 1782 3256 at

441 3295 499 3350 aut
517 3288 715 3351 iuuentutem
736 3298 793 3352 aut
805 3287 1020 3370 Ganymedem
1043 3286 1159 3368 pocula
1175 3285 1416 3358 ministrantem,
1440 3295 1473 3348 tu
1490 3294 1608 3360 autem,
1631 3286 1780 3369 Epicure

440 3380 518 3463 quiid
539 3379 660 3444 lasiesl
689 3402 795 3465 neque
817 3382 919 3455 enim,
940 3381 1027 3443 unde
1048 3380 1166 3442 babeat
1186 3380 1248 3442 ista
1268 3381 1347 3442 aeus
1370 3387 1461 3453 tuus,
1484 3377 1590 3453 video,
1612 3396 1692 3455 nee,
1713 3393 1779 3464 qao

441 3472 538 3537 modo
559 3482 680 3537 utatur.
713 3474 917 3556 Locupletior
939 3474 1036 3555 igitur
1057 3472 1222 3535 bominum
1244 3480 1358 3535 natura
1376 3471 1416 3535 ad
1431 3473 1525 3536 beate
1538 3470 1715 3536 nuendum
1729 3479 1779 3536 ut

442 3586 538 3649 qiam
560 3568 708 3640 deoru,
731 3568 820 3651 qnod
842 3567 994 3650 pluribus·
1010 3566 1179 3649 generibus
1201 3564 1317 3628 fruitur
1332 3566 1541 3649 voluptatum.
1575 3561 1649 3628 tt3.
1665 3565 1779 3630 Atha

401 3658 578 3723 auctores
600 3661 690 3724 duda
714 3662 906 3743 voluptates,
928 3660 1046 3744 quibus
1063 3660 1154 3741 qnasi
1171 3659 1312 3722 titillatio
1328 3697 1367 3709 -
1383 3661 1509 3743 Epicuri
1526 3662 1612 3724 enim
1627 3660 1691 3724 bes
1705 3671 1775 3725 vul·

439 3753 516 3817 bum
530 3763 637 3817 est-
648 3754 817 3817 adhibetur
831 3755 989 3816 sensibus.
1027 3752 1099 3827 Quo
1116 3772 1218 3836 usque
1234 3752 1339 3817 ludis?
1362 3756 1440 3816 Nam
1455 3755 1550 3817 etiam
1566 3753 1661 3819 unito
1672 3764 1780 3820 441444

438 3846 522 3912 ferre
548 3868 613 3911 non
643 3856 782 3930 poterat,
811 3849 974 3929 asperim
1001 3847 1177 3927 Epicureos
1206 3847 1313 3910 mollis
1342 3855 1374 3909 et
1404 3848 1557 3911 delicatas
1579 3849 1779 3934 voluptatesz

439 3961 562 4005 summa
584 3942 669 4005 enim
692 3942 842 4004 memoria
865 3941 1091 4024 pronuntiabat
1113 3941 1265 4022 plurimas
1287 3943 1416 4023 Epicuri
1439 3944 1615 4007 sententias
1637 3944 1678 4007 iis
1700 3944 1778 4027 ipsis

439 4034 561 4109 verbis,
592 4037 709 4118 quibus
738 4044 828 4098 erant
854 4036 1010 4118 scriptae;
1043 4036 1216 4098 Metrodori
1240 4055 1331 4111 vero,
1354 4038 1409 4119 qui
1432 4044 1479 4099 est
1501 4036 1632 4119 Epicuri
1654 4038 1778 4121 collega

402 4130 628 4212 tosapientiae,
652 4131 747 4193 multa
771 4130 996 4213 inpudentiora
1017 4130 1180 4192 recitabat.
1212 4133 1345 4192 Accusat
1366 4130 1448 4192 euim
1474 4131 1694 4206 Timocratem,
1715 4132 1778 4195 lra-

440 4231 518 4286 trem
541 4243 649 4298 snum,
672 4224 890 4298 Metrodorus,
914 4224 999 4307 quod
1023 4224 1146 4287 dubitet
1160 4225 1277 4296 omnia,
1302 4243 1383 4307 quae
1399 4225 1438 4285 ad
1454 4223 1578 4288 beatam
1595 4225 1691 4287 vitam
1706 4245 1778 4309 per·

439 4320 574 4392 tineent,
604 4327 714 4381 ventre
742 4319 864 4391 metiri,
894 4337 999 4400 neque
1021 4318 1053 4379 id
1078 4318 1176 4380 semel
1200 4317 1291 4390 dicit,
1321 4318 1377 4379 sed
1401 4319 1539 4401 saepius.
1575 4317 1724 4381 adnuere
1746 4326 1777 4381 te

439 4411 551 4486 vide03
579 4419 656 4478 nota
677 4413 763 4476 enim
786 4413 843 4475 tibi
866 4422 960 4475 sunt:
991 4412 1165 4495 proferrem
1188 4412 1301 4484 libros,
1332 4412 1359 4473 si
1383 4431 1527 4493 negares.
1560 4413 1672 4494 Neque
1692 4430 1777 4474 nuno

439 4506 654 4589 reprebendo,
676 4506 765 4590 quod
785 4507 826 4569 ad
848 4507 1041 4589 uoluptatem
1064 4507 1171 4568 omnia
1192 4506 1370 4567 reserantur
1393 4539 1435 4551 -
1456 4505 1518 4567 alia
1544 4514 1594 4568 est
1618 4523 1657 4568 ea
1678 4523 1778 4588 qnae·

399 4602 499 4664 aestio
520 4633 578 4674 -,
608 4600 664 4663 sed
688 4601 789 4663 doceo
811 4599 890 4662 deos
913 4608 1035 4662 vestros
1058 4620 1129 4661 esse
1153 4599 1324 4681 voluptatis
1347 4607 1507 4684 expertes,
1533 4599 1577 4663 ita
1599 4608 1705 4663 vestro
1727 4598 1777 4661 iu-

501 4822 527 4871 4.
551 4822 579 4870 ia
594 4834 665 4883 aquo
681 4819 777 4870 ABE:
800 4824 823 4868 st
845 4819 872 4868 in
888 4831 960 4880 equo
978 4819 1012 4876 (ἒς
1037 4819 1075 4881 [et]
1094 4822 1121 4868 tn
1138 4820 1774 4884 opaco-quoe--quoc1qei--estc-

437 4897 461 4948 3.
478 4896 528 4947 slat
544 4895 583 4948 a:
602 4902 662 4946 suet
679 4897 740 4945 C-
759 4907 791 4944 eo
807 4891 999 4944 coarmati:
1019 4908 1050 4944 eo
1066 4908 1131 4956 quoe
1147 4896 1331 4945 conmentO.
1354 4896 1561 4958 «Aupeuommoa,
1580 4910 1605 4946 ss
1620 4897 1681 4960 pube
1695 4895 1777 4947 mets

435 4972 576 5023 meando
592 4972 746 5033 mpsim
762 4974 850 5031 moyen
866 4970 901 5018 sie
912 4970 980 5017 Mun
998 4971 1055 5018 dos
1072 4971 1192 5031 abanec,
1209 4984 1264 5019 auos
1281 4972 1337 5028 tat,·
1350 4972 1410 5031 joae
1421 4970 1515 5030 Gotter,
1534 4970 1625 5033 stoebe
1635 4972 1684 5031 tels,
1702 4967 1775 5020 aiud

435 5047 546 5096 eiobt·
563 5048 672 5096 musso.
691 5047 734 5095 Sic
751 5046 803 5093 iam
822 5045 958 5094 Davisius:
978 5043 1063 5103 «Sint,
1081 5044 1174 5107 inquit,
1193 5058 1261 5107 quae
1280 5049 1457 5094 conservent:
1477 5044 1527 5094 sed
1544 5057 1591 5095 eas
1603 5057 1648 5097 res
1660 5056 1772 5097 cemu-

435 5122 500 5169 vent
516 5132 585 5183 quae
602 5133 697 5170 revera
714 5123 777 5170 sunt
793 5121 821 5168 et
837 5119 968 5176 eristunt;
988 5118 1053 5168 deos
1072 5119 1173 5169 istosin
1186 5132 1277 5168 rerum
1290 5124 1382 5167 uatum
1396 5131 1456 5168 esse
1469 5132 1522 5168 non
1534 5121 1648 5170 sentio.»
1660 5145 1689 5157 ·-
1703 5120 1728 5172 4.
1741 5131 1778 5172 eat

435 5194 528 5244 diuinis
544 5190 566 5244 dl
585 5219 614 5230 -
632 5195 759 5255 &quoquo
775 5193 848 5241 modo
866 5191 894 5242 3¹
914 5213 942 5226 -
961 5205 1026 5251 quac
1041 5194 1114 5242 uuila
1130 5200 1187 5243 suet
1203 5207 1257 5243 om.
1278 5195 1327 5243 AC
1349 5195 1408 5255 (que
1424 5195 1491 5243 cuth
1506 5200 1566 5243 aaut
1581 5198 1642 5258 post
1657 5196 1777 5259 emori-¹

435 5268 480 5319 bus
495 5267 577 5319 babet
595 5269 640 5329 Ε);
660 5268 833 5331 egoseclusi.
854 5292 880 5302 -
901 5267 925 5316 6.
943 5268 1106 5329 baean&
1125 5269 1228 5332 ipsoeC
1251 5295 1276 5304 -
1296 5270 1450 5330 poscente:
1474 5271 1778 5333 possempossim

435 5356 505 5394 corr.
524 5344 551 5393 in
565 5349 664 5404 ponent
682 5344 699 5393 B
715 5369 741 5378 -
757 5342 796 5393 44.
816 5349 839 5391 te
855 5343 918 5392 uelle
933 5344 1038 5392 amium
1055 5341 1078 5395 44
1093 5370 1120 5380 -
1133 5359 1183 5394 nou
1201 5342 1361 5393 Lambinus:
1382 5357 1435 5394 om.
1455 5342 1507 5393 440
1522 5370 1549 5379 -
1569 5346 1609 5394 lb.
1628 5358 1719 5396 nm
1734 5347 1772 5397 B:

434 5420 522 5471 ondens
537 5421 574 5479 Λ;
597 5419 682 5469 eodem
705 5418 738 5473 E;
765 5418 901 5467 madero
923 5419 958 5473 C;
983 5420 1126 5468 conedam
1147 5421 1163 5469 i.
1184 5433 1208 5469 e.
1226 5422 1389 5480 quarendum
1412 5419 1598 5470 Lachmannus
1615 5420 1650 5471 ad
1667 5423 1771 5474 buoret.

435 5507 462 5558 p.
481 5493 540 5544 440.
561 5519 588 5531 -
607 5492 717 5555 mosaei
733 5491 833 5551 ΑΒΕ,
855 5494 958 5553 meari
976 5494 995 5543 C
1016 5518 1044 5530 —
1068 5508 1100 5543 ue
1116 5508 1170 5544 om.
1190 5494 1239 5544 BE
1258 5519 1284 5529 -
1311 5495 1350 5543 47.
1367 5496 1530 5556 prosequitur
1553 5496 1613 5556 (pro
1629 5510 1681 5560 pes·
1696 5505 1774 5548 come

435 5567 572 5632 pendium)
592 5567 611 5617 C
630 5591 657 5601 —
679 5567 720 5616 49.
739 5579 804 5627 quos
820 5572 900 5616 tactus
917 5569 935 5617 B
957 5593 984 5604 -
1003 5569 1044 5617 40.
1062 5570 1099 5618 Ac
1116 5570 1268 5619 Ernestius:
1287 5574 1315 5617 ut
1332 5566 1355 5619 a
1370 5596 1396 5605 -
1416 5568 1618 5631 miroslaum
1629 5571 1771 5633 spatassd.

435 5644 613 5700 ascensiana;
633 5641 834 5703 subcelemus
849 5642 927 5703 sputis
939 5642 1116 5693 Heindortius.
1136 5644 1197 5693 tlibi
1214 5649 1303 5692 amtor
1314 5643 1468 5693 ambrosiam
1485 5656 1501 5694 a
1518 5642 1665 5708 glossatore
1683 5646 1780 5697 addita

435 5718 575 5778 videnlur,
594 5719 684 5780 itaque
701 5716 808 5767 seclusi
828 5741 857 5752 -
875 5718 916 5766 44.
935 5718 1088 5767 {commem
1106 5718 1155 5767 GE
1176 5744 1201 5753 -
1226 5723 1254 5765 tu
1270 5730 1340 5768 corr.
1360 5731 1392 5767 ex
1410 5724 1463 5767 taen
1479 5720 1500 5768 Α
1518 5743 1546 5754 -
1565 5719 1606 5769 ib.
1626 5721 1776 5772 lenimina!

436 5793 486 5843 illi
505 5817 533 5832 -
552 5792 593 5843 46.
610 5794 687 5843 stiam
702 5792 770 5841 soso
794 5789 854 5840 cod.
874 5790 1069 5853 Glogavisusis:
1096 5794 1162 5842 emm
1182 5792 1250 5853 obito
1274 5792 1326 5854 (filo
1342 5793 1431 5854 ACE)
1450 5790 1490 5851 w
1519 5793 1588 5843 libito
1608 5796 1686 5845 uiam
1706 5796 1727 5845 44
1744 5815 1774 5831 -·

435 5868 477 5920 44.
495 5867 623 5929 ηἱανοοι
639 5879 708 5917 corr.
727 5867 754 5917 in
770 5867 972 5927 mimecat—
992 5867 1033 5915 48.
1051 5867 1083 5915 iis
1099 5866 1135 5915 B:
1154 5867 1192 5915 bis
1209 5868 1318 5917 ACEO
1334 5893 1360 5903 -
1379 5868 1658 5921 tt.metrodost·oern
1676 5879 1778 5921 eum

437 5939 1171 6005 vodmA-bo.tlmocroth-3i.id]ttA-·
1192 5940 1450 6004 aenomaus-ut
