4342 7459
792 1246 860 1310 ms.
875 1247 899 1310 1.
924 1208 1003 1310 'oss
1018 1247 1135 1311 xxvr.
1163 1243 1349 1330 set-os.
1672 1242 1736 1310 ιιι

497 1406 613 1470 xxvi.
635 1402 687 1468 90.
709 1407 812 1489 Atque
834 1405 929 1468 etiam
949 1406 983 1469 in
1003 1407 1098 1470 rebus
1111 1408 1274 1491 prosperis
1289 1416 1321 1471 et
1334 1405 1373 1472 ad
1389 1407 1582 1471 voluntatem
1596 1413 1738 1471 nostram

411 1500 584 1568 fluentibus
605 1500 786 1583 superbiam
810 1518 924 1581 magno
946 1520 1060 1584 opere,
1089 1501 1250 1566 fastidium
1272 1504 1547 1585 arrogantiamque
1567 1500 1738 1583 fugiamus.

411 1601 491 1661 Nam
512 1602 547 1659 ut
568 1595 716 1658 adversas
738 1614 807 1669 res,
837 1595 883 1656 sic
912 1596 1067 1659 secundas
1096 1596 1293 1660 inmoderate
1313 1594 1398 1660 ferre
1420 1595 1555 1660 levitatis
1577 1603 1627 1659 est
1648 1612 1739 1677 prae·

411 1692 559 1774 claraque
582 1696 631 1752 cst
650 1683 858 1770 aequabilitas
880 1688 1020 1751 inomni
1044 1690 1106 1753 vita
1128 1688 1263 1754 elidem
1285 1711 1411 1775 semper
1432 1689 1539 1753 vultus
1561 1686 1739 1769 eademque

394 1784 514 1861 froas,
543 1790 579 1844 nt
600 1782 640 1844 de
662 1782 791 1844 Socrate
820 1782 961 1864 itemque
983 1782 1023 1845 de
1047 1783 1080 1847 C.
1103 1784 1212 1846 Laelio
1234 1786 1424 1868 accepimus.
1467 1782 1645 1866 Philippum
1669 1778 1764 1863 qui-s

412 1878 486 1941 dem
502 1876 708 1940 Macedonum
732 1895 838 1959 regem
860 1876 955 1938 rebus
978 1877 1074 1957 gestis
1097 1886 1129 1940 et
1151 1878 1250 1960 gloria
1264 1887 1448 1961 superatum
1462 1896 1482 1940 a
1498 1872 1574 1949 filio,
1588 1872 1740 1937 facilitate

411 1980 443 2037 et
473 1970 669 2034 humanitate
699 1970 791 2034 rideo
821 1970 1016 2052 superiorem
1048 1970 1156 2035 fuisse.
1201 1972 1311 2055 ltaque
1341 1973 1422 2036 alter
1449 1989 1575 2054 semper
1595 1988 1739 2053 magnus,

411 2066 492 2130 alter
520 2084 615 2148 saepe
646 2063 864 2148 turpissimus,
893 2071 929 2126 ut
956 2072 1042 2127 recte
1072 2066 1255 2148 praecipere
1279 2066 1443 2129 videantur
1464 2065 1520 2147 qui
1542 2071 1673 2128 monent
1693 2070 1739 2137 ut,

411 2164 530 2245 quatuo
563 2158 745 2239 superiores
777 2156 893 2232 simos,
926 2166 1014 2221 tento
1045 2180 1103 2223 nos
1133 2180 1279 2242 geramus
1307 2158 1517 2223 summissius.
1571 2158 1739 2222 Panaetius

412 2254 542 2340 quidem
564 2251 747 2315 Africanum
769 2251 946 2315 auditorem
969 2261 1001 2316 et
1021 2253 1205 2318 familiarem
1229 2276 1318 2318 suum
1342 2254 1471 2318 solitum
1494 2253 1538 2317 ait
1559 2251 1683 2326 dicere,
1704 2258 1778 2313 utto

411 2369 511 2434 equos
535 2354 663 2431 propter
685 2346 813 2408 crebras
835 2347 1055 2410 contentiones
1078 2346 1272 2429 proeliorum
1293 2347 1459 2411 ferocitate
1481 2347 1660 2411 exultantes
1682 2343 1741 2407 do·

412 2443 579 2508 mitoribus
608 2439 732 2503 tradere
762 2437 903 2514 soleant,
933 2447 969 2503 ot
997 2441 1037 2503 iis
1055 2438 1259 2505 ¹facilioribus
1289 2444 1413 2526 possint
1433 2442 1496 2517 uti,
1528 2441 1573 2504 sic
1594 2437 1740 2503 homines

411 2536 560 2602 mundis
582 2534 676 2597 rebus
698 2532 876 2597 ecfrenatos
898 2534 1025 2618 sibique
1047 2533 1257 2618 praefidentes
1280 2546 1439 2620 mmquam
1460 2538 1493 2601 in
1508 2555 1619 2619 gyrum
1644 2531 1741 2595 ratio-

410 2633 460 2695 nis
483 2638 516 2694 et
537 2628 700 2691 doctrinae
723 2628 797 2690 duci
821 2637 979 2710 oportere,
1002 2637 1039 2692 ut
1060 2631 1275 2713 perspicerent
1296 2650 1402 2693 rerum
1423 2630 1631 2692 bumanarum
1651 2625 1741 2689 inbe-

411 2724 574 2790 cillitatem
608 2722 856 2805 varietatemque
884 2721 1042 2784 fertonem.
1100 2719 1151 2785 91.
1185 2725 1290 2808 Atque
1317 2724 1412 2787 etiam
1442 2724 1474 2787 in
1503 2718 1739 2785 secundissimis
1751 2735 1777 2782 se

411 2819 506 2883 rebus
529 2816 667 2891 maxime
689 2824 739 2879 est
759 2816 913 2879 utendum
935 2817 1068 2880 consilio
1091 2818 1262 2881 amicorum
1286 2819 1388 2901 iisque
1410 2817 1513 2880 maior
1534 2816 1627 2879 etiam
1643 2831 1740 2895 quam

410 2919 485 2977 ante
515 2910 683 2973 tribuenda
713 2910 894 2972 auctoritas.
945 2910 1112 2994 isdemque
1142 2913 1337 2995 temporibus
1359 2913 1536 2974 cavendum
1557 2917 1607 2973 est
1627 2927 1667 2970 ne
1689 2925 1740 2969 as·

410 3004 623 3069 sectatoribus
651 3003 876 3086 patefaciamus
903 3004 989 3067 auris
1012 3023 1091 3065 nevo
1113 3003 1236 3066 adulari
1258 3025 1318 3067 nos
1341 3004 1499 3079 sinamus,
1528 3005 1562 3066 in
1584 3022 1649 3086 quo
1669 2998 1739 3064 falli

410 3099 504 3164 facile
534 3105 593 3162 est.
637 3098 731 3161 Tales
758 3098 841 3160 enim
872 3116 930 3160 nos
960 3117 1031 3160 esse
1053 3105 1218 3179 putamus,
1247 3105 1283 3161 ut
1304 3098 1372 3161 iure
1394 3095 1577 3160 laudemur:
1611 3115 1652 3159 ex
1674 3111 1739 3177 quo

411 3201 583 3258 naseuntur
604 3188 848 3255 innumerabilia
870 3201 1006 3276 peccata,
1028 3214 1100 3255 oum
1122 3192 1270 3255 bomines
1292 3193 1390 3256 inflati
1413 3189 1616 3274 opinionibus
1638 3187 1778 3270 turpi-so

414 3296 463 3352 tar
492 3286 663 3351 irridentur
694 3294 727 3349 et
755 3289 788 3349 in
817 3288 964 3349 maximis
994 3294 1160 3349 versantur
1188 3286 1356 3349 erroribus.
1411 3285 1474 3347 Sed
1504 3284 1583 3347 baec
1610 3281 1739 3367 quidem

411 3381 577 3446 bactenm.
632 3375 684 3442 92.
714 3379 796 3442 lllud
826 3389 932 3443 autem
962 3381 1007 3443 sic
1036 3389 1083 3442 est
1111 3379 1331 3453 iudicandum,
1360 3380 1513 3442 maximas
1540 3378 1607 3461 geri
1635 3396 1685 3439 res
1707 3383 1741 3440 et

413 3474 544 3538 maximi
567 3474 664 3536 animi
685 3472 726 3535 ab
747 3474 798 3547 iis,
821 3474 877 3555 qui
899 3493 949 3536 res
970 3469 1114 3556 publicas
1135 3481 1254 3556 regant,
1277 3474 1362 3557 qnod
1385 3492 1493 3536 aarum
1508 3469 1738 3535 administratio

411 3567 563 3632 latissime
595 3574 700 3648 pateat
730 3565 770 3629 ad
799 3566 1014 3650 plurimosque
1037 3570 1210 3650 pertineat,
1239 3588 1309 3632 esse
1332 3576 1436 3632 autem
1461 3566 1566 3650 magni
1588 3563 1686 3628 snimi
1707 3570 1739 3626 et

409 3660 510 3724 fuisse
532 3660 650 3723 multos
672 3658 766 3722 ctiam
789 3660 822 3721 in
846 3660 910 3722 vita
933 3662 1048 3735 otiosa,
1072 3662 1128 3746 qui
1151 3669 1205 3724 aut
1226 3662 1452 3743 investigarent
1473 3668 1528 3722 aut
1549 3664 1776 3723 conarenturss

411 3773 526 3836 magna
549 3752 705 3838 quaedam
729 3772 863 3835 seseque
886 3774 1012 3817 suarum
1034 3775 1137 3819 rerum
1160 3752 1275 3818 linibus
1298 3756 1498 3819 continerent
1511 3761 1568 3817 aut
1581 3750 1738 3816 interiecti

411 3848 494 3911 inter
516 3845 723 3930 pbilosopbos
746 3855 778 3910 et
800 3867 866 3920 eos,
889 3850 945 3930 qui
967 3868 1032 3911 rem
1055 3848 1212 3932 publicam
1226 3849 1491 3923 administrarent,
1506 3847 1740 3913 delectarentur

411 3961 448 4005 re
470 3961 528 4004 sna
548 3940 707 4014 familiari,
729 3961 794 4004 non
817 3960 887 4004 eam
909 3942 1038 4025 quidem
1062 3946 1146 4008 omni
1170 3945 1291 4009 ratione
1313 3952 1539 4028 exaggerantes
1562 3959 1667 4024 neque
1683 3957 1739 4001 ex·

413 4035 576 4099 cludentes
606 4032 646 4097 ab
675 4034 744 4096 eius
766 4054 826 4096 usu
849 4053 924 4097 suos
946 4039 1119 4121 potiusque
1142 4047 1175 4102 et
1195 4039 1306 4102 amicis
1328 4040 1535 4122 inpertientes
1559 4045 1591 4100 et
1612 4035 1658 4098 rei
1680 4053 1739 4118 pu·

410 4130 523 4202 blicae,
545 4128 722 4211 siquando
745 4147 822 4191 usus
844 4136 937 4190 esset.
983 4128 1071 4204 Quae
1094 4131 1229 4213 primum
1251 4131 1333 4195 bene
1356 4140 1445 4215 parta
1467 4131 1508 4194 sit
1528 4129 1618 4193 nullo
1634 4140 1777 4211 nequest

411 4226 495 4307 turpi
518 4232 651 4308 quaestu
673 4241 779 4305 neque
802 4222 930 4296 odioso,
960 4223 1075 4286 deinde
1097 4233 1250 4305 augeatur
1273 4227 1411 4299 ratione,
1434 4223 1615 4307 diligentia,
1638 4220 1738 4304 parsi·

412 4319 533 4392 monia,
555 4325 622 4381 tum
645 4335 739 4399 qnam
762 4316 922 4399 plurimis,
945 4316 1041 4380 modo
1064 4318 1179 4400 dignis,
1201 4338 1236 4381 se
1259 4320 1368 4382 utilem
1391 4318 1551 4401 praebeat,
1573 4335 1633 4379 nec
1654 4314 1738 4378 lubi·

412 4410 479 4473 diui
503 4411 611 4493 potius
633 4410 844 4495 luxuriaeque
867 4429 960 4493 quam
986 4410 1164 4474 liberalitati
1187 4417 1220 4475 et
1240 4409 1466 4475 beneficentiae
1487 4416 1607 4494 pareat.
1650 4409 1737 4473 llaec

413 4506 604 4589 praescripta
626 4512 804 4568 servantem
826 4505 903 4568 licet
924 4501 1105 4587 magnilica,
1128 4506 1265 4589 graviter
1285 4507 1490 4590 animoseque
1512 4505 1618 4569 visere
1640 4511 1744 4589 atque·

411 4598 507 4662 etiam
528 4598 731 4681 simpliciter,
752 4597 907 4673 fideliter,
930 4597 1043 4678 †vere
1066 4598 1229 4663 bominum
1251 4600 1362 4663 amice.
1744 4609 1774 4659 tt

476 4907 500 4955 t.
518 4904 672 4967 uoluptatem
688 4904 780 4955 eliab
801 4931 827 4940 -
853 4905 879 4954 3.
896 4917 1048 4969 magnopere
1065 4906 1085 4957 C
1108 4932 1142 4943 -
1162 4904 1186 4955 3.
1204 4904 1471 4967 praeclaraque-wi
1486 4905 1552 4955 idem
1567 4918 1640 4969 saepe
1654 4906 1738 4956 uultus
1816 4955 1821 4965 ,

409 4981 544 5042 eademque
558 4981 630 5042 troas
646 4979 745 5029 Nonius
763 4992 788 5042 p.
801 4977 857 5029 lii.
878 5004 904 5014 -
929 4982 953 5031 s.
972 4981 1078 5042 imaque
1095 4978 1163 5031 ll²sz
1182 4982 1295 5043 idemque
1311 4978 1440 5030 Assll'bo
1460 5006 1486 5017 -
1513 4982 1576 5033 G.A
1595 5008 1622 5019 -
1643 4982 1738 5045 accipi·

408 5068 464 5105 msss
481 5054 589 5106 AB¹lib
609 5080 636 5091 -
661 5055 685 5105 7.
704 5068 811 5118 magnus
827 5067 954 5117 sempera
975 5082 999 5091 —
1027 5056 1051 5105 3.
1070 5056 1215 5111 sumusBs
1233 5058 1310 5118 (corr.
1331 5055 1494 5115 insimuth
1514 5079 1541 5093 ·-
1563 5058 1602 5113 ⁴0,
1620 5062 1738 5120 utequos

409 5155 448 5168 --
459 5132 560 5181 medem
575 5131 652 5180 soient
669 5131 768 5180 Nonius
786 5143 811 5194 p.
823 5128 880 5179 30l.
902 5156 927 5165 -
957 5132 996 5179 tt.
1011 5131 1169 5192 praetiosum
1185 5132 1285 5183 Aliso
1303 5156 1331 5167 -
1361 5131 1400 5181 ⁴2.
1418 5132 1499 5180 utitis
1515 5133 1535 5183 C
1555 5156 1582 5170 ·-
1605 5132 1697 5194 possim
1714 5132 1736 5182 H

411 5230 439 5240 -
457 5205 495 5253 uti
512 5217 591 5255 omo
619 5231 645 5239 —
672 5206 708 5253 sic
724 5204 985 5266 seminem-stetque
1001 5218 1078 5268 supro
1096 5206 1195 5256 Nonius
1213 5219 1239 5270 p.
1250 5205 1306 5256 389.
1333 5229 1359 5240 -
1388 5204 1428 5255 43.
1446 5206 1584 5267 ecfrenatos
1600 5207 1635 5255 lt:
1660 5206 1737 5266 etfre-

409 5283 483 5329 auios
498 5281 523 5334 b.
542 5282 674 5343 effrenatos
691 5280 801 5330 assos
821 5307 847 5316 -
872 5281 957 5343 girum
973 5291 1010 5330 oo
1030 5306 1057 5316 -
1084 5282 1129 5330 ts·
1142 5281 1293 5331 uarietatem
1308 5281 1427 5342 [meuses
1443 5292 1458 5331 c
1477 5306 1504 5317 -
1531 5282 1643 5331 mcuadis
1659 5282 1688 5330 tu
1706 5306 1735 5319 ·-

409 5353 449 5402 to.
468 5354 537 5415 isque
553 5354 619 5415 Αἰ,
642 5356 727 5416 bisque
743 5352 870 5412 amite,
891 5354 1017 5415 bijsqueo
1043 5381 1067 5389 -
1097 5356 1472 5417 maior--isdemqueomll
1501 5383 1527 5392 -
1556 5356 1594 5406 ti.
1613 5356 1738 5417 uiamque

409 5430 467 5479 tn:
491 5429 631 5492 hisdemque
648 5431 703 5489 Ba,
723 5430 857 5493 iisdemque
873 5441 910 5479 oo
938 5456 964 5465 -
991 5430 1130 5478 cauendum
1146 5436 1194 5491 est,
1211 5444 1243 5481 oe
1258 5430 1452 5480 assentatoribus
1467 5431 1650 5493 patefaciamus
1666 5432 1738 5481 sums

408 5516 469 5554 «ιιι
485 5506 587 5555 adulari
603 5518 649 5554 nos
664 5506 776 5554 neamus
793 5505 891 5555 Nonius
908 5517 935 5569 p.
947 5504 987 5554 tt.
1007 5529 1034 5540 -
1059 5504 1100 5557 43.
1119 5506 1192 5555 ausis
1207 5506 1320 5556 Nonius:
1340 5518 1416 5555 aures
1432 5506 1474 5556 Co
1493 5532 1519 5542 -
1544 5518 1606 5555 aeus
1622 5506 1734 5556 Nonius:

409 5589 454 5627 sec
471 5578 522 5629 Co.
553 5578 591 5629 ct.
611 5578 884 5642 Wesenbergador.
904 5592 930 5643 p.
950 5578 1121 5644 sessiones
1140 5594 1166 5629 n.
1187 5603 1214 5615 -
1242 5580 1284 5629 tt.
1302 5581 1329 5628 ie
1346 5591 1429 5630 ome
1458 5606 1485 5617 -
1510 5580 1551 5629 33.
1569 5577 1735 5645 ιιιῐιιιιιι)

408 5653 790 5709 mwiaisiresmaaimeo
818 5679 845 5690 -
873 5654 1056 5704 scotusc
1086 5680 1112 5689 -
1139 5653 1456 5717 tl.muitosetfuissso
1484 5680 1510 5690 -
1538 5654 1734 5717 impastam:

406 5732 506 5789 parato
525 5725 693 5780 Ali²lisbo
722 5753 749 5763 -
779 5727 820 5778 34.
839 5728 1143 5791 deiods··porsimoaia
1165 5728 1218 5778 buc
1239 5729 1390 5793 transposui
1407 5730 1510 5790 Ungero
1532 5733 1653 5782 auctore:
1677 5734 1737 5796 post

406 5802 527 5865 praebeat
544 5802 667 5865 leguntur
684 5804 709 5853 in
728 5803 768 5854 Co
796 5827 823 5839 -
854 5803 895 5853 if.
914 5804 1063 5869 tunquam]
1076 5811 1207 5867 tamquam
1225 5816 1240 5854 o
1259 5830 1285 5841 -
1305 5805 1345 5855 33.
1364 5803 1584 5868 etbesseflo'eatiae
1600 5807 1734 5865 tsflsbr

409 5877 651 5942 immmmtiequso
671 5880 1052 5944 -pareatczpateoto-
1080 5877 1737 5943 ee.simptue·uressaetuess-ueec:visse

409 5964 442 6014 ος
465 5954 551 6020 gmei
568 5953 721 6007 dubitanter
738 5955 831 6007 lisine.
852 5982 880 5995 -·
898 5956 1027 6007 imsiasm
1042 5956 1131 6023 amus]
1149 5956 1288 6009 bominibus
1304 5957 1384 6008 aonios
1400 5956 1484 6009 uiuere
1499 5968 1524 6007 ι.
