4342 7459
688 1245 758 1309 Lm.
772 1245 796 1308 i.
826 1244 902 1309 Cia.
916 1243 1224 1310 XXVI-xxviii.
1252 1243 1298 1330 ss
1313 1241 1349 1310 ii
1360 1241 1462 1313 -11,
1675 1239 1738 1307 777
1761 1284 1766 1296 ·

412 1410 478 1492 vis,
498 1410 528 1473 sl
551 1409 666 1474 teneat
688 1410 761 1472 illut
781 1408 937 1492 vinclum,
958 1409 1046 1494 qnod
1070 1411 1206 1492 primum
1230 1409 1380 1475 homines
1400 1413 1489 1477 inter
1506 1406 1608 1476 serel
1625 1408 1737 1494 publi-

412 1531 474 1579 ιιι
495 1514 659 1577 societate
681 1512 847 1592 devinxit,
878 1531 944 1576 non
968 1513 1152 1595 perfectum
1175 1514 1248 1578 iiiut
1277 1512 1406 1600 quidem
1429 1533 1537 1599 neque
1561 1529 1631 1578 mea
1653 1530 1737 1577 sen-

413 1618 520 1681 tentia
548 1618 755 1701 optimumst,
784 1610 978 1689 tolerabile!
1001 1617 1132 1701 temen,
1158 1620 1213 1681 set
1236 1618 1318 1681 ailut
1340 1620 1377 1681 ut
1399 1618 1464 1682 ulio
1488 1618 1597 1700 possit
1624 1611 1668 1696 lp·
1684 1607 1737 1674 96.

412 1737 491 1783 esse
514 1722 753 1803 praestantius.
796 1717 878 1784 Nam
907 1718 962 1782 vei
990 1736 1052 1783 rex
1081 1736 1185 1784 uacus
1213 1737 1255 1785 uc
1281 1721 1441 1803 sapiens,
1474 1718 1530 1785 vel
1552 1716 1674 1784 deiecti
1696 1732 1737 1781 ac

412 1826 582 1907 principes
604 1825 715 1898 cives,
737 1822 793 1889 vel
815 1824 891 1906 lpse
913 1822 1065 1906 populos,
1088 1841 1281 1907 quamquam
1305 1822 1337 1886 id
1361 1828 1413 1888 esi
1437 1825 1566 1888 minime
1587 1822 1762 1907 proban-i

413 1924 503 2006 dum,
538 1930 646 1989 temen
677 1927 777 1990 nullis
806 1926 992 1991 interiectis
1023 1927 1253 2009 iniquitatibus
1282 1930 1340 1990 aut
1369 1927 1609 2010 cupiditatibus
1637 1940 1739 2011 posse

411 2030 547 2095 videtur
567 2029 678 2113 aliquo
700 2046 778 2093 esse
799 2046 867 2092 non
888 2029 1017 2093 incerto
1042 2031 1147 2092 stetu.

495 2130 645 2198 XXVii.
673 2130 736 2195 43.
765 2127 829 2195 Set
849 2133 885 2195 et
906 2132 940 2194 in
961 2134 1080 2220 regnis
1104 2132 1200 2195 nimis
1223 2134 1382 2215 expertes
1411 2122 1490 2197 sunt
1519 2135 1622 2199 ceteri
1646 2149 1740 2196 com·

412 2238 519 2301 munis
549 2238 630 2299 iuris
660 2242 694 2301 et
722 2236 875 2314 consilii,
907 2239 942 2299 et
975 2238 1007 2298 in
1042 2237 1247 2319 optimatium
1276 2234 1444 2301 dominatu
1476 2239 1535 2300 vix
1570 2238 1739 2322 particeps

412 2341 578 2405 libertatis
601 2342 714 2424 potest
737 2336 835 2413 esset
857 2338 1044 2425 multitudo,
1066 2358 1139 2405 cum
1163 2342 1249 2404 omni
1271 2343 1411 2406 consilio
1427 2342 1588 2406 communi
1611 2330 1777 2420 [piceo

411 2460 452 2509 ae
475 2446 644 2524 potestate
666 2447 797 2522 careat,
827 2445 955 2509 etcum
979 2443 1088 2506 omnio
1117 2461 1178 2527 per
1200 2447 1355 2527 populum
1378 2449 1559 2534 geruntur,
1589 2443 1741 2527 quamvis

411 2548 533 2611 iustum
563 2551 664 2632 atque
696 2544 920 2628 moderatum,
953 2549 1064 2610 temen
1086 2547 1162 2630 ipso
1183 2548 1404 2631 aequabilitas
1427 2552 1481 2612 est
1503 2548 1634 2631 iniqua,
1666 2563 1739 2611 cusi

411 2650 512 2715 hebet
543 2651 652 2716 nullos
681 2649 808 2738 gradus
838 2650 1022 2739 dignitatis.
1067 2650 1188 2736 ltaque
1208 2654 1238 2715 sl
1260 2648 1372 2736 Cyrus
1394 2653 1450 2716 ilie
1474 2651 1596 2716 Persas
1619 2652 1739 2714 iustis-

411 2756 513 2818 simus
535 2754 599 2820 fuit
619 2756 954 2839 sapientissimusque
976 2771 1053 2833 rex,
1080 2758 1190 2818 temen
1214 2753 1288 2818 mihi
1314 2755 1426 2839 populi
1449 2773 1506 2819 res
1529 2794 1568 2807 -
1590 2771 1632 2818 ee
1653 2755 1738 2817 enim

411 2861 483 2942 est,
505 2861 543 2922 ut
564 2859 632 2922 dlxi
654 2863 772 2935 antes,
795 2857 993 2942 publico-
1014 2876 1080 2921 non
1103 2859 1243 2921 maxime
1264 2857 1455 2941 expetenda
1476 2858 1583 2923 inisse
1605 2858 1662 2920 iilo
1683 2858 1777 2920 vl-ii

411 2959 519 3043 detm,
541 2978 614 3026 eum
636 2965 814 3046 regeretur
833 2962 932 3024 unlus
956 2967 1049 3024 nutu.
1078 2959 1132 3026 Ac
1150 2960 1156 3033 1
1177 2958 1273 3024 modo
1296 2963 1326 3025 si
1339 2959 1588 3041 Massilienses,
1610 2951 1654 3042 [p.
1667 2950 1739 3019 106.

411 3067 518 3130 nostrl
540 3065 692 3144 clientes,
717 3082 777 3146 per
798 3062 949 3128 delectos
972 3067 1005 3127 et
1030 3064 1199 3147 principes
1220 3064 1315 3129 cives
1336 3082 1461 3128 summe
1476 3064 1603 3128 iustitia
1617 3079 1740 3151 regan·

411 3173 482 3252 tur,
511 3169 600 3232 inest
628 3170 737 3231 tannen
769 3170 800 3230 ln
825 3184 865 3231 es
887 3164 1083 3231 condicione
1106 3167 1220 3251 populi
1241 3165 1422 3231 similitudo
1444 3166 1605 3252 quaedem
1627 3166 1739 3230 servi-

409 3274 503 3335 tutis.
544 3268 583 3337 Si
604 3269 834 3336 Athenienses
856 3270 1050 3354 quibusdam
1072 3270 1278 3354 temporibus
1300 3272 1433 3336 subluto
1451 3270 1634 3358 Areopago
1658 3268 1739 3334 nibil

410 3376 473 3440 nlsl
496 3374 609 3458 populi
632 3375 727 3438 scitis
750 3390 789 3439 ee
813 3372 959 3437 decretis
981 3374 1147 3460 agebant,
1177 3375 1331 3456 quoniam
1361 3374 1541 3438 distinctos
1562 3371 1777 3459 dignitatisso

408 3475 537 3565 gradem
558 3495 626 3542 non
649 3475 832 3559 habebunt,
854 3494 920 3541 non
941 3476 1081 3541 tenebat
1105 3483 1256 3541 ornotom
1276 3496 1370 3541 mom
1394 3479 1525 3543 civitas·
1570 3475 1739 3541 XXVili.

408 3580 473 3647 44.
494 3581 609 3665 Atque
631 3578 695 3646 hoc
717 3582 835 3665 loquor
856 3579 899 3644 de
921 3581 1028 3644 tribus
1050 3578 1102 3644 his
1122 3580 1306 3668 generibus
1328 3599 1435 3662 rerum
1453 3580 1655 3663 publicorum
1672 3595 1738 3641 noa

409 3686 553 3750 turbatis
573 3686 674 3769 atque
696 3676 883 3767 permlxliis,
905 3683 966 3747 sed
989 3702 1083 3747 snum
1105 3686 1229 3747 statum
1250 3684 1452 3747 tenentibus.
1492 3681 1587 3763 Quae
1610 3674 1738 3762 [p225.

408 3805 536 3877 genera
568 3789 703 3872 primum
733 3791 812 3850 sunt
841 3787 874 3849 in
902 3788 943 3849 iis
970 3787 1107 3874 singula
1134 3788 1246 3866 vitiis,
1280 3804 1365 3870 quae
1393 3790 1473 3851 ante
1495 3786 1585 3871 dixi,
1617 3784 1738 3850 deinde

408 3890 533 3957 hebent
561 3893 749 3975 perniciosa
778 3891 844 3955 alia
872 3891 977 3975 vltio;
1008 3891 1131 3954 nulium
1158 3896 1212 3955 est
1240 3894 1324 3955 enim
1347 3909 1456 3979 genus
1478 3892 1605 3956 iliarum
1628 3896 1776 3955 rerumti

409 3995 624 4077 publicarum,
646 3992 734 4079 quod
758 4012 823 4057 non
846 3992 969 4058 habeat
991 3995 1057 4058 iter
1077 3992 1120 4057 sd
1144 3994 1310 4058 finitionum
1328 3994 1492 4079 quoddam
1509 3996 1626 4060 malam
1643 4014 1739 4077 prse-

408 4116 491 4181 ceps
513 4115 553 4164 ac
575 4098 745 4162 lubricum.
790 4096 871 4161 Nam
895 4098 940 4160 illi
964 4099 1046 4184 regi,
1069 4101 1105 4160 ut
1128 4115 1201 4162 eum
1226 4100 1431 4180 potissimum
1455 4100 1633 4181 nominem,
1654 4100 1738 4162 tole·

407 4201 503 4266 rabili
525 4206 600 4285 eut,
623 4204 652 4265 si
675 4202 794 4283 voltis,
816 4203 915 4265 etiam
937 4201 1083 4280 amabili,
1107 4197 1208 4285 Cyro,
1230 4201 1348 4266 subest
1370 4199 1412 4265 ad
1436 4200 1617 4266 inmutandi
1639 4202 1738 4265 animi

408 4306 575 4371 licentiam
604 4304 854 4372 crudelissimos
876 4301 937 4383 illle
960 4303 1134 4381 Phalaris,
1163 4308 1257 4370 euius
1278 4306 1311 4368 in
1333 4304 1577 4369 similitudinem
1606 4297 1649 4385 [p.
1665 4297 1738 4364 226.

409 4409 598 4474 dominatus
620 4413 717 4473 unlus
740 4410 880 4491 proclivi
904 4426 1005 4475 eursu
1027 4414 1061 4473 et
1084 4409 1185 4473 facile
1207 4406 1382 4472 delabitur.
1426 4409 1478 4471 ilii
1505 4415 1614 4471 eutem
1638 4408 1776 4472 Mas-³⁰

408 4514 588 4577 siiienslum
623 4530 801 4596 paucorum
832 4518 866 4577 et
897 4512 1082 4595 principum
1113 4509 1391 4575 administrationi
1414 4512 1562 4576 civitatis
1585 4510 1739 4574 finitimos

408 4619 462 4680 est
495 4619 550 4700 qui
583 4616 646 4680 luit
679 4614 819 4702 quodam
854 4621 1004 4699 tempore
1034 4614 1125 4699 opud
1152 4613 1382 4680 Athenienses
1418 4616 1557 4701 triginta
1585 4618 1738 4679 cleonem

408 4738 594 4787 consensus
624 4723 658 4784 et
690 4719 801 4786 tactio.
844 4720 914 4784 lem
939 4717 1194 4784 Atheniensium
1223 4719 1336 4804 populi
1363 4721 1568 4804 potestatem
1597 4720 1737 4782 omnium

473 5017 497 5066 1.
516 4977 624 5066 ansehn
642 5015 662 5066 C
682 5041 710 5052 -
729 5014 753 5065 3.
766 5017 919 5077 optimoque,
931 5014 1059 5064 tolcrowa
1075 5019 1169 5077 tomen,
1187 5019 1223 5065 tot
1239 5015 1305 5065 oiioi
1320 5019 1349 5065 ot
1364 5014 1415 5066 olio
1433 5028 1482 5065 nos
1498 5014 1568 5065 duce
1582 5015 1693 5079 lieoptio
1712 5015 1738 5063 in

408 5088 534 5154 Philologl
551 5092 570 5152 i,
583 5091 632 5141 388
650 5088 719 5153 lille:
737 5092 857 5153 optimum
873 5096 917 5151 est,
934 5089 1038 5140 toisrob.
1051 5094 1145 5151 tomen,
1162 5090 1205 5140 sed
1220 5095 1249 5140 ot
1259 5091 1330 5141 uliud
1339 5091 1412 5153 clici:
1432 5103 1739 5141 oeriuuuseurocensaus

407 5224 652 5263 rusaeramursmo
670 5213 699 5273 C,
718 5217 769 5275 opi.
788 5212 830 5261 sod
846 5210 950 5263 toiorob.
969 5216 1066 5269 tamem·
1084 5216 1112 5260 ot
1129 5210 1199 5261 aliod
1215 5212 1266 5261 otio
1284 5212 1304 5262 0
1324 5239 1350 5249 —
1378 5211 1402 5264 i.
1421 5175 1524 5263 uhcscri
1544 5212 1563 5261 C
1591 5239 1618 5249 -
1645 5213 1669 5261 i.
1688 5225 1738 5261 noo

407 5288 524 5336 tommo
540 5291 609 5337 stetu
626 5284 788 5338 coaiorelli
805 5284 864 5337 coll.
883 5284 942 5350 §id
964 5286 1061 5336 iniebat
1078 5291 1198 5336 omninno
1215 5288 1267 5336 etc.
1295 5313 1323 5324 -
1353 5285 1392 5338 13.
1410 5288 1500 5338 boboni
1517 5286 1641 5337 Heinrich
1658 5290 1685 5336 et
1702 5286 1735 5344 0;

407 5410 464 5472 ipse
482 5407 572 5459 malim
590 5410 710 5469 quonium
726 5408 806 5469 hobel,
825 5410 854 5459 ut
871 5410 913 5459 est
928 5406 995 5458 inire
1013 5409 1080 5458 uto
1098 5421 1139 5473 sq.
1173 5436 1198 5445 -
1231 5408 1271 5459 id.
1289 5372 1388 5460 ua¹osC
1418 5433 1445 5445 -
1474 5412 1538 5457 soto
1555 5408 1683 5457 mnodo,
1710 5407 1738 5456 Si

407 5485 484 5534 uass.
503 5484 620 5535 distinxit
636 5485 656 5535 0
676 5509 703 5519 -
723 5484 762 5534 18.
776 5484 913 5535 aoauuuc
934 5509 962 5521 -
980 5482 1306 5535 semiiotiuidtboniouee
1317 5484 1465 5547 quibusdam
1481 5483 1507 5533 in
1525 5484 1544 5535 C
1562 5481 1652 5533 addite
1669 5484 1738 5536 inter

407 5574 503 5612 versus
522 5584 549 5598 -
570 5560 610 5611 19.
629 5572 759 5610 assoaooo
776 5560 796 5610 C
816 5585 843 5597 -
862 5560 904 5611 ti.
922 5559 1029 5611 bobebot
1046 5560 1171 5611 iieinricb
1190 5584 1217 5595 -
1235 5560 1277 5610 11.
1295 5573 1345 5611 soc
1363 5560 1398 5611 C:
1417 5560 1462 5609 boc
1479 5559 1532 5608 ioco
1550 5557 1591 5609 vel
1608 5558 1649 5609 iiio
1666 5559 1736 5609 coni.

407 5684 496 5733 mosee
515 5710 543 5720 -
561 5681 603 5733 so.
623 5645 672 5740 nh
690 5682 709 5732 c
728 5708 761 5718 -
777 5682 817 5731 ee.
836 5645 893 5734 ἐπι
911 5683 931 5734 c
952 5707 979 5719 -
998 5682 1039 5732 ιι.
1058 5642 1170 5732 ahmam
1189 5683 1209 5733 c
1228 5706 1256 5718 -
1279 5681 1321 5733 so.
1341 5682 1375 5731 aa
1391 5681 1548 5731 ovonem
1565 5681 1644 5730 sads
1661 5681 1737 5730 isse

406 5761 469 5808 iiom
486 5761 516 5808 G.
528 5758 661 5809 ilermonn
680 5757 749 5807 coni.
762 5755 909 5808 admodum
926 5756 1107 5823 probabiliter,
1126 5759 1161 5807 od
1175 5757 1359 5808 immutandam
1375 5758 1455 5807 enimi
1468 5756 1614 5807 sententium
1631 5753 1736 5805 Dobree

409 5906 436 5918 -
460 5879 501 5931 td.
520 5880 653 5932 cmsouc
679 5904 713 5917 -
737 5890 825 5930 ramur
843 5881 876 5932 c:
894 5880 967 5944 {sciti
982 5879 1108 5932 iieiurieb
1125 5882 1154 5932 et
1169 5880 1190 5931 0
1208 5904 1236 5917 -
1260 5839 1484 5931 ohmucmmhc
1510 5901 1538 5915 -·
1564 5877 1606 5928 31.
1623 5878 1737 5930 stomata

405 5955 468 6009 un:
493 5967 548 6008 om.
561 5956 596 6015 C;
623 5954 658 6008 ei.
676 5954 743 6006 inira
761 5954 804 6016 iii,
822 5954 902 6009 o.ii.
