4342 7459
695 1260 762 1323 Lau.
778 1260 803 1322 l.
830 1258 904 1323 Car.
919 1260 1167 1326 XLII-XLIII.
1192 1257 1239 1345 §s
1253 1255 1439 1325 lte-453.
1616 1310 1620 1317 .
1663 1248 1720 1319 dili

618 1419 772 1493 cetarii,
800 1420 909 1495 lanii,
931 1420 1059 1503 coqui,
1081 1420 1261 1497 fartores,
1283 1423 1514 1506 piscatores,

409 1524 445 1579 ut
465 1517 509 1580 ait
530 1514 708 1578 Terentius.
730 1514 840 1586 ¹Adde
861 1514 942 1586 huc,
965 1514 992 1576 si
1016 1514 1135 1596 placet,
1159 1517 1401 1598 unguentarios,
1424 1516 1589 1579 saltatores
1609 1520 1726 1577 totum·

408 1628 469 1692 quc
492 1609 601 1672 ludum
623 1608 777 1672 talarium.
820 1603 892 1670 llil.
922 1607 1046 1683 Quibus
1074 1618 1180 1672 autem
1209 1610 1327 1673 artibus
1356 1616 1411 1673 aut
1437 1608 1605 1692 prudentia
1627 1608 1727 1670 maior

406 1702 491 1765 inest
511 1710 567 1766 aut
587 1722 650 1765 uon
674 1701 842 1764 mediocris
863 1702 982 1765 utilitas
1005 1704 1184 1785 quaeritur,
1206 1710 1241 1765 ut
1263 1704 1428 1777 medicina,
1451 1712 1486 1766 ut
1507 1701 1727 1773 architectura,

406 1803 442 1859 ut
463 1795 605 1859 doctriua
626 1815 732 1858 rerum
753 1794 972 1871 honestarum,
995 1815 1052 1858 eae
1074 1806 1149 1861 sunt
1169 1798 1220 1872 iis,
1243 1817 1378 1881 quorum
1400 1797 1503 1861 ordini
1526 1796 1751 1866 conveniunto

406 1888 588 1977 honestae..
617 1890 792 1951 Mercatura
819 1896 945 1962 autem,
975 1890 1001 1951 si
1031 1892 1136 1953 tenuis
1166 1899 1230 1967 est,
1260 1892 1389 1955 sordida
1415 1890 1554 1974 putanda
1582 1895 1647 1951 est:
1677 1888 1726 1949 siu

407 2000 520 2065 magna
542 1991 575 2046 et
595 1983 739 2065 copiosa,
762 1980 857 2045 multa
879 1982 1020 2066 undique
1043 1994 1212 2067 apportans
1234 1986 1406 2068 multisque
1428 1986 1497 2048 siue
1518 1983 1657 2046 vanitate
1680 1980 1728 2041 in·

406 2077 555 2160 pertiens,
577 2096 640 2139 uon
662 2085 711 2139 est
731 2075 901 2139 admodum
924 2078 1143 2159 vituperanda,
1166 2087 1262 2163 atque
1284 2081 1387 2154 etiam,
1410 2081 1436 2142 si
1459 2079 1570 2142 satiata
1592 2081 1727 2157 quaestu

408 2169 459 2233 vel
480 2176 626 2233 contenta
649 2171 773 2253 potius,
803 2177 838 2233 ut
865 2190 961 2253 saepe
989 2172 1116 2234 exalto
1139 2174 1172 2235 in
1194 2181 1337 2257 portum,
1366 2193 1406 2235 ex
1429 2174 1498 2256 ipso
1520 2176 1614 2253 portu
1637 2187 1671 2230 se
1692 2166 1727 2227 in

407 2282 500 2346 agros
521 2264 802 2347 possessionesque
822 2265 967 2339 contulit,
991 2264 1116 2328 videtur
1137 2267 1204 2330 iure
1227 2268 1348 2349 optimo
1370 2285 1465 2349 posse
1486 2262 1618 2327 laudari.
1653 2261 1764 2323 orn-o

408 2358 496 2421 nium
517 2368 623 2421 autem
644 2377 765 2432 rerum,
788 2378 829 2421 ex
851 2359 965 2441 quihus
987 2359 1107 2444 aliquid
1129 2361 1323 2443 adquiritur,
1348 2359 1426 2421 nihil
1449 2365 1496 2420 est
1517 2357 1583 2438 agri
1606 2354 1728 2417 cultura

408 2452 538 2526 melius,
567 2451 647 2514 nihil
677 2451 823 2524 uberius,
850 2451 931 2514 nihil
960 2452 1101 2526 dulcius,
1134 2453 1212 2516 nihil
1234 2453 1364 2517 homine
1392 2453 1490 2515 libero
1512 2451 1656 2532 dignius:
1687 2448 1728 2509 de

409 2564 473 2628 qna
494 2545 645 2629 quoniam
668 2546 698 2606 in
715 2544 834 2607 Catone
856 2546 974 2609 maiore
997 2547 1073 2609 satis
1096 2547 1193 2610 multa
1215 2548 1365 2623 diximus,
1387 2547 1467 2610 illim
1488 2563 1630 2609 assumes
1646 2561 1727 2626 quae

408 2638 448 2701 ad
469 2641 554 2703 hune
575 2640 680 2702 locum
703 2638 915 2721 pertinebunt.

493 2733 604 2795 XLlll.
634 2728 705 2794 toi.
736 2732 797 2796 Sed
820 2735 860 2795 ab
882 2734 921 2796 iis
942 2735 1097 2817 partibus,
1129 2756 1209 2818 quae
1239 2745 1313 2800 sunt
1341 2735 1534 2807 honestatis,
1566 2753 1659 2816 quem
1688 2731 1728 2795 ad
1738 2738 1767 2785 ⁴³

408 2828 535 2891 modum
555 2823 659 2890 oliicia
681 2826 881 2902 ducerentur,
903 2830 980 2891 satis
1002 2831 1182 2911 expositum
1205 2830 1338 2894 videtur.
1381 2832 1497 2892 Eorum
1520 2835 1623 2890 autem
1647 2818 1730 2910 ipsoss

408 2940 496 2996 rum,
517 2939 599 3006 quae
612 2922 754 2984 honesta
776 2928 866 2995 sunt,
893 2928 998 3004 potest
1018 2922 1158 2985 incidere
1180 2943 1276 3007 saepe
1298 2924 1459 2987 contentio
1482 2930 1514 2985 et
1534 2921 1729 3003 comparatio

408 3014 450 3077 de
471 3014 596 3077 duohus
617 3014 760 3078 honestis
781 3022 885 3078 utrum
907 3015 1090 3090 honestius,
1120 3016 1177 3099 qui
1198 3017 1286 3081 locus
1307 3038 1326 3082 a
1348 3017 1497 3080 Panaetio
1523 3023 1572 3079 est
1591 3023 1731 3099 praeter·

410 3111 536 3175 missus.
580 3110 658 3171 Nam
680 3129 752 3172 cum
775 3109 878 3171 omnis
899 3108 1049 3171 honestas
1071 3117 1176 3172 manet
1196 3129 1215 3172 a
1236 3109 1379 3193 partibus
1401 3117 1567 3192 quattuor,
1595 3129 1730 3193 quarum

409 3223 472 3267 una
494 3204 535 3266 sit
556 3203 764 3285 cognitionis,
795 3202 894 3265 altera
916 3202 1166 3277 communitatis,
1194 3205 1288 3267 tertia
1310 3203 1590 3287 magnanimitatis,
1619 3208 1768 3284 quartuli

408 3296 651 3369 moderationis,
678 3296 757 3359 haec
778 3296 811 3358 in
833 3296 1004 3378 deligendo
1026 3296 1133 3360 ollieio
1155 3317 1251 3379 saepe
1272 3299 1356 3360 inter
1376 3317 1411 3360 se
1433 3289 1655 3379 comparentur
1676 3314 1731 3357 ne·

409 3410 497 3455 cesse
518 3398 577 3454 est.
619 3385 692 3453 ⁴53.
720 3389 825 3455 Placet
851 3390 1097 3473 igitur'aptiora
1124 3411 1194 3454 esse
1222 3399 1353 3454 naturae
1375 3410 1414 3454 ea
1435 3391 1557 3464 cilicia,
1584 3408 1666 3471 quae
1689 3409 1730 3452 ea

410 3485 649 3560 communitate,
679 3503 773 3568 quam
796 3504 851 3558 ea,
873 3502 954 3568 quac
977 3503 1016 3546 ex
1039 3486 1220 3566 cognitione
1242 3484 1415 3561 ducantur,
1438 3484 1534 3566 idque
1556 3485 1617 3546 hoc
1638 3503 1730 3566 argu·

409 3586 515 3642 mento
538 3578 716 3641 confirmari
737 3584 851 3662 potest,
872 3575 970 3662 quod,
992 3577 1019 3640 si
1042 3579 1208 3660 contigerit
1229 3599 1267 3642 ea
1288 3579 1353 3642 vita
1374 3579 1523 3660 sapienti,
1538 3587 1574 3641 ut
1588 3579 1729 3641 omnium

409 3691 513 3736 rerum
535 3670 737 3735 affluentibus
768 3672 870 3755 copiis
899 3672 1022 3745 omnia,
1052 3689 1135 3754 quae
1162 3673 1345 3755 cognitione
1374 3672 1468 3755 digua
1499 3673 1579 3747 sint,
1607 3678 1766 3735 summoti

409 3766 474 3829 otio
496 3786 605 3830 seeum
626 3766 694 3850 ipsc
716 3765 894 3828 consideret
916 3773 948 3827 et
969 3765 1214 3848 contempletur,
1235 3775 1341 3829 tamen
1363 3766 1389 3829 si
1412 3766 1549 3829 solitudo
1571 3764 1657 3830 tanta
1679 3768 1729 3841 sit,

409 3868 444 3922 ut
465 3856 625 3923 hominem
653 3858 761 3922 videre
790 3879 853 3922 non
882 3858 1000 3943 possit,
1033 3860 1167 3923 excedat
1194 3862 1309 3924 evita.
1352 3860 1566 3943 Princepsque
1588 3861 1729 3923 omnium

408 3952 559 4017 virtutum
580 3951 636 4016 illa
656 3954 822 4037 sapientia,
844 3973 938 4037 quam
961 3964 1087 4032 σοφίαν
1102 3955 1214 4018 Graeci
1236 3962 1404 4018 vocant-
1418 3954 1619 4037 prudentiam
1634 3954 1729 4027 enim,

409 4066 503 4130 qnam
526 4047 637 4111 Graeci
661 4047 841 4132 φρόνησιν,
870 4047 964 4110 aliam
994 4047 1152 4130 quandam
1181 4048 1411 4131 intellegimus,
1442 4067 1524 4131 quae
1554 4055 1604 4110 est
1624 4066 1729 4111 rerum

408 4141 655 4225 expetendarum
676 4142 962 4224 fugiendarumque
984 4142 1134 4203 scientia:
1157 4142 1210 4205 illa
1233 4150 1336 4205 autem
1353 4142 1515 4225 sapientia,
1532 4159 1627 4223 quam
1642 4140 1768 4222 prin-ao

408 4236 510 4317 cipem
532 4234 615 4311 dixi,
644 4257 748 4300 rerum
776 4245 823 4299 est
850 4235 1028 4298 divinarum
1053 4244 1084 4298 et
1107 4234 1313 4298 humanarum
1336 4235 1487 4309 scientia,
1516 4236 1548 4296 in
1570 4253 1633 4318 qua
1654 4253 1730 4298 con·

408 4329 526 4392 tinetnr
548 4326 690 4412 [deorum
712 4326 754 4412 et]
778 4329 940 4393 hominum
966 4331 1173 4392 communitas
1195 4337 1227 4391 et
1249 4328 1383 4392 societas
1405 4328 1489 4391 inter
1510 4330 1614 4411 ipsos:
1644 4348 1681 4391 ea
1703 4330 1729 4390 si

408 4423 547 4487 maxima
575 4430 639 4499 est,
669 4433 704 4486 ut
731 4431 795 4498 est,
826 4431 910 4488 certe
939 4442 1069 4486 necesse
1099 4431 1162 4497 est,
1191 4422 1276 4505 quod
1307 4442 1326 4485 a
1353 4424 1576 4486 communitate
1598 4422 1731 4486 ducatur

410 4514 570 4593 officium,
598 4517 631 4580 id
662 4537 732 4581 esse
760 4518 943 4581 maximnm.
994 4517 1121 4580 Etenim
1149 4517 1289 4599 cognitio
1311 4505 1603 4601 contemplatioqde
1624 4537 1729 4580 rerum

473 4771 498 4820 l.
515 4770 595 4820 oomni
612 4770 751 4841 (cepturi)
770 4768 865 4820 li'll'h
890 4796 921 4807 -
947 4771 1073 4833 qscquib
1098 4796 1125 4807 -
1151 4771 1177 4822 2.
1195 4769 1578 4835 totumlndunstobulosisanp
1606 4797 1632 4808 -
1660 4770 1685 4820 3.
1702 4771 1732 4820 ln

408 4844 495 4906 quihus
511 4844 594 4894 hund.
621 4846 663 4894 n'n
679 4844 740 4894 addi
758 4844 784 4893 h.
799 4843 815 4894 l.
834 4842 908 4893 iubet
925 4846 1197 4897 constansCiceronis
1215 4859 1305 4896 usus.»
1331 4844 1507 4905 Fortouibns
1523 4849 1607 4894 ontnn
1621 4845 1648 4893 in
1665 4845 1732 4893 erli-

407 4922 459 4971 ius.
489 4948 516 4959 -
544 4923 606 4970 inest
621 4922 739 4970 maiore
770 4945 797 4954 -
826 4917 851 4970 l.
868 4921 992 4970 medicina
1008 4926 1053 4970 cut
1068 4922 1239 4971 maliuolum
1258 4925 1303 4969 cut
1319 4921 1434 4969 doctrino
1456 4933 1471 4970 c
1500 4945 1528 4957 -
1557 4921 1581 4970 o.
1602 4923 1622 4969 Α
1640 4919 1731 4970 verbis

408 5000 523 5048 melcina
539 5012 625 5048 reruni
640 4998 799 5046 honestorum
816 4997 856 5059 (in
874 4995 934 5046 lolio
951 4996 1036 5055 xvii.)
1060 5009 1153 5046 rursus
1170 4996 1260 5059 incipit
1276 4996 1384 5057 antiqua
1403 5008 1496 5044 manus
1514 5008 1538 5044 c.
1559 5020 1585 5030 —
1608 4994 1651 5044 lna
1668 5007 1682 5044 e
1701 5018 1728 5029 -

408 5075 446 5123 iis
462 5087 488 5132 a,
506 5074 584 5134 hijse
610 5098 636 5107 -
663 5073 687 5121 6.
706 5078 741 5121 est
755 5073 901 5134 putandae
927 5099 954 5108 —
981 5071 1005 5121 8.
1024 5069 1059 5120 eit
1076 5083 1211 5135 superscr.
1231 5068 1290 5119 ead.
1310 5082 1346 5118 m.
1365 5070 1390 5118 in
1409 5082 1425 5118 a
1445 5096 1470 5106 -
1491 5068 1515 5119 9.
1533 5070 1683 5131 portumsic
1699 5082 1732 5117 esc

407 5151 461 5211 ipso
476 5162 502 5198 ss
514 5154 592 5211 portu
608 5161 623 5198 e
644 5175 669 5184 -
692 5148 731 5197 ⁴0.
745 5150 835 5210 optimo
852 5141 880 5196 13¹
892 5174 923 5183 -
940 5148 1050 5196 omnium
1067 5153 1150 5195 aaron
1162 5146 1267 5207 --opri
1277 5145 1377 5193 malurn
1388 5145 1475 5193 melius
1484 5146 1584 5195 Nonius
1597 5158 1622 5208 p.
1633 5143 1689 5194 i98.
1702 5168 1729 5178 -

409 5225 449 5274 ti.
468 5224 529 5274 nihil
547 5225 576 5285 (s.
588 5223 670 5285 nichil,
688 5224 785 5271 homine
800 5223 862 5271 nilsil
879 5225 910 5283 (e.
920 5222 1003 5282 nichil)
1021 5221 1098 5271 libero
1114 5222 1214 5285 dignius
1231 5220 1332 5276 llahe;
1351 5220 1413 5268 nihil
1428 5219 1505 5269 libero
1521 5220 1620 5282 dignius
1636 5216 1686 5267 alii.
1702 5244 1729 5254 ·-

410 5300 449 5349 43.
467 5301 548 5349 nanta
564 5299 656 5348 saluo
677 5323 702 5332 -
722 5298 784 5347 illim
802 5296 845 5347 13¹:
864 5298 934 5346 illum
951 5297 985 5353 Η;
1005 5296 1049 5344 iile
1067 5293 1131 5357 B²p;
1150 5296 1219 5344 illinc
1235 5295 1326 5344 abeo.
1350 5293 1389 5345 Ci.
1403 5291 1569 5355 Wesenberg
1581 5293 1730 5343 Eurendatt.

409 5374 442 5424 hl.
455 5374 484 5423 T.
498 5374 527 5423 C.
542 5372 716 5437 Epistularum
735 5386 760 5436 p.
772 5372 819 5424 lii
837 5385 877 5435 sq.
899 5398 925 5408 -
945 5374 985 5422 45.
1005 5370 1037 5420 ab
1052 5372 1090 5420 his
1107 5372 1230 5433 lillabp,
1250 5371 1282 5418 ab
1298 5371 1345 5432 ln'js
1362 5383 1376 5419 o
1394 5397 1426 5408 -
1443 5370 1484 5419 il.
1502 5369 1563 5418 hoec
1580 5370 1635 5432 Cp:
1655 5380 1731 5419 ecco

412 5474 438 5484 -
458 5450 498 5498 22.
513 5454 604 5497 natare
615 5461 664 5498 esso
681 5461 695 5497 o
715 5473 740 5484 -
761 5448 801 5499 st.
817 5453 912 5511 petest:
931 5448 1033 5510 Quodsi
1051 5459 1066 5497 ο
1088 5473 1112 5481 -
1132 5449 1202 5495 utin
1219 5446 1329 5494 osnrrinm
1345 5457 1404 5508 opo
1424 5470 1449 5479 -
1469 5445 1509 5493 25.
1523 5444 1608 5492 omnio
1625 5441 1732 5492 Lumbi-

410 5536 473 5573 nns:
487 5525 600 5586 quemuis
612 5525 696 5572 omnic
714 5523 778 5584 Cpo
796 5548 822 5558 —
843 5523 892 5571 sint
909 5523 1036 5584 Bllabp:
1055 5526 1113 5570 sunt
1129 5533 1165 5571 co
1185 5548 1212 5559 -
1230 5523 1271 5572 26.
1285 5523 1306 5570 si
1317 5521 1422 5571 solitudo
1439 5520 1495 5582 Cp:
1514 5519 1618 5567 solitudo
1628 5519 1649 5566 si
1666 5530 1681 5568 o
1701 5543 1728 5554 -

409 5599 450 5648 ti.
467 5599 630 5660 Princepsque
647 5596 708 5660 oct]
727 5597 765 5647 De
783 5598 907 5647 orationis
924 5596 1008 5647 torma
1027 5595 1087 5645 vide
1106 5596 1262 5659 hladviglum
1281 5595 1314 5645 ad
1327 5597 1380 5646 Cic.
1395 5594 1429 5643 de
1442 5592 1523 5644 Finib.
1538 5593 1580 5650 lll,
1591 5594 1622 5643 3⁵
1640 5592 1730 5655 ptos.

410 5700 442 5711 -
457 5674 578 5722 wiotum
595 5673 705 5721 munium
721 5684 738 5733 p
757 5696 783 5707 -
803 5671 844 5721 28.
862 5673 908 5721 illu
925 5676 960 5721 cst
975 5672 1097 5734 sapientie
1115 5685 1132 5734 p
1152 5697 1179 5708 -
1197 5673 1311 5733 sophiam
1327 5671 1434 5726 Bllsh;
1450 5668 1629 5730 philosophiam
1646 5680 1683 5731 op
1701 5694 1729 5704 -

409 5747 684 5810 supervacaneis,
707 5747 825 5807 frenesim
841 5760 870 5808 o,
889 5748 998 5809 [νοηθείη
1015 5761 1046 5810 p;
1068 5748 1211 5809 phronesim
1227 5749 1312 5797 dicunt
1328 5749 1366 5797 eh
1391 5773 1416 5782 -
1442 5746 1482 5796 et.
1501 5748 1524 5793 et
1542 5743 1576 5792 C:
1600 5745 1676 5806 alque
1691 5755 1731 5807 po

410 5848 437 5857 -
457 5824 597 5871 continetur
612 5827 636 5872 et
653 5822 756 5871 morunt
776 5836 793 5885 p
824 5849 850 5858 -
882 5821 923 5872 ³2.
942 5823 1085 5873 deorumst
1107 5821 1141 5872 ab
1159 5822 1211 5872 hoo
1231 5821 1290 5872 loco
1312 5820 1397 5870 aliena
1419 5833 1479 5871 esse
1501 5816 1566 5867 uidit
1583 5818 1729 5869 Gernherd.

410 5895 449 5947 ct.
467 5897 535 5961 3²⁰·
556 5923 582 5933 -
603 5897 643 5947 33.
661 5899 773 5948 mansne
789 5902 825 5948 cst
842 5897 862 5948 ll
879 5921 913 5936 -
928 5896 969 5948 ii.
987 5910 1074 5948 ranan
1090 5902 1199 5947 naturae
1209 5922 1247 5936 --
1257 5897 1330 5946 nuile
1346 5896 1413 5945 aetio
1429 5895 1489 5945 Car.
1501 5891 1614 5944 Scheibe
1628 5892 1729 5957 (huual.

407 5968 507 6035 philoll.
526 5969 578 6023 rol.
589 5971 617 6023 ut
639 5985 666 6037 p.
676 5972 745 6036 itit:
763 5972 1000 6024 cairoensem
1016 5973 1083 6023 actio
1099 5984 1185 6024 nsunt
1201 5972 1275 6038 cpo.
1298 5971 1337 6023 cl.
1349 5983 1377 6037 p.
1389 5970 1446 6033 oet,
1459 5972 1534 6036 tsq.
