<?xml version="1.0" encoding="UTF-8"?>
<!DOCTYPE html PUBLIC "-//W3C//DTD XHTML 1.0 Transitional//EN"
    "http://www.w3.org/TR/xhtml1/DTD/xhtml1-transitional.dtd">
<html xmlns="http://www.w3.org/1999/xhtml" xml:lang="en" lang="en">
 <head>
  <title>
</title>
<meta http-equiv="Content-Type" content="text/html;charset=utf-8" />
  <meta name='ocr-system' content='tesseract 3.04.00' />
  <meta name='ocr-capabilities' content='ocr_page ocr_carea ocr_par ocr_line ocrx_word'/>
</head>
<body>
  <div class='ocr_page' id='page_1' title='image "./operaquaesupers00halmgoog/operaquaesupers00halmgoog_0530.png"; bbox 0 0 4342 7459; ppageno 0'>
   <div class='ocr_carea' id='block_1_1' title="bbox 444 1220 1281 1288">
    <p class='ocr_par' dir='ltr' id='par_1_1' title="bbox 444 1220 1281 1288">
     <span class='ocr_line' id='line_1_1' title="bbox 444 1220 1281 1288; baseline 0.001 -2"><span class='ocrx_word' id='word_1_1' title='bbox 444 1220 507 1288; x_wconf 75' lang='lat' dir='ltr'>bil</span> <span class='ocrx_word' id='word_1_2' title='bbox 936 1222 990 1283; x_wconf 80' lang='lat' dir='ltr'>ult</span> <span class='ocrx_word' id='word_1_3' title='bbox 1011 1222 1281 1287; x_wconf 78' lang='lat' dir='ltr'><strong>DIVINATIONE</strong></span> 
     </span>
    </p>
   </div>
   <div class='ocr_carea' id='block_1_2' title="bbox 444 1378 1779 1657">
    <p class='ocr_par' dir='ltr' id='par_1_2' title="bbox 444 1378 1779 1657">
     <span class='ocr_line' id='line_1_2' title="bbox 444 1378 1777 1470; baseline 0.002 -20"><span class='ocrx_word' id='word_1_4' title='bbox 444 1384 579 1450; x_wconf 94' lang='lat' dir='ltr'>Romulo</span> <span class='ocrx_word' id='word_1_5' title='bbox 600 1382 678 1444; x_wconf 86' lang='lat' dir='ltr'>baec</span> <span class='ocrx_word' id='word_1_6' title='bbox 701 1378 855 1443; x_wconf 79' lang='lat' dir='ltr'><strong>calliditas</strong></span> <span class='ocrx_word' id='word_1_7' title='bbox 878 1399 948 1443; x_wconf 89' lang='lat' dir='ltr'>csse</span> <span class='ocrx_word' id='word_1_8' title='bbox 969 1383 1084 1464; x_wconf 86' lang='lat' dir='ltr'>potuit,</span> <span class='ocrx_word' id='word_1_9' title='bbox 1108 1391 1142 1447; x_wconf 93' lang='lat' dir='ltr'>ut</span> <span class='ocrx_word' id='word_1_10' title='bbox 1164 1382 1204 1446; x_wconf 88' lang='lat' dir='ltr'>ad</span> <span class='ocrx_word' id='word_1_11' title='bbox 1227 1402 1365 1447; x_wconf 88' lang='lat' dir='ltr'>errorem</span> <span class='ocrx_word' id='word_1_12' title='bbox 1388 1382 1601 1449; x_wconf 86' lang='lat' dir='ltr'>multitudinis</span> <span class='ocrx_word' id='word_1_13' title='bbox 1613 1385 1777 1470; x_wconf 80' lang='lat' dir='ltr'>religionis</span> 
     </span>
     <span class='ocr_line' id='line_1_3' title="bbox 444 1472 1779 1563; baseline -0.001 -18"><span class='ocrx_word' id='word_1_14' title='bbox 444 1481 612 1545; x_wconf 86' lang='lat' dir='ltr'>simulacra</span> <span class='ocrx_word' id='word_1_15' title='bbox 635 1476 798 1557; x_wconf 88' lang='lat' dir='ltr'>fingerent.</span> <span class='ocrx_word' id='word_1_16' title='bbox 836 1473 899 1537; x_wconf 85' lang='lat' dir='ltr'>Sed</span> <span class='ocrx_word' id='word_1_17' title='bbox 915 1472 1083 1539; x_wconf 86' lang='lat' dir='ltr'>difficultas</span> <span class='ocrx_word' id='word_1_18' title='bbox 1106 1476 1259 1560; x_wconf 80' lang='lat' dir='ltr'><strong>laborque</strong></span> <span class='ocrx_word' id='word_1_19' title='bbox 1283 1477 1426 1539; x_wconf 91' lang='lat' dir='ltr'>discendi</span> <span class='ocrx_word' id='word_1_20' title='bbox 1442 1477 1591 1542; x_wconf 88' lang='lat' dir='ltr'>disertam</span> <span class='ocrx_word' id='word_1_21' title='bbox 1606 1478 1779 1563; x_wconf 87' lang='lat' dir='ltr'>neglegen-</span> 
     </span>
     <span class='ocr_line' id='line_1_4' title="bbox 444 1568 1779 1657; baseline 0 -20"><span class='ocrx_word' id='word_1_22' title='bbox 444 1576 518 1637; x_wconf 91' lang='lat' dir='ltr'>tiam</span> <span class='ocrx_word' id='word_1_23' title='bbox 540 1571 688 1635; x_wconf 82' lang='lat' dir='ltr'>reddidit.</span> <span class='ocrx_word' id='word_1_24' title='bbox 728 1568 850 1630; x_wconf 81' lang='lat' dir='ltr'><strong>Malunt</strong></span> <span class='ocrx_word' id='word_1_25' title='bbox 871 1570 954 1630; x_wconf 90' lang='lat' dir='ltr'>enim</span> <span class='ocrx_word' id='word_1_26' title='bbox 978 1569 1135 1633; x_wconf 73' lang='lat' dir='ltr'>disserere</span> <span class='ocrx_word' id='word_1_27' title='bbox 1157 1571 1236 1633; x_wconf 91' lang='lat' dir='ltr'>nibil</span> <span class='ocrx_word' id='word_1_28' title='bbox 1259 1590 1331 1633; x_wconf 90' lang='lat' dir='ltr'>esse</span> <span class='ocrx_word' id='word_1_29' title='bbox 1353 1571 1385 1633; x_wconf 92' lang='lat' dir='ltr'>in</span> <span class='ocrx_word' id='word_1_30' title='bbox 1408 1572 1559 1656; x_wconf 77' lang='lat' dir='ltr'>auspiciis</span> <span class='ocrx_word' id='word_1_31' title='bbox 1581 1592 1677 1655; x_wconf 88' lang='lat' dir='ltr'>quam</span> <span class='ocrx_word' id='word_1_32' title='bbox 1699 1574 1779 1657; x_wconf 90' lang='lat' dir='ltr'>quid</span> 
     </span>
    </p>
   </div>
   <div class='ocr_carea' id='block_1_3' title="bbox 400 1658 1780 4571">
    <p class='ocr_par' dir='ltr' id='par_1_3' title="bbox 400 1658 1780 4571">
     <span class='ocr_line' id='line_1_5' title="bbox 442 1658 1780 1750; baseline 0 -19"><span class='ocrx_word' id='word_1_33' title='bbox 442 1670 484 1731; x_wconf 87' lang='lat' dir='ltr'>sit</span> <span class='ocrx_word' id='word_1_34' title='bbox 506 1668 659 1731; x_wconf 83' lang='lat' dir='ltr'>ediscere.</span> <span class='ocrx_word' id='word_1_35' title='bbox 714 1658 786 1724; x_wconf 80' lang='lat' dir='ltr'>l06.</span> <span class='ocrx_word' id='word_1_36' title='bbox 821 1662 905 1737; x_wconf 88' lang='lat' dir='ltr'>Quid</span> <span class='ocrx_word' id='word_1_37' title='bbox 934 1671 983 1726; x_wconf 91' lang='lat' dir='ltr'>est</span> <span class='ocrx_word' id='word_1_38' title='bbox 1010 1662 1067 1726; x_wconf 93' lang='lat' dir='ltr'>illo</span> <span class='ocrx_word' id='word_1_39' title='bbox 1098 1666 1243 1746; x_wconf 90' lang='lat' dir='ltr'>auspicio</span> <span class='ocrx_word' id='word_1_40' title='bbox 1273 1664 1434 1739; x_wconf 86' lang='lat' dir='ltr'>divinius,</span> <span class='ocrx_word' id='word_1_41' title='bbox 1465 1664 1553 1750; x_wconf 93' lang='lat' dir='ltr'>quod</span> <span class='ocrx_word' id='word_1_42' title='bbox 1579 1666 1721 1748; x_wconf 89' lang='lat' dir='ltr'>apudte</span> <span class='ocrx_word' id='word_1_43' title='bbox 1742 1666 1780 1731; x_wconf 84' lang='lat' dir='ltr'>in</span> 
     </span>
     <span class='ocr_line' id='line_1_6' title="bbox 417 1758 1296 1840; baseline 0 -18"><span class='ocrx_word' id='word_1_44' title='bbox 417 1764 541 1826; x_wconf 82' lang='lat' dir='ltr'>ciderio</span> <span class='ocrx_word' id='word_1_45' title='bbox 564 1764 638 1823; x_wconf 85' lang='lat' dir='ltr'>est‘t</span> <span class='ocrx_word' id='word_1_46' title='bbox 671 1768 707 1821; x_wconf 92' lang='lat' dir='ltr'>ut</span> <span class='ocrx_word' id='word_1_47' title='bbox 728 1766 799 1819; x_wconf 90' lang='lat' dir='ltr'>utar</span> <span class='ocrx_word' id='word_1_48' title='bbox 821 1758 1029 1840; x_wconf 82' lang='lat' dir='ltr'>potissumum</span> <span class='ocrx_word' id='word_1_49' title='bbox 1052 1767 1183 1821; x_wconf 91' lang='lat' dir='ltr'>auctore</span> <span class='ocrx_word' id='word_1_50' title='bbox 1206 1767 1257 1823; x_wconf 87' lang='lat' dir='ltr'>te:</span> <span class='ocrx_word' id='word_1_51' title='bbox 1291 1768 1296 1781; x_wconf 89' lang='grc'><strong><em>·</em></strong></span> 
     </span>
     <span class='ocr_line' id='line_1_7' title="bbox 452 1850 1501 1936; baseline 0.001 -19"><span class='ocrx_word' id='word_1_52' title='bbox 452 1893 454 1902; x_wconf 79' lang='lat'><em>=</em></span> <span class='ocrx_word' id='word_1_53' title='bbox 525 1855 599 1917; x_wconf 86' lang='lat' dir='ltr'>Hic</span> <span class='ocrx_word' id='word_1_54' title='bbox 629 1852 740 1916; x_wconf 83' lang='lat' dir='ltr'>lovis</span> <span class='ocrx_word' id='word_1_55' title='bbox 772 1850 944 1913; x_wconf 89' lang='lat' dir='ltr'>altisoni</span> <span class='ocrx_word' id='word_1_56' title='bbox 975 1851 1104 1916; x_wconf 90' lang='lat' dir='ltr'>subito</span> <span class='ocrx_word' id='word_1_57' title='bbox 1134 1853 1297 1936; x_wconf 85' lang='lat' dir='ltr'>pinnata</span> <span class='ocrx_word' id='word_1_58' title='bbox 1326 1855 1501 1919; x_wconf 78' lang='lat' dir='ltr'>satelles</span> 
     </span>
     <span class='ocr_line' id='line_1_8' title="bbox 526 1949 1480 2029; baseline -0.001 -17"><span class='ocrx_word' id='word_1_59' title='bbox 526 1949 693 2012; x_wconf 79' lang='lat' dir='ltr'>Arboris</span> <span class='ocrx_word' id='word_1_60' title='bbox 724 1967 742 2009; x_wconf 95' lang='lat' dir='ltr'>e</span> <span class='ocrx_word' id='word_1_61' title='bbox 770 1955 913 2008; x_wconf 91' lang='lat' dir='ltr'>trunco</span> <span class='ocrx_word' id='word_1_62' title='bbox 944 1949 1154 2029; x_wconf 89' lang='lat' dir='ltr'>serpentis</span> <span class='ocrx_word' id='word_1_63' title='bbox 1183 1949 1318 2011; x_wconf 90' lang='lat' dir='ltr'>saucia</span> <span class='ocrx_word' id='word_1_64' title='bbox 1349 1968 1480 2012; x_wconf 92' lang='lat' dir='ltr'>morsu</span> 
     </span>
     <span class='ocr_line' id='line_1_9' title="bbox 527 2038 1692 2125; baseline 0.001 -19"><span class='ocrx_word' id='word_1_65' title='bbox 527 2043 734 2125; x_wconf 75' lang='lat' dir='ltr'>Subrigit,</span> <span class='ocrx_word' id='word_1_66' title='bbox 756 2041 848 2122; x_wconf 88' lang='lat' dir='ltr'>ipsa</span> <span class='ocrx_word' id='word_1_67' title='bbox 869 2038 968 2103; x_wconf 86' lang='lat' dir='ltr'>feris</span> <span class='ocrx_word' id='word_1_68' title='bbox 991 2041 1239 2124; x_wconf 76' lang='lat' dir='ltr'>transfigens</span> <span class='ocrx_word' id='word_1_69' title='bbox 1261 2042 1487 2125; x_wconf 87' lang='lat' dir='ltr'>unguibus,</span> <span class='ocrx_word' id='word_1_70' title='bbox 1519 2061 1692 2124; x_wconf 91' lang='lat' dir='ltr'>anguem</span> 
     </span>
     <span class='ocr_line' id='line_1_10' title="bbox 527 2135 1729 2219; baseline -0.002 -19"><span class='ocrx_word' id='word_1_71' title='bbox 527 2136 798 2200; x_wconf 78' lang='lat' dir='ltr'>Semianimum</span> <span class='ocrx_word' id='word_1_72' title='bbox 830 2142 868 2197; x_wconf 93' lang='lat' dir='ltr'>et</span> <span class='ocrx_word' id='word_1_73' title='bbox 897 2135 1009 2198; x_wconf 81' lang='lat' dir='ltr'>varia</span> <span class='ocrx_word' id='word_1_74' title='bbox 1040 2137 1226 2219; x_wconf 85' lang='lat' dir='ltr'>graviter</span> <span class='ocrx_word' id='word_1_75' title='bbox 1255 2138 1419 2201; x_wconf 84' lang='lat' dir='ltr'>cervice</span> <span class='ocrx_word' id='word_1_76' title='bbox 1449 2137 1680 2201; x_wconf 86' lang='lat' dir='ltr'>micantem.</span> <span class='ocrx_word' id='word_1_77' title='bbox 1725 2164 1729 2179; x_wconf 86' lang='lat'><strong>·</strong></span> 
     </span>
     <span class='ocr_line' id='line_1_11' title="bbox 526 2228 1737 2315; baseline 0 -20"><span class='ocrx_word' id='word_1_78' title='bbox 526 2231 649 2307; x_wconf 87' lang='lat' dir='ltr'>Quem</span> <span class='ocrx_word' id='word_1_79' title='bbox 671 2251 716 2293; x_wconf 89' lang='lat' dir='ltr'>se</span> <span class='ocrx_word' id='word_1_80' title='bbox 737 2231 1041 2313; x_wconf 87' lang='lat' dir='ltr'>intorquentem</span> <span class='ocrx_word' id='word_1_81' title='bbox 1063 2228 1222 2293; x_wconf 88' lang='lat' dir='ltr'>lanians</span> <span class='ocrx_word' id='word_1_82' title='bbox 1245 2239 1469 2315; x_wconf 91' lang='lat' dir='ltr'>rostroque</span> <span class='ocrx_word' id='word_1_83' title='bbox 1490 2238 1737 2305; x_wconf 85' lang='lat' dir='ltr'>cruentans,</span> 
     </span>
     <span class='ocr_line' id='line_1_12' title="bbox 525 2324 1568 2399; baseline -0.001 -12"><span class='ocrx_word' id='word_1_84' title='bbox 525 2327 605 2389; x_wconf 89' lang='lat' dir='ltr'>lam</span> <span class='ocrx_word' id='word_1_85' title='bbox 634 2325 784 2387; x_wconf 84' lang='lat' dir='ltr'>satiata</span> <span class='ocrx_word' id='word_1_86' title='bbox 814 2325 989 2398; x_wconf 88' lang='lat' dir='ltr'>animos,</span> <span class='ocrx_word' id='word_1_87' title='bbox 1019 2325 1094 2389; x_wconf 90' lang='lat' dir='ltr'>iam</span> <span class='ocrx_word' id='word_1_88' title='bbox 1124 2324 1248 2387; x_wconf 89' lang='lat' dir='ltr'>duros</span> <span class='ocrx_word' id='word_1_89' title='bbox 1278 2324 1362 2390; x_wconf 91' lang='lat' dir='ltr'>ulta</span> <span class='ocrx_word' id='word_1_90' title='bbox 1392 2325 1568 2399; x_wconf 87' lang='lat' dir='ltr'>dolores,</span> 
     </span>
     <span class='ocr_line' id='line_1_13' title="bbox 524 2415 1669 2502; baseline -0.002 -21"><span class='ocrx_word' id='word_1_91' title='bbox 524 2420 688 2482; x_wconf 79' lang='lat' dir='ltr'>Abiecit</span> <span class='ocrx_word' id='word_1_92' title='bbox 718 2415 946 2481; x_wconf 83' lang='lat' dir='ltr'>ecflantem</span> <span class='ocrx_word' id='word_1_93' title='bbox 974 2427 1014 2482; x_wconf 90' lang='lat' dir='ltr'>et</span> <span class='ocrx_word' id='word_1_94' title='bbox 1043 2417 1263 2483; x_wconf 88' lang='lat' dir='ltr'>laceratum</span> <span class='ocrx_word' id='word_1_95' title='bbox 1292 2418 1458 2502; x_wconf 81' lang='lat' dir='ltr'>adfligit</span> <span class='ocrx_word' id='word_1_96' title='bbox 1485 2420 1525 2483; x_wconf 89' lang='lat' dir='ltr'>in</span> <span class='ocrx_word' id='word_1_97' title='bbox 1546 2419 1669 2492; x_wconf 87' lang='lat' dir='ltr'>unda,</span> 
     </span>
     <span class='ocr_line' id='line_1_14' title="bbox 525 2512 1677 2596; baseline 0 -20"><span class='ocrx_word' id='word_1_98' title='bbox 525 2515 656 2596; x_wconf 84' lang='lat' dir='ltr'>Seque</span> <span class='ocrx_word' id='word_1_99' title='bbox 687 2514 801 2575; x_wconf 92' lang='lat' dir='ltr'>obitu</span> <span class='ocrx_word' id='word_1_100' title='bbox 829 2533 848 2575; x_wconf 89' lang='lat' dir='ltr'>a</span> <span class='ocrx_word' id='word_1_101' title='bbox 876 2514 974 2576; x_wconf 89' lang='lat' dir='ltr'>solis</span> <span class='ocrx_word' id='word_1_102' title='bbox 1005 2513 1163 2577; x_wconf 89' lang='lat' dir='ltr'>nitidos</span> <span class='ocrx_word' id='word_1_103' title='bbox 1194 2515 1402 2578; x_wconf 87' lang='lat' dir='ltr'>convertit</span> <span class='ocrx_word' id='word_1_104' title='bbox 1432 2512 1477 2575; x_wconf 91' lang='lat' dir='ltr'>ad</span> <span class='ocrx_word' id='word_1_105' title='bbox 1507 2520 1677 2578; x_wconf 46' lang='lat' dir='ltr'>ortua«</span> 
     </span>
     <span class='ocr_line' id='line_1_15' title="bbox 523 2606 1709 2691; baseline -0.004 -21"><span class='ocrx_word' id='word_1_106' title='bbox 523 2608 636 2670; x_wconf 86' lang='lat' dir='ltr'>Hanc</span> <span class='ocrx_word' id='word_1_107' title='bbox 665 2606 729 2669; x_wconf 91' lang='lat' dir='ltr'>ubi</span> <span class='ocrx_word' id='word_1_108' title='bbox 760 2607 1023 2691; x_wconf 84' lang='lat' dir='ltr'>praepetibus</span> <span class='ocrx_word' id='word_1_109' title='bbox 1051 2608 1196 2689; x_wconf 89' lang='lat' dir='ltr'>pinnis</span> <span class='ocrx_word' id='word_1_110' title='bbox 1228 2606 1429 2691; x_wconf 90' lang='lat' dir='ltr'>lapsuque</span> <span class='ocrx_word' id='word_1_111' title='bbox 1457 2608 1709 2674; x_wconf 82' lang='lat' dir='ltr'>volantem...</span> 
     </span>
     <span class='ocr_line' id='line_1_16' title="bbox 525 2700 1492 2786; baseline -0.001 -21"><span class='ocrx_word' id='word_1_112' title='bbox 525 2700 756 2785; x_wconf 82' lang='lat' dir='ltr'>Conspexit</span> <span class='ocrx_word' id='word_1_113' title='bbox 785 2701 956 2772; x_wconf 88' lang='lat' dir='ltr'>blarius,</span> <span class='ocrx_word' id='word_1_114' title='bbox 985 2700 1113 2763; x_wconf 85' lang='lat' dir='ltr'>divini</span> <span class='ocrx_word' id='word_1_115' title='bbox 1143 2704 1318 2766; x_wconf 87' lang='lat' dir='ltr'>numiuis</span> <span class='ocrx_word' id='word_1_116' title='bbox 1345 2722 1492 2786; x_wconf 91' lang='lat' dir='ltr'>augur,</span> 
     </span>
     <span class='ocr_line' id='line_1_17' title="bbox 524 2794 1722 2879; baseline 0.002 -21"><span class='ocrx_word' id='word_1_117' title='bbox 524 2798 756 2878; x_wconf 88' lang='lat' dir='ltr'>Faustaque</span> <span class='ocrx_word' id='word_1_118' title='bbox 787 2794 903 2877; x_wconf 85' lang='lat' dir='ltr'>signa</span> <span class='ocrx_word' id='word_1_119' title='bbox 932 2813 1029 2857; x_wconf 89' lang='lat' dir='ltr'>suae</span> <span class='ocrx_word' id='word_1_120' title='bbox 1058 2794 1196 2860; x_wconf 88' lang='lat' dir='ltr'>laudis</span> <span class='ocrx_word' id='word_1_121' title='bbox 1226 2798 1479 2879; x_wconf 85' lang='lat' dir='ltr'>reditusque</span> <span class='ocrx_word' id='word_1_122' title='bbox 1507 2796 1680 2869; x_wconf 77' lang='lat' dir='ltr'>notarit,</span> <span class='ocrx_word' id='word_1_123' title='bbox 1719 2832 1722 2840; x_wconf 92' lang='lat'><em>·</em></span> 
     </span>
     <span class='ocr_line' id='line_1_18' title="bbox 524 2889 1617 2973; baseline 0 -20"><span class='ocrx_word' id='word_1_124' title='bbox 524 2889 715 2953; x_wconf 88' lang='lat' dir='ltr'>Partibus</span> <span class='ocrx_word' id='word_1_125' title='bbox 743 2889 933 2952; x_wconf 91' lang='lat' dir='ltr'>intonuit</span> <span class='ocrx_word' id='word_1_126' title='bbox 961 2889 1063 2951; x_wconf 88' lang='lat' dir='ltr'>caeli</span> <span class='ocrx_word' id='word_1_127' title='bbox 1092 2897 1204 2972; x_wconf 88' lang='lat' dir='ltr'>pater</span> <span class='ocrx_word' id='word_1_128' title='bbox 1232 2891 1325 2973; x_wconf 90' lang='lat' dir='ltr'>ipse</span> <span class='ocrx_word' id='word_1_129' title='bbox 1355 2892 1536 2956; x_wconf 88' lang='lat' dir='ltr'>sinistris.</span> <span class='ocrx_word' id='word_1_130' title='bbox 1581 2942 1583 2948; x_wconf 95' lang='lat'>.</span> <span class='ocrx_word' id='word_1_131' title='bbox 1615 2940 1617 2946; x_wconf 54' lang='grc'>,</span> 
     </span>
     <span class='ocr_line' id='line_1_19' title="bbox 525 2981 1667 3068; baseline -0.004 -20"><span class='ocrx_word' id='word_1_132' title='bbox 525 2986 589 3048; x_wconf 89' lang='lat' dir='ltr'>Sic</span> <span class='ocrx_word' id='word_1_133' title='bbox 618 2983 775 3068; x_wconf 89' lang='lat' dir='ltr'>aquilae</span> <span class='ocrx_word' id='word_1_134' title='bbox 804 2983 949 3045; x_wconf 91' lang='lat' dir='ltr'>clarum</span> <span class='ocrx_word' id='word_1_135' title='bbox 979 2981 1155 3047; x_wconf 76' lang='lat' dir='ltr'>firmavit</span> <span class='ocrx_word' id='word_1_136' title='bbox 1186 2985 1364 3068; x_wconf 88' lang='lat' dir='ltr'>luppiter</span> <span class='ocrx_word' id='word_1_137' title='bbox 1391 3004 1544 3049; x_wconf 53' lang='lat' dir='ltr'>omem:</span> <span class='ocrx_word' id='word_1_138' title='bbox 1665 3039 1667 3044; x_wconf 88' lang='lat'>.</span> 
     </span>
     <span class='ocr_line' id='line_1_20' title="bbox 443 3073 1779 3162; baseline 0.003 -21"><span class='ocrx_word' id='word_1_139' title='bbox 443 3120 446 3128; x_wconf 91' lang='lat'>-</span> <span class='ocrx_word' id='word_1_140' title='bbox 521 3079 662 3141; x_wconf 81' lang='lat' dir='ltr'>XLVlll.</span> <span class='ocrx_word' id='word_1_141' title='bbox 691 3073 764 3140; x_wconf 76' lang='lat' dir='ltr'>tot.</span> <span class='ocrx_word' id='word_1_142' title='bbox 786 3080 892 3160; x_wconf 80' lang='lat' dir='ltr'>Atque</span> <span class='ocrx_word' id='word_1_143' title='bbox 913 3074 967 3139; x_wconf 90' lang='lat' dir='ltr'>ille</span> <span class='ocrx_word' id='word_1_144' title='bbox 989 3077 1115 3139; x_wconf 89' lang='lat' dir='ltr'>Romuli</span> <span class='ocrx_word' id='word_1_145' title='bbox 1138 3088 1312 3161; x_wconf 78' lang='lat' dir='ltr'>auguratus</span> <span class='ocrx_word' id='word_1_146' title='bbox 1334 3078 1519 3162; x_wconf 82' lang='lat' dir='ltr'>pastoralis,</span> <span class='ocrx_word' id='word_1_147' title='bbox 1540 3098 1606 3142; x_wconf 92' lang='lat' dir='ltr'>non</span> <span class='ocrx_word' id='word_1_148' title='bbox 1630 3074 1779 3145; x_wconf 78' lang='lat' dir='ltr'>urbanus</span> 
     </span>
     <span class='ocr_line' id='line_1_21' title="bbox 400 3168 1779 3256; baseline 0.004 -25"><span class='ocrx_word' id='word_1_149' title='bbox 400 3174 516 3247; x_wconf 76' lang='lat' dir='ltr'>soluit,</span> <span class='ocrx_word' id='word_1_150' title='bbox 546 3194 604 3236; x_wconf 91' lang='lat' dir='ltr'>nec</span> <span class='ocrx_word' id='word_1_151' title='bbox 626 3170 716 3236; x_wconf 86' lang='lat' dir='ltr'>lictus</span> <span class='ocrx_word' id='word_1_152' title='bbox 737 3172 779 3234; x_wconf 86' lang='lat' dir='ltr'>ad</span> <span class='ocrx_word' id='word_1_153' title='bbox 801 3171 969 3254; x_wconf 88' lang='lat' dir='ltr'>opiniones</span> <span class='ocrx_word' id='word_1_154' title='bbox 992 3168 1217 3253; x_wconf 87' lang='lat' dir='ltr'>inperitorum,</span> <span class='ocrx_word' id='word_1_155' title='bbox 1231 3210 1233 3213; x_wconf 35' lang='lat'><strong><em>⁴</em></strong></span> <span class='ocrx_word' id='word_1_156' title='bbox 1248 3173 1306 3235; x_wconf 89' lang='lat' dir='ltr'>sed</span> <span class='ocrx_word' id='word_1_157' title='bbox 1327 3191 1346 3234; x_wconf 90' lang='lat' dir='ltr'>a</span> <span class='ocrx_word' id='word_1_158' title='bbox 1368 3174 1463 3236; x_wconf 89' lang='lat' dir='ltr'>certis</span> <span class='ocrx_word' id='word_1_159' title='bbox 1485 3179 1635 3253; x_wconf 86' lang='lat' dir='ltr'>acceptus</span> <span class='ocrx_word' id='word_1_160' title='bbox 1663 3180 1697 3236; x_wconf 87' lang='lat' dir='ltr'>et</span> <span class='ocrx_word' id='word_1_161' title='bbox 1719 3193 1779 3256; x_wconf 91' lang='lat' dir='ltr'>po-</span> 
     </span>
     <span class='ocr_line' id='line_1_22' title="bbox 438 3264 1779 3349; baseline -0.001 -17"><span class='ocrx_word' id='word_1_162' title='bbox 438 3270 530 3334; x_wconf 90' lang='lat' dir='ltr'>steris</span> <span class='ocrx_word' id='word_1_163' title='bbox 553 3267 697 3331; x_wconf 89' lang='lat' dir='ltr'>traditus.</span> <span class='ocrx_word' id='word_1_164' title='bbox 732 3268 843 3349; x_wconf 82' lang='lat' dir='ltr'>ltaque</span> <span class='ocrx_word' id='word_1_165' title='bbox 865 3264 1020 3328; x_wconf 87' lang='lat' dir='ltr'>Romulus</span> <span class='ocrx_word' id='word_1_166' title='bbox 1041 3285 1158 3347; x_wconf 87' lang='lat' dir='ltr'>augur,</span> <span class='ocrx_word' id='word_1_167' title='bbox 1180 3275 1216 3329; x_wconf 93' lang='lat' dir='ltr'>ut</span> <span class='ocrx_word' id='word_1_168' title='bbox 1236 3267 1322 3349; x_wconf 88' lang='lat' dir='ltr'>apud</span> <span class='ocrx_word' id='word_1_169' title='bbox 1335 3267 1475 3331; x_wconf 86' lang='lat' dir='ltr'>Ennium</span> <span class='ocrx_word' id='word_1_170' title='bbox 1498 3274 1561 3341; x_wconf 88' lang='lat' dir='ltr'>est,</span> <span class='ocrx_word' id='word_1_171' title='bbox 1583 3267 1779 3331; x_wconf 79' lang='lat' dir='ltr'>cumfratre</span> 
     </span>
     <span class='ocr_line' id='line_1_23' title="bbox 438 3362 668 3445; baseline -0.009 -20"><span class='ocrx_word' id='word_1_172' title='bbox 438 3362 514 3426; x_wconf 89' lang='lat' dir='ltr'>item</span> <span class='ocrx_word' id='word_1_173' title='bbox 537 3380 668 3445; x_wconf 85' lang='lat' dir='ltr'>augure,</span> 
     </span>
     <span class='ocr_line' id='line_1_24' title="bbox 525 3455 1443 3539; baseline -0.001 -21"><span class='ocrx_word' id='word_1_174' title='bbox 525 3456 725 3519; x_wconf 90' lang='lat' dir='ltr'>Curantes</span> <span class='ocrx_word' id='word_1_175' title='bbox 755 3472 889 3536; x_wconf 91' lang='lat' dir='ltr'>magna</span> <span class='ocrx_word' id='word_1_176' title='bbox 919 3472 1003 3515; x_wconf 90' lang='lat' dir='ltr'>cum</span> <span class='ocrx_word' id='word_1_177' title='bbox 1033 3472 1124 3517; x_wconf 85' lang='lat' dir='ltr'>cura</span> <span class='ocrx_word' id='word_1_178' title='bbox 1153 3455 1443 3539; x_wconf 86' lang='lat' dir='ltr'>concupientes</span> 
     </span>
     <span class='ocr_line' id='line_1_25' title="bbox 524 3546 1603 3633; baseline -0.001 -21"><span class='ocrx_word' id='word_1_179' title='bbox 524 3551 643 3633; x_wconf 88' lang='lat' dir='ltr'>Regni</span> <span class='ocrx_word' id='word_1_180' title='bbox 673 3548 768 3610; x_wconf 86' lang='lat' dir='ltr'>dant</span> <span class='ocrx_word' id='word_1_181' title='bbox 796 3566 955 3631; x_wconf 89' lang='lat' dir='ltr'>operam</span> <span class='ocrx_word' id='word_1_182' title='bbox 983 3546 1102 3610; x_wconf 91' lang='lat' dir='ltr'>simul</span> <span class='ocrx_word' id='word_1_183' title='bbox 1131 3549 1319 3630; x_wconf 88' lang='lat' dir='ltr'>euspicio</span> <span class='ocrx_word' id='word_1_184' title='bbox 1348 3549 1603 3632; x_wconf 88' lang='lat' dir='ltr'>augurioque.</span> 
     </span>
     <span class='ocr_line' id='line_1_26' title="bbox 400 3639 1689 3727; baseline 0.006 -28"><span class='ocrx_word' id='word_1_185' title='bbox 400 3653 430 3699; x_wconf 81' lang='lat' dir='ltr'>aa</span> <span class='ocrx_word' id='word_1_186' title='bbox 524 3642 625 3716; x_wconf 78' lang='lat' dir='ltr'>llinc</span> <span class='ocrx_word' id='word_1_187' title='bbox 654 3644 797 3705; x_wconf 86' lang='lat' dir='ltr'>Remus</span> <span class='ocrx_word' id='word_1_188' title='bbox 826 3639 1018 3724; x_wconf 87' lang='lat' dir='ltr'>auspicio</span> <span class='ocrx_word' id='word_1_189' title='bbox 1048 3661 1091 3703; x_wconf 89' lang='lat' dir='ltr'>se</span> <span class='ocrx_word' id='word_1_190' title='bbox 1115 3641 1291 3705; x_wconf 82' lang='lat' dir='ltr'>devovet</span> <span class='ocrx_word' id='word_1_191' title='bbox 1320 3652 1441 3727; x_wconf 85' lang='lat' dir='ltr'>atque</span> <span class='ocrx_word' id='word_1_192' title='bbox 1471 3642 1689 3707; x_wconf 76' lang='lat' dir='ltr'>secundam</span> 
     </span>
     <span class='ocr_line' id='line_1_27' title="bbox 525 3735 1642 3820; baseline 0.002 -21"><span class='ocrx_word' id='word_1_193' title='bbox 525 3737 639 3799; x_wconf 89' lang='lat' dir='ltr'>Solus</span> <span class='ocrx_word' id='word_1_194' title='bbox 669 3756 777 3799; x_wconf 83' lang='lat' dir='ltr'>avem</span> <span class='ocrx_word' id='word_1_195' title='bbox 808 3742 955 3797; x_wconf 87' lang='lat' dir='ltr'>servat.</span> <span class='ocrx_word' id='word_1_196' title='bbox 1000 3737 1045 3797; x_wconf 91' lang='lat' dir='ltr'>At</span> <span class='ocrx_word' id='word_1_197' title='bbox 1070 3735 1265 3798; x_wconf 86' lang='lat' dir='ltr'>Romulus</span> <span class='ocrx_word' id='word_1_198' title='bbox 1296 3736 1466 3820; x_wconf 84' lang='lat' dir='ltr'>pulcher</span> <span class='ocrx_word' id='word_1_199' title='bbox 1494 3738 1533 3799; x_wconf 93' lang='lat' dir='ltr'>in</span> <span class='ocrx_word' id='word_1_200' title='bbox 1560 3737 1642 3801; x_wconf 89' lang='lat' dir='ltr'>alto</span> 
     </span>
     <span class='ocr_line' id='line_1_28' title="bbox 525 3828 1591 3911; baseline 0 -18"><span class='ocrx_word' id='word_1_201' title='bbox 525 3830 695 3907; x_wconf 88' lang='lat' dir='ltr'>Quaerit</span> <span class='ocrx_word' id='word_1_202' title='bbox 715 3829 938 3902; x_wconf 85' lang='lat' dir='ltr'>Aventino,</span> <span class='ocrx_word' id='word_1_203' title='bbox 966 3837 1103 3890; x_wconf 84' lang='lat' dir='ltr'>servat</span> <span class='ocrx_word' id='word_1_204' title='bbox 1133 3848 1258 3911; x_wconf 85' lang='lat' dir='ltr'>genus</span> <span class='ocrx_word' id='word_1_205' title='bbox 1288 3828 1591 3893; x_wconf 82' lang='lat' dir='ltr'>altivolantum.</span> 
     </span>
     <span class='ocr_line' id='line_1_29' title="bbox 525 3915 1602 3994; baseline -0.001 -6"><span class='ocrx_word' id='word_1_206' title='bbox 525 3925 737 3988; x_wconf 86' lang='lat' dir='ltr'>Certabant</span> <span class='ocrx_word' id='word_1_207' title='bbox 764 3923 897 3994; x_wconf 89' lang='lat' dir='ltr'>urbem</span> <span class='ocrx_word' id='word_1_208' title='bbox 928 3915 1081 3983; x_wconf 77' lang='lat' dir='ltr'>Ro&#39;mam</span> <span class='ocrx_word' id='word_1_209' title='bbox 1113 3924 1368 3987; x_wconf 85' lang='lat' dir='ltr'>Remoramne</span> <span class='ocrx_word' id='word_1_210' title='bbox 1397 3932 1602 3988; x_wconf 80' lang='lat' dir='ltr'>vocarent.</span> 
     </span>
     <span class='ocr_line' id='line_1_30' title="bbox 524 4018 1524 4100; baseline -0.002 -17"><span class='ocrx_word' id='word_1_211' title='bbox 524 4019 715 4083; x_wconf 89' lang='lat' dir='ltr'>Omnibus</span> <span class='ocrx_word' id='word_1_212' title='bbox 746 4037 837 4080; x_wconf 88' lang='lat' dir='ltr'>cura</span> <span class='ocrx_word' id='word_1_213' title='bbox 866 4018 962 4079; x_wconf 89' lang='lat' dir='ltr'>viris</span> <span class='ocrx_word' id='word_1_214' title='bbox 991 4026 1075 4080; x_wconf 91' lang='lat' dir='ltr'>uter</span> <span class='ocrx_word' id='word_1_215' title='bbox 1103 4027 1212 4081; x_wconf 89' lang='lat' dir='ltr'>esset</span> <span class='ocrx_word' id='word_1_216' title='bbox 1240 4018 1524 4100; x_wconf 89' lang='lat' dir='ltr'>induperator:</span> 
     </span>
     <span class='ocr_line' id='line_1_31' title="bbox 401 4110 1632 4197; baseline -0.001 -22"><span class='ocrx_word' id='word_1_217' title='bbox 401 4120 430 4167; x_wconf 67' lang='grc' dir='ltr'><em>ω</em></span> <span class='ocrx_word' id='word_1_218' title='bbox 524 4114 779 4197; x_wconf 82' lang='lat' dir='ltr'>Exspectant</span> <span class='ocrx_word' id='word_1_219' title='bbox 809 4110 958 4184; x_wconf 86' lang='lat' dir='ltr'>veluti,</span> <span class='ocrx_word' id='word_1_220' title='bbox 980 4111 1121 4174; x_wconf 87' lang='lat' dir='ltr'>consul</span> <span class='ocrx_word' id='word_1_221' title='bbox 1153 4132 1263 4194; x_wconf 93' lang='lat' dir='ltr'>quom</span> <span class='ocrx_word' id='word_1_222' title='bbox 1294 4114 1449 4175; x_wconf 89' lang='lat' dir='ltr'>mittere</span> <span class='ocrx_word' id='word_1_223' title='bbox 1479 4113 1632 4195; x_wconf 90' lang='lat' dir='ltr'>signum</span> 
     </span>
     <span class='ocr_line' id='line_1_32' title="bbox 524 4205 1584 4287; baseline 0 -18"><span class='ocrx_word' id='word_1_224' title='bbox 524 4205 636 4281; x_wconf 91' lang='lat' dir='ltr'>Volt,</span> <span class='ocrx_word' id='word_1_225' title='bbox 667 4225 804 4268; x_wconf 91' lang='lat' dir='ltr'>omnes</span> <span class='ocrx_word' id='word_1_226' title='bbox 834 4205 943 4267; x_wconf 88' lang='lat' dir='ltr'>avidi</span> <span class='ocrx_word' id='word_1_227' title='bbox 973 4214 1165 4287; x_wconf 87' lang='lat' dir='ltr'>spectant</span> <span class='ocrx_word' id='word_1_228' title='bbox 1193 4207 1236 4267; x_wconf 89' lang='lat' dir='ltr'>ad</span> <span class='ocrx_word' id='word_1_229' title='bbox 1269 4206 1450 4268; x_wconf 88' lang='lat' dir='ltr'>carceris</span> <span class='ocrx_word' id='word_1_230' title='bbox 1481 4225 1584 4279; x_wconf 90' lang='lat' dir='ltr'>oras,</span> 
     </span>
     <span class='ocr_line' id='line_1_33' title="bbox 439 4298 1557 4382; baseline -0.001 -20"><span class='ocrx_word' id='word_1_231' title='bbox 439 4298 644 4377; x_wconf 88' lang='lat' dir='ltr'>l08.Quam</span> <span class='ocrx_word' id='word_1_232' title='bbox 668 4319 755 4362; x_wconf 84' lang='lat' dir='ltr'>mox</span> <span class='ocrx_word' id='word_1_233' title='bbox 785 4301 947 4361; x_wconf 90' lang='lat' dir='ltr'>emittat</span> <span class='ocrx_word' id='word_1_234' title='bbox 974 4300 1096 4382; x_wconf 88' lang='lat' dir='ltr'>pictis</span> <span class='ocrx_word' id='word_1_235' title='bbox 1126 4320 1143 4361; x_wconf 93' lang='lat' dir='ltr'>e</span> <span class='ocrx_word' id='word_1_236' title='bbox 1172 4298 1362 4361; x_wconf 85' lang='lat' dir='ltr'>faucibus</span> <span class='ocrx_word' id='word_1_237' title='bbox 1393 4320 1557 4363; x_wconf 90' lang='lat' dir='ltr'>currus:</span> 
     </span>
     <span class='ocr_line' id='line_1_34' title="bbox 524 4393 1527 4478; baseline -0.001 -21"><span class='ocrx_word' id='word_1_238' title='bbox 524 4397 585 4458; x_wconf 90' lang='lat' dir='ltr'>Sic</span> <span class='ocrx_word' id='word_1_239' title='bbox 615 4395 870 4478; x_wconf 79' lang='lat' dir='ltr'>exspectabat</span> <span class='ocrx_word' id='word_1_240' title='bbox 903 4393 1072 4475; x_wconf 86' lang='lat' dir='ltr'>populus</span> <span class='ocrx_word' id='word_1_241' title='bbox 1102 4402 1222 4476; x_wconf 91' lang='lat' dir='ltr'>atque</span> <span class='ocrx_word' id='word_1_242' title='bbox 1253 4415 1321 4456; x_wconf 93' lang='lat' dir='ltr'>ore</span> <span class='ocrx_word' id='word_1_243' title='bbox 1353 4394 1527 4457; x_wconf 85' lang='lat' dir='ltr'>timebat</span> 
     </span>
     <span class='ocr_line' id='line_1_35' title="bbox 522 4487 1484 4571; baseline -0.003 -18"><span class='ocrx_word' id='word_1_244' title='bbox 522 4491 668 4563; x_wconf 89' lang='lat' dir='ltr'>Rebus,</span> <span class='ocrx_word' id='word_1_245' title='bbox 695 4488 772 4550; x_wconf 89' lang='lat' dir='ltr'>utri</span> <span class='ocrx_word' id='word_1_246' title='bbox 802 4488 926 4571; x_wconf 88' lang='lat' dir='ltr'>magni</span> <span class='ocrx_word' id='word_1_247' title='bbox 958 4488 1126 4549; x_wconf 84' lang='lat' dir='ltr'>victoria</span> <span class='ocrx_word' id='word_1_248' title='bbox 1155 4489 1211 4549; x_wconf 92' lang='lat' dir='ltr'>sit</span> <span class='ocrx_word' id='word_1_249' title='bbox 1238 4487 1331 4550; x_wconf 86' lang='lat' dir='ltr'>data</span> <span class='ocrx_word' id='word_1_250' title='bbox 1360 4489 1484 4570; x_wconf 89' lang='lat' dir='ltr'>regni.</span> 
     </span>
    </p>
   </div>
   <div class='ocr_carea' id='block_1_4' title="bbox 434 4728 1774 5990">
    <p class='ocr_par' dir='ltr' id='par_1_4' title="bbox 434 4728 1774 5990">
     <span class='ocr_line' id='line_1_36' title="bbox 504 4728 1771 4792; baseline 0 -10"><span class='ocrx_word' id='word_1_251' title='bbox 504 4734 527 4782; x_wconf 88' lang='lat' dir='ltr'>l.</span> <span class='ocrx_word' id='word_1_252' title='bbox 547 4732 699 4781; x_wconf 79' lang='lat' dir='ltr'>caliditcslt</span> <span class='ocrx_word' id='word_1_253' title='bbox 728 4756 754 4765; x_wconf 94' lang='lat'>-</span> <span class='ocrx_word' id='word_1_254' title='bbox 782 4743 832 4780; x_wconf 85' lang='lat' dir='ltr'>esse</span> <span class='ocrx_word' id='word_1_255' title='bbox 849 4730 939 4779; x_wconf 91' lang='lat' dir='ltr'>om.V</span> <span class='ocrx_word' id='word_1_256' title='bbox 969 4757 994 4765; x_wconf 98' lang='lat'><em>-</em></span> <span class='ocrx_word' id='word_1_257' title='bbox 1022 4729 1046 4777; x_wconf 72' lang='lat'>2.</span> <span class='ocrx_word' id='word_1_258' title='bbox 1066 4729 1190 4778; x_wconf 87' lang='lat' dir='ltr'>desertum</span> <span class='ocrx_word' id='word_1_259' title='bbox 1206 4730 1237 4778; x_wconf 65' lang='grc' dir='ltr'>ΑΙ</span> <span class='ocrx_word' id='word_1_260' title='bbox 1263 4755 1289 4763; x_wconf 97' lang='grc'><strong>-</strong></span> <span class='ocrx_word' id='word_1_261' title='bbox 1320 4728 1343 4778; x_wconf 85' lang='grc'>3.</span> <span class='ocrx_word' id='word_1_262' title='bbox 1363 4728 1491 4778; x_wconf 84' lang='lat' dir='ltr'>metiutll</span> <span class='ocrx_word' id='word_1_263' title='bbox 1516 4756 1543 4766; x_wconf 89' lang='lat'><em>-</em></span> <span class='ocrx_word' id='word_1_264' title='bbox 1571 4730 1718 4792; x_wconf 74' lang='lat' dir='ltr'>auspiciis</span> <span class='ocrx_word' id='word_1_265' title='bbox 1745 4760 1771 4768; x_wconf 98' lang='lat'>-</span> 
     </span>
     <span class='ocr_line' id='line_1_37' title="bbox 437 4801 1773 4870; baseline -0.002 -11"><span class='ocrx_word' id='word_1_266' title='bbox 437 4810 461 4859; x_wconf 85' lang='grc'>6.</span> <span class='ocrx_word' id='word_1_267' title='bbox 478 4813 589 4870; x_wconf 79' lang='lat' dir='ltr'>pennata</span> <span class='ocrx_word' id='word_1_268' title='bbox 606 4807 639 4853; x_wconf 82' lang='lat' dir='ltr'>va</span> <span class='ocrx_word' id='word_1_269' title='bbox 657 4834 683 4842; x_wconf 90' lang='lat'>-</span> <span class='ocrx_word' id='word_1_270' title='bbox 703 4807 727 4855; x_wconf 89' lang='lat'>8.</span> <span class='ocrx_word' id='word_1_271' title='bbox 746 4805 853 4868; x_wconf 75' lang='lat' dir='ltr'>subripit</span> <span class='ocrx_word' id='word_1_272' title='bbox 870 4805 1021 4854; x_wconf 84' lang='lat' dir='ltr'>lachmann</span> <span class='ocrx_word' id='word_1_273' title='bbox 1040 4804 1082 4864; x_wconf 82' lang='lat' dir='ltr'>(ed</span> <span class='ocrx_word' id='word_1_274' title='bbox 1101 4804 1207 4854; x_wconf 81' lang='lat' dir='ltr'>lucret·</span> <span class='ocrx_word' id='word_1_275' title='bbox 1224 4817 1250 4867; x_wconf 93' lang='lat' dir='ltr'>p.</span> <span class='ocrx_word' id='word_1_276' title='bbox 1264 4803 1319 4864; x_wconf 75' lang='lat' dir='ltr'>tet:</span> <span class='ocrx_word' id='word_1_277' title='bbox 1344 4802 1445 4867; x_wconf 75' lang='lat' dir='ltr'>Subigit</span> <span class='ocrx_word' id='word_1_278' title='bbox 1461 4801 1578 4866; x_wconf 85' lang='lat' dir='ltr'>BHVO‚</span> <span class='ocrx_word' id='word_1_279' title='bbox 1605 4805 1686 4855; x_wconf 83' lang='lat' dir='ltr'>Subiit</span> <span class='ocrx_word' id='word_1_280' title='bbox 1702 4810 1724 4857; x_wconf 90' lang='lat' dir='ltr'>A</span> <span class='ocrx_word' id='word_1_281' title='bbox 1745 4834 1773 4846; x_wconf 92' lang='lat'><em>-</em></span> 
     </span>
     <span class='ocr_line' id='line_1_38' title="bbox 437 4876 1772 4938; baseline -0.001 -5"><span class='ocrx_word' id='word_1_282' title='bbox 437 4885 461 4933; x_wconf 81' lang='grc'>9,</span> <span class='ocrx_word' id='word_1_283' title='bbox 479 4884 643 4932; x_wconf 82' lang='lat' dir='ltr'>semanimum</span> <span class='ocrx_word' id='word_1_284' title='bbox 659 4878 734 4938; x_wconf 79' lang='lat' dir='ltr'>A¹ll¹,</span> <span class='ocrx_word' id='word_1_285' title='bbox 752 4882 907 4930; x_wconf 81' lang='lat' dir='ltr'>sedecimum</span> <span class='ocrx_word' id='word_1_286' title='bbox 926 4881 946 4929; x_wconf 98' lang='grc' dir='ltr'>Η</span> <span class='ocrx_word' id='word_1_287' title='bbox 967 4907 992 4915; x_wconf 99' lang='grc'>-</span> <span class='ocrx_word' id='word_1_288' title='bbox 1011 4880 1147 4928; x_wconf 83' lang='lat' dir='ltr'>minentem</span> <span class='ocrx_word' id='word_1_289' title='bbox 1166 4876 1311 4928; x_wconf 82' lang='lat' dir='ltr'>Wakefield</span> <span class='ocrx_word' id='word_1_290' title='bbox 1332 4905 1359 4914; x_wconf 96' lang='lat'><em>-</em></span> <span class='ocrx_word' id='word_1_291' title='bbox 1380 4881 1419 4927; x_wconf 87' lang='lat' dir='ltr'>tt.</span> <span class='ocrx_word' id='word_1_292' title='bbox 1438 4880 1514 4928; x_wconf 84' lang='lat' dir='ltr'>satiat</span> <span class='ocrx_word' id='word_1_293' title='bbox 1530 4879 1596 4927; x_wconf 90' lang='lat' dir='ltr'>ll-</span> <span class='ocrx_word' id='word_1_294' title='bbox 1611 4881 1683 4930; x_wconf 83' lang='lat' dir='ltr'>ultre</span> <span class='ocrx_word' id='word_1_295' title='bbox 1701 4884 1722 4932; x_wconf 91' lang='lat' dir='ltr'>ll</span> <span class='ocrx_word' id='word_1_296' title='bbox 1743 4908 1772 4918; x_wconf 92' lang='lat'><em>-</em></span> 
     </span>
     <span class='ocr_line' id='line_1_39' title="bbox 437 4954 1772 5019; baseline 0.001 -13"><span class='ocrx_word' id='word_1_297' title='bbox 437 4959 478 5006; x_wconf 84' lang='lat' dir='ltr'>ta.</span> <span class='ocrx_word' id='word_1_298' title='bbox 497 4957 588 5006; x_wconf 82' lang='lat' dir='ltr'>Abiecit</span> <span class='ocrx_word' id='word_1_299' title='bbox 605 4957 660 5005; x_wconf 86' lang='lat' dir='ltr'>AV:</span> <span class='ocrx_word' id='word_1_300' title='bbox 680 4956 769 5004; x_wconf 83' lang='lat' dir='ltr'>Abiicit</span> <span class='ocrx_word' id='word_1_301' title='bbox 785 4957 820 5012; x_wconf 91' lang='lat'>0,</span> <span class='ocrx_word' id='word_1_302' title='bbox 846 4954 879 5003; x_wconf 89' lang='lat' dir='ltr'>cl.</span> <span class='ocrx_word' id='word_1_303' title='bbox 900 4954 1006 5003; x_wconf 85' lang='lat' dir='ltr'>lachm.</span> <span class='ocrx_word' id='word_1_304' title='bbox 1026 4955 1059 5003; x_wconf 90' lang='lat' dir='ltr'>ad</span> <span class='ocrx_word' id='word_1_305' title='bbox 1078 4958 1154 5005; x_wconf 89' lang='lat' dir='ltr'>Lucr.</span> <span class='ocrx_word' id='word_1_306' title='bbox 1175 4955 1260 5018; x_wconf 68' lang='lat' dir='ltr'>pito*</span> <span class='ocrx_word' id='word_1_307' title='bbox 1286 4979 1312 4989; x_wconf 93' lang='lat'><em>-</em></span> <span class='ocrx_word' id='word_1_308' title='bbox 1340 4956 1469 5017; x_wconf 75' lang='lat' dir='ltr'>ecflantem</span> <span class='ocrx_word' id='word_1_309' title='bbox 1486 4955 1526 5004; x_wconf 87' lang='lat' dir='ltr'>AB</span> <span class='ocrx_word' id='word_1_310' title='bbox 1546 4955 1600 5017; x_wconf 72' lang='lat' dir='ltr'>(ecs</span> <span class='ocrx_word' id='word_1_311' title='bbox 1612 4957 1630 5004; x_wconf 91' lang='lat' dir='ltr'>B</span> <span class='ocrx_word' id='word_1_312' title='bbox 1649 4957 1676 5005; x_wconf 90' lang='lat' dir='ltr'>in</span> <span class='ocrx_word' id='word_1_313' title='bbox 1693 4957 1772 5019; x_wconf 63' lang='lat' dir='ltr'>rest:</span> 
     </span>
     <span class='ocr_line' id='line_1_40' title="bbox 437 5028 1774 5096; baseline 0 -15"><span class='ocrx_word' id='word_1_314' title='bbox 437 5033 561 5096; x_wconf 72' lang='lat' dir='ltr'>ementem</span> <span class='ocrx_word' id='word_1_315' title='bbox 580 5032 653 5081; x_wconf 79' lang='lat' dir='ltr'>tivo</span> <span class='ocrx_word' id='word_1_316' title='bbox 681 5055 708 5065; x_wconf 94' lang='lat'><em>-</em></span> <span class='ocrx_word' id='word_1_317' title='bbox 735 5030 861 5077; x_wconf 81' lang='lat' dir='ltr'>inundes</span> <span class='ocrx_word' id='word_1_318' title='bbox 878 5028 1022 5077; x_wconf 84' lang='lat' dir='ltr'>Lambinus</span> <span class='ocrx_word' id='word_1_319' title='bbox 1050 5055 1076 5065; x_wconf 93' lang='lat'><em>-</em></span> <span class='ocrx_word' id='word_1_320' title='bbox 1105 5028 1145 5079; x_wconf 85' lang='lat' dir='ltr'>tl.</span> <span class='ocrx_word' id='word_1_321' title='bbox 1161 5031 1250 5092; x_wconf 82' lang='lat' dir='ltr'>peanis</span> <span class='ocrx_word' id='word_1_322' title='bbox 1267 5031 1327 5079; x_wconf 68' lang='lat' dir='ltr'>BV!</span> <span class='ocrx_word' id='word_1_323' title='bbox 1350 5056 1374 5065; x_wconf 90' lang='lat'>-</span> <span class='ocrx_word' id='word_1_324' title='bbox 1403 5030 1443 5080; x_wconf 75' lang='lat'>⁴6.</span> <span class='ocrx_word' id='word_1_325' title='bbox 1461 5031 1577 5092; x_wconf 77' lang='lat' dir='ltr'>sectuque</span> <span class='ocrx_word' id='word_1_326' title='bbox 1595 5032 1625 5079; x_wconf 78' lang='lat' dir='ltr'>vr</span> <span class='ocrx_word' id='word_1_327' title='bbox 1642 5057 1670 5068; x_wconf 93' lang='lat'>-</span> <span class='ocrx_word' id='word_1_328' title='bbox 1694 5033 1736 5083; x_wconf 75' lang='lat'>20.</span> <span class='ocrx_word' id='word_1_329' title='bbox 1756 5046 1774 5081; x_wconf 85' lang='lat' dir='ltr'>o</span> 
     </span>
     <span class='ocr_line' id='line_1_41' title="bbox 436 5104 1772 5169; baseline 0.001 -13"><span class='ocrx_word' id='word_1_330' title='bbox 436 5108 523 5156; x_wconf 81' lang='lat' dir='ltr'>ceteris</span> <span class='ocrx_word' id='word_1_331' title='bbox 541 5107 571 5166; x_wconf 91' lang='grc' dir='ltr'>Η,</span> <span class='ocrx_word' id='word_1_332' title='bbox 590 5104 773 5154; x_wconf 78' lang='lat' dir='ltr'>scortantibus</span> <span class='ocrx_word' id='word_1_333' title='bbox 791 5104 928 5165; x_wconf 84' lang='lat' dir='ltr'>llottinger</span> <span class='ocrx_word' id='word_1_334' title='bbox 947 5127 973 5137; x_wconf 93' lang='lat'><em>-</em></span> <span class='ocrx_word' id='word_1_335' title='bbox 999 5106 1039 5153; x_wconf 81' lang='lat' dir='ltr'>et.</span> <span class='ocrx_word' id='word_1_336' title='bbox 1059 5119 1144 5167; x_wconf 79' lang='lat' dir='ltr'>augur</span> <span class='ocrx_word' id='word_1_337' title='bbox 1161 5108 1181 5153; x_wconf 87' lang='lat' dir='ltr'>A</span> <span class='ocrx_word' id='word_1_338' title='bbox 1199 5118 1258 5169; x_wconf 90' lang='lat' dir='ltr'>sup.</span> <span class='ocrx_word' id='word_1_339' title='bbox 1278 5104 1322 5155; x_wconf 90' lang='lat' dir='ltr'>lin.</span> <span class='ocrx_word' id='word_1_340' title='bbox 1344 5132 1370 5139; x_wconf 96' lang='lat'>-</span> <span class='ocrx_word' id='word_1_341' title='bbox 1395 5119 1452 5154; x_wconf 87' lang='lat' dir='ltr'>cum</span> <span class='ocrx_word' id='word_1_342' title='bbox 1467 5107 1621 5168; x_wconf 72' lang='lat' dir='ltr'>cumfratre</span> <span class='ocrx_word' id='word_1_343' title='bbox 1638 5107 1657 5156; x_wconf 84' lang='lat' dir='ltr'>R</span> <span class='ocrx_word' id='word_1_344' title='bbox 1675 5133 1708 5143; x_wconf 93' lang='lat'><em>-</em></span> <span class='ocrx_word' id='word_1_345' title='bbox 1729 5107 1772 5158; x_wconf 71' lang='lat' dir='ltr'>Sd.</span> 
     </span>
     <span class='ocr_line' id='line_1_42' title="bbox 436 5177 1774 5243; baseline 0.001 -13"><span class='ocrx_word' id='word_1_346' title='bbox 436 5181 564 5230; x_wconf 74' lang='lat' dir='ltr'>Gertuutm</span> <span class='ocrx_word' id='word_1_347' title='bbox 581 5178 704 5230; x_wconf 87' lang='lat' dir='ltr'>Ciotanus</span> <span class='ocrx_word' id='word_1_348' title='bbox 721 5190 753 5227; x_wconf 85' lang='lat' dir='ltr'>ex</span> <span class='ocrx_word' id='word_1_349' title='bbox 771 5177 876 5236; x_wconf 85' lang='lat' dir='ltr'>codice,</span> <span class='ocrx_word' id='word_1_350' title='bbox 896 5180 925 5225; x_wconf 93' lang='lat' dir='ltr'>ut</span> <span class='ocrx_word' id='word_1_351' title='bbox 941 5179 977 5226; x_wconf 90' lang='lat' dir='ltr'>ait</span> <span class='ocrx_word' id='word_1_352' title='bbox 996 5205 1022 5213; x_wconf 92' lang='lat'>-</span> <span class='ocrx_word' id='word_1_353' title='bbox 1046 5185 1165 5228; x_wconf 86' lang='lat' dir='ltr'>curatum</span> <span class='ocrx_word' id='word_1_354' title='bbox 1182 5180 1304 5241; x_wconf 74' lang='lat' dir='ltr'>(meretim</span> <span class='ocrx_word' id='word_1_355' title='bbox 1316 5180 1350 5240; x_wconf 88' lang='grc' dir='ltr'>Η)</span> <span class='ocrx_word' id='word_1_356' title='bbox 1368 5182 1492 5242; x_wconf 81' lang='lat' dir='ltr'>cupientes</span> <span class='ocrx_word' id='word_1_357' title='bbox 1509 5181 1529 5230; x_wconf 93' lang='lat' dir='ltr'>C</span> <span class='ocrx_word' id='word_1_358' title='bbox 1549 5207 1576 5217; x_wconf 96' lang='lat'><em>-</em></span> <span class='ocrx_word' id='word_1_359' title='bbox 1600 5179 1640 5230; x_wconf 83' lang='lat' dir='ltr'>at.</span> <span class='ocrx_word' id='word_1_360' title='bbox 1660 5183 1774 5243; x_wconf 55' lang='lat' dir='ltr'>nemeto</span> 
     </span>
     <span class='ocr_line' id='line_1_43' title="bbox 435 5252 1772 5318; baseline 0.003 -15"><span class='ocrx_word' id='word_1_361' title='bbox 435 5256 589 5318; x_wconf 85' lang='lat' dir='ltr'>imperioque</span> <span class='ocrx_word' id='word_1_362' title='bbox 606 5255 684 5304; x_wconf 86' lang='lat' dir='ltr'>Gtese</span> <span class='ocrx_word' id='word_1_363' title='bbox 704 5278 730 5287; x_wconf 94' lang='lat'>-</span> <span class='ocrx_word' id='word_1_364' title='bbox 755 5253 796 5301; x_wconf 74' lang='lat'>25.</span> <span class='ocrx_word' id='word_1_365' title='bbox 815 5252 878 5301; x_wconf 83' lang='lat' dir='ltr'>ltine</span> <span class='ocrx_word' id='word_1_366' title='bbox 895 5252 937 5301; x_wconf 90' lang='lat' dir='ltr'>ed.</span> <span class='ocrx_word' id='word_1_367' title='bbox 952 5253 1068 5302; x_wconf 91' lang='lat' dir='ltr'>tuntina:</span> <span class='ocrx_word' id='word_1_368' title='bbox 1092 5255 1118 5302; x_wconf 82' lang='lat' dir='ltr'>iu</span> <span class='ocrx_word' id='word_1_369' title='bbox 1135 5258 1217 5303; x_wconf 78' lang='lat' dir='ltr'>moute</span> <span class='ocrx_word' id='word_1_370' title='bbox 1234 5255 1268 5314; x_wconf 86' lang='lat' dir='ltr'>C,</span> <span class='ocrx_word' id='word_1_371' title='bbox 1291 5255 1331 5302; x_wconf 88' lang='lat' dir='ltr'>bic</span> <span class='ocrx_word' id='word_1_372' title='bbox 1347 5255 1488 5305; x_wconf 86' lang='lat' dir='ltr'>Victorius.</span> <span class='ocrx_word' id='word_1_373' title='bbox 1518 5253 1659 5305; x_wconf 88' lang='lat' dir='ltr'>Vebleniua</span> <span class='ocrx_word' id='word_1_374' title='bbox 1677 5257 1772 5307; x_wconf 87' lang='lat' dir='ltr'>eiectis</span> 
     </span>
     <span class='ocr_line' id='line_1_44' title="bbox 435 5327 1773 5393; baseline 0.001 -15"><span class='ocrx_word' id='word_1_375' title='bbox 435 5329 526 5381; x_wconf 71' lang='lat' dir='ltr'>verbIs</span> <span class='ocrx_word' id='word_1_376' title='bbox 543 5331 570 5378; x_wconf 84' lang='lat' dir='ltr'>in</span> <span class='ocrx_word' id='word_1_377' title='bbox 586 5335 668 5378; x_wconf 87' lang='lat' dir='ltr'>monte</span> <span class='ocrx_word' id='word_1_378' title='bbox 684 5340 792 5377; x_wconf 80' lang='lat' dir='ltr'>versum</span> <span class='ocrx_word' id='word_1_379' title='bbox 810 5330 894 5376; x_wconf 90' lang='lat' dir='ltr'>totum</span> <span class='ocrx_word' id='word_1_380' title='bbox 913 5332 939 5376; x_wconf 91' lang='lat' dir='ltr'>et</span> <span class='ocrx_word' id='word_1_381' title='bbox 956 5329 1057 5377; x_wconf 91' lang='lat' dir='ltr'>initium</span> <span class='ocrx_word' id='word_1_382' title='bbox 1075 5327 1183 5378; x_wconf 84' lang='lat' dir='ltr'>alterius</span> <span class='ocrx_word' id='word_1_383' title='bbox 1200 5328 1366 5378; x_wconf 85' lang='lat' dir='ltr'>intercidisse</span> <span class='ocrx_word' id='word_1_384' title='bbox 1383 5342 1478 5392; x_wconf 87' lang='lat' dir='ltr'>parum</span> <span class='ocrx_word' id='word_1_385' title='bbox 1496 5328 1670 5393; x_wconf 85' lang='lat' dir='ltr'>probabiliter</span> <span class='ocrx_word' id='word_1_386' title='bbox 1679 5332 1773 5380; x_wconf 83' lang='lat' dir='ltr'>statuit</span> 
     </span>
     <span class='ocr_line' id='line_1_45' title="bbox 437 5402 1773 5466; baseline -0.002 -11"><span class='ocrx_word' id='word_1_387' title='bbox 437 5431 466 5441; x_wconf 90' lang='lat'>-</span> <span class='ocrx_word' id='word_1_388' title='bbox 479 5406 666 5465; x_wconf 70' lang='lat' dir='ltr'>decesseratque</span> <span class='ocrx_word' id='word_1_389' title='bbox 678 5403 745 5452; x_wconf 85' lang='lat' dir='ltr'>ARV</span> <span class='ocrx_word' id='word_1_390' title='bbox 764 5402 821 5464; x_wconf 88' lang='lat' dir='ltr'>(sed</span> <span class='ocrx_word' id='word_1_391' title='bbox 833 5403 877 5451; x_wconf 83' lang='lat' dir='ltr'>All</span> <span class='ocrx_word' id='word_1_392' title='bbox 890 5403 961 5463; x_wconf 85' lang='lat' dir='ltr'>quoe)</span> <span class='ocrx_word' id='word_1_393' title='bbox 981 5428 1007 5437; x_wconf 97' lang='lat'>-</span> <span class='ocrx_word' id='word_1_394' title='bbox 1027 5405 1068 5453; x_wconf 76' lang='lat' dir='ltr'>to.</span> <span class='ocrx_word' id='word_1_395' title='bbox 1081 5417 1155 5453; x_wconf 87' lang='lat' dir='ltr'>cuem</span> <span class='ocrx_word' id='word_1_396' title='bbox 1172 5404 1203 5452; x_wconf 87' lang='lat' dir='ltr'>R:</span> <span class='ocrx_word' id='word_1_397' title='bbox 1223 5409 1308 5453; x_wconf 73' lang='lat' dir='ltr'>autari</span> <span class='ocrx_word' id='word_1_398' title='bbox 1324 5404 1401 5453; x_wconf 86' lang='lat' dir='ltr'>AHV</span> <span class='ocrx_word' id='word_1_399' title='bbox 1420 5428 1446 5440; x_wconf 93' lang='lat'>-</span> <span class='ocrx_word' id='word_1_400' title='bbox 1466 5404 1577 5452; x_wconf 83' lang='lat' dir='ltr'>romolus</span> <span class='ocrx_word' id='word_1_401' title='bbox 1594 5404 1626 5452; x_wconf 90' lang='lat' dir='ltr'>R¹</span> <span class='ocrx_word' id='word_1_402' title='bbox 1639 5427 1666 5440; x_wconf 92' lang='lat'>·-</span> <span class='ocrx_word' id='word_1_403' title='bbox 1681 5406 1773 5466; x_wconf 79' lang='lat' dir='ltr'>pseleer</span> 
     </span>
     <span class='ocr_line' id='line_1_46' title="bbox 436 5477 1771 5540; baseline 0.001 -12"><span class='ocrx_word' id='word_1_404' title='bbox 436 5482 456 5532; x_wconf 91' lang='lat'>0</span> <span class='ocrx_word' id='word_1_405' title='bbox 477 5506 510 5518; x_wconf 94' lang='lat'>-</span> <span class='ocrx_word' id='word_1_406' title='bbox 537 5480 577 5528; x_wconf 76' lang='lat' dir='ltr'>tl.</span> <span class='ocrx_word' id='word_1_407' title='bbox 597 5485 683 5528; x_wconf 68' lang='lat' dir='ltr'>suunt</span> <span class='ocrx_word' id='word_1_408' title='bbox 700 5478 734 5528; x_wconf 91' lang='lat' dir='ltr'>C:</span> <span class='ocrx_word' id='word_1_409' title='bbox 758 5491 863 5527; x_wconf 71' lang='lat' dir='ltr'>seruere</span> <span class='ocrx_word' id='word_1_410' title='bbox 885 5479 944 5528; x_wconf 91' lang='lat' dir='ltr'>eod.</span> <span class='ocrx_word' id='word_1_411' title='bbox 965 5479 1066 5528; x_wconf 87' lang='lat' dir='ltr'>Ciotani</span> <span class='ocrx_word' id='word_1_412' title='bbox 1088 5481 1115 5527; x_wconf 91' lang='lat' dir='ltr'>et</span> <span class='ocrx_word' id='word_1_413' title='bbox 1139 5478 1176 5535; x_wconf 90' lang='lat'>0;</span> <span class='ocrx_word' id='word_1_414' title='bbox 1205 5477 1332 5527; x_wconf 79' lang='lat' dir='ltr'>fortusse:</span> <span class='ocrx_word' id='word_1_415' title='bbox 1359 5480 1391 5528; x_wconf 84' lang='lat' dir='ltr'>At</span> <span class='ocrx_word' id='word_1_416' title='bbox 1408 5480 1525 5528; x_wconf 82' lang='lat' dir='ltr'>Romulus</span> <span class='ocrx_word' id='word_1_417' title='bbox 1544 5478 1650 5540; x_wconf 76' lang='lat' dir='ltr'>pulcher</span> <span class='ocrx_word' id='word_1_418' title='bbox 1670 5481 1698 5529; x_wconf 79' lang='lat' dir='ltr'>iu</span> <span class='ocrx_word' id='word_1_419' title='bbox 1718 5481 1771 5530; x_wconf 85' lang='lat' dir='ltr'>utto</span> 
     </span>
     <span class='ocr_line' id='line_1_47' title="bbox 435 5551 1768 5617; baseline 0 -13"><span class='ocrx_word' id='word_1_420' title='bbox 435 5557 519 5605; x_wconf 76' lang='lat' dir='ltr'>diocte</span> <span class='ocrx_word' id='word_1_421' title='bbox 529 5556 644 5604; x_wconf 80' lang='lat' dir='ltr'>Palatino</span> <span class='ocrx_word' id='word_1_422' title='bbox 660 5554 759 5613; x_wconf 80' lang='lat' dir='ltr'>quaerit</span> <span class='ocrx_word' id='word_1_423' title='bbox 775 5567 852 5617; x_wconf 79' lang='lat' dir='ltr'>genus</span> <span class='ocrx_word' id='word_1_424' title='bbox 869 5553 1050 5602; x_wconf 85' lang='lat' dir='ltr'>uttivotantum.</span> <span class='ocrx_word' id='word_1_425' title='bbox 1072 5579 1100 5590; x_wconf 90' lang='lat'><em>-</em></span> <span class='ocrx_word' id='word_1_426' title='bbox 1119 5552 1299 5602; x_wconf 83' lang='lat' dir='ltr'>atteuotontum</span> <span class='ocrx_word' id='word_1_427' title='bbox 1316 5554 1351 5613; x_wconf 81' lang='lat'>(2,</span> <span class='ocrx_word' id='word_1_428' title='bbox 1371 5557 1400 5603; x_wconf 92' lang='lat' dir='ltr'>ut</span> <span class='ocrx_word' id='word_1_429' title='bbox 1416 5551 1476 5603; x_wconf 88' lang='lat' dir='ltr'>libri</span> <span class='ocrx_word' id='word_1_430' title='bbox 1494 5553 1607 5602; x_wconf 86' lang='lat' dir='ltr'>Lucretii</span> <span class='ocrx_word' id='word_1_431' title='bbox 1625 5553 1655 5612; x_wconf 77' lang='lat' dir='ltr'>V,</span> <span class='ocrx_word' id='word_1_432' title='bbox 1671 5553 1720 5604; x_wconf 82' lang='lat' dir='ltr'>tas</span> <span class='ocrx_word' id='word_1_433' title='bbox 1740 5579 1768 5591; x_wconf 91' lang='lat'>-</span> 
     </span>
     <span class='ocr_line' id='line_1_48' title="bbox 435 5627 1771 5688; baseline -0.001 -10"><span class='ocrx_word' id='word_1_434' title='bbox 435 5630 476 5680; x_wconf 76' lang='lat'>28.</span> <span class='ocrx_word' id='word_1_435' title='bbox 495 5642 594 5678; x_wconf 81' lang='lat' dir='ltr'>roruem</span> <span class='ocrx_word' id='word_1_436' title='bbox 609 5640 766 5677; x_wconf 79' lang='lat' dir='ltr'>remoremur</span> <span class='ocrx_word' id='word_1_437' title='bbox 787 5627 850 5675; x_wconf 87' lang='lat' dir='ltr'>AV:</span> <span class='ocrx_word' id='word_1_438' title='bbox 869 5641 967 5676; x_wconf 86' lang='lat' dir='ltr'>romum</span> <span class='ocrx_word' id='word_1_439' title='bbox 984 5640 1149 5677; x_wconf 70' lang='lat' dir='ltr'>remo-cume</span> <span class='ocrx_word' id='word_1_440' title='bbox 1166 5628 1198 5684; x_wconf 87' lang='grc' dir='ltr'>Β,</span> <span class='ocrx_word' id='word_1_441' title='bbox 1220 5641 1319 5677; x_wconf 84' lang='lat' dir='ltr'>rornom</span> <span class='ocrx_word' id='word_1_442' title='bbox 1335 5640 1462 5677; x_wconf 83' lang='lat' dir='ltr'>remoram</span> <span class='ocrx_word' id='word_1_443' title='bbox 1477 5639 1556 5688; x_wconf 80' lang='lat' dir='ltr'>neque</span> <span class='ocrx_word' id='word_1_444' title='bbox 1573 5628 1610 5686; x_wconf 84' lang='lat' dir='ltr'>ll,</span> <span class='ocrx_word' id='word_1_445' title='bbox 1634 5628 1771 5677; x_wconf 76' lang='lat' dir='ltr'>Romamne</span> 
     </span>
     <span class='ocr_line' id='line_1_49' title="bbox 436 5700 1768 5763; baseline -0.002 -11"><span class='ocrx_word' id='word_1_446' title='bbox 436 5704 599 5752; x_wconf 82' lang='lat' dir='ltr'>Rememoeo</span> <span class='ocrx_word' id='word_1_447' title='bbox 620 5727 646 5737; x_wconf 91' lang='lat'>-</span> <span class='ocrx_word' id='word_1_448' title='bbox 665 5701 705 5750; x_wconf 75' lang='lat'>29.</span> <span class='ocrx_word' id='word_1_449' title='bbox 719 5701 831 5749; x_wconf 68' lang='lat' dir='ltr'>omisere</span> <span class='ocrx_word' id='word_1_450' title='bbox 843 5701 875 5750; x_wconf 88' lang='lat' dir='ltr'>C:</span> <span class='ocrx_word' id='word_1_451' title='bbox 894 5703 975 5750; x_wconf 78' lang='lat' dir='ltr'>omnia</span> <span class='ocrx_word' id='word_1_452' title='bbox 991 5704 1020 5762; x_wconf 87' lang='lat'>0,</span> <span class='ocrx_word' id='word_1_453' title='bbox 1039 5706 1068 5752; x_wconf 95' lang='lat' dir='ltr'>ut</span> <span class='ocrx_word' id='word_1_454' title='bbox 1084 5703 1111 5750; x_wconf 93' lang='lat' dir='ltr'>in</span> <span class='ocrx_word' id='word_1_455' title='bbox 1130 5701 1150 5749; x_wconf 90' lang='lat' dir='ltr'>V</span> <span class='ocrx_word' id='word_1_456' title='bbox 1167 5706 1318 5753; x_wconf 91' lang='lat' dir='ltr'>correctum</span> <span class='ocrx_word' id='word_1_457' title='bbox 1336 5705 1378 5753; x_wconf 90' lang='lat' dir='ltr'>est</span> <span class='ocrx_word' id='word_1_458' title='bbox 1396 5727 1422 5738; x_wconf 92' lang='lat'>-</span> <span class='ocrx_word' id='word_1_459' title='bbox 1442 5703 1507 5752; x_wconf 79' lang='lat' dir='ltr'>indit</span> <span class='ocrx_word' id='word_1_460' title='bbox 1519 5706 1625 5763; x_wconf 83' lang='lat' dir='ltr'>perator</span> <span class='ocrx_word' id='word_1_461' title='bbox 1641 5700 1705 5751; x_wconf 87' lang='lat' dir='ltr'>ll-</span> <span class='ocrx_word' id='word_1_462' title='bbox 1725 5700 1768 5751; x_wconf 81' lang='grc'>30.</span> 
     </span>
     <span class='ocr_line' id='line_1_50' title="bbox 434 5772 1767 5839; baseline 0 -14"><span class='ocrx_word' id='word_1_463' title='bbox 434 5790 510 5839; x_wconf 80' lang='lat' dir='ltr'>quom</span> <span class='ocrx_word' id='word_1_464' title='bbox 525 5779 622 5826; x_wconf 86' lang='lat' dir='ltr'>mittere</span> <span class='ocrx_word' id='word_1_465' title='bbox 638 5774 738 5825; x_wconf 89' lang='lat' dir='ltr'>Veblen</span> <span class='ocrx_word' id='word_1_466' title='bbox 757 5776 791 5836; x_wconf 80' lang='lat' dir='ltr'>tin</span> <span class='ocrx_word' id='word_1_467' title='bbox 803 5775 913 5838; x_wconf 78' lang='lat' dir='ltr'>praelat.</span> <span class='ocrx_word' id='word_1_468' title='bbox 926 5775 961 5824; x_wconf 88' lang='lat' dir='ltr'>sd</span> <span class='ocrx_word' id='word_1_469' title='bbox 972 5776 1047 5826; x_wconf 88' lang='lat' dir='ltr'>Ennii</span> <span class='ocrx_word' id='word_1_470' title='bbox 1064 5774 1145 5836; x_wconf 89' lang='lat' dir='ltr'>rell.):</span> <span class='ocrx_word' id='word_1_471' title='bbox 1170 5779 1321 5828; x_wconf 82' lang='lat' dir='ltr'>committere</span> <span class='ocrx_word' id='word_1_472' title='bbox 1332 5775 1399 5837; x_wconf 81' lang='lat' dir='ltr'>AB²‚</span> <span class='ocrx_word' id='word_1_473' title='bbox 1416 5790 1474 5827; x_wconf 86' lang='lat' dir='ltr'>cum</span> <span class='ocrx_word' id='word_1_474' title='bbox 1489 5778 1587 5826; x_wconf 83' lang='lat' dir='ltr'>mittere</span> <span class='ocrx_word' id='word_1_475' title='bbox 1605 5772 1718 5825; x_wconf 85' lang='lat' dir='ltr'>B¹RVO</span> <span class='ocrx_word' id='word_1_476' title='bbox 1737 5800 1767 5813; x_wconf 95' lang='lat'><em>-</em></span> 
     </span>
     <span class='ocr_line' id='line_1_51' title="bbox 435 5848 1767 5916; baseline 0 -16"><span class='ocrx_word' id='word_1_477' title='bbox 435 5851 475 5900; x_wconf 81' lang='lat' dir='ltr'>et.</span> <span class='ocrx_word' id='word_1_478' title='bbox 493 5852 547 5900; x_wconf 88' lang='lat' dir='ltr'>uutt</span> <span class='ocrx_word' id='word_1_479' title='bbox 564 5851 610 5900; x_wconf 87' lang='lat' dir='ltr'>BR</span> <span class='ocrx_word' id='word_1_480' title='bbox 635 5877 661 5887; x_wconf 95' lang='lat'><em>-</em></span> <span class='ocrx_word' id='word_1_481' title='bbox 688 5849 789 5899; x_wconf 74' lang='lat' dir='ltr'>auelli</span> <span class='ocrx_word' id='word_1_482' title='bbox 814 5875 840 5884; x_wconf 98' lang='lat'>-</span> <span class='ocrx_word' id='word_1_483' title='bbox 865 5850 1011 5898; x_wconf 74' lang='lat' dir='ltr'>crisv1-</span> <span class='ocrx_word' id='word_1_484' title='bbox 1036 5850 1319 5916; x_wconf 60' lang='lat' dir='ltr'>supserstitione:</span> <span class='ocrx_word' id='word_1_485' title='bbox 1343 5854 1400 5914; x_wconf 83' lang='lat' dir='ltr'>Quo</span> <span class='ocrx_word' id='word_1_486' title='bbox 1417 5852 1437 5902; x_wconf 85' lang='lat' dir='ltr'>C</span> <span class='ocrx_word' id='word_1_487' title='bbox 1457 5876 1485 5888; x_wconf 92' lang='lat'>-·</span> <span class='ocrx_word' id='word_1_488' title='bbox 1508 5850 1549 5901; x_wconf 78' lang='grc'>33.</span> <span class='ocrx_word' id='word_1_489' title='bbox 1568 5848 1767 5901; x_wconf 80' lang='lat' dir='ltr'>oretimebetC</span> 
     </span>
     <span class='ocr_line' id='line_1_52' title="bbox 435 5922 1152 5990; baseline 0.001 -15"><span class='ocrx_word' id='word_1_490' title='bbox 435 5924 494 5990; x_wconf 90' lang='lat' dir='ltr'>(sed</span> <span class='ocrx_word' id='word_1_491' title='bbox 506 5926 528 5975; x_wconf 88' lang='grc' dir='ltr'>Η</span> <span class='ocrx_word' id='word_1_492' title='bbox 539 5925 680 5987; x_wconf 74' lang='lat' dir='ltr'>tirebuetlz</span> <span class='ocrx_word' id='word_1_493' title='bbox 700 5937 748 5974; x_wconf 84' lang='lat' dir='ltr'>oro</span> <span class='ocrx_word' id='word_1_494' title='bbox 763 5923 860 5976; x_wconf 79' lang='lat' dir='ltr'>terrebat</span> <span class='ocrx_word' id='word_1_495' title='bbox 877 5922 942 5975; x_wconf 88' lang='lat' dir='ltr'>dett.</span> <span class='ocrx_word' id='word_1_496' title='bbox 961 5923 1061 5988; x_wconf 84' lang='lat' dir='ltr'>aliquot</span> <span class='ocrx_word' id='word_1_497' title='bbox 1077 5928 1106 5975; x_wconf 89' lang='lat' dir='ltr'>et</span> <span class='ocrx_word' id='word_1_498' title='bbox 1122 5925 1152 5976; x_wconf 92' lang='lat'>0.</span> 
     </span>
    </p>
   </div>
   <div class='ocr_carea' id='block_1_5' title="bbox 0 0 2176 7459">
    <p class='ocr_par' dir='ltr' id='par_1_5' title="bbox 0 0 2176 7459">
     <span class='ocr_line' id='line_1_53' title="bbox 0 0 2176 7459; baseline 0 2"><span class='ocrx_word' id='word_1_499' title='bbox 0 0 2176 7459; x_wconf 95' lang='lat' dir='ltr'> </span> 
     </span>
    </p>
   </div>
  </div>
 </body>
</html>
