4342 7459
679 1259 748 1325 ιιι.
771 1259 804 1323 1.
824 1259 897 1327 cn.
920 1259 1243 1327 xxxn-xxxir.
1268 1257 1315 1344 §s
1336 1256 1482 1325 ss-ss.
1682 1254 1746 1326 39³

409 1429 489 1489 tuna
509 1456 552 1467 —
572 1420 653 1485 nibil
682 1422 767 1485 enim
793 1420 916 1485 ratione
940 1422 972 1485 in
994 1442 1100 1485 rerum
1122 1429 1235 1485 natura
1256 1420 1373 1484 hatum
1397 1441 1467 1485 esse
1488 1420 1585 1485 vultis
1606 1456 1664 1494 -,
1685 1420 1745 1486 sed

408 1525 514 1584 tamen
543 1516 616 1600 quis
645 1517 705 1580 iste
727 1523 833 1580 tentus
855 1520 973 1579 casus?
1001 1518 1088 1581 unde
1110 1524 1173 1581 tam
1195 1515 1274 1579 felix
1295 1536 1468 1579 concursus
1489 1523 1682 1589 atomorum,
1708 1522 1746 1582 ut

408 1617 542 1693 repente
563 1610 709 1673 homines
731 1609 865 1674 deorum
886 1608 988 1673 forma
1009 1615 1241 1674 nascerentur?
1274 1604 1326 1671 itt.
1350 1610 1518 1674 Seminane
1541 1609 1674 1673 deorum
1690 1611 1745 1674 de-

408 1705 525 1771 cidisse
553 1704 593 1767 de
622 1704 711 1768 caelo
741 1712 889 1785 putamus
911 1705 945 1767 in
967 1714 1065 1769 terras
1088 1713 1120 1768 et
1142 1706 1188 1768 sic
1209 1705 1353 1768 homines
1374 1713 1499 1788 patrum
1521 1704 1642 1767 similes
1665 1704 1746 1768 exti-

408 1800 514 1864 tisset-
542 1799 666 1862 Vellem
694 1798 861 1873 diceretis3
892 1800 1025 1862 deorum
1053 1800 1270 1881 cognationem
1300 1819 1503 1882 agnoscerem
1527 1819 1592 1862 non
1613 1798 1768 1861 invitaet

407 1885 493 1976 ilibil
516 1892 579 1958 tale
602 1892 726 1966 dicitis,
755 1893 812 1955 sed
835 1912 910 1956 casu
933 1914 1003 1957 esse
1025 1893 1141 1956 lactum
1170 1902 1206 1958 ut
1226 1913 1368 1956 essemus
1390 1893 1509 1957 similes
1531 1883 1673 1956 deorum.
1703 1892 1745 1955 Ei

407 2007 493 2052 nunc
514 1994 701 2070 argumenta
723 1986 905 2069 quaerenda
928 1996 1017 2060 sunt,
1040 1988 1155 2069 quibus
1177 1989 1238 2051 hoc
1258 1986 1447 2050 refellatur?
1471 1988 1595 2050 Utinam
1613 1994 1682 2071 ¹tam
1698 1982 1745 2050 t'a-

408 2082 469 2147 cile
491 2100 567 2145 vera
588 2080 732 2143 invenire
754 2081 874 2162 possim
889 2102 984 2164 quam
1008 2079 1087 2143 salsa
1102 2082 1311 2145 convincerel
1355 2078 1654 2161 xxxrruntmim.
1667 2098 1745 2150 enus.

408 2175 538 2239 merasti
561 2174 743 2238 memoriter
764 2176 958 2257 etcopiose,
982 2184 1016 2239 ut
1030 2174 1106 2238 mihi
1122 2176 1251 2258 quidem
1266 2176 1414 2239 admirari
1431 2176 1554 2239 luberet
1568 2176 1600 2237 in
1616 2174 1744 2238 homine

409 2290 480 2334 esse
507 2271 651 2333 Romano
681 2276 800 2332 tantam
828 2270 1010 2344 scientiam,
1037 2290 1140 2353 usque
1163 2291 1182 2335 a
1203 2271 1302 2335 Thale
1325 2271 1448 2333 Milesio
1471 2269 1511 2332 de
1534 2270 1665 2350 deorum
1690 2277 1783 2330 nasto

408 2370 481 2427 tura
502 2360 764 2446 pbilosophorum
786 2365 971 2428 sententias.
1014 2361 1066 2427 92.
1090 2364 1251 2428 Omnesne
1276 2366 1333 2429 tibi
1356 2366 1402 2428 illi
1425 2363 1558 2428 delirare
1581 2363 1746 2434 visisunt,

409 2460 465 2541 qui
487 2459 556 2521 sine
578 2458 723 2520 manibus
745 2464 777 2521 ei
799 2458 935 2540 pedibus
957 2466 1104 2521 constare
1126 2457 1222 2522 deum
1236 2479 1339 2539 posse
1362 2458 1592 2522 decreverunt?
1616 2457 1662 2517 Ne
1685 2456 1746 2518 hoc

409 2551 539 2635 quidem
562 2572 620 2615 vos
642 2560 747 2616 movet
774 2553 1021 2625 considerantis,
1050 2571 1133 2636 quae
1156 2553 1197 2614 sit
1218 2552 1338 2616 utilitas
1360 2571 1506 2635 quaeque
1526 2546 1749 2633 opportunitas,

409 2645 594 2710 iahamias
617 2646 844 2720 membrarum,
869 2654 905 2709 ut
926 2646 1074 2710 iudicetis
1098 2647 1246 2710 membris
1268 2646 1414 2709 humanis
1437 2645 1514 2708 deos
1537 2664 1601 2706 non
1624 2641 1744 2722 egeret

410 2738 495 2817 Quid
518 2741 601 2803 enim
623 2738 759 2822 pedibus
781 2760 862 2823 epus
884 2741 1024 2803 estsine
1046 2741 1217 2823 ingressui
1239 2740 1315 2823 quid
1334 2739 1493 2811 manibus,
1517 2739 1544 2801 si
1567 2736 1647 2800 nihil
1670 2745 1783 2821 con-tt

408 2831 671 2916 prehendendum
694 2838 765 2897 esti
794 2834 871 2917 quid
895 2834 1016 2918 reliqua
1038 2834 1245 2916 discriptione
1267 2833 1409 2896 omnium
1431 2834 1574 2915 corporis
1596 2829 1746 2913 partium,

408 2926 444 2990 in
466 2945 530 3008 qua
551 2924 631 2991 nihil
653 2928 765 3002 inane,
796 2927 876 2991 nihil
898 2930 966 2991 sine
988 2948 1101 3002 eausa,
1130 2928 1212 2991 nibil
1234 2945 1504 3008 supervacaneum
1528 2927 1600 2988 esti
1633 2924 1745 3005 ltaque

408 3020 499 3085 nulla
519 3040 572 3085 ars
593 3021 709 3085 imitari
730 3021 905 3084 sollertiam
927 3030 1060 3085 naturae
1084 3030 1197 3103 potest
1233 3020 1369 3083 Habebit
1390 3020 1485 3101 igitur
1505 3018 1643 3100 linguam
1666 3014 1747 3077 deus

409 3122 442 3181 et
463 3135 527 3179 non
543 3114 708 3199 loquetur3
731 3116 857 3189 dentes,
878 3115 1033 3198 palatum,
1055 3114 1163 3178 lauces
1178 3115 1301 3179 nullum
1317 3115 1357 3177 ad
1371 3134 1484 3190 usum;
1510 3130 1657 3196 quaeque
1672 3128 1746 3194 prov

409 3210 580 3274 creationis
609 3228 705 3273 causa
731 3217 843 3272 natura
873 3210 998 3291 corpori
1030 3209 1178 3283 adfinxit,
1208 3229 1246 3271 ea
1267 3208 1384 3271 frustra
1406 3206 1533 3273 habebit
1555 3205 1649 3277 deus,
1684 3213 1784 3298 necto

410 3310 544 3369 externa
565 3304 666 3385 magis
688 3323 784 3386 quam
805 3304 972 3377 interiora,
1001 3324 1069 3377 cor,
1098 3304 1281 3386 pulmones,
1310 3305 1415 3378 ieeur,
1443 3311 1562 3374 cetera,
1586 3296 1749 3383 quae.de'·.

410 3404 510 3462 tracta
533 3397 669 3461 utilitate
693 3398 769 3481 quid
793 3399 911 3462 habent
932 3398 1133 3461 venustatis?
1156 3397 1433 3481 quandoquidem
1456 3396 1533 3458 haec
1549 3414 1619 3457 esse
1636 3394 1667 3456 in
1684 3390 1744 3452 deo

408 3500 541 3575 propter
574 3491 843 3575 pulchritudinem
875 3493 979 3556 voltis.
1022 3490 1075 3555 93.
1100 3493 1214 3555 lstisne
1241 3488 1374 3553 fidentes
1402 3489 1534 3552 somniis
1563 3509 1627 3552 non
1651 3481 1744 3552 modo

409 3586 567 3669 Epicurus
598 3594 630 3648 et
658 3585 857 3650 Metrodorus
883 3596 915 3651 et
942 3586 1156 3650 Hermarchus
1186 3594 1295 3649 contra
1326 3587 1549 3668 Pythagoram,
1584 3582 1747 3644 Platonem

409 3678 699 3762 Empedoclemque
722 3679 889 3755 dixerunt,
912 3680 969 3743 sed
993 3682 1193 3746 meretricula
1214 3682 1308 3743 etiam
1330 3680 1496 3742 Leontium
1519 3684 1628 3741 contra
1643 3672 1785 3737 Theo-att

407 3773 573 3856 phrastnm
603 3773 740 3835 scribere
769 3792 848 3837 ausa
869 3779 943 3838 esti
975 3776 1055 3839 scito
1083 3775 1140 3840 illa
1161 3775 1290 3858 quidem
1313 3794 1460 3837 sermone
1483 3782 1514 3837 et
1535 3772 1655 3843 Attico,
1686 3765 1748 3830 sed·

408 3873 525 3930 tamen.
560 3867 696 3928 Tantum
718 3867 847 3949 Epicuri
870 3868 981 3931 hortus
1005 3868 1114 3932 habuit
1135 3868 1290 3932 licentiae.
1326 3870 1366 3931 Et
1387 3868 1497 3932 soletis
1526 3864 1634 3949 queri,
1656 3864 1742 3924 Zeno

409 3959 539 4043 quidem
572 3961 666 4023 etiam
699 3960 851 4043 litigabat.
901 3962 985 4038 Quid
1014 3963 1117 4025 dicam
1148 3962 1340 4026 Albucium?
1383 3964 1462 4025 Nam
1489 3961 1631 4024 Phaedro
1665 3952 1744 4018 nihil

409 4054 601 4136 elegantius,
630 4054 708 4116 nihil
730 4055 920 4131 humanius3
950 4055 1006 4119 sed
1029 4057 1284 4120 stomachabatur
1306 4077 1420 4129 senex,
1449 4058 1474 4119 si
1499 4055 1577 4139 quid
1600 4050 1746 4132 asperius

408 4148 566 4221 dixeram,
589 4168 661 4210 aum
683 4150 840 4230 Epicurus
862 4150 1062 4212 Aristotelem
1084 4152 1206 4213 vexarit
1227 4151 1558 4221 contumeliosissime,
1581 4141 1783 4207 Phaedonita

410 4242 571 4305 Socratico
594 4242 777 4323 turpissime
800 4244 1031 4317 maledixerit,
1056 4245 1244 4317 Metrodori,
1267 4244 1385 4307 sedalis
1407 4245 1474 4317 sui,
1496 4243 1622 4305 tratrem
1639 4240 1745 4300 Tinio-

408 4344 532 4409 craten,
566 4336 643 4419 quia
672 4338 778 4399 nescio
812 4337 891 4421 quid
920 4339 952 4399 in
983 4338 1186 4421 philosophia
1209 4339 1407 4411 dissentiret,
1435 4339 1508 4400 totis
1531 4332 1745 4398 voluminibus

409 4430 592 4504 conciderit,
615 4431 646 4492 in
669 4432 884 4494 Democritum
897 4432 1017 4513 ipsum,
1040 4453 1134 4515 quem
1152 4443 1278 4495 secutus
1294 4443 1356 4505 est,
1380 4434 1474 4495 luerit
1488 4434 1639 4512 ingratus,
1662 4429 1745 4487 Nau-

409 4524 584 4606 siphanen,
613 4526 797 4607 magistrum
820 4547 929 4600 suum,
958 4546 975 4589 a
999 4547 1064 4608 quo
1089 4548 1148 4588 nan
1170 4529 1248 4590 nihil
1272 4527 1440 4600 didicerat,
1468 4535 1531 4588 tam
1554 4524 1634 4586 male
1657 4539 1745 4583 acce-

410 4622 503 4703 perit.
540 4619 687 4681 xxxiv.
709 4623 795 4682 Zeno
819 4619 949 4703 quidem
972 4641 1035 4682 non
1057 4641 1114 4683 eos
1138 4622 1254 4695 solum,
1279 4622 1332 4705 qui
1356 4631 1421 4684 tum
1445 4629 1549 4692 eraut,
1571 4614 1783 4699 Apollodo-aa

408 4730 493 4785 rum,
523 4711 639 4787 Silam,
668 4722 791 4778 ceteros
822 4713 938 4796 ligabat
968 4714 1159 4789 maledictis,
1185 4716 1241 4779 sed
1264 4716 1415 4779 Socraten
1439 4716 1558 4796 ipsum,
1582 4720 1744 4794 parentem

474 5058 500 5106 h.
519 5057 563 5117 qui
579 5056 625 5105 iste
642 5054 710 5106 13¹-
731 5056 754 5105 3.
774 5058 868 5106 semina
885 5071 916 5107 ne
932 5059 1035 5108 deorum
1053 5060 1088 5109 u:
1108 5059 1204 5109 canina
1221 5061 1324 5108 deornm
1342 5060 1451 5108 ACEO
1466 5085 1491 5093 -
1512 5058 1536 5109 l.
1553 5061 1578 5108 in
1597 5064 1680 5107 terras
1695 5072 1745 5119 pu-

408 5136 493 5181 tamus
510 5130 557 5180 EO
578 5157 605 5168 -
624 5132 648 5181 7.
670 5132 769 5180 Utinam
781 5159 818 5170 ·-
829 5136 993 5184 convinceret
1011 5136 1161 5185 Lactantius
1179 5137 1241 5185 lost.
1256 5136 1279 5189 l.
1299 5136 1314 5184 3
1333 5138 1359 5183 et
1374 5135 1408 5184 de
1422 5136 1458 5183 ire
1472 5148 1495 5184 c.
1510 5136 1549 5184 tt.
1567 5161 1593 5169 -
1613 5134 1636 5183 8.
1650 5147 1745 5194 possem

409 5206 569 5257 tacuntrus.
592 5231 619 5242 -
643 5207 682 5254 li.
703 5207 858 5256 decreuerint
881 5209 960 5259 ABC
986 5235 1012 5244 -
1039 5212 1079 5259 43.
1099 5213 1256 5271 oportunitas
1274 5207 1294 5259 u
1314 5235 1340 5244 -
1369 5209 1407 5258 tt.
1428 5210 1484 5258 dem
1500 5209 1614 5257 rnernbris
1630 5209 1746 5256 bumaria

409 5281 467 5344 (scd
480 5279 577 5329 additis
591 5282 779 5344 transponendi
791 5283 881 5345 signis)
895 5284 914 5333 C
930 5310 955 5318 ··
972 5285 1011 5333 t6.
1025 5287 1185 5345 discriptione
1197 5289 1216 5334 Α
1227 5286 1245 5334 Β
1256 5286 1289 5333 C:
1308 5285 1470 5345 descriptione
1483 5285 1501 5333 l]
1512 5284 1540 5331 0.
1560 5283 1598 5332 Cl.
1613 5296 1639 5346 p.
1652 5281 1708 5334 303.
1719 5284 1744 5331 a.

411 5382 438 5391 -
453 5356 494 5405 l'l.
512 5369 745 5418 superuacuaneum
763 5358 811 5406 ΑΒ
827 5383 853 5392 -
874 5359 913 5406 ts.
932 5365 1042 5408 naturae
1058 5361 1196 5409 sollertiam
1213 5359 1262 5408 (ΣΕ
1278 5387 1303 5396 -
1324 5360 1365 5409 tt.
1383 5373 1449 5421 puae
1466 5358 1513 5409 litt.
1533 5374 1549 5405 a
1567 5362 1697 5419 expuncta
1712 5356 1744 5413 ss;

408 5444 457 5494 que
474 5431 493 5480 Ε
513 5457 540 5467 -
561 5432 601 5480 22.
620 5431 645 5477 in
662 5430 715 5494 deo]
733 5432 790 5481 inde
807 5433 870 5481 B-
887 5431 926 5481 23.
944 5435 1043 5495 iidemu
1061 5435 1108 5483 BE
1125 5462 1148 5470 -
1168 5438 1260 5483 somnis
1278 5438 1420 5497 (superscr.
1435 5438 1485 5494 i)tt
1502 5462 1524 5471 -·
1547 5432 1587 5483 at.
1601 5434 1747 5480 hernsarcus

409 5506 460 5557 AC
481 5532 506 5541 -
525 5506 567 5555 26.
586 5511 621 5554 est
637 5506 712 5555 lite:
732 5508 763 5553 sit
781 5504 870 5556 ΑΒἘ
889 5533 916 5542 -
935 5510 977 5556 sed
993 5514 1131 5557 lamentum
1148 5512 1276 5570 epicuris
1293 5537 1318 5546 -
1338 5511 1378 5559 29.
1397 5511 1545 5566 humanius,
1564 5515 1588 5558 et
1604 5508 1745 5557 stomacha-

409 5580 485 5629 batur
507 5581 578 5631 Belle
599 5580 633 5630 de
657 5581 764 5630 emend.
789 5584 844 5631 Cic.
863 5583 971 5632 Oratore
993 5598 1018 5646 p.
1039 5584 1078 5633 stt.
1101 5610 1128 5621 -
1152 5586 1193 5636 30.
1213 5586 1364 5633 aristotelem
1384 5589 1486 5635 iurarit
1503 5584 1747 5633 coritumriiosissime

408 5658 430 5706 Δ
441 5655 459 5704 Β
469 5656 489 5704 t]
501 5668 507 5701 ε
531 5655 678 5704 arisituitem
697 5658 801 5706 cesara
817 5658 885 5717 (om.
901 5660 1153 5721 contmneliosissime)
1172 5660 1191 5709 E
1202 5675 1207 5716 ;
1226 5662 1469 5708 contumeliosissime
1487 5660 1641 5707 Aristotelem
1663 5672 1746 5707 veca-

408 5731 475 5780 aerit
491 5731 511 5779 0
530 5755 556 5765 -
577 5731 618 5780 at.
638 5730 769 5780 timocrate'
788 5731 823 5791 E,
843 5731 1005 5782 Timocratem
1022 5733 1042 5781 0
1057 5758 1082 5766 -
1103 5733 1143 5781 33.
1163 5735 1302 5783 concideret
1320 5735 1398 5783 Aac
1417 5762 1439 5769 —
1460 5736 1610 5795 nausitanen
1624 5737 1658 5786 C:
1676 5749 1745 5784 nau-

407 5800 489 5867 citani
506 5804 543 5864 E,
567 5806 726 5864 numitorem
743 5806 779 5861 B:
803 5805 936 5868 nausisani
954 5814 992 5863 Α;
1014 5808 1200 5868 Nausiphanem
1217 5810 1237 5858 0
1257 5835 1284 5845 -
1307 5810 1348 5861 34.
1367 5824 1416 5858 non
1435 5809 1495 5859 eod.
1516 5811 1742 5873 ltcbdigerianus:

408 5892 464 5931 om.
483 5877 545 5931 uo.
565 5880 604 5931 (Ii.
623 5880 638 5944 fl
656 5881 696 5930 ta.
712 5907 739 5916 -
759 5882 886 5934 dedicerat
902 5884 921 5933 B
943 5910 970 5921 -
990 5883 1031 5934 ³5.
1049 5884 1129 5933 solum
1146 5897 1187 5933 eoa
1204 5885 1264 5935 C·
1285 5884 1325 5934 36.
1343 5886 1417 5934 ailam
1435 5886 1472 5936 C:
1491 5886 1568 5937 sittim
1579 5891 1614 5943 Α;
1633 5887 1686 5937 siue
1699 5888 1744 5940 ΒΕ

409 5955 454 6019 tue
470 5954 496 6007 ia
512 5968 566 6006 ras.
585 5955 627 6019 ut:
647 5955 744 6017 &dum
761 5958 781 6008 0
800 5982 829 5993 -
846 5964 961 6009 imraten
977 5964 1016 6011 a:
1038 5964 1161 6011 socratem
1178 5960 1296 6012 BCEO.
