4342 7459
715 1222 785 1287 bin.
806 1222 844 1285 V.
873 1221 945 1286 Car.
968 1221 1185 1285 xvc-xx.
1209 1217 1255 1305 §S
1278 1217 1423 1284 tii-57.
1674 1211 1737 1289 345

409 1380 597 1454 vivendum,
619 1380 697 1445 satis
719 1388 768 1445 est
788 1382 883 1446 etiam
905 1381 945 1445 ad
966 1382 1067 1445 beate.
1106 1382 1188 1446 Satis
1213 1387 1262 1444 est
1282 1381 1367 1444 enim
1389 1380 1528 1445 certain
1550 1381 1680 1454 virtute,
1701 1386 1738 1444 ut

409 1474 534 1540 fortiter
554 1476 715 1551 vivamns;
739 1476 766 1541 si
788 1475 926 1551 sortiter,
948 1478 1042 1540 etiam
1065 1485 1101 1540 nt
1122 1496 1236 1559 magno
1257 1475 1375 1550 animo,
1396 1473 1571 1559 etquidem
1594 1472 1738 1537 utnulla

409 1589 443 1633 ra
464 1590 616 1654 umquam
645 1579 818 1633 terreamur
844 1590 1033 1654 semperque
1055 1571 1152 1635 simus
1174 1571 1293 1634 invicti.
1331 1568 1483 1653 Sequitur
1505 1575 1540 1632 nt
1560 1565 1641 1630 nihil
1662 1585 1738 1650 pac-

409 1664 523 1738 niteat,
549 1662 630 1726 nihil
651 1665 748 1738 desit,
769 1665 849 1729 nihil
872 1666 993 1728 obstet:
1023 1685 1100 1747 ergo
1124 1664 1230 1728 omnia
1251 1664 1458 1747 profluenter,
1479 1661 1641 1735 absolute,
1664 1678 1738 1742 pru·

410 1777 516 1841 spere,
538 1757 637 1839 igitur
657 1758 760 1822 beate.
797 1758 879 1822 Satis
901 1767 1005 1823 autem
1021 1759 1122 1823 virtus
1137 1758 1178 1822 ad
1197 1757 1322 1822 sortiter
1335 1757 1504 1821 vivendum
1519 1760 1639 1839 potest:
1661 1753 1762 1818 satist

410 1871 485 1935 ergo
506 1852 603 1916 etiam
624 1853 664 1915 ad
686 1852 789 1915 beate.
825 1849 876 1914 ct.
898 1854 1023 1917 Etenim
1045 1861 1080 1916 nt
1101 1852 1245 1927 stultitia,
1268 1853 1328 1915 etsi
1349 1851 1464 1935 adepta
1485 1856 1534 1914 est
1555 1849 1643 1934 qnod
1662 1867 1739 1911 con·

410 1945 538 2028 cupivit,
561 1967 733 2031 nnmqnam
756 1966 790 2009 se
812 1955 918 2009 tamen
941 1949 1017 2010 satis
1039 1954 1241 2010 consecutam
1257 1951 1360 2029 putat,
1382 1945 1429 2008 sic
1444 1945 1600 2028 snpientia
1613 1961 1739 2025 semper

410 2059 448 2104 eo
469 2048 620 2104 contenta
642 2049 706 2115 est,
729 2041 815 2125 quod
837 2042 942 2115 adest,
963 2061 1071 2125 oeque
1093 2060 1162 2104 eam
1185 2061 1334 2125 umquam
1356 2041 1405 2103 sui
1428 2040 1578 2122 paenitet.

493 2135 581 2197 XIX.
613 2136 795 2199 Similemne
824 2144 917 2218 putas
947 2135 980 2198 C.
1006 2135 1109 2199 Laelii
1139 2154 1238 2200 unum
1267 2134 1467 2198 consulatum
1491 2132 1591 2197 fuisse
1613 2138 1645 2194 et
1665 2150 1737 2194 eum

410 2228 539 2313 quidem
561 2249 633 2294 cum
656 2230 798 2313 repulsa,
820 2263 861 2276 -
883 2231 925 2303 si,
956 2250 1026 2293 cum
1049 2218 1230 2312 sapieus'et
1250 2228 1352 2291 bonus
1375 2228 1436 2302 vir,
1466 2226 1569 2311 qualis
1591 2223 1646 2289 ille
1667 2222 1775 2299 luitis

410 2325 568 2408 suffragiis
598 2324 804 2408 praeteritur,
833 2344 898 2388 non
923 2322 1060 2407 populus
1090 2342 1109 2386 a
1137 2322 1222 2385 bono
1244 2322 1375 2387 consule
1397 2322 1503 2404 potius
1525 2340 1621 2404 quam
1643 2316 1738 2383 ilisa

409 2419 529 2504 populo
550 2418 711 2501 repulsam
734 2417 809 2492 lert,
831 2417 951 2480 -sed
973 2425 1078 2481 tamen
1102 2426 1206 2479 utrum
1229 2417 1339 2481 malles
1361 2423 1410 2489 te,
1434 2416 1461 2479 si
1483 2422 1623 2498 potestas
1644 2420 1738 2486 esset,

409 2511 506 2576 semel
535 2518 572 2575 ut
597 2511 741 2575 Laelium
763 2512 925 2576 consulem
947 2531 988 2574 an
1010 2519 1046 2573 ut
1068 2512 1200 2575 Cinnam
1224 2512 1360 2594 quateri
1404 2507 1549 2572 55.1v0n
1572 2508 1681 2571 dubito
1704 2511 1738 2569 tu

409 2605 485 2689 quid
516 2626 727 2688 responsurus
757 2607 818 2682 sis;
848 2607 956 2687 itaque
985 2607 1076 2669 video
1106 2605 1156 2668 cni
1183 2606 1385 2669 committam.
1418 2606 1490 2668 Non
1511 2601 1657 2688 quemvis
1678 2600 1738 2664 boc

408 2696 493 2764 idem
515 2701 759 2781 interrogarem
786 2701 994 2782 responderet
1019 2702 1105 2764 enim
1126 2700 1209 2763 alius
1231 2698 1364 2763 fortasse
1387 2719 1421 2762 se
1442 2718 1508 2761 non
1531 2696 1627 2761 modo
1649 2699 1777 2778 quat-sc
1867 2748 1881 2777 ‚

408 2801 480 2858 tuor
513 2794 697 2858 consulatus
727 2795 782 2857 uni
811 2802 1022 2876 anteponere,
1054 2795 1110 2857 sed
1139 2814 1237 2856 unum
1265 2793 1351 2857 diem
1374 2792 1492 2857 Cinnae
1515 2790 1685 2855 multorum
1708 2793 1740 2850 et

409 2888 564 2952 clarorum
588 2888 725 2950 virorum
748 2888 821 2951 totis
842 2888 1009 2951 aetatibus.
1042 2888 1186 2962 Laelius,
1209 2888 1235 2949 si
1251 2888 1351 2969 digito
1366 2908 1460 2972 quem
1475 2885 1640 2967 attigisset,
1663 2898 1740 2964 poe·

408 3002 465 3045 nas
488 2981 646 3044 dedisset:
667 2988 700 3042 at
722 2980 823 3043 Cinna
848 2981 988 3064 collegae
1010 2982 1059 3043 sni
1084 2977 1247 3064 [consulis]
1272 2982 1328 3044 Cn.
1343 2980 1465 3044 Octavii
1487 2977 1625 3062 praecidi
1646 2983 1740 3059 caput

408 3075 513 3149 iussit,
545 3076 578 3137 P.
602 3073 721 3148 Crassi,
745 3074 779 3136 L.
797 3076 952 3149 Caesaris,
982 3076 1250 3138 nobilissimorum
1273 3076 1451 3150 hominnm,
1481 3093 1617 3158 qnorum
1640 3071 1739 3134 virtus

407 3167 509 3232 fuerat
525 3168 611 3231 domi
631 3168 825 3252 militiaeque
841 3169 976 3250 cognita,
998 3171 1039 3231 bl.
1054 3169 1199 3243 Antonii,
1214 3170 1354 3233 omnium
1371 3165 1636 3252 eloquentissimi,
1659 3176 1777 3248 quostt

409 3282 468 3345 ego
491 3263 666 3335 audierim,
695 3262 728 3324 C.
752 3264 910 3337 Caesaris,
936 3263 968 3324 in
992 3283 1057 3345 qno
1080 3262 1157 3325 mibi
1181 3263 1307 3326 videtur
1326 3264 1488 3346 specimen
1509 3262 1608 3325 luisse
1629 3262 1739 3322 buma-

407 3358 531 3430 nitatis,
555 3356 647 3429 salis,
669 3358 849 3431 suavitatis,
872 3355 999 3440 leporis.
1033 3358 1190 3418 Beatusne
1206 3357 1301 3437 igitur
1316 3357 1370 3441 qui
1385 3356 1443 3420 bos
1457 3354 1636 3419 interiecit?
1660 3352 1737 3416 ldibi

410 3460 518 3516 contra
533 3441 603 3514 'oon
627 3450 728 3513 solnm
752 3471 790 3513 eo
814 3450 939 3516 videtur
962 3451 1065 3523 miser,
1092 3450 1176 3533 qnod
1206 3470 1243 3511 ea
1265 3450 1357 3524 lecit,
1388 3451 1562 3513 sedetiam
1586 3447 1672 3531 quod
1695 3449 1738 3511 ita

408 3565 443 3608 se
465 3545 578 3626 gessit,
601 3551 635 3606 nt
657 3564 696 3606 ea
718 3543 820 3607 lacere
843 3544 872 3607 ei
895 3544 1020 3607 liceret:
1044 3544 1101 3606 etsi
1119 3565 1247 3627 peccare
1263 3545 1383 3607 nemini
1398 3546 1488 3618 licet,
1510 3543 1565 3606 sed
1582 3543 1738 3606 sermonis

409 3659 512 3702 errore
528 3638 677 3712 labimur3
691 3637 723 3700 id
740 3639 824 3700 enim
841 3637 935 3703 licere
950 3637 1096 3711 dicimus,
1113 3638 1199 3720 quod
1215 3639 1330 3722 cuique
1345 3638 1540 3702 conceditur.
1562 3634 1612 3699 56.
1629 3637 1775 3700 utrumn

408 3732 533 3795 tandem
562 3731 686 3794 beatior
715 3732 748 3794 C.
770 3733 889 3796 ldarius
916 3738 998 3805 tum,
1028 3752 1099 3794 cnm
1130 3732 1304 3796 Cimbricae
1333 3734 1482 3797 victoriae
1511 3734 1645 3815 gloriam
1665 3752 1738 3798 cum

408 3826 528 3908 collega
551 3825 662 3888 Catulo
685 3826 944 3898 communicavit,
966 3845 1067 3907 paene
1089 3826 1189 3888 altero
1212 3826 1319 3890 Laelio
1335 3847 1464 3890 -nam
1486 3827 1570 3891 bunc
1592 3828 1638 3891 illi
1657 3828 1739 3890 duco

408 3918 601 3982 simillimum
624 3952 681 3993 -,
704 3940 745 3982 an
767 3941 838 3983 cum
861 3919 947 3982 civili
969 3919 1052 3981 bello
1069 3921 1169 3983 victor
1189 3922 1288 3984 iratus
1305 3920 1492 3984 necessariis
1509 3921 1610 3986 Catuli
1626 3922 1739 4008 depre-

408 4013 549 4075 cantibus
572 4033 635 4075 non
658 4013 755 4077 semel
778 4013 957 4095 respondit,
985 4014 1041 4076 sed
1065 4034 1178 4095 saepe:
1208 4015 1452 4077 clloriatnrlnt
1474 4015 1508 4077 in
1531 4035 1594 4098 quo
1616 4016 1740 4079 beatior

409 4106 477 4177 ille,
499 4107 554 4187 qui
577 4108 652 4168 hnic
675 4107 814 4169 nefariae
836 4107 905 4169 voci
930 4107 1049 4189 paruit,
1073 4108 1226 4190 quomis,
1249 4108 1304 4190 qni
1320 4114 1380 4170 tam
1398 4108 1548 4171 scelerate
1563 4110 1775 4192 imperavit.³o

407 4201 484 4262 Nam
512 4221 581 4261 curn
612 4201 756 4283 accipere
786 4222 879 4284 qnam
910 4200 1013 4261 facere
1037 4210 1173 4282 praestat
1195 4202 1360 4275 iniuriam,
1390 4213 1454 4264 tum
1478 4202 1572 4265 morti
1594 4203 1653 4265 iarn
1676 4204 1737 4285 ipsi

408 4294 587 4357 adventanti
613 4296 739 4376 paulum
764 4294 936 4377 procedere
961 4294 1001 4355 ob
1024 4295 1123 4367 viam,
1154 4294 1239 4377 qnod
1264 4295 1339 4358 fecit
1363 4296 1508 4369 Catulus,
1534 4316 1627 4380 qnam
1650 4297 1737 4381 qnod

409 4389 539 4462 ilarius,
569 4388 639 4451 talis
668 4390 726 4451 viri
760 4391 889 4452 interitu
917 4409 975 4451 sex
1004 4409 1077 4450 suos
1108 4390 1240 4452 obruere
1266 4391 1448 4453 consulatus
1471 4398 1502 4452 et
1524 4390 1737 4454 contaminare

409 4491 583 4546 extremum
605 4491 730 4565 tempus
752 4484 872 4546 aetatis.

490 4579 563 4639 XX.
584 4575 636 4638 57.
658 4579 728 4640 Duo
744 4577 782 4639 de
799 4578 1006 4660 qnadraginta
1025 4597 1126 4639 annos
1140 4585 1294 4659 tyrannus
1309 4579 1575 4662 Syracusanorum
1591 4579 1649 4643 fnit
1664 4581 1776 4644 nio-³⁵

408 4672 532 4755 nysius,
566 4692 637 4733 cum
669 4673 810 4755 quinque
840 4680 871 4734 et
901 4671 1012 4754 viginti
1042 4682 1135 4735 natus
1163 4692 1263 4735 annos
1294 4674 1486 4736 dominatum
1509 4674 1738 4756 occupavisset.

470 4944 495 4991 s.
514 4942 549 4990 ud
568 4941 668 5001 sortiter
688 4941 821 4989 uiuendum
842 4941 960 4990 carioso
981 4968 1006 4976 —
1029 4942 1221 5004 decucurrisset
1243 4944 1313 4999 tante
1332 4943 1460 5003 rasuram>
1480 4944 1499 4993 ii
1519 4968 1545 4980 -
1566 4944 1589 4993 l.
1609 4950 1739 4994 cerussata

407 5018 454 5067 uit
474 5044 501 5053 -
520 5016 545 5065 8.
564 5016 666 5074 conlita
684 5016 703 5063 G
722 5041 749 5050 -
770 5016 794 5064 9.
813 5016 939 5065 struibus
956 5018 1004 5067 Gli
1026 5040 1052 5053 -
1072 5018 1227 5066 consolatum
1242 5017 1328 5079 [uuest
1344 5026 1367 5067 st
1384 5018 1433 5067 Gli
1452 5043 1479 5052 -
1499 5018 1539 5066 tt.
1557 5019 1650 5079 populo
1667 5018 1739 5069 blad-

406 5093 461 5154 vig:
479 5091 542 5140 booc
557 5090 650 5152 populo
668 5091 703 5146 C;
728 5104 794 5139 cono
809 5090 902 5151 populo
919 5091 952 5140 Ο.
971 5091 1037 5141 Vide
1055 5092 1088 5142 ad
1108 5093 1122 5155 5
1140 5093 1181 5141 52.
1203 5118 1230 5127 -
1251 5093 1301 5153 sort
1321 5093 1448 5156 suffrnpits
1460 5094 1626 5154 praeteritur.
1650 5094 1700 5143 Sed
1717 5096 1736 5144 C

410 5192 435 5202 -
452 5166 531 5215 mutes
548 5164 578 5214 G¹
591 5191 618 5200 -
639 5166 678 5214 ss.
698 5167 839 5215 consolatus
857 5164 915 5215 Git¹
929 5192 956 5201 -
977 5168 1016 5218 48.
1035 5169 1143 5217 consults
1156 5166 1228 5218 delet
1245 5167 1283 5218 l.l
1307 5169 1375 5218 Bate
1388 5182 1414 5232 p.
1429 5169 1490 5222 ⁴08:
1510 5181 1559 5218 nos
1570 5168 1737 5220 seclusimus.

408 5265 435 5277 -
454 5233 538 5291 GblC
559 5267 585 5276 -
606 5241 646 5288 tt.
667 5241 696 5289 G.
717 5243 736 5291 C
758 5269 783 5277 -
803 5243 842 5291 it.
860 5242 906 5310 qut
923 5242 975 5303 bos]
992 5246 1090 5304 quosc
1113 5270 1137 5279 -
1157 5243 1198 5293 ti.
1218 5258 1249 5293 co
1266 5258 1291 5292 sc
1306 5244 1389 5304 [acm
1406 5242 1507 5306 (litteris
1520 5257 1546 5293 sc
1559 5244 1739 5307 expunctisiG

408 5340 434 5351 -
451 5317 632 5378 peccaretur
653 5342 679 5351 -
700 5318 739 5366 ti.
759 5318 815 5366 buis
832 5319 869 5366 itti
887 5318 919 5366 C.
940 5318 1051 5368 «Cicero
1069 5319 1180 5369 tortasse
1198 5320 1304 5382 scripsit
1319 5319 1394 5367 iltius.
1414 5318 1452 5369 Gi.
1467 5318 1571 5382 Madvig
1588 5319 1620 5370 ad
1640 5320 1693 5369 Fin.
1709 5320 1739 5377 V,

409 5392 446 5440 tt.
473 5391 513 5441 Ad
536 5390 608 5440 locos
626 5390 733 5453 regulae
751 5398 944 5455 repugnantes,
968 5406 1036 5456 qnos
1054 5393 1199 5456 Madvigius
1217 5396 1321 5455 citavit,
1344 5394 1393 5443 bos
1411 5393 1494 5442 udde:
1515 5395 1569 5443 Fin.
1588 5395 1630 5452 Ν,
1649 5395 1681 5444 65
1697 5394 1741 5444 llis

407 5467 496 5515 mites
511 5472 568 5514 suot
585 5479 675 5516 munes.
706 5469 735 5516 N.
755 5469 776 5518 Ι)
806 5469 824 5525 l,
847 5469 893 5516 iis
916 5470 1071 5518 homunculis
1087 5470 1191 5517 similem
1208 5470 1281 5518 mum
1298 5472 1355 5532 tego
1373 5483 1404 5518 ex
1423 5468 1522 5531 aliquot
1539 5468 1616 5518 codd.
1634 5470 1740 5517 bmnnn·

407 5543 468 5602 casti,
487 5542 558 5605 quod
578 5541 619 5591 vel
637 5542 708 5591 mum
727 5545 754 5591 et
769 5556 826 5604 seq.
845 5543 951 5590 bornints
967 5544 1081 5593 suadere
1100 5547 1221 5607 poterat).
1252 5543 1340 5594 i'aruil.
1358 5545 1401 5600 iil,
1419 5546 1486 5604 aut
1511 5546 1582 5595 bomo
1598 5545 1645 5594 sibi
1661 5546 1740 5594 simit-

406 5618 479 5666 limus
496 5616 574 5679 (Med.
592 5620 657 5678 sini,
683 5617 753 5667 unde
772 5619 937 5668 recentiores
955 5618 1032 5668 codd.
1052 5624 1126 5668 recte
1144 5621 1201 5676 soii.
1232 5621 1262 5671 b't
1282 5623 1307 5668 in
1326 5618 1382 5669 eliis
1399 5618 1440 5669 vel
1458 5620 1647 5683 antiquissimis
1666 5618 1740 5668 codi-

407 5691 496 5750 cibus,
524 5694 562 5742 sic
586 5694 611 5743 io
636 5694 654 5742 ii
677 5707 708 5742 us
731 5691 808 5741 tinaie
832 5692 966 5743 interdum
991 5698 1052 5743 nota
1075 5693 1191 5756 quadani
1214 5694 1353 5745 scribitur:
1381 5694 1441 5744 inde
1465 5708 1495 5742 us
1511 5696 1640 5745 omissum
1658 5695 1689 5755 il,
1708 5693 1740 5743 58

406 5766 548 5830 (mitam).
572 5769 614 5827 lv,
633 5769 664 5818 tt
683 5769 817 5831 (venium);
842 5772 934 5819 contra
952 5771 995 5830 lV,
1015 5770 1054 5828 49,
1080 5768 1124 5818 ubi
1147 5770 1297 5832 Tregderus
1323 5784 1354 5820 ex
1379 5770 1530 5833 Archetypo
1553 5783 1586 5818 sc
1608 5782 1657 5833 quo
1678 5770 1740 5819 iliud

406 5840 503 5891 Ennius
519 5843 633 5906 scripsit,
655 5856 758 5900 vereor,
778 5857 810 5892 ne
830 5845 934 5904 Cicero,
953 5847 982 5893 ui
998 5842 1076 5907 vulgo
1094 5841 1241 5907 legebatur,
1261 5845 1326 5895 liunt
1344 5845 1487 5910 posuerit·
1506 5845 1549 5893 W.
1570 5870 1595 5879 -
1615 5844 1656 5894 ³3.
1675 5845 1740 5895 intc-

406 5916 470 5968 ritss
486 5930 518 5968 sc
535 5918 555 5967 ii
575 5944 600 5953 -
620 5918 662 5970 35.
681 5918 808 5981 dpcntruu
825 5920 890 5971 GR.
