4342 7459
813 1237 887 1303 cs».
908 1238 1105 1303 xw-xv.
1133 1236 1179 1322 §g
1202 1235 1345 1309 sc-ee.
1676 1235 1741 1304 aaa

412 1413 508 1479 quam
532 1395 635 1478 “opera
662 1402 771 1459 nostra
794 1398 961 1462 usedomi
985 1418 1044 1462 nec
1065 1398 1196 1462 militiae
1218 1397 1323 1482 Scipio
1345 1396 1510 1481 egniasstl
1550 1398 1622 1463 Non
1641 1397 1741 1482 igitur

411 1490 580 1552 utilitatem
600 1489 755 1564 amicitia,
777 1494 832 1554 secl
856 1492 975 1555 utilitas
997 1494 1169 1556 amicitiam
1193 1501 1363 1557 consecuta
1384 1499 1443 1556 est.
1731 1545 1734 1552 .

496 1583 565 1645 XV.
594 1580 646 1645 52.
672 1585 743 1646 Nou
770 1604 846 1667 ergo
872 1594 964 1648 erunt
988 1587 1136 1649 homiues
1162 1586 1287 1649 deliciis
1314 1582 1495 1650 diffluentes
1516 1583 1687 1661 audiendi,
1708 1586 1737 1654 si

411 1675 540 1758 quando
563 1676 774 1751 deamicitia,
796 1697 891 1760 qnam
913 1699 973 1741 nee
995 1700 1054 1742 osu
1076 1699 1135 1742 nec
1156 1680 1278 1743 ratione
1299 1679 1418 1743 habent
1438 1682 1608 1762 cognitam,
1629 1679 1740 1764 dispas

410 1770 531 1835 tabunt.
575 1772 653 1834 Nam
681 1772 752 1854 quis
779 1781 847 1846 est,
876 1774 956 1854 proh
978 1772 1110 1838 deorum
1132 1770 1226 1837 tidem
1248 1782 1345 1857 atque
1365 1773 1544 1849 honinem,
1572 1774 1630 1857 qni
1651 1773 1763 1847 relitt

409 1872 446 1926 ut
472 1884 578 1947 neque
605 1863 718 1947 diligat
747 1884 940 1950 quemquam
972 1886 1031 1929 nec
1063 1868 1131 1949 ipse
1159 1866 1199 1930 ab
1227 1867 1294 1930 ullo
1324 1867 1489 1950 diligatur,
1520 1863 1740 1933 circumllosrs

411 1958 557 2021 omnibus
579 1959 681 2042 copiis
703 1968 801 2043 atque
822 1959 856 2021 in
878 1960 1016 2023 omnium
1039 1980 1144 2024 rerum
1165 1960 1358 2024 abundantia
1378 1962 1510 2025 vivam?
1546 1962 1634 2028 nasa
1653 1960 1740 2026 enias

411 2059 460 2114 est
489 2059 698 2135 tynnnorum
726 2054 810 2127 rita,
838 2054 872 2115 in
900 2073 964 2136 qua
993 2053 1081 2116 nulla
1109 2053 1204 2127 tides,
1235 2052 1321 2117 nulla
1348 2055 1482 2128 caritas,
1509 2054 1598 2118 nulla
1618 2053 1740 2124 stabilis

409 2143 651 2209 benevolentiae
673 2154 781 2229 potest
802 2165 872 2210 esse
893 2146 1019 2220 fiducia,
1041 2147 1151 2210 omnia
1172 2166 1298 2231 semper
1318 2155 1466 2230 casmeta
1480 2156 1578 2232 atque
1591 2147 1740 2222 sollicita,

410 2236 518 2302 nullus
543 2237 634 2302 locus
662 2240 832 2303 amicitiae.
881 2237 933 2303 53.
957 2240 1036 2315 Quis
1057 2243 1143 2305 enim
1165 2248 1221 2305 aut
1240 2260 1315 2304 eum
1336 2241 1464 2324 diligat,
1495 2262 1591 2326 wem
1611 2248 1780 2315 metuatis

409 2339 570 2406 autenm,
591 2352 611 2396 a
632 2353 698 2415 quo
721 2353 756 2396 se
777 2335 875 2397 metui
898 2337 1010 2417 putetl
1046 2335 1199 2418 Celantur
1221 2344 1327 2399 tamen
1348 2334 1549 2399 simulatione
1563 2334 1638 2400 (lum
1655 2342 1742 2400 taxat

409 2424 451 2489 ad
474 2433 611 2509 tempus.
654 2428 748 2503 Quod
772 2428 799 2491 si
821 2427 918 2502 torte,
939 2437 976 2492 ut
998 2428 1034 2492 lit
1054 2429 1255 2511 plerumque,
1277 2428 1474 2501 ceciderunt,
1495 2434 1563 2492 tum
1585 2427 1743 2511 intellegi·

410 2526 462 2582 tar
487 2540 584 2602 quam
609 2520 730 2584 fuerint
754 2522 867 2606 inopes
892 2523 1076 2586 amicorum.
1124 2522 1219 2599 Quod
1242 2521 1450 2603 Tarquinium
1478 2521 1598 2585 dixisse
1623 2521 1741 2596 ferunt.

410 2622 476 2676 tum
500 2614 682 2678 exulantem
705 2635 739 2678 se
760 2615 970 2689 intellexisse,
991 2635 1072 2700 quos
1095 2613 1175 2678 fidos
1189 2618 1307 2681 amicos
1323 2614 1503 2688 habuisset,
1517 2635 1600 2699 qnos
1616 2612 1742 2698 inlitas,

411 2726 482 2771 eum
513 2709 576 2771 iam
605 2709 729 2772 neutris
758 2710 891 2791 gratiam
920 2709 1038 2773 referre
1065 2717 1183 2791 posset
1241 2705 1294 2772 54.
1332 2708 1533 2792 Quamquam
1562 2709 1661 2774 miror
1687 2707 1780 2780 illsss

409 2801 559 2884 superbia
585 2809 618 2865 et
645 2803 876 2883 inportuuitate
904 2801 931 2866 si
959 2823 1149 2888 quemquam
1176 2804 1313 2866 amioum
1340 2801 1458 2865 habere
1479 2802 1594 2885 potuit.
1636 2805 1742 2887 atque

409 2901 444 2957 ut
465 2894 579 2968 huius,
610 2916 706 2978 quem
728 2897 814 2969 dixi,
845 2916 949 2960 mores
976 2917 1070 2960 veros
1100 2897 1219 2960 amieos
1246 2915 1359 2980 parare
1385 2914 1449 2960 nou
1476 2902 1668 2978 potuerunt,
1695 2897 1742 2962 sio

410 2989 579 3053 multorum
610 3009 689 3071 opes
717 2992 972 3072 praepotentium
1001 2990 1178 3054 excludunt
1205 2991 1362 3054 amicitiae
1390 2985 1510 3052 fideles.
1557 2990 1628 3054 Non
1655 2989 1742 3061 anisa

409 3080 513 3145 solum
541 3082 612 3165 ipsa
637 3083 778 3146 Fortuna
803 3103 898 3147 caeca
919 3092 986 3157 est,
1016 3084 1073 3147 aed
1095 3104 1150 3147 eos
1173 3085 1267 3148 etiam
1288 3084 1479 3167 plerumque
1501 3077 1600 3146 efficit
1619 3100 1742 3158 caseus,

410 3193 491 3256 quos
513 3175 672 3257 conplexa
694 3185 753 3240 est.
787 3178 899 3260 ltaque
920 3176 1095 3241 elleruutur
1117 3177 1184 3240 lere
1206 3177 1334 3241 fastidio
1356 3183 1389 3240 et
1403 3175 1621 3249 contumacia,
1635 3188 1780 3260 usqam

410 3268 580 3353 quiequam
603 3271 775 3353 insipiente
796 3270 958 3335 fortunato
980 3270 1215 3334 intolerabilius
1237 3265 1306 3334 fieri
1328 3277 1443 3353 potest
1478 3270 1585 3352 Atque
1605 3269 1658 3334 hic
1671 3271 1742 3354 quiq

410 3361 482 3425 dem
509 3363 618 3427 ridere
646 3364 720 3428 lieet
748 3385 821 3440 eos,
851 3365 906 3448 qui
937 3374 1030 3429 antea
1060 3364 1237 3429 commodis
1263 3363 1383 3428 fuerim
1407 3359 1568 3437 moribus,
1595 3363 1741 3446 imperio,

409 3464 583 3539 potestate,
609 3461 772 3541 prosperis
793 3459 888 3522 rebus
909 3459 1073 3532 inmutari,
1101 3458 1209 3540 sperui
1231 3459 1271 3521 ab
1293 3458 1334 3522 iis
1356 3465 1479 3522 veteres
1500 3456 1669 3531 amicitias,
1690 3458 1741 3528 ins

411 3549 534 3633 daiperi
563 3552 665 3615 noris.
719 3550 772 3615 55.
800 3552 886 3629 Quid
915 3561 1020 3615 autem
1049 3551 1177 3616 stultius
1205 3572 1300 3636 quam
1330 3551 1603 3635 cumplurimum
1631 3552 1740 3636 copiis,

409 3641 633 3721 facultatibus,
655 3647 768 3730 opibus
782 3648 919 3730 possint,
935 3655 1041 3711 cetera
1056 3666 1184 3730 parare,
1201 3665 1284 3729 quae
1298 3652 1449 3728 parantur
1462 3645 1613 3728 pecunia,
1627 3658 1779 3728 aqum

409 3737 561 3814 famulos,
585 3749 705 3804 vestem
727 3741 903 3823 egregiam,
926 3760 1002 3804 rasa
1021 3742 1178 3825 pretiosa,
1200 3742 1318 3805 amicos
1340 3759 1405 3804 nou
1426 3758 1555 3823 panse,
1576 3746 1740 3823 optumam

409 3841 442 3896 et
470 3833 714 3916 pulcherrimam
742 3836 843 3908 ritae,
879 3844 915 3899 ut
940 3836 986 3898 ita
1014 3836 1137 3908 dicam,
1166 3834 1444 3917 suppellectilem?
1485 3833 1611 3898 Etenim
1632 3839 1740 3910 catera¹

409 3943 481 3990 eum
513 3936 679 4012 parantur,
712 3929 763 3992 cui
792 3937 945 4010 parentur
974 3930 1120 3992 nesciunt
1145 3948 1204 3991 nec
1231 3927 1321 3991 usius
1350 3947 1446 3991 causa
1472 3927 1637 4004 laboranti
1670 3928 1739 4002 eius

409 4021 492 4084 enin
523 4023 731 4087 satiatorum
760 4022 922 4106 quidque,
944 4024 999 4106 qui
1021 4024 1120 4087 vincit
1141 4018 1280 4092 risibus:
1312 4021 1522 4086 amicitiarum
1543 4041 1601 4085 aua
1622 4022 1740 4103 cuiqam

409 4124 574 4197 permanet
595 4116 719 4180 stabilis
742 4125 774 4179 et
796 4125 880 4178 certa
901 4118 1070 4199 possessio,
1093 4124 1144 4190 ut,
1167 4116 1262 4179 etiam
1277 4114 1304 4177 si
1319 4114 1551 4187 illamaneaut,
1567 4120 1778 4197 quassantes

409 4211 501 4291 quasi
524 4211 607 4275 dona
622 4213 799 4283 Fortunae,
822 4218 928 4273 umen
949 4212 1012 4273 vita
1033 4210 1154 4273 inculta
1176 4218 1208 4273 et
1229 4210 1356 4272 deserta
1376 4207 1417 4271 ab
1432 4208 1544 4272 amieis
1559 4207 1740 4292 conposuit

409 4322 480 4367 esse
499 4306 649 4369 iucunda.
693 4303 756 4367 Sed
777 4305 857 4367 haee
877 4304 1041 4368 hactenus.

472 4669 498 4722 ἰ
516 4671 731 4731 muco,
756 4669 909 4721 muscus:
936 4693 963 4708 -
993 4667 1018 4719 3.
1037 4669 1103 4720 eset
1120 4668 1163 4730 (ἐι,
1189 4663 1354 4718 mmsBsV
1375 4664 1690 4718 anteoadlesdlhabent
1708 4690 1736 4704 -

407 4745 621 4810 effluenteNJ-
641 4744 812 4795 l.deom.E
833 4771 859 4781 -
878 4744 1034 4806 sprota:
1053 4739 1357 4805 om.E,prosnsvo
1377 4766 1404 4776 -
1424 4739 1599 4803 domnino
1617 4765 1644 4776 -
1663 4741 1740 4802 alpos

405 4820 513 4885 fidens
543 4847 569 4856 -
598 4817 848 4884 assumptis.
875 4845 901 4855 —
929 4818 1167 4868 'l.issomas'bsstl)
1191 4843 1219 4854 -
1245 4813 1542 4867 ammonitos
1568 4841 1595 4852 -
1622 4816 1740 4867 samm

406 4894 521 4944 DGSV:
539 4896 652 4945 atenim
668 4894 740 4943 BEO
758 4919 785 4931 -
803 4893 1100 4955 somniumque
1120 4887 1738 4955 (sedhebetEheectslavocalmlapostcorl-

406 4969 471 5032 lael:
493 4969 781 5030 secmesmlmoe
805 4982 859 5019 om.
877 4971 998 5018 elsim
1013 4968 1086 5019 Beda
1106 4993 1134 5005 -
1151 4968 1293 5018 lsor.V·-
1314 4966 1355 5017 li.
1373 4965 1496 5016 atsttG¹
1513 4989 1541 5004 -·
1560 4967 1738 5024 monaste

407 5046 468 5094 ante
487 5056 550 5095 ras:
569 5045 701 5095 moisem
719 5043 872 5105 DEG2820,
889 5045 1005 5094 ceciderit
1021 5043 1116 5101 BS¹V3
1134 5039 1513 5107 cs.ssacvrguopusc.11,ass
1538 5066 1562 5078 -
1585 5039 1739 5104 tensam

407 5117 477 5168 st
495 5144 522 5155 -
541 5119 625 5181 smol
640 5131 729 5169 serum
746 5124 799 5168 taso
817 5119 846 5178 Ε,
863 5124 918 5169 taso
934 5119 1023 5169 cmv
1040 5120 1066 5168 in
1078 5130 1143 5178 ras„
1161 5119 1305 5169 eaaslostsm
1320 5115 1409 5179 glossa
1426 5114 1567 5168 vldsliatur
1584 5116 1737 5180 tlottingero

407 5194 433 5243 io
446 5195 500 5246 cic.
514 5195 564 5245 ecl.
584 5209 610 5259 p.
622 5196 684 5251 tim
702 5195 786 5258 sm
798 5194 950 5256 muslera,
963 5200 1016 5244 mm
1028 5193 1149 5257 iladvig:
1167 5207 1192 5243 v.
1202 5195 1260 5244 etus
1271 5194 1368 5257 opusc.
1381 5191 1413 5250 11,
1427 5190 1475 5241 283
1488 5215 1516 5229 -
1536 5192 1576 5242 se.
1589 5204 1647 5241 cass
1660 5192 1739 5242 cossa

407 5269 449 5319 BS
469 5295 496 5306 -
514 5271 657 5321 motas:
676 5270 759 5319 acutri
775 5268 904 5319 BDEGV
923 5294 951 5306 -
977 5269 1117 5331 roffae-reli
1144 5294 1171 5304 -
1200 5267 1240 5317 tt.
1258 5266 1492 5329 isopcrtssltotet}
1518 5290 1546 5302 -
1573 5267 1685 5316 amsa
1701 5265 1735 5316 C:

408 5357 462 5395 om.
481 5346 502 5396 0
520 5371 547 5382 -
567 5347 607 5395 ll.
624 5357 716 5408 pom
733 5345 780 5394 DG
799 5370 827 5380 -
854 5345 893 5395 ⁴8,
910 5342 1056 5406 multones]
1075 5356 1135 5407 sup.
1147 5340 1192 5393 liu.
1205 5342 1232 5392 in
1249 5344 1270 5393 G
1287 5343 1360 5392 sama
1377 5338 1455 5392 lectio
1471 5340 1597 5391 molesm
1615 5364 1643 5376 -
1659 5352 1739 5403 pras·

405 5421 567 5482 permees
587 5448 612 5456 -
642 5420 681 5469 49.
700 5419 838 5468 solon-
857 5420 1089 5482 setB,utssepe
1109 5443 1136 5455 -
1163 5418 1310 5469 aesoml)
1329 5441 1358 5454 -
1384 5417 1424 5468 20.
1443 5414 1737 5479 lutuosastssstoli

410 5508 496 5545 -nee
512 5497 648 5558 paicqwe
665 5494 763 5544 BDSV
782 5519 809 5529 -
829 5493 1089 5556 schemas·
1109 5493 1148 5542 lie
1165 5494 1198 5542 G:
1216 5492 1262 5542 loo
1278 5492 1467 5544 BDEsvo-
1487 5488 1624 5540 assues
1640 5488 1670 5547 C,
1688 5484 1739 5540 aad

408 5569 434 5618 ln
451 5572 471 5618 G
490 5583 529 5633 pr.
547 5582 584 5620 m.
603 5582 673 5619 corr.
693 5568 778 5617 sisere
797 5593 824 5603 -
847 5568 942 5630 luerim
960 5569 1049 5619 DEG:
1067 5568 1170 5631 Most
1186 5566 1262 5626 BSV,
1286 5565 1426 5630 [msto
1447 5588 1475 5600 -
1496 5563 1594 5626 leporio
1610 5563 1628 5611 S
1647 5586 1675 5599 -
1694 5560 1737 5615 2³.

407 5647 539 5708 peneus
555 5646 659 5708 uaavig
677 5669 703 5679 -
724 5643 757 5692 ao
773 5643 811 5692 so
827 5644 924 5693 ucsv
944 5669 970 5679 -
990 5644 1032 5693 as.
1048 5647 1152 5705 posces
1168 5643 1185 5691 s
1202 5643 1264 5691 mse
1282 5653 1351 5691 corr.
1372 5665 1399 5677 -
1418 5639 1460 5690 ae.
1474 5644 1540 5689 uso
1554 5637 1658 5702 sanato
1673 5649 1739 5688 saca

405 5721 576 5781 peamau
603 5745 631 5756 -
662 5719 834 5770 comesu
861 5744 889 5756 -
915 5719 1125 5770 samsima
1153 5744 1179 5755 -
1210 5713 1619 5778 mesenensem
1643 5736 1672 5750 ·-
1694 5712 1737 5766 28.

408 5794 810 5858 campeanampareuo
837 5817 865 5831 -
895 5792 1055 5844 laborante
1083 5818 1111 5828 —
1142 5791 1183 5842 2⁹.
1206 5792 1329 5842 salsam
1350 5791 1388 5841 C:
1414 5790 1574 5842 maeno
1603 5814 1631 5826 -
1659 5789 1740 5842 Μ

408 5869 477 5920 auc
507 5870 570 5996 ἔστι
593 5869 726 5920 sucnsv
752 5868 907 5932 loss-es)
938 5894 967 5906 -
995 5868 1141 5919 ms
1170 5891 1198 5904 -
1227 5865 1269 5919 ao.
1284 5865 1435 5931 maso
1463 5887 1491 5904 -
1521 5862 1564 5917 aa.
1582 5867 1686 5918 aem
1705 5862 1742 5929 s..

406 5948 492 5996 ecoe
532 5951 549 5997 ι.
1738 5959 1741 5966 ·
