4342 7459
832 1815 876 1906 ll.
902 1814 1045 1907 TULLII
1070 1809 1300 1907 CICERONIS

518 2031 1049 2128 'fuscatumsuum
1076 2030 1608 2130 DISPUTATIONUM

922 2258 975 2321 m
996 2258 1038 2321 u.
1060 2256 1225 2332 rourum
1259 2316 1262 2324 ,

863 2447 1017 2523 mm
1037 2448 1277 2548 Qum'rus,

966 2705 1171 2738 m

492 2915 516 2977 l.
539 2909 568 2975 l.
598 2912 735 2990 Quintus
761 2912 814 2975 bic
840 2913 922 2988 dies,
948 2914 1060 2989 brute,
1088 2910 1182 2977 linem
1204 2912 1298 2978 faciet
1319 2911 1568 2977 Tusculanarum
1590 2912 1731 2996 disputa·

407 3010 546 3081 tionum,
575 3027 640 3091 quo
667 3006 719 3069 die
749 3015 797 3070 est
825 3027 843 3070 a
873 3008 964 3070 nobis
990 3026 1027 3070 ea
1055 3005 1095 3069 de
1117 3026 1168 3079 re,
1190 3026 1285 3089 quam
1308 3013 1342 3069 tu
1363 3025 1404 3068 ex
1426 3004 1571 3069 omnibus
1593 3006 1729 3069 maxime

407 3102 536 3187 probas,
565 3100 770 3181 disputatum.
809 3102 936 3163 Placere
966 3100 1050 3163 enim
1078 3101 1133 3163 tibi
1162 3100 1330 3163 admodum
1357 3099 1440 3162 sensi
1464 3107 1556 3162 etex
1579 3117 1617 3161 eo
1639 3098 1729 3171 libro,

408 3216 502 3279 quem
526 3193 566 3258 ad
588 3214 638 3257 me
660 3194 895 3257 accuratissIme
918 3194 1086 3276 scripsisti,
1115 3201 1147 3256 et
1172 3214 1212 3257 cx
1234 3194 1341 3258 multis
1363 3191 1562 3256 sermonibus
1583 3190 1646 3254 tuis
1668 3190 1730 3252 vir·

407 3300 503 3354 tutem
526 3289 567 3354 ad
589 3289 681 3351 beate
703 3286 872 3349 vivendum
895 3307 929 3349 se
952 3286 1019 3370 ipsa
1041 3307 1111 3350 esse
1133 3295 1322 3350 contentam.
1355 3286 1448 3364 Quod
1464 3285 1524 3350 etsi
1538 3281 1666 3347 difficile
1682 3292 1764 3355 ests

408 3384 540 3468 probatu
567 3390 695 3466 propter
726 3388 789 3444 tam
812 3382 898 3444 varia
919 3389 951 3443 et
972 3390 1035 3442 tam
1058 3381 1154 3443 multa
1177 3388 1333 3443 tormenta
1353 3378 1510 3453 fortunae,
1539 3377 1602 3441 tale
1624 3387 1730 3443 tamen

409 3487 473 3553 est,
494 3485 529 3540 ut
551 3475 777 3540 elaborandum
800 3476 927 3559 sitque
949 3474 1074 3537 facilius
1097 3474 1264 3557 probetur;
1295 3473 1374 3537 nibil
1401 3480 1449 3534 est
1471 3472 1554 3535 euim
1577 3472 1729 3552 omnium,

372 3571 375 3575 ’
408 3572 543 3654 quaein
572 3568 774 3652 philosophia
796 3576 982 3642 tractantur,
1003 3566 1089 3651 quod
1112 3569 1239 3650 gravius
1261 3563 1576 3650 magnificentiusque
1599 3566 1729 3629 dicatur.

407 3661 437 3729 2.
459 3667 537 3728 Nam
560 3684 629 3727 cum
653 3683 689 3726 ea
712 3682 808 3725 causa
829 3662 991 3744 Impulerit
1011 3682 1081 3733 eos,
1112 3662 1168 3744 qui
1190 3662 1282 3746 primi
1305 3682 1339 3723 se
1361 3660 1400 3723 ad
1424 3659 1641 3744 philosophiae
1664 3666 1730 3725 stu·

407 3758 494 3821 dium
517 3758 737 3829 contulerunt,
757 3765 793 3818 ut
814 3757 960 3819 omnibus
982 3756 1075 3818 rebus
1099 3754 1284 3838 posthabitis
1307 3762 1390 3817 totos
1405 3774 1439 3817 se
1455 3755 1488 3816 in
1503 3764 1632 3839 optumo
1647 3756 1769 3823 vineo

407 3860 489 3916 statu
519 3848 716 3933 exquirendo
742 3848 954 3923 conlocarant,
984 3850 1124 3933 prolecto
1153 3870 1209 3932 spe
1235 3851 1326 3914 beate
1347 3848 1474 3913 vivendi
1496 3857 1613 3913 tantam
1636 3849 1667 3912 in
1691 3868 1729 3912 eo

408 3943 513 4009 studio
536 3961 643 4005 curam
665 3962 858 4024 operamque
884 3952 1067 4024 posuerunt.
1102 3942 1195 4019 Quod
1218 3946 1244 4007 si
1266 3944 1305 4006 ab
1327 3945 1367 4008 iis
1389 3944 1516 4006 inventa
1539 3951 1571 4005 et
1593 3941 1731 4024 perfecta

408 4040 507 4103 virtus
530 4045 579 4099 est
600 4037 678 4098 etsi
701 4035 849 4117 praesidii
873 4038 912 4099 ad
934 4036 1025 4099 beate
1046 4035 1216 4099 vivendum
1236 4038 1269 4100 in
1286 4039 1397 4101 virtute
1419 4038 1494 4100 satis
1511 4044 1572 4110 est,
1594 4037 1667 4118 quis
1682 4042 1732 4098 est

409 4133 462 4217 qui
484 4151 547 4195 non
569 4128 728 4211 praeclare
750 4138 782 4190 et
803 4129 842 4191 ab
864 4129 928 4191 illis
952 4132 1085 4213 positam
1110 4139 1141 4193 et
1161 4151 1180 4194 a
1203 4132 1293 4194 nobIs
1316 4140 1495 4215 susceptam
1513 4149 1640 4214 operam
1662 4128 1731 4212 pbi-

409 4223 595 4307 losophandi
618 4222 809 4284 arbitretur?
836 4223 890 4286 Sin
918 4231 1022 4286 autem
1045 4227 1143 4287 virtus
1165 4225 1306 4288 subiecta
1328 4226 1386 4288 sub
1408 4225 1510 4288 varios
1532 4226 1770 4307 incertosquets

409 4338 500 4382 casus
529 4316 646 4380 famula
667 4316 812 4378 fortunae
836 4327 962 4379 estnec
985 4315 1141 4379 tanta‘rum
1164 4320 1276 4382 virium
1300 4326 1363 4391 est,
1392 4326 1426 4381 ut
1448 4338 1482 4381 se
1505 4318 1574 4401 ipsa
1597 4324 1732 4388 tueatur,

409 4430 519 4486 vereor
541 4431 580 4473 ne
602 4431 665 4473 non
688 4419 751 4473 tam
768 4413 891 4474 virtutis
914 4409 1029 4474 fiducia
1051 4413 1216 4474 nitendum
1238 4412 1329 4474 nobis
1344 4413 1384 4474 ad
1398 4433 1486 4496 spem
1501 4412 1592 4474 beate
1607 4408 1731 4473 vivendi

410 4525 503 4591 quam
524 4513 597 4567 vota
618 4504 762 4566 facienda
784 4505 957 4568 videantur.
993 4501 1023 4565 3.
1045 4505 1201 4587 Equidem
1225 4524 1279 4567 cus
1298 4524 1405 4578 casus,
1427 4505 1590 4589 inquibus
1605 4523 1654 4566 me
1669 4502 1733 4565 lor·

409 4607 485 4662 tuna
507 4599 710 4661 vehementer
731 4601 889 4671 exercuit,
913 4618 1035 4661 mecum
1058 4599 1127 4682 ipse
1147 4598 1351 4660 considerans
1373 4599 1447 4662 buic
1468 4597 1584 4680 inprio
1607 4604 1733 4660 senten-

409 4697 470 4756 tiae
493 4688 635 4754 diffidere
665 4690 821 4754 interdum
846 4699 877 4755 ct
901 4691 1029 4754 humaui
1053 4693 1178 4774 generis
1200 4691 1445 4756 imbecillitatem
1468 4691 1771 4776 fragilitatemqueao

410 4787 625 4850 extimescere.
659 4786 778 4848 Vereor
800 4786 883 4848 enim
907 4806 946 4847 ne
969 4795 1093 4858 natura,
1117 4807 1188 4848 cum
1205 4806 1336 4867 corpora
1353 4786 1444 4848 nobis
1459 4782 1580 4848 infirma
1595 4786 1734 4850 dedisset

409 4881 512 4963 iisque
534 4886 566 4941 et
589 4880 715 4941 morbos
737 4879 920 4942 insanabilis
943 4888 974 4941 et
995 4879 1122 4942 dolores
1143 4878 1348 4942 intolerabilis
1371 4879 1584 4952 admonisset,
1610 4882 1732 4944 animos

410 4992 538 5056 quoquc
562 4972 685 5035 dederit
707 4982 738 5035 et
760 4993 926 5055 corporum
943 4972 1105 5035 doloribus
1128 4974 1330 5054 congruentis
1352 4981 1383 5035 et
1404 4975 1570 5056 separatim
1593 4976 1659 5038 suis
1678 4995 1734 5037 an·

411 5066 539 5148 poribus
562 5076 594 5128 et
616 5066 768 5129 molestiis
791 5067 974 5148 implicatos.
1012 5062 1041 5127 l.
1065 5067 1126 5129 Sed
1150 5067 1182 5128 in
1204 5066 1265 5128 hoc
1287 5087 1337 5129 me
1358 5066 1425 5151 ipse
1441 5068 1570 5150 castigo,
1593 5070 1676 5153 quod
1693 5088 1732 5132 ex

410 5159 541 5223 aliorum
565 5169 596 5222 et
618 5180 658 5221 ex
680 5169 788 5223 nostra
808 5159 941 5222 luctasse
964 5158 1114 5232 mollitia,
1136 5180 1199 5222 non
1221 5180 1261 5223 ex
1291 5161 1359 5243 ipsa
1385 5162 1516 5234 virtute,
1545 5161 1584 5225 de
1610 5162 1772 5226 virtutists

475 5432 504 5481 lu
527 5431 546 5481 li
568 5432 685 5494 quinque
709 5444 802 5480 versus
824 5432 900 5480 vacui
923 5429 1007 5481 relicti
1029 5430 1145 5480 suntad
1167 5429 1271 5480 titulum
1289 5436 1315 5481 et
1331 5429 1390 5481 libri
1407 5433 1508 5483 initium
1527 5432 1733 5496 adpingendum,

412 5507 485 5556 cuius
502 5506 587 5569 prims
606 5519 654 5555 vox
674 5507 778 5567 Quintus
794 5505 879 5556 deest.
901 5534 927 5543 -
946 5508 970 5555 4.
989 5508 1101 5556 mucimc
1117 5519 1170 5556 cm.
1185 5504 1214 5555 G¹
1231 5533 1258 5543 -
1278 5508 1302 5556 b.
1322 5509 1388 5568 qood
1402 5510 1447 5558 etsi
1463 5509 1735 5571 dimum-(ortunae

412 5581 509 5631 Nonius
527 5593 552 5643 p.
573 5581 628 5630 463.
651 5608 676 5616 -
696 5582 791 5643 difficili
808 5582 856 5631 Gli
877 5608 902 5616 -
924 5582 946 5630 7.
967 5583 1032 5641 quod
1049 5584 1069 5630 G
1088 5581 1144 5639 (sed
1161 5582 1177 5630 d
1194 5580 1253 5631 ead.
1273 5595 1308 5632 m.
1324 5581 1420 5642 deleta)
1441 5609 1467 5619 -
1487 5583 1510 5632 9.
1529 5596 1585 5631 cum
1602 5581 1640 5645 oc]
1657 5594 1735 5642 oues-

413 5666 516 5718 eemqus
533 5655 601 5705 Bake
619 5653 636 5705 l.
655 5654 671 5705 l.
691 5669 717 5719 p.
732 5657 795 5714 ⁴053
820 5656 868 5707 sed
889 5656 977 5706 obstat
994 5657 1177 5706 coniunctivus
1193 5656 1329 5718 impulerit.
1351 5684 1375 5694 -
1397 5659 1436 5707 ta.
1455 5657 1488 5706 ab
1503 5658 1576 5707 liic
1598 5683 1622 5693 -
1643 5657 1682 5706 46.
1700 5662 1735 5707 est

414 5732 472 5780 ante
489 5743 533 5779 ecc
550 5728 622 5779 delet
638 5731 706 5780 linire
719 5729 735 5779 Ι.
750 5730 766 5781 l.
779 5745 805 5795 p.
819 5732 879 5784 ⁴08:
899 5731 946 5781 sed
960 5732 992 5782 cl.
1006 5746 1030 5781 v.
1044 5732 1084 5781 43.
1101 5759 1126 5768 -
1145 5737 1243 5782 tuntum
1259 5733 1288 5783 44Ι
1303 5759 1329 5768 -
1349 5733 1389 5783 48,
1408 5733 1519 5795 acumem
1535 5744 1602 5781 nicos
1617 5745 1689 5781 ocsus
1700 5757 1735 5769 ··

414 5805 524 5854 must
539 5805 638 5855 Nonius
657 5818 681 5868 p.
695 5806 751 5855 295.
765 5832 798 5843 -
814 5806 855 5857 22.
873 5807 958 5869 tuqus
975 5808 994 5857 C
1010 5833 1036 5843 -
1056 5806 1228 5858 intollerabilis
1245 5808 1294 5859 Gli
1314 5830 1341 5846 ··
1360 5805 1401 5857 sl.
1421 5806 1462 5858 ssd
1477 5806 1522 5855 boc
1538 5806 1564 5856 io
1580 5819 1620 5857 me
1635 5806 1734 5871 lpas·-

415 5878 525 5931 wictimc
541 5879 750 5944 montmoret.
