4342 7459
438 1244 481 1314 ts
837 1250 1161 1318 scannulcouuu
1181 1251 1361 1316 amonuit

437 1422 588 1509 politius?
614 1424 642 1488 A
665 1422 841 1507 Chrysippo
868 1422 982 1505 pedem
1004 1442 1186 1506 numquam.
1229 1420 1354 1484 XLVII.
1378 1418 1462 1495 Ouid
1485 1437 1559 1501 ergo
1581 1417 1763 1483 Academici

439 1517 658 1601 appellamur?
686 1537 727 1580 an
756 1517 915 1580 abutimur
943 1517 1042 1599 gloria
1071 1516 1230 1578 nominist
1259 1520 1314 1577 aut
1344 1533 1400 1576 cur
1421 1514 1560 1595 cogimur
1581 1532 1637 1575 eos
1660 1512 1763 1595 sequi,

439 1613 494 1695 qui
515 1611 599 1673 inter
619 1631 654 1674 se
676 1610 856 1673 dissident?
889 1611 924 1672 ln
946 1610 1007 1674 boc
1022 1612 1110 1692 ipso,
1133 1608 1219 1692 quod
1235 1608 1268 1670 in
1285 1607 1449 1670 elementis
1465 1606 1622 1670 dialectici
1637 1605 1763 1684 docent,

439 1724 503 1787 quo
526 1704 619 1769 modo
642 1702 781 1767 iudicare
804 1711 961 1785 oporteat,
991 1723 1098 1767 rerum
1121 1701 1276 1765 falsumne
1299 1701 1356 1774 sit,
1385 1699 1510 1782 siquid
1539 1699 1583 1762 ita
1605 1718 1764 1765 conexum

417 1806 502 1872 sest,
524 1803 560 1860 ut
579 1796 642 1861 boe
665 1797 715 1860 ssi
738 1798 806 1860 dies
828 1806 891 1871 est,
919 1798 1040 1871 luceto
1072 1802 1190 1879 quanta
1212 1794 1372 1857 contentio
1400 1794 1464 1855 esti
1495 1794 1588 1856 aliter
1610 1794 1764 1871 Diodoro,

438 1891 531 1954 aliter
559 1890 702 1964 Philoni,
731 1890 909 1975 Chrysippo
939 1892 1030 1954 aliter
1056 1890 1170 1973 placet.
1208 1886 1313 1963 Ouidi
1343 1908 1412 1949 cum
1436 1886 1604 1962 Cleanthe,
1634 1885 1764 1953 doctore

438 2004 514 2059 suo,
542 2004 637 2068 quam
666 1984 773 2047 multis
800 1985 894 2048 rebus
917 1984 1108 2068 Chrysippus
1132 1982 1279 2046 dissidetl
1310 1980 1408 2064 quidt
1438 1979 1501 2043 duo
1524 1980 1574 2044 vel
1603 1980 1763 2067 principes

439 2077 690 2153 dialecticorum,
712 2078 880 2160 Antipater
899 2086 930 2141 et
951 2077 1176 2151 Archidemus,
1199 2075 1452 2158 †opinosissimi
1473 2075 1635 2150 homines,
1658 2096 1765 2141 nonne

439 2171 546 2235 multis
568 2172 601 2234 in
622 2172 716 2235 rebus
739 2170 954 2234 dissentiunt?
998 2168 1070 2234 tlt.
1094 2170 1178 2247 Quid
1194 2189 1244 2232 ma
1260 2170 1371 2252 igitur,
1394 2168 1540 2242 Luculle,
1563 2168 1597 2230 in
1611 2170 1765 2234 invidiam

402 2270 473 2326 soet
492 2272 652 2348 tamquam
674 2264 707 2326 iu
730 2266 909 2328 contionem
927 2270 1043 2328 vocast
1066 2264 1264 2348 etquidem,
1286 2270 1322 2325 ut
1343 2262 1488 2326 seditiosi
1509 2263 1627 2325 tribuni
1649 2264 1765 2340 solent,

439 2356 563 2421 occludi
584 2358 730 2420 tabernas
752 2358 866 2420 iubeat
899 2357 970 2433 Ouo
994 2361 1078 2422 enim
1100 2365 1220 2440 spectat
1242 2356 1340 2431 illud,
1362 2377 1433 2419 cum
1455 2354 1586 2420 artificia
1604 2355 1671 2420 tolli
1687 2377 1765 2441 que·

439 2452 517 2514 reris
539 2471 557 2514 a
579 2452 688 2525 nobis,
717 2451 779 2513 nisi
802 2459 837 2513 ut
859 2452 987 2535 opifices
1010 2453 1228 2515 concitentur?
1258 2451 1312 2534 qui
1342 2451 1368 2514 si
1390 2449 1532 2533 undique
1555 2470 1664 2513 omnes
1688 2471 1765 2514 con-

440 2544 594 2618 venerint,
615 2544 707 2607 iacile
723 2552 832 2607 contra
846 2566 903 2609 vos
917 2546 1142 2608 incitabuntur.
1168 2545 1358 2628 Expromam
1374 2546 1511 2627 primum
1526 2543 1581 2606 illa
1596 2544 1764 2621 invidiosa,

440 2636 527 2720 quod
549 2657 604 2700 eos
627 2657 752 2711 omnes,
775 2639 830 2721 qui
853 2640 886 2702 in
908 2640 1052 2702 contione
1074 2639 1217 2712 stabunt,
1240 2638 1384 2712 exsules,
1407 2657 1527 2711 servos,
1549 2638 1677 2700 insanos
1693 2657 1765 2701 esse

404 2730 568 2793 tidicatis:
591 2729 706 2793 deinde
728 2730 768 2793 ad
791 2732 845 2794 illa
867 2733 1007 2805 veniam,
1030 2752 1113 2815 quaa
1135 2733 1195 2794 iam
1219 2752 1283 2794 non
1307 2732 1347 2794 ad
1370 2731 1618 2804 multitudinem,
1646 2730 1701 2793 sed
1724 2730 1764 2794 ad

440 2824 686 2907 vosmetipsos,
708 2826 763 2906 qui
785 2826 918 2899 adestis,
949 2827 1118 2907 pertinent.
1157 2828 1256 2908 Negat
1278 2828 1359 2890 enim
1382 2846 1439 2889 vos
1461 2828 1567 2898 Zeno,
1587 2833 1681 2907 negat
1701 2826 1766 2888 dn·

441 2916 564 2980 tioobus
599 2918 679 2981 scire
709 2920 890 3002 quicquam.
935 2919 1006 2994 Quo
1037 2920 1154 2981 modoi
1189 2920 1331 3002 inquies;
1361 2938 1420 2981 nos
1449 2919 1532 2982 enim
1563 2919 1764 2983 defendimus

440 3012 535 3074 etiam
556 3011 756 3093 insipientem
780 3012 878 3075 multa
900 3012 1126 3094 conprendere.
1169 3008 1241 3074 its.
1264 3016 1304 3074 At
1326 3014 1405 3075 scire
1429 3013 1764 3096 uegetisquemquam

441 3124 507 3167 rem
530 3103 628 3167 ullam
649 3106 709 3169 nisi
731 3109 917 3188 sapientem.
953 3108 993 3169 Et
1012 3107 1074 3170 boc
1097 3107 1225 3190 quidem
1248 3110 1331 3170 Zeno
1352 3116 1440 3189 gestu
1457 3107 1652 3169 conficiebat.
1674 3108 1765 3181 Nam,

402 3217 512 3268 sucum
543 3198 685 3262 extensis
715 3200 819 3281 digitis
848 3201 1010 3264 adversam
1040 3220 1167 3264 manum
1191 3202 1386 3275 ostenderat,
1413 3201 1561 3275 visum,
1589 3200 1765 3283 inquiebat,

438 3292 535 3355 buius
565 3292 650 3354 modi
677 3302 734 3357 est.
781 3295 878 3368 Dein,
912 3315 982 3357 cum
1014 3294 1144 3378 paulum
1175 3293 1290 3376 digitos
1321 3302 1535 3367 contraxerat,
1566 3296 1765 3357 adsensus

438 3385 534 3449 huius
560 3387 656 3449 modi.
700 3389 795 3461 Tum,
818 3408 888 3450 cum
918 3388 1012 3470 plane
1035 3396 1264 3468 compresserat
1285 3408 1487 3470 pugnumque
1517 3387 1648 3462 iecerat,
1676 3407 1767 3450 con·

438 3480 690 3562 prensionem
719 3479 805 3542 illam
832 3501 901 3543 essa
933 3481 1070 3556 dicebat;
1102 3500 1164 3563 qua
1187 3500 1227 3542 ex
1249 3481 1454 3543 similitudine
1478 3483 1571 3543 etiam
1594 3481 1763 3543 numenei

438 3572 500 3646 rei,
528 3571 614 3654 quod
644 3579 716 3635 anie
747 3592 811 3635 non
839 3573 957 3647 iuerat,
986 3569 1177 3663 κατάληψιν
1206 3574 1363 3657 imposuit.
1406 3575 1484 3637 Cum
1515 3582 1619 3637 autem
1643 3573 1764 3637 laevam

401 3684 566 3736 asmanum
595 3664 776 3728 admoverat
803 3674 835 3727 et
862 3666 951 3729 illum
981 3688 1120 3749 pugnum
1149 3675 1215 3731 arie
1238 3668 1504 3752 vehementerque
1534 3675 1765 3749 conpresserat,

439 3758 649 3822 scientiam
681 3758 776 3821 talem
803 3781 872 3822 esse
901 3760 1041 3834 dicebat,
1072 3762 1161 3824 cuius
1191 3768 1368 3844 compotem
1398 3763 1459 3824 nisi
1489 3763 1664 3844 sapientem
1694 3781 1765 3824 esse
1808 3835 1811 3844 ¹

439 3853 606 3916 neminem.
654 3853 718 3915 Sed
747 3854 801 3935 qui
834 3855 992 3937 sapientes
1020 3855 1082 3916 sint
1112 3864 1167 3917 aut
1195 3854 1328 3928 fuerint,
1361 3876 1400 3917 ne
1423 3856 1483 3938 ipsi
1509 3853 1637 3937 quidem
1660 3856 1766 3917 solent

438 3946 554 4009 dicere.
590 3946 637 4008 lta
666 3954 700 4008 tu
722 3967 820 4020 nune,
851 3948 974 4022 Catule,
1008 3948 1114 4009 lucere
1142 3948 1259 4019 nescis,
1293 3969 1351 4010 nec
1374 3957 1422 4022 tu,
1456 3948 1621 4019 Hortensi,
1654 3950 1688 4011 in
1710 3956 1766 4011 tua

438 4040 514 4103 villa
546 4058 605 4102 nos
635 4059 714 4102 esse.
758 4035 830 4101 lid.
858 4043 938 4103 Num
968 4041 1071 4104 minus
1094 4041 1172 4103 baec
1194 4042 1350 4104 invidiose
1373 4042 1542 4104 dicuntur?
1575 4059 1634 4103 nee
1657 4049 1765 4105 tamen

400 4133 532 4205 aonimis
554 4133 730 4215 eleganter:
758 4134 813 4196 illa
835 4134 992 4197 subtilius.
1029 4134 1091 4196 Sed
1115 4154 1178 4217 quo
1201 4136 1295 4197 modo
1319 4143 1367 4207 tu,
1395 4137 1420 4197 si
1444 4134 1660 4217 conprehendi
1683 4134 1765 4197 nibil

437 4234 563 4309 posset,
592 4226 724 4291 artilieia
751 4228 917 4291 concidere
946 4229 1073 4291 dicebas
1103 4248 1160 4290 neo
1189 4227 1266 4290 mibi
1289 4229 1386 4291 dabas
1407 4229 1456 4302 id,
1490 4227 1577 4311 quod
1599 4228 1764 4308 probabile

438 4327 535 4394 esset,
558 4321 634 4383 satis
657 4341 799 4403 magnam
822 4323 884 4384 vim
900 4321 1016 4385 babere
1038 4320 1077 4384 ad
1100 4329 1200 4395 aries,
1223 4323 1268 4384 sic
1290 4341 1454 4403 egonunc
1472 4322 1528 4384 tibi
1544 4322 1647 4384 refero
1663 4330 1764 4384 artem

437 4414 507 4477 sine
529 4414 662 4478 seientia
682 4433 751 4478 essa
774 4435 839 4478 non
861 4436 963 4498 posse.
1007 4418 1056 4477 An
1083 4421 1245 4498 pateretur
1264 4414 1326 4477 hoc
1347 4417 1461 4478 Zeuxis
1484 4424 1539 4477 aut
1558 4415 1686 4478 Phidias
1709 4423 1766 4479 aut

1075 4604 1136 4611 ,.-.,
1142 4605 1198 4611 η...-
1231 4603 1262 4610 ι-ν-
1270 4604 1758 4615 -m—-m———m--o-n

503 4731 527 4781 l.
545 4742 670 4791 umquam
686 4730 782 4779 Davies
800 4743 815 4779 a
833 4741 915 4791 marg.
935 4729 994 4779 cod.
1009 4730 1079 4791 liegii
1094 4755 1121 4765 -
1142 4729 1206 4789 Quid
1218 4729 1360 4778 bianutius:
1379 4730 1422 4792 qui
1440 4729 1518 4779 codd.
1533 4731 1559 4778 et
1571 4731 1591 4779 0
1605 4755 1631 4766 -
1651 4730 1676 4781 ἲ.
1688 4732 1763 4792 opali.

437 4806 458 4855 Α
472 4832 496 4841 -
510 4806 534 4854 5.
548 4805 569 4854 si
581 4818 633 4855 om.
648 4805 676 4854 B¹
691 4831 717 4841 -
730 4805 833 4852 diodoro
844 4800 876 4853 Α2
885 4805 917 4852 E:
937 4806 1007 4854 dioro
1019 4803 1074 4854 A¹B
1083 4807 1112 4864 G,
1129 4805 1233 4853 Diodoto
1245 4808 1340 4852 Gruter
1353 4831 1375 4839 -
1393 4805 1416 4852 o.
1429 4805 1523 4852 cieaoie
1536 4807 1555 4853 Α
1572 4830 1598 4839 -
1611 4804 1635 4853 8.
1648 4806 1765 4855 raciide·

436 4893 491 4929 mus
503 4880 531 4929 3¹
542 4907 569 4917 -
588 4879 751 4943 opinosissimi
768 4879 855 4928 ABE:
874 4880 1048 4940 opiniosissimi
1066 4893 1087 4939 r,
1107 4880 1267 4940 spinosissimi
1280 4880 1412 4928 Hermann
1430 4880 1487 4928 sine
1501 4877 1550 4927 ulla
1563 4877 1763 4940 probabilitate;

436 4958 609 5019 opiniosissimi
620 4957 676 5006 GO.
694 4951 728 5005 tt
738 4958 768 5004 ut
779 4954 958 5004 concedamus
970 4955 1021 5003 boc
1033 4952 1175 5013 vocabulo,
1195 4954 1270 5003 cuius
1282 4956 1384 5002 centuni
1398 4952 1548 5017 exemplum
1562 4965 1593 5001 ex
1606 4954 1765 5006 Tertulliano

436 5032 557 5090 affertur,
585 5034 636 5082 iam
658 5030 814 5079 Ciceronem
838 5042 916 5079 usum
938 5042 1011 5087 esse,
1035 5028 1087 5077 boc
1109 5026 1203 5077 saliem
1221 5027 1279 5077 loco
1296 5030 1413 5092 ineptum
1433 5032 1488 5086 est;
1516 5041 1577 5077 nam
1596 5033 1766 5092 exspectatur

436 5107 584 5171 epitheton,
603 5104 675 5170 quod
692 5103 776 5154 laudis
794 5103 1018 5168 praedicationem
1036 5103 1150 5164 babeat,
1170 5103 1241 5153 velut
1257 5105 1452 5167 ispaniosissimi.
1469 5130 1494 5139 -
1516 5106 1556 5153 it.
1574 5110 1688 5165 expectat
1700 5109 1721 5155 Α
1735 5132 1762 5143 -

435 5181 599 5244 ᾳυαονοήεΑ
619 5208 646 5218 -
667 5180 705 5230 ⁴3.
724 5180 799 5242 sociis
814 5182 889 5229 etiem
906 5185 995 5228 contra
1012 5182 1130 5229 Goerenz
1150 5206 1176 5215 -
1194 5193 1243 5241 pro
1259 5181 1285 5228 in
1303 5192 1450 5239 erpi-omum
1466 5182 1486 5228 Α
1507 5180 1531 5227 in
1548 5191 1598 5228 ras.
1616 5205 1642 5213 -
1663 5178 1703 5230 il.
1722 5183 1766 5242 qai

434 5257 461 5306 in
477 5259 541 5306 eost.
559 5254 659 5304 stabunt
674 5267 727 5303 aas.
745 5267 785 5303 ser
803 5268 855 5303 om.
876 5256 920 5303 Gv
938 5257 992 5316 (uos
1008 5257 1068 5302 ante
1086 5255 1133 5302 ins.
1147 5252 1231 5315 adest]
1253 5283 1280 5291 -
1299 5257 1451 5304 contentione
1468 5255 1531 5314 ΑΕ,
1550 5256 1727 5316 contemptione
1745 5258 1764 5307 li

437 5358 465 5368 -
482 5342 535 5379 sss.
554 5326 635 5378 babel
651 5319 681 5377 A¹
700 5353 727 5362 -
747 5328 787 5377 l8.
806 5329 880 5390 insip.
898 5330 974 5377 etiam
991 5330 1010 5377 G
1030 5354 1055 5361 —
1076 5329 1114 5375 it.
1135 5328 1189 5376 dein
1200 5331 1264 5379 AB:
1285 5331 1370 5379 deinde
1387 5330 1466 5379 EGO
1481 5357 1506 5365 —
1525 5335 1689 5380 contremeret
1702 5331 1763 5382 cod.

436 5403 574 5456 Cantaba:
593 5406 738 5452 coniecerat
753 5403 842 5463 ΑΕΓ,
860 5408 982 5451 conserat
998 5403 1030 5458 Β,
1049 5402 1221 5455 eastrinrerat
1233 5408 1279 5455 Gv
1297 5408 1348 5461 test.
1362 5408 1405 5465 (ης
1424 5407 1608 5456 constriurerot
1620 5407 1639 5455 0
1652 5409 1679 5455 et
1691 5407 1763 5458 Crat.

435 5492 542 5543 margo;
566 5476 598 5528 ci.
617 5477 680 5528 Pliu.
700 5480 753 5525 nat.
772 5477 831 5527 hist.
851 5478 897 5539 iii,
922 5477 969 5535 iii,
989 5477 1003 5539 ἓ
1021 5476 1066 5526 9l:
1092 5479 1196 5540 stipitum
1213 5481 1360 5528 nostratem
1376 5486 1420 5529 aut
1437 5483 1562 5530 remittens
1581 5507 1607 5516 -
1631 5480 1671 5530 tt.
1690 5488 1765 5532 cato-

434 5555 537 5617 ismpsis
553 5553 602 5603 ΑΒ
624 5576 650 5588 -
670 5552 789 5602 ieucmA
808 5579 835 5587 —
861 5554 902 5603 25.
921 5554 1067 5601 admouerat
1088 5556 1118 5601 Α12
1128 5552 1218 5603 B²Er2
1246 5556 1355 5603 adonai
1371 5555 1454 5607 a¹13¹.
1478 5558 1622 5605 aduerterut
1639 5558 1715 5606 GOv
1735 5583 1761 5593 -

434 5630 479 5679 iiio
496 5629 591 5679 Davies
610 5654 636 5663 —
656 5627 697 5677 26.
716 5632 853 5689 compotem
870 5630 915 5688 At,
933 5626 1042 5689 ciperem
1059 5628 1077 5675 B
1097 5631 1122 5685 (ῡ
1135 5630 1161 5677 et
1177 5644 1203 5678 m
1220 5631 1245 5680 in
1264 5636 1327 5691 rasi
1342 5655 1368 5665 -
1390 5631 1630 5693 incapistrasset
1647 5637 1692 5679 aut
1708 5632 1765 5693 [ιω-

434 5705 486 5752 rint
502 5716 564 5753 nos:
582 5703 704 5765 sepientes
720 5703 856 5764 enituerit
872 5704 915 5760 B¹,
939 5704 1047 5764 sapiente
1059 5731 1104 5756 m.
1117 5709 1161 5751 aui
1176 5704 1252 5765 suerit
1268 5707 1313 5763 Αἱ,
1331 5706 1429 5766 sapiens
1445 5708 1476 5755 sit
1493 5712 1537 5755 aut
1552 5707 1628 5769 suerii
1644 5706 1765 5757 a²u²er

435 5777 492 5839 (sed
509 5780 616 5839 lisinii,
634 5780 756 5840 sapientes
772 5784 816 5829 eut
834 5780 882 5828 sint
899 5785 944 5828 oui
960 5780 1051 5842 suerint
1069 5781 1144 5828 GOv
1159 5807 1185 5815 -
1204 5780 1244 5829 28.
1263 5781 1336 5829 sestis
1353 5780 1381 5829 B¹
1396 5806 1421 5815 -
1441 5796 1519 5843 neque
1536 5784 1569 5838 G,
1589 5786 1611 5830 et
1625 5781 1721 5831 Davies
1735 5807 1763 5817 -

432 5853 475 5903 29.
495 5866 556 5902 sum
571 5854 645 5903 simis
662 5854 807 5911 Manutius,
830 5867 879 5902 noo
895 5856 977 5903 minus
994 5853 1086 5904 Lamb.
1105 5878 1138 5889 -
1158 5867 1237 5914 nsque
1253 5860 1335 5905 tamea
1351 5856 1434 5905 minus
1451 5858 1471 5905 G
1491 5884 1517 5893 -
1537 5856 1577 5905 30.
1595 5856 1718 5919 sispeaier
1734 5854 1765 5907 A*

437 5954 465 5967 -
484 5929 545 5979 uitii
559 5943 654 5993 compr.
673 5931 723 5980 GO
742 5955 770 5966 -
790 5929 832 5980 at.
850 5931 981 5979 concedere
996 5928 1027 5980 13²
1048 5956 1071 5965 -
1089 5942 1171 5991 ,neque
1188 5931 1248 5980 GO.
