4342 7459
434 1235 497 1301 570
1007 1238 1061 1301 DE
1083 1236 1190 1301 FATO

435 1396 564 1480 superbi
586 1397 665 1472 sint,
687 1397 742 1461 alii
765 1397 877 1461 talibus
900 1397 986 1460 vitiis
1008 1396 1218 1459 abhorreant:
1248 1398 1398 1480 quoniam
1421 1397 1529 1478 igitur,
1551 1396 1669 1479 inquit,
1691 1401 1763 1461 tan-

435 1499 501 1554 tum
524 1499 634 1554 natura
656 1511 674 1554 a
695 1500 807 1555 natura
830 1491 934 1565 distat,
956 1491 1033 1575 quid
1056 1492 1170 1554 mirum
1192 1497 1241 1554 est
1261 1491 1318 1554 has
1342 1489 1616 1555 dissimilitudines
1637 1510 1678 1553 ex
1700 1490 1764 1556 dit·

434 1585 609 1649 ferentibus
631 1588 734 1649 causis
757 1608 827 1650 esse
848 1587 972 1651 factast

519 1679 557 1740 V.
586 1678 616 1741 9.
642 1680 728 1743 Haec
754 1679 912 1744 disserens
941 1700 1005 1764 qua
1032 1679 1071 1742 de
1094 1700 1128 1743 re
1151 1687 1261 1762 agatur
1287 1678 1378 1742 etin
1406 1699 1471 1763 quo
1494 1698 1588 1743 causa
1610 1679 1764 1743 consistat

411 1791 500 1836 enon
522 1772 618 1836 videt.
661 1775 730 1836 Non
752 1774 853 1848 enim,
883 1775 909 1837 si
932 1774 984 1835 alii
1008 1772 1131 1836 adalia
1155 1775 1376 1857 propensiores
1398 1780 1474 1836 sunt
1501 1780 1630 1856 propter
1651 1792 1764 1837 causas

434 1865 586 1929 naturalis
609 1872 641 1928 et
662 1865 888 1942 antecedentis,
910 1866 1028 1930 idcirco
1051 1869 1148 1930 etiam
1170 1874 1346 1930 nostrarum
1369 1867 1567 1930 voluntatum
1590 1875 1686 1951 atque
1707 1866 1765 1931 ad·

434 1960 622 2044 petitionum
651 1971 726 2025 sunt
753 1983 867 2026 causae
895 1962 1057 2026 naturales
1087 1967 1120 2024 et
1146 1959 1391 2036 antecedentes;
1424 1981 1495 2023 nam
1523 1960 1603 2023 nihil
1626 1969 1708 2023 esset
1730 1961 1765 2024 in

434 2063 543 2119 nostra
566 2063 737 2137 potestate,
766 2058 794 2119 si
816 2057 861 2118 ita
883 2076 917 2119 se
940 2075 989 2117 res
1012 2054 1151 2118 haberet.
1196 2057 1286 2117 Nunc
1309 2076 1384 2118 vero
1406 2056 1541 2119 latemur
1563 2056 1646 2119 acuti
1667 2055 1766 2120 hehe·

434 2158 534 2223 tesne,
556 2150 696 2213 valentes
718 2150 900 2214 inbecilline
923 2150 1021 2213 simus
1043 2169 1107 2212 non
1131 2169 1202 2212 esse
1224 2149 1255 2211 id
1278 2150 1312 2213 in
1334 2150 1444 2224 nobis;
1467 2150 1522 2233 qui
1541 2158 1647 2212 autem
1666 2170 1707 2212 ex
1726 2169 1766 2213 eo

330 2308 333 2318 ,
398 2243 505 2325 recogi
536 2251 640 2325 putat,
668 2264 708 2306 ne
731 2253 765 2307 ut
786 2243 953 2307 sedeamus
975 2244 1103 2326 quidem
1126 2250 1181 2306 aut
1201 2243 1399 2307 ambulemus
1421 2244 1593 2308 voluntatis
1616 2263 1704 2318 esse,
1737 2245 1766 2308 is

435 2356 499 2399 non
522 2337 608 2400 videt
631 2359 714 2421 quae
736 2357 897 2422 quamque
918 2357 984 2400 rom
1006 2334 1056 2400 res
1079 2347 1300 2422 consequatur.
1337 2338 1376 2401 Ut
1398 2338 1481 2401 enim
1504 2347 1537 2400 et
1556 2338 1713 2420 ingeniosi
1736 2347 1768 2403 et

337 2477 341 2482 -
435 2430 518 2494 tardi
547 2431 592 2494 ita
620 2440 789 2495 nascantur
816 2430 1074 2495 antecedentibus
1104 2432 1207 2496 causis
1236 2435 1375 2516 itemque
1398 2434 1538 2496 valentes
1562 2442 1594 2495 et
1615 2434 1767 2510 inbecilli,

435 2543 500 2586 non
523 2526 667 2608 sequitur
689 2536 792 2590 tamen
820 2535 854 2589 ut
878 2526 973 2588 etiarn
999 2525 1111 2588 sedere
1133 2545 1190 2589 eos
1213 2535 1245 2589 et
1266 2528 1426 2589 ambulare
1449 2535 1482 2589 et
1503 2546 1570 2588 rem
1592 2546 1686 2608 agere
1708 2528 1767 2593 ali-

437 2638 531 2702 quam
559 2620 784 2701 principalibus
812 2620 917 2683 causis
944 2617 1108 2682 delinitum
1132 2628 1163 2682 et
1185 2620 1388 2682 constitutum
1412 2620 1462 2683 sit.
1508 2616 1558 2681 10.
1581 2621 1766 2702 Stilponem,
1837 2678 1840 2683 ,

400 2729 428 2775 ts
437 2713 626 2793 Megaricum
650 2712 884 2796 philosophum,
906 2720 1030 2774 acutum
1054 2733 1130 2775 sane
1153 2714 1311 2777 hominem
1335 2722 1367 2777 et
1390 2714 1555 2796 probatum
1572 2716 1766 2796 temporibus

438 2805 501 2870 illis
523 2807 711 2888 accepimus.
744 2806 834 2868 Hunc
857 2806 1001 2868 scribunt
1022 2807 1122 2890 ipsius
1144 2806 1315 2870 familiares
1338 2817 1369 2871 et
1390 2810 1550 2872 ebriosum
1573 2815 1604 2871 et
1619 2810 1768 2873 muliero-

438 2921 507 2964 sum
530 2899 646 2964 luisse:
677 2920 782 2985 neque
814 2901 892 2964 haec
918 2902 1063 2964 scribunt
1091 2901 1326 2983 vituperantes,
1357 2901 1412 2964 sed
1437 2903 1543 2984 potius
1564 2903 1604 2965 ad
1628 2904 1766 2968 laudem.

438 2994 591 3058 Vitiosam
614 2996 698 3058 euim
720 3003 864 3058 naturam
888 2995 926 3057 ab
949 3015 987 3057 eo
1011 2996 1056 3057 sic
1072 2995 1241 3058 edomitam
1259 3004 1291 3058 et
1306 3016 1508 3078 conpressam
1525 3017 1596 3061 esse
1613 2997 1768 3073 doctrina,

437 3096 474 3152 ut
495 3110 588 3152 nemo
610 3110 760 3174 umquam
782 3090 978 3153 vinolentum
1001 3090 1110 3163 illum,
1133 3109 1227 3152 nemo
1250 3092 1343 3153 ineo
1367 3090 1509 3153 libidinis
1531 3092 1698 3173 vestigium
1721 3091 1769 3154 vi·

400 3183 530 3246 sederit.
562 3184 673 3260 Quidt
697 3186 845 3247 Socraten
869 3205 976 3246 nonne
998 3184 1131 3266 legimus
1156 3205 1250 3267 quem
1274 3184 1464 3247 admodum
1488 3186 1605 3248 notarit
1626 3188 1768 3269 Zopyrus

437 3276 711 3361 physiognomon,
739 3279 793 3359 qui
821 3297 855 3340 se
884 3275 1089 3360 profitebatur
1111 3278 1273 3341 hominum
1297 3299 1399 3341 mores
1422 3288 1614 3361 naturasque
1637 3299 1678 3343 ex
1700 3300 1769 3343 cor·

438 3390 534 3453 poro,
557 3372 673 3445 oculis,
696 3372 802 3444 vultu,
824 3371 929 3433 l'ronte
945 3375 1161 3453 pernosceret
1185 3372 1351 3457 Stupidqm
1375 3392 1445 3436 esse
1461 3374 1612 3437 Socraten
1636 3372 1718 3436 dixit
1737 3382 1770 3437 et

438 3464 582 3538 bardum,
605 3465 690 3548 quod
713 3466 821 3547 iugula
843 3485 978 3528 concava
1002 3485 1067 3527 non
1091 3466 1230 3539 haberet,
1253 3467 1429 3529 obstructas
1452 3486 1506 3528 eas
1528 3476 1635 3548 partes
1657 3476 1689 3530 et
1711 3468 1768 3530 ob-

439 3564 558 3621 turatas
580 3579 650 3620 esse
673 3558 815 3633 diccb'at3
838 3558 959 3621 addidit
974 3560 1069 3621 etiam
1086 3559 1303 3632 mulierosum,
1320 3560 1351 3620 in
1367 3580 1431 3641 quo
1446 3558 1625 3622 Alcibiades
1642 3560 1769 3623 cachin-

401 3669 516 3716 nanum
542 3652 658 3716 dicitur
685 3654 860 3716 sustulisse.
905 3649 954 3715 ll.
984 3654 1047 3715 Sed
1068 3653 1148 3716 haec
1171 3674 1211 3716 ex
1233 3654 1430 3716 naturalibus
1452 3655 1556 3717 chrisis
1580 3654 1656 3718 vitia
1678 3656 1767 3718 nasci

439 3756 585 3830 possunt,
608 3748 758 3830 extirpari
782 3756 888 3811 autem
911 3757 942 3811 et
963 3748 1106 3811 funditus
1128 3748 1206 3820 tolli,
1228 3756 1264 3809 ut
1284 3749 1311 3809 is
1336 3748 1416 3829 ipse,
1439 3748 1495 3831 qui
1516 3748 1555 3810 ad
1575 3767 1612 3811 ea
1630 3769 1769 3832 propen-

424 3861 495 3904 sus
517 3841 627 3914 luerit,
657 3861 675 3903 a
703 3843 797 3904 tantis
826 3842 909 3904 vitiis
937 3851 1101 3914 avocetur,
1133 3862 1196 3904 non
1225 3850 1272 3903 est
1300 3841 1332 3903 id
1355 3842 1493 3923 positum
1515 3842 1547 3902 in
1571 3843 1767 3906 naturalibus

441 3934 560 4007 causis,
582 3935 637 3997 sed
660 3935 691 3996 in
715 3935 890 4007 voluntate,
912 3936 1033 4008 studio,
1056 3935 1242 4016 disciplina;
1268 3954 1350 4017 quae
1372 3935 1525 3997 tolluntur
1546 3937 1662 4009 omnia,
1678 3937 1704 3998 si
1722 3938 1768 4000 vis

442 4036 473 4090 et
494 4037 607 4091 natura
629 4028 684 4093 lati
707 4049 747 4092 ex
770 4030 973 4092 divinationis
995 4030 1117 4091 ratione
1141 4027 1324 4092 firmabitur.

403 4141 431 4187 ao
528 4124 578 4184 Vl.
601 4125 724 4186 Etenim
747 4123 772 4185 si
796 4132 844 4185 est
867 4123 1034 4195 divinatio,
1062 4123 1283 4204 qualibusnam
1306 4143 1325 4185 a
1347 4124 1503 4205 perceptis
1526 4124 1602 4185 artis
1625 4122 1769 4204 proticis-

442 4217 546 4280 citurt
583 4220 729 4300 Percepta
751 4217 894 4300 appello,
926 4237 1008 4301 quae
1031 4215 1180 4278 dicuntur
1202 4217 1320 4279 Graece
1342 4217 1549 4298 θεωρήματα.
1593 4219 1661 4279 Νοη
1685 4218 1769 4278 enim

442 4310 536 4373 credo
563 4312 650 4374 nullo
680 4322 828 4393 percepto
861 4322 915 4374 aut
943 4320 1066 4372 ceteros
1092 4311 1228 4372 artifices
1257 4312 1374 4373 versari
1406 4313 1438 4372 in
1469 4332 1526 4373 suo
1555 4332 1686 4374 munere
1717 4322 1771 4374 aut

442 4424 508 4475 eos,
531 4406 585 4488 qui
610 4407 802 4468 divinatione
826 4413 963 4478 utantur,
986 4405 1089 4467 lutura
1112 4405 1304 4485 praedicere.
1350 4402 1404 4469 lt.
1427 4406 1497 4467 Sint
1520 4407 1615 4486 igitur
1636 4407 1770 4469 astrolo-

442 4518 553 4580 gorum
571 4508 717 4581 percepta
732 4500 826 4562 huius
842 4501 947 4563 modi:
974 4500 1024 4561 aSi
1048 4502 1118 4578 quis
1143 4499 1229 4560 verbi
1254 4519 1350 4561 cause
1372 4501 1494 4562 oriente
1512 4500 1660 4561 Canicula
1678 4508 1769 4562 natus

403 4600 505 4665 esest,
529 4593 556 4653 is
578 4595 609 4654 in
633 4594 709 4655 mari
735 4614 799 4656 non
822 4596 1001 4657 morietur.»
1048 4593 1163 4672 Vigila,
1187 4592 1377 4676 Chrysippo,
1401 4614 1439 4655 ne
1462 4603 1548 4655 tuam
1571 4614 1714 4666 causam,
1737 4595 1769 4655 in

444 4706 507 4770 qua
530 4687 585 4748 tibi
608 4708 677 4750 cum
700 4688 858 4761 Diodoro,
889 4687 1013 4750 valente
1035 4687 1219 4757 dialectico,
1249 4706 1360 4766 magna
1383 4687 1511 4749 luctatio
1535 4695 1600 4758 est,
1628 4687 1768 4748 deseras.

445 4781 477 4843 Si
502 4783 585 4844 enim
609 4791 657 4843 est
678 4802 797 4855 verum,
821 4780 905 4864 quod
930 4783 974 4843 ita
997 4782 1189 4843 conectitur:
1215 4781 1268 4841 aSi
1286 4781 1358 4862 quis
1375 4781 1496 4843 oriente
1514 4780 1662 4842 Canicula
1678 4790 1770 4842 natus

511 5122 534 5168 t.
553 5133 570 5167 a
587 5119 677 5168 talibas
699 5119 842 5170 Lambinus
869 5145 895 5155 -·
927 5118 1100 5167 wonecatv
1129 5143 1156 5152 -
1186 5118 1312 5178 inquidll
1341 5143 1367 5152 —
1398 5118 1422 5166 2.
1442 5130 1459 5164 a
1476 5122 1681 5165 notaranotara
1703 5118 1774 5166 B—

445 5195 468 5247 1.
488 5208 564 5257 quam
583 5192 611 5243 11ι
636 5221 662 5230 -
690 5197 713 5243 s.
732 5196 781 5242 sint
798 5194 939 5256 Erlang.0
965 5221 991 5229 -
1022 5194 1036 5242 6
1064 5194 1194 5241 naturales
1215 5199 1238 5241 et
1261 5193 1429 5241 antcoedentes
1445 5192 1520 5242 AVO
1547 5218 1573 5227 -
1601 5193 1682 5254 adque
1703 5194 1722 5242 B
1744 5218 1771 5228 -

444 5272 468 5321 8.
487 5272 620 5319 recitare
637 5268 739 5331 Erlang.
759 5271 779 5318 0
801 5297 833 5306 -
858 5271 896 5317 ⁴0.
912 5273 986 5329 putat
1000 5281 1028 5315 .c.
1044 5281 1074 5316 ne
1091 5268 1154 5316 atB
1176 5294 1200 5302 -
1227 5273 1272 5316 act
1288 5280 1346 5330 sup.
1360 5266 1403 5316 lin.
1418 5266 1536 5316 additum
1556 5269 1613 5317 int
1630 5296 1656 5304 -
1680 5269 1701 5315 is
1717 5281 1773 5317 om.

445 5348 463 5396 ll
493 5372 520 5382 ·-
548 5345 588 5394 13.
607 5349 763 5393 tumescat
781 5341 808 5392 111
836 5371 860 5378 -
891 5344 929 5391 st.
949 5343 1070 5403 stttsonem
1088 5347 1123 5400 A,
1147 5343 1292 5403 stilphonem
1310 5343 1356 5391 BV
1384 5368 1410 5378 —
1443 5345 1481 5392 lb.
1500 5343 1641 5406 meqoricm
1658 5340 1773 5404 Erlang.,

444 5426 590 5487 lleparsum
608 5419 742 5470 Cratand.:
763 5422 789 5467 tu
807 5419 877 5477 vide,
896 5419 941 5476 sie,
961 5432 1029 5480 quae
1047 5419 1135 5467 Bromi
1154 5418 1185 5465 ad
1205 5418 1276 5467 huuc
1294 5415 1381 5466 locum
1399 5417 1542 5480 disputavit
1562 5442 1586 5451 -
1613 5417 1651 5464 17.
1665 5417 1773 5465 haecC:

445 5499 490 5547 boc
507 5497 609 5559 Erlang.
629 5496 649 5544 0
669 5523 694 5529 -
721 5494 760 5543 18.
779 5500 801 5541 et
818 5507 876 5557 sup.
896 5492 938 5541 liu.
958 5493 1019 5541 edd.
1040 5494 1057 5541 B
1080 5519 1104 5527 -
1124 5504 1301 5553 conpraessam
1318 5493 1361 5540 ΑΒ
1381 5516 1407 5526 -
1429 5492 1468 5540 ta.
1487 5491 1642 5540 ambientum
1659 5492 1727 5540 B¹V²
1746 5519 1772 5526 -

445 5574 472 5623 in
488 5587 516 5622 co
533 5570 564 5622 s²
574 5568 616 5621 13²:
636 5572 662 5618 in
679 5583 735 5618 eam
753 5567 850 5618 A¹B¹V
871 5596 896 5604 -
917 5570 956 5617 20.
976 5570 1043 5628 quod
1060 5581 1130 5618 corr.
1145 5570 1170 5617 tn
1189 5569 1248 5628 quid
1266 5567 1308 5615 AV
1325 5594 1351 5602 -
1371 5567 1500 5615 Socratem
1517 5566 1559 5615 hic
1577 5570 1603 5615 et
1621 5580 1645 5615 v.
1656 5566 1687 5614 11
1705 5567 1724 5614 0
1746 5592 1773 5602 -

445 5650 486 5699 23.
505 5650 647 5698 obstarataa
665 5644 702 5700 8¹,
725 5650 856 5707 opturatos
874 5645 905 5691 V²
925 5671 947 5680 -
975 5658 1017 5692 eas
1033 5644 1119 5693 atreb
1144 5670 1170 5678 -
1197 5642 1237 5692 31.
1257 5643 1326 5690 addit
1344 5643 1362 5691 B
1383 5667 1408 5677 -
1435 5642 1475 5690 ih.
1494 5641 1620 5689 rettulisse
1637 5642 1666 5689 Bt
1686 5666 1711 5675 -
1731 5640 1773 5690 26.

445 5728 549 5785 cratim.
568 5718 600 5772 A²
615 5747 639 5757 -
660 5723 700 5771 27.
714 5736 731 5770 a
742 5723 802 5770 tatis
819 5721 858 5777 V¹,
877 5723 966 5768 aetatis
983 5718 1015 5767 V²
1035 5747 1060 5754 -
1079 5719 1119 5767 292
1134 5718 1164 5781 ot]
1178 5732 1210 5766 ea
1229 5716 1323 5780 (altera
1337 5730 1407 5766 man.
1421 5721 1445 5765 et
1455 5717 1599 5780 superscrl
1614 5715 1633 5761 V
1654 5738 1680 5750 -
1700 5713 1776 5763 aba

447 5813 497 5849 esse
515 5801 542 5849 11ι
558 5826 583 5834 -
601 5799 784 5859 praecepisset
802 5795 866 5845 intra
882 5800 1017 5856 praecepta
1034 5793 1127 5844 salisb.
1150 5820 1175 5828 —
1196 5794 1236 5842 31.
1255 5793 1334 5854 apello
1352 5793 1392 5842 ΑΒ
1414 5816 1440 5828 -
1460 5791 1501 5840 33.
1519 5788 1772 5852 1111111111]ςῶ-

447 5875 668 5937 astrotoqoramst
691 5899 714 5908 -
740 5872 780 5923 36.
800 5871 952 5920 ἀὲαἱοιίεοΑ
973 5898 998 5907 -
1022 5870 1147 5918 desideras
1164 5882 1233 5918 corr.
1253 5870 1277 5917 in
1296 5868 1429 5917 descrasb
1450 5894 1475 5904 —
1496 5866 1536 5918 37.
1555 5867 1620 5917 enim
1637 5866 1723 5915 omli
1747 5892 1773 5900 —

448 5950 502 6012 aaa
518 5952 619 6010 οήωιω,
638 5948 736 6012 quibus
754 5946 844 5997 verbis
861 5958 920 6012 sup.
934 5946 978 5996 lin.
992 5944 1113 5995 additum
1129 5943 1199 5995 uerbi
1214 5956 1293 5995 caasa
1310 5944 1336 5994 in
1353 5943 1382 5993 B.
