4342 7459
433 1224 476 1291 Ἠ
830 1231 1153 1298 ACADEMICORUM
1175 1230 1357 1296 valentini

437 1439 480 1457 ····
501 1406 589 1491 quod
618 1405 697 1469 mihi
729 1424 860 1488 quoque
889 1402 1018 1477 licebat,
1046 1403 1102 1485 qui
1130 1423 1171 1466 ex
1192 1409 1224 1465 te
1246 1401 1302 1465 illa
1323 1421 1531 1485 cognoveram
1553 1433 1610 1477 -,
1633 1401 1764 1485 negabis

437 1522 507 1566 esse
522 1522 590 1565 rem
603 1500 717 1574 ullam,
740 1519 822 1582 quae
839 1497 1002 1580 cognosci,
1026 1495 1216 1579 conprendi,
1237 1495 1359 1578 percipi
1375 1496 1497 1577 possiti
1519 1496 1609 1569 Vide,
1633 1515 1764 1578 quaeso,

437 1598 532 1659 etiam
558 1601 653 1678 atque
682 1593 777 1657 etiam
805 1612 845 1655 ne
868 1591 993 1655 illarum
1016 1610 1146 1673 quoque
1169 1609 1274 1652 rernm
1299 1589 1579 1671 pulcherrimarum
1601 1608 1620 1652 a
1642 1591 1765 1673 teipso

437 1690 597 1753 minuatur
617 1688 797 1751 auctoritas.
831 1685 921 1761 Quae
943 1706 1015 1748 eum
1032 1684 1165 1747 dixisset
1186 1684 1255 1757 ille,
1279 1680 1372 1746 tinem
1387 1682 1473 1746 tecit.
1509 1680 1560 1745 63.
1575 1683 1765 1748 Hortensius

413 1790 541 1848 eautm
563 1780 769 1845 vehementer
789 1779 949 1843 admirans
969 1778 1112 1861 -quod
1135 1777 1263 1861 quidem
1286 1784 1441 1859 perpetuo
1460 1776 1593 1840 Lucullo
1615 1778 1765 1861 loquente

436 1877 569 1950 fecerat,
590 1883 626 1937 nt
646 1875 741 1937 etiam
765 1893 875 1936 manus
897 1892 993 1953 saepe
1016 1872 1159 1942 tolleret;
1189 1891 1248 1933 nec
1269 1871 1399 1933 mirum:
1426 1891 1499 1934 nam
1522 1892 1694 1955 numquam
1716 1892 1766 1937 nr·

436 1970 538 2032 bitror
559 1977 668 2033 contra
690 1968 889 2031 Academiam
912 1967 1031 2030 dictum
1053 1986 1124 2027 esse
1147 1964 1292 2027 subtilius
1313 1997 1357 2008 —
1378 1983 1429 2026 me
1449 1984 1592 2048 quoqne,
1614 1966 1766 2030 iocansne

437 2083 478 2125 an
507 2064 550 2127 ita
578 2064 719 2126 sentiens
746 2093 789 2108 -
817 2081 881 2123 non
910 2061 994 2122 enim
1022 2060 1097 2121 setis
1129 2057 1351 2139 intellegebam
1372 2090 1431 2132 -,
1464 2060 1570 2139 coepit
1590 2057 1708 2123 hortari
1731 2069 1766 2123 ut

438 2156 596 2220 sententia
625 2155 820 2218 desisterem.
856 2156 935 2216 Tum
960 2152 1038 2215 mihi
1061 2151 1207 2215 Catulos:
1236 2151 1270 2214 si
1297 2159 1343 2224 te,
1370 2152 1490 2234 inquit,
1518 2153 1641 2216 Luculli
1663 2156 1766 2218 oratio

400 2252 542 2325 votlexit,
566 2270 647 2333 quse
669 2256 718 2313 est
738 2248 843 2311 habita
858 2247 1057 2320 memoriter,
1079 2254 1243 2318 accurate,
1266 2245 1410 2329 copiose,
1432 2254 1639 2330 taceoneque
1655 2256 1766 2332 teque

438 2345 557 2418 minus,
586 2343 613 2405 si
644 2342 701 2406 tihi
726 2342 771 2405 ita
792 2342 952 2414 videatur,
981 2339 1171 2402 sententiam
1194 2346 1295 2402 mutes
1318 2338 1541 2402 deterrendum
1562 2350 1658 2424 puto:
1686 2341 1765 2405 illud

438 2458 511 2501 vero
535 2458 597 2501 non
620 2437 816 2509 censuerim,
838 2444 873 2498 ut
895 2437 963 2498 eius
986 2432 1172 2496 auctoritate
1195 2452 1350 2495 moveare.
1385 2434 1519 2495 Tantum
1542 2433 1626 2495 enim
1648 2454 1712 2498 non
1734 2444 1766 2498 te

439 2531 533 2593 modo
556 2530 693 2603 monuit,
715 2530 819 2612 inquit
840 2529 1007 2601 adridens,
1030 2535 1064 2589 ut
1087 2545 1213 2589 caveres
1236 2527 1365 2610 nequis
1382 2527 1765 2611 inprobustribunuspl,

439 2644 573 2707 quorum
596 2622 684 2685 vides
702 2630 820 2705 quanta
842 2623 934 2705 copia
954 2641 1079 2703 semper
1099 2619 1206 2682 futura
1228 2621 1286 2694 sit,
1308 2622 1459 2702 arriperet
1474 2629 1505 2682 te
1519 2628 1552 2683 et
1567 2621 1599 2683 in
1616 2622 1766 2685 contione

402 2730 430 2776 tt
439 2724 624 2802 quaereret,
654 2717 709 2798 qui
733 2715 789 2778 tibi
814 2723 991 2790 constares,
1023 2714 1201 2776 cumidem
1224 2733 1356 2797 negares
1378 2716 1548 2798 quicquam
1571 2715 1649 2777 certi
1672 2734 1766 2797 posse

438 2810 589 2893 reperiri,
612 2810 696 2872 idem
719 2817 749 2873 te
772 2810 954 2891 conperisse
977 2808 1124 2870 dixisses.
1157 2808 1241 2881 Hoc,
1264 2827 1399 2890 quaeso,
1427 2827 1502 2870 cave
1524 2815 1617 2870 nete
1640 2816 1766 2871 terreat.

438 2906 484 2967 De
507 2923 601 2967 causa
624 2912 728 2965 autem
751 2902 822 2984 ipsa
849 2902 955 2964 malim
978 2901 1107 2984 quidem
1130 2909 1161 2964 te
1184 2900 1307 2963 abhoc
1330 2901 1507 2965 dissentire.
1545 2900 1600 2964 Sin
1622 2902 1766 2976 cesseris,

438 3017 502 3061 non
526 3016 638 3079 magno
661 3016 757 3078 opere
779 2996 923 3059 mirabor.
968 2995 1096 3058 Memini
1122 2995 1206 3057 enim
1222 2994 1413 3056 Antiochum
1437 2996 1557 3076 ipsum,
1579 3016 1650 3058 cum
1665 3014 1766 3059 annos

440 3092 556 3154 multos
578 3089 639 3152 alia
661 3090 827 3162 sensisset,
850 3088 944 3151 simul
967 3110 1003 3152 ac
1018 3091 1120 3152 visum
1137 3089 1191 3162 sit,
1215 3088 1371 3152 sententia
1387 3088 1556 3152 destitisse.
1593 3088 1679 3151 Haec
1694 3107 1767 3151 cum

402 3184 572 3247 sodixisset
594 3183 740 3255 Catulus,
765 3203 813 3244 me
837 3203 947 3245 omnes
970 3183 1097 3245 intueri.

524 3276 596 3338 XX.
618 3272 670 3339 dl.
692 3277 773 3338 Tum
796 3296 854 3359 ego
877 3297 941 3339 non
964 3278 1068 3340 minus
1091 3283 1271 3350 conmotus,
1293 3296 1387 3359 quam
1409 3276 1497 3340 soleo
1520 3278 1553 3339 in
1575 3277 1679 3340 causis
1700 3296 1768 3339 ma·

440 3370 578 3444 ioribus,
600 3370 696 3432 huius
719 3369 804 3431 modi
828 3369 965 3453 quadam
988 3371 1129 3432 oratione
1152 3391 1220 3431 sum
1244 3389 1395 3432 exorsus:
1426 3371 1493 3443 lde,
1517 3369 1644 3444 Catule,
1666 3371 1767 3434 oratio

440 3462 563 3526 Luculli
593 3462 633 3524 de
660 3463 728 3545 ipsa
753 3482 788 3525 re
816 3464 861 3525 ita
883 3464 996 3538 movit,
1025 3476 1061 3526 ut
1088 3462 1172 3525 docti
1202 3462 1339 3526 hominis
1362 3472 1394 3526 et
1416 3465 1537 3546 copiosi
1560 3472 1592 3528 et
1613 3464 1713 3549 parati
1736 3470 1769 3527 et

440 3557 521 3620 nihil
544 3557 773 3639 praetereuntis
796 3576 923 3631 eorum,
946 3575 1027 3639 quae
1050 3575 1107 3638 pro
1130 3556 1184 3618 illa
1207 3575 1301 3619 causa
1316 3556 1379 3618 dici
1402 3565 1546 3640 possent,
1569 3577 1633 3620 non
1649 3566 1765 3633 tamen,

403 3658 476 3714 nont
505 3650 533 3712 ei
565 3651 757 3731 respondere
788 3670 881 3733 posse
912 3648 1096 3713 diffiderem.
1143 3651 1321 3712 Auctoritas
1350 3659 1454 3715 autem
1484 3659 1571 3715 tanta
1599 3652 1767 3734 pleneme

441 3744 601 3817 movebat,
631 3743 692 3806 nisi
721 3752 755 3807 tu
778 3746 980 3827 opposuisses
1008 3764 1073 3806 non
1097 3744 1250 3805 minorem
1272 3753 1368 3806 tuam.
1404 3745 1579 3827 Adgrediar
1600 3747 1710 3828 igitur,
1740 3748 1767 3808 si

440 3856 543 3920 pauca
564 3845 638 3899 ante
659 3839 749 3920 quasi
772 3839 812 3900 de
833 3837 915 3901 tama
939 3858 1007 3901 mea
1030 3838 1152 3900 dixero.
1188 3834 1239 3898 65.
1262 3838 1328 3918 Ego
1345 3839 1428 3901 enim
1444 3842 1470 3901 si
1485 3848 1540 3902 eut
1555 3839 1768 3903 ostentatione

441 3931 548 4013 aliqua
577 3930 731 3993 adductus
761 3940 816 3995 aut
845 3933 950 3995 studio
973 3932 1114 3994 certandi
1142 3931 1182 3993 ad
1205 3930 1286 3992 hanc
1309 3932 1507 4013 potissimum
1530 3932 1768 4015 philosophiam

442 4044 493 4085 me
513 4023 684 4107 adplicavi,
708 4046 771 4088 non
794 4028 889 4088 modo
912 4027 1077 4089 stultitiam
1100 4045 1218 4098 meam,
1249 4025 1304 4086 sed
1327 4026 1420 4087 etiam
1443 4045 1545 4087 mores
1569 4034 1601 4088 et
1622 4034 1766 4091 naturam

403 4119 712 4185 escondemnandam
734 4128 821 4200 puto.
858 4122 934 4183 Nam
957 4122 983 4183 si
1007 4121 1038 4181 in
1062 4121 1198 4182 minimis
1217 4119 1311 4180 rebus
1328 4119 1498 4200 pertinacia
1513 4120 1767 4201 reprehenditur,

442 4211 597 4273 calumnia
619 4213 712 4274 etiam
733 4220 910 4287 coercetur,
933 4234 991 4295 ego
1014 4215 1053 4277 de
1076 4213 1162 4276 omni
1186 4221 1269 4275 statu
1287 4213 1486 4295 consilioque
1501 4214 1598 4276 totius
1613 4216 1696 4278 vitae
1713 4225 1769 4280 aut

443 4314 561 4366 certare
584 4325 655 4367 cum
678 4305 749 4368 aliis
772 4309 954 4389 pugnaciter
976 4317 1030 4371 aut
1050 4308 1194 4370 frustrari
1217 4328 1289 4369 cum
1311 4306 1391 4368 alios
1407 4314 1473 4368 tum
1489 4307 1583 4368 etiam
1600 4309 1768 4390 meipsum

442 4398 557 4461 velim?
581 4399 706 4481 ltaque,
730 4401 791 4461 nisi
813 4402 955 4483 ineptum
972 4411 1113 4485 putarem
1129 4403 1161 4464 in
1177 4401 1232 4463 tali
1249 4400 1464 4482 disputatione
1481 4400 1512 4462 id
1528 4399 1645 4475 tacere,
1671 4402 1767 4484 quod,

443 4511 515 4554 cum
537 4492 577 4556 de
598 4512 632 4555 re
654 4493 779 4576 publica
801 4495 1012 4578 disceptatur,
1033 4497 1103 4558 fieri
1124 4495 1282 4558 interdum
1305 4494 1402 4569 solet,
1424 4494 1559 4557 iurarem
1581 4514 1639 4578 per
1659 4496 1766 4560 lovem

509 4801 534 4850 4.
552 4799 659 4861 liquebat
675 4802 691 4851 2
708 4802 786 4852 codd.
805 4804 941 4853 Goerenzii
961 4830 988 4841 -
1009 4806 1033 4853 3.
1053 4804 1129 4853 ollam
1146 4801 1176 4851 V¹
1196 4831 1222 4840 -
1242 4804 1265 4853 3.
1284 4817 1315 4853 oe
1331 4804 1376 4852 itta
1391 4816 1477 4853 rerum
1493 4817 1590 4866 quoque
1604 4818 1690 4854 ranem
1706 4805 1765 4852 V·-

443 4889 540 4938 qooqee
556 4876 575 4925 B
593 4887 662 4925 corr.
682 4889 713 4926 ex
732 4879 797 4938 qood
816 4902 843 4915 -
863 4880 886 4928 6.
905 4893 949 4928 nec
966 4880 986 4929 Β
1004 4893 1040 4929 m.
1059 4881 1074 4928 2
1093 4891 1152 4943 sup.
1172 4877 1214 4928 lin.
1237 4905 1263 4913 -
1284 4880 1323 4928 to.
1342 4884 1446 4927 accrate
1463 4876 1533 4928 A¹V¹
1552 4906 1578 4915 -
1597 4892 1672 4940 quom
1688 4880 1768 4929 inust-

442 4952 485 5002 tibi
503 4948 534 5000 V¹
553 4980 581 4990 -
599 4952 639 5001 ts.
659 4966 708 5000 noo
725 4957 748 5002 te
763 4955 836 5002 modo
853 4956 960 5006 Davies:
987 4961 1010 5005 te
1025 4969 1075 5004 non
1091 4957 1164 5004 modo
1182 4956 1216 5011 (33
1234 4968 1285 5002 ooo
1302 4960 1326 5003 tc
1341 4955 1370 5004 0.
1398 4955 1500 5016 Madvig
1517 4967 1543 5018 p.
1562 4954 1623 5003 46οι
1643 4955 1767 5005 «Scribas

443 5026 548 5089 decepti
565 5040 615 5074 ooo
631 5028 704 5075 modo
721 5027 864 5090 iungebant
881 5042 934 5079 non
945 5029 1078 5086 videntes,
1097 5030 1169 5077 modo
1187 5041 1247 5079 esse
1263 5029 1340 5090 poeto
1353 5035 1422 5090 note,
1441 5029 1586 5092 quodcum
1600 5030 1692 5090 itesit,
1710 5035 1769 5079 tao·

442 5107 495 5151 tum
511 5113 560 5149 noa
578 5102 685 5150 omnino
703 5102 870 5152 retinendum
888 5107 942 5154 est:
960 5106 1137 5167 propemodum
1154 5106 1219 5153 enim
1234 5105 1311 5165 paulo
1328 5109 1385 5153 onte
1402 5110 1425 5153 te
1440 5106 1536 5154 monuit
1552 5107 1618 5161 cet.;
1637 5104 1707 5153 henc
1723 5116 1788 5162 au·x

443 5181 497 5227 tem
521 5176 764 5238 interpretationem
787 5192 849 5229 cum
872 5179 979 5231 Catulus
1000 5179 1147 5229 cavillando
1170 5178 1267 5228 Luculli
1285 5180 1374 5229 verbis
1392 5179 1527 5230 subiceret
1545 5179 1568 5242 (s
1586 5179 1640 5239 63),
1668 5191 1729 5228 cum
1752 5191 1767 5227 a

444 5249 551 5302 Lucullo
573 5250 703 5302 tribunicii
720 5252 847 5303 tumultus
864 5253 934 5303 nulla
953 5256 1051 5312 mentio
1069 5254 1136 5304 tecte
1155 5259 1238 5314 esset,
1263 5253 1419 5317 particulam
1433 5246 1508 5304 niodo
1526 5255 1678 5305 necessario
1694 5254 1769 5304 adie-

444 5327 512 5376 cisse
530 5329 665 5387 apperet.»
692 5326 743 5377 Sed
761 5341 823 5377 cum
841 5326 978 5378 locutionis
995 5335 1093 5379 tontum
1114 5344 1164 5379 noo
1181 5333 1223 5390 (τ-
1238 5327 1331 5395 μόνον
1348 5323 1383 5381 οὐ
1400 5343 1422 5380 s.
1442 5325 1521 5390 cdxli
1539 5343 1591 5380 non
1610 5328 1679 5379 eliud
1697 5329 1767 5392 apud

444 5403 601 5452 Ciceronem
620 5403 704 5451 exstet
722 5402 887 5467 exemplum,
906 5404 966 5453 vide
984 5419 1017 5455 ne
1035 5408 1134 5455 rectius
1146 5406 1292 5465 scribetur,
1311 5407 1339 5454 ut
1351 5400 1439 5455 Chris't
1451 5406 1576 5455 coniecit:
1596 5406 1768 5454 motntnenim

443 5482 466 5526 tc
482 5477 555 5524 modo
571 5477 680 5536 monuit,
699 5478 715 5525 i.
729 5491 754 5526 e.
774 5477 824 5527 hoc
842 5480 943 5527 tentum
956 5479 1027 5537 (nihil
1041 5484 1187 5544 praetereat
1206 5484 1232 5531 te
1250 5480 1328 5545 paulo
1346 5485 1407 5531 ante
1425 5482 1527 5530 monuit
1545 5481 1573 5528 ut
1583 5491 1692 5528 caveres
1703 5482 1766 5539 cet,

444 5549 491 5600 sed
510 5550 561 5600 hoc
578 5550 649 5614 qnod
667 5552 770 5600 monuit
787 5551 845 5602 leve
863 5556 904 5602 est
921 5566 971 5603 nec
988 5552 1096 5617 dignum
1110 5558 1182 5618 quod
1200 5559 1226 5607 te
1241 5560 1348 5607 terreat.
1366 5583 1392 5592 -
1411 5556 1450 5605 43.
1465 5553 1597 5605 oridsnsv
1612 5580 1638 5589 -
1659 5551 1699 5604 44.
1710 5567 1768 5604 con·

444 5626 550 5673 tentione
566 5625 585 5674 B
605 5651 631 5661 -
659 5627 699 5676 46.
716 5628 840 5689 repperio·
855 5629 904 5678 AB
923 5654 950 5664 -
977 5642 1039 5679 coos
1055 5644 1108 5680 om.
1129 5631 1148 5680 Ε
1169 5660 1194 5668 -
1220 5633 1259 5682 tl.
1278 5635 1359 5694 ipsam
1375 5631 1404 5682 43Ι
1424 5659 1449 5669 -
1472 5633 1584 5695 equidem
1600 5631 1719 5679 Goerenz
1738 5656 1765 5667 -

445 5700 486 5748 48.
503 5712 654 5763 magnopere
677 5703 726 5751 AB
754 5729 780 5738 -
807 5702 965 5752 anthiochum
981 5705 999 5752 A
1022 5729 1049 5739 —
1078 5705 1118 5754 49.
1136 5706 1190 5755 otto
1212 5707 1248 5756 C:
1276 5708 1339 5756 totio
1360 5708 1403 5756 r0
1429 5732 1455 5742 -
1483 5705 1572 5757 malim
1587 5707 1667 5756 uisum
1683 5710 1718 5756 cst
1736 5732 1764 5744 -

444 5775 485 5823 22.
504 5777 631 5837 quondum
647 5778 785 5826 mathaeo
801 5778 821 5827 0
839 5791 900 5828 cum
919 5778 1009 5829 Lemb.
1030 5806 1057 5815 -
1076 5781 1166 5830 cotutte
1181 5785 1202 5831 A
1221 5806 1248 5817 -
1275 5782 1317 5832 so.
1335 5782 1478 5844 responderi
1493 5783 1603 5840 Devies,
1620 5781 1767 5844 respondere

444 5863 484 5898 ms
501 5850 606 5911 Lamb.;
630 5854 657 5901 at
672 5864 698 5901 v.
716 5852 826 5914 iladvig.
845 5854 870 5912 l,
890 5852 945 5903 itt.
966 5879 993 5888 -
1017 5854 1056 5905 34.
1075 5868 1121 5919 eqo
1136 5856 1181 5906 Ai:
1204 5870 1264 5920 crgo
1281 5857 1300 5907 C
1320 5882 1347 5893 -
1374 5857 1414 5908 32.
1433 5862 1485 5908 tam
1500 5858 1564 5907 otios
1579 5856 1612 5905 V²
1629 5881 1656 5893 -
1674 5858 1763 5919 ipsias.

445 5925 530 5987 itaque
544 5928 619 5980 celim
636 5928 655 5981 C
673 5954 706 5966 -
722 5928 763 5978 33.
777 5934 906 5992 putaram
924 5931 1043 5992 quernis
1060 5936 1077 5982 t.
1096 5933 1120 5983 d.
1139 5931 1166 5980 id
1179 5932 1288 5995 {merem
1305 5930 1397 5984 hamb.
