4342 7459
269 1195 272 1203 ’
363 1307 370 1321 ,
441 1236 483 1304 ec
839 1230 1162 1301 ausuumconuu
1182 1230 1362 1297 amorum

443 1406 550 1485 Quid?
571 1426 642 1471 eum
662 1404 793 1488 virginis
813 1401 908 1484 fidem
928 1404 1091 1488 implorat:

526 1502 595 1565 ller
619 1501 667 1565 mi
700 1498 899 1565 auxilium:
930 1506 1075 1582 pestem
1102 1497 1210 1581 abige
1236 1515 1256 1559 a
1281 1515 1350 1571 me,
1382 1491 1643 1558 flammiferam
1666 1491 1762 1558 hanc

609 1595 698 1670 vim,
719 1613 812 1678 quae
834 1613 888 1657 me
910 1592 1122 1657 excruciatl

528 1688 709 1756 Caerulea
732 1687 922 1751 incinctae
948 1685 1061 1769 angui
1087 1683 1289 1749 incedunt:
1322 1682 1570 1747 circumstant
1595 1701 1677 1747 cum
1702 1701 1763 1746 ar·

418 1794 434 1839 ⁸
611 1782 786 1847 dentibus
808 1779 950 1844 taedist

440 1899 518 1945 num
538 1877 663 1943 dubitas
684 1875 763 1961 quin
783 1874 844 1939 sibi
865 1874 943 1938 haec
963 1872 1073 1937 ridere
1093 1872 1260 1936 videatur?
1292 1872 1435 1954 Itemque
1457 1876 1581 1935 cetera:

778 1967 946 2033 lntendit
967 1968 1130 2031 crinitus
1151 1965 1286 2051 Apollo

778 2061 911 2126 Arcum
933 2068 1101 2124 auratum
1123 2061 1214 2132 luna
1237 2060 1412 2137 innixus3

777 2156 899 2220 Diana
919 2154 1038 2219 facem
1061 2155 1156 2218 iacit
1176 2174 1195 2218 a
1215 2152 1333 2218 laeva.
1702 2197 1705 2201 v

405 2265 433 2313 to
441 2252 493 2319 90.
516 2256 578 2332 Qui
599 2254 700 2337 magis
717 2253 797 2317 lraec
811 2249 962 2323 crederet,
984 2250 1012 2312 si
1026 2255 1147 2322 essent,
1169 2266 1264 2331 quam
1280 2247 1442 2323 credebat,
1465 2248 1542 2333 quia
1554 2245 1763 2312 videbantur?

440 2353 580 2434 Apparet
600 2350 686 2414 enim
708 2348 772 2410 iam
795 2364 867 2407 ocor
888 2363 960 2406 cum
975 2343 1075 2406 oculis
1092 2342 1301 2405 consentire».
1338 2340 1452 2405 Omnia
1464 2350 1569 2407 autem
1591 2342 1670 2407 lraec
1690 2362 1764 2425 pro·

439 2444 601 2521 feruntur,
622 2440 759 2507 utillud
781 2438 951 2512 efficiatur,
973 2457 1037 2522 quo
1060 2438 1177 2499 certius
1191 2435 1271 2498 nihil
1289 2443 1492 2518 potestesse,
1514 2438 1596 2499 inter
1608 2437 1676 2501 visa
1689 2455 1764 2500 vera
1829 2503 1831 2507 .

441 2544 474 2601 et
493 2536 573 2600 falsa
593 2536 634 2600 ad
656 2533 754 2600 animi
775 2532 943 2596 adsensum
966 2529 1046 2593 nihil
1068 2531 1231 2593 interesse.
1265 2529 1331 2592 Vos
1347 2535 1452 2593 autem
1469 2530 1548 2593 nihil
1563 2531 1669 2613 agitis,
1691 2552 1762 2595 cum

440 2630 496 2695 illa
516 2629 597 2695 falsa
618 2628 669 2693 vel
690 2627 882 2692 furiosorum
896 2624 947 2687 vel
970 2624 1195 2688 somniantium
1215 2623 1436 2686 recordatione
1456 2624 1596 2707 ipsorum
1610 2623 1763 2688 refellitis.

403 2731 432 2780 44
440 2724 511 2787 Non
533 2724 617 2786 enim
638 2721 672 2785 id
694 2721 872 2805 quaeritur,
895 2717 997 2803 qualis
1019 2716 1198 2780 recordatio
1219 2714 1288 2780 fieri
1310 2716 1411 2779 soleat
1431 2736 1556 2794 eorum,
1579 2718 1633 2802 qui
1651 2738 1764 2802 exper-

440 2816 519 2880 recti
540 2816 619 2890 sint,
641 2823 697 2880 aut
717 2833 842 2886 eorum,
864 2811 921 2896 qui
942 2811 1048 2875 furere
1070 2811 1264 2885 destiterint,
1290 2809 1346 2874 sed
1369 2810 1472 2894 qualis
1492 2812 1573 2875 risio
1594 2811 1691 2876 fuerit
1710 2820 1765 2876 aut

440 2910 614 2975 furentium
636 2917 690 2973 aut
711 2906 935 2973 somniantium
958 2911 1038 2981 tum,
1061 2926 1132 2968 cum
1154 2903 1369 2969 movebantur.
1402 2904 1464 2968 Sed
1482 2906 1563 2970 abeo
1577 2925 1597 2969 a
1610 2906 1764 2970 sensibus.

524 2999 576 3068 94.
599 3003 684 3081 Quid
706 2998 856 3085 estquod
877 3000 999 3063 ratione
1014 3000 1135 3082 percipi
1149 3000 1273 3085 possitt
1304 2999 1506 3063 Dialecticam
1519 3002 1678 3065 inventam
1693 3020 1765 3065 esse

441 3099 557 3175 dicitis,
577 3099 644 3163 veri
666 3104 697 3162 et
717 3094 791 3158 falsi
813 3095 905 3177 quasi
926 3092 1177 3177 disceptatricem
1200 3102 1233 3157 et
1252 3093 1398 3157 iudicem.
1432 3093 1530 3157 Cuius
1544 3094 1611 3157 veri
1625 3094 1764 3159 etfalsit

401 3202 473 3259 soet
493 3195 528 3258 in
548 3213 612 3277 qua
631 3195 690 3256 ret
723 3191 759 3252 ln
781 3188 995 3270 geometriane
1010 3186 1088 3270 quid
1107 3187 1149 3250 sit
1162 3208 1272 3252 venam
1285 3197 1339 3251 aut
1352 3187 1467 3252 falsum
1483 3188 1667 3281 dialecticus
1681 3188 1764 3251 iudi-

442 3288 526 3352 cabit
546 3307 587 3351 en
608 3286 642 3349 in
664 3283 777 3349 litteris
792 3301 832 3345 an
847 3283 881 3345 in
896 3282 1046 3345 musicisl
1068 3283 1109 3343 at
1124 3301 1161 3345 ea
1174 3301 1240 3344 non
1255 3283 1352 3346 novit.
1378 3282 1415 3344 ln
1428 3283 1634 3367 philosophia
1646 3282 1763 3365 igitur?

442 3381 498 3447 Sol
516 3388 654 3466 quantus
668 3379 720 3453 sit,
741 3375 819 3460 quid
841 3376 882 3438 ad
903 3375 1016 3439 illumi
1048 3375 1143 3450 Quod
1165 3376 1205 3439 sit
1220 3395 1377 3439 summum
1392 3376 1511 3440 bonum
1526 3376 1603 3461 quid
1616 3377 1712 3441 habet
1727 3383 1764 3439 ut

442 3482 540 3560 queat
554 3472 716 3537 iudicaret
739 3469 825 3545 Quid
837 3469 933 3551 igitur
945 3468 1117 3532 iudicabit?
1132 3487 1215 3552 quae
1228 3468 1416 3545 coniunctio,
1429 3490 1512 3554 quae
1523 3470 1678 3535 diiunctio
1689 3490 1764 3534 vera

442 3571 499 3644 sit,
521 3565 599 3652 quid
614 3564 760 3647 ambigue
775 3562 894 3625 dictum
908 3562 965 3637 sit,
980 3563 1056 3646 quid
1071 3570 1222 3645 sequatur
1237 3582 1396 3647 quamue
1409 3583 1486 3639 rem,
1507 3565 1586 3649 quid
1599 3571 1763 3650 repugnet.

403 3661 477 3725 esi
491 3660 570 3724 haec
584 3666 617 3723 et
637 3657 748 3721 horum
770 3655 887 3719 similia
906 3654 1037 3731 iudicat,
1058 3656 1099 3720 de
1121 3657 1246 3739 seipsa
1268 3656 1396 3721 iudicat
1424 3658 1498 3722 Plus
1513 3666 1619 3724 autem
1632 3659 1764 3744 pollice·

441 3756 544 3818 batur.
573 3754 653 3817 llam
672 3750 752 3816 lraec
773 3750 902 3834 quidem
924 3750 1065 3815 iudicare
1086 3749 1127 3814 ad
1143 3758 1265 3814 ceteras
1286 3770 1348 3823 res,
1371 3771 1452 3835 quae
1474 3760 1549 3816 sunt
1569 3753 1602 3815 iu
1622 3752 1764 3835 philoso-

441 3848 519 3932 phia
539 3846 658 3910 multae
679 3852 775 3929 atque
796 3862 947 3927 magnae,
969 3865 1036 3908 non
1057 3852 1107 3908 est
1127 3845 1214 3908 satis.
1254 3840 1306 3907 92.
1329 3845 1392 3908 Sed
1414 3846 1566 3929 quoniam
1586 3853 1710 3911 tantum
1730 3847 1764 3910 in

443 3962 481 4008 ea
495 3948 561 4006 arte
582 3940 714 4023 ponitis,
736 3935 841 4002 videte
862 3957 903 4001 ne
924 3945 1035 4001 contra
1048 3958 1107 4001 vos
1128 3946 1194 4003 tota
1214 3947 1287 4003 nata
1301 3939 1359 4003 sits
1381 3960 1464 4024 quae
1478 3943 1581 4024 primo
1595 3962 1763 4028 progressu

440 4037 553 4101 festive
581 4032 677 4097 tradit
704 4033 862 4096 elementa
888 4031 1040 4116 loquendi
1071 4041 1104 4096 et
1124 4032 1343 4117 ambiguorum
1364 4034 1613 4117 intellegentiam
1635 4035 1764 4101 conclu·

403 4129 604 4213 sodendique
625 4128 795 4202 rationem,
824 4133 890 4188 tum
912 4127 1023 4209 paucis
1044 4127 1160 4191 additis
1182 4128 1269 4192 venit
1289 4126 1328 4190 ad
1350 4130 1480 4205 soritas,
1510 4130 1666 4196 lubricum
1687 4154 1764 4199 sane

442 4231 474 4288 et
494 4221 707 4309 periculosum
728 4220 848 4294 locum,
871 4220 959 4303 quod
981 4229 1015 4284 tu
1037 4219 1133 4284 modo
1156 4219 1283 4285 dicebas
1299 4242 1369 4285 esse
1383 4224 1531 4288 vitiosum
1548 4226 1764 4313 interrogandi

441 4337 551 4401 genus.
593 4314 712 4378 XXIX.
735 4312 821 4389 Quid
850 4317 948 4397 ergo?
981 4314 1073 4378 istius
1102 4314 1171 4379 vitii
1197 4334 1280 4379 num·
1295 4324 1404 4380 nostra
1426 4318 1517 4403 culpa
1539 4323 1611 4384 estt
1647 4321 1764 4386 Rerum

439 4417 553 4475 natura
581 4406 701 4471 nullam
730 4406 824 4470 nobis
852 4404 941 4470 dedit
969 4408 1185 4490 cognitionem
1212 4408 1339 4484 finium,
1368 4418 1405 4474 ut
1425 4412 1492 4476 ulla
1513 4413 1547 4476 in
1566 4433 1602 4477 re
1624 4422 1764 4481 statuere

440 4503 616 4588 possimus,
646 4506 818 4585 quatenus3
844 4519 904 4563 nec
925 4499 987 4564 lroc
1008 4501 1042 4564 iu
1063 4522 1177 4567 acervo
1199 4503 1296 4566 tritici
1317 4504 1432 4580 solum,
1457 4504 1544 4569 unde
1565 4526 1684 4572 nomen
1705 4514 1764 4583 est,

403 4597 497 4662 sosed
519 4595 607 4660 nulla
629 4594 758 4660 omuino
779 4594 812 4657 in
833 4613 868 4657 re
890 4595 1066 4659 minutatim
1087 4596 1271 4680 interrogati
1295 4597 1401 4661 odires
1423 4619 1561 4684 pauper,
1584 4601 1687 4666 clarus
1709 4600 1765 4666 ob·

440 4710 551 4755 scurus
566 4690 616 4765 sit,
637 4688 736 4752 multa
750 4706 862 4771 pauca,
880 4708 994 4771 magna
1009 4707 1120 4772 parva,
1142 4689 1237 4774 longa
1251 4690 1369 4767 brevia,
1390 4692 1453 4756 lata
1466 4701 1628 4778 angustam
1645 4700 1765 4778 quanto

440 4790 496 4850 aut
515 4780 624 4848 addito
645 4787 701 4846 aut
722 4780 851 4865 dempto
873 4790 994 4846 certum
1013 4781 1264 4866 respondeamus
1286 4778 1376 4869 [non]
1404 4785 1567 4851 habemus.
1587 4818 1631 4835 -
1651 4781 1703 4850 93.
1725 4790 1767 4850 At

439 4877 548 4943 vitiosi
569 4881 643 4940 sunt
664 4876 790 4941 soritae.
813 4908 852 4923 -
874 4876 1022 4958 Frangite
1044 4876 1142 4958 igitur
1162 4896 1232 4952 eos,
1258 4877 1286 4940 si
1306 4880 1454 4960 potestis,
1476 4899 1517 4943 ne
1538 4880 1664 4947 molesti
1684 4881 1765 4959 sint3

505 5083 531 5133 2.
548 5081 610 5133 mitt
626 5082 660 5143 Ε,
677 5081 751 5131 modo
767 5081 789 5130 G
805 5106 839 5118 -
854 5077 879 5130 l.
898 5079 1014 5130 caeruleo
1029 5079 1061 5142 V,
1078 5081 1109 5130 ut
1124 5078 1245 5141 videtur,
1263 5082 1290 5131 et
1307 5082 1439 5132 Goerenz:
1457 5083 1588 5135 comosa
1603 5086 1688 5149 ΑΒι,
1706 5098 1765 5139 cos-

440 5157 510 5209 rateo
527 5153 656 5208 Columna
673 5154 708 5205 ed
724 5154 818 5219 fragm.
831 5154 906 5205 Ennii
922 5169 949 5220 p.
962 5153 1020 5207 984.
1031 5180 1065 5192 -
1082 5156 1160 5219 angat
1172 5152 1314 5205 Columna:
1332 5157 1385 5221 ipsi
1397 5157 1416 5208 C
1429 5183 1458 5194 -
1477 5157 1501 5208 5.
1518 5160 1612 5212 eoos.
1623 5186 1652 5197 -
1670 5161 1696 5213 9.
1708 5161 1766 5213 lum

440 5235 462 5286 Α
482 5260 509 5271 -
527 5233 568 5283 40.
585 5230 716 5283 medebam
738 5232 759 5281 Α
781 5256 810 5268 -
837 5230 877 5281 lt.
895 5226 1043 5282 corcrenv¹
1060 5256 1088 5268 -
1117 5231 1157 5283 46.
1175 5236 1233 5282 tuot
1253 5233 1319 5292 AB3
1346 5233 1714 5288 eorumconsectaria.
1734 5262 1762 5274 ·-

441 5328 481 5379 t'l.
499 5331 553 5376 tom
568 5339 625 5375 man
640 5324 803 5376 moestae
815 5324 922 5389 scripsi:
941 5330 994 5375 tren
1004 5324 1268 5386 mmmouetoetur03
1286 5332 1536 5380 tmnmencommoo.
1549 5328 1611 5382 edd.
1624 5355 1653 5367 -
1671 5331 1712 5382 48.
1727 5308 1764 5382 ὀἶ

440 5402 483 5452 sed
498 5401 579 5452 dicitis
594 5401 624 5451 B¹
643 5427 671 5438 -
694 5399 735 5451 49.
753 5398 826 5460 qums
842 5399 901 5449 dise.
914 5400 1016 5451 --oert
1030 5405 1054 5450 et
1068 5400 1128 5462 folet
1143 5400 1167 5449 V
1184 5401 1210 5450 in
1232 5413 1316 5465 marg.
1334 5400 1456 5467 suppleta
1472 5402 1556 5454 habet
1573 5429 1601 5441 -
1619 5405 1692 5467 quod
1708 5416 1763 5456 om.

441 5477 507 5528 E·
526 5478 618 5540 decept.
636 5476 667 5528 ΑΙ
686 5502 714 5513 -
736 5475 779 5526 tt.
796 5479 820 5525 et
836 5473 871 5539 tn]
887 5475 914 5524 ιἰι
930 5474 954 5523 V
972 5500 999 5511 -
1021 5477 1170 5540 geomortne
1187 5473 1219 5526 v¹
1237 5502 1264 5515 -
1288 5479 1442 5529 αιάὼιιιιαιι
1456 5479 1488 5543 V,
1506 5479 1616 5531 tectim
1631 5479 1675 5542 13¹,
1697 5481 1766 5531 tectis

440 5553 565 5604 eel-
584 5553 625 5604 it.
644 5551 678 5601 od
694 5551 766 5601 eolt¹
785 5577 812 5587 -
830 5550 871 5599 22.
890 5550 956 5612 guod
971 5551 1146 5603 4441949-
1165 5552 1284 5616 lapsos
1300 5554 1418 5605 diiunctio
1434 5557 1479 5606 As:
1498 5568 1563 5619 paee
1578 5556 1709 5606 dumeto
1726 5557 1766 5618 (oe

442 5628 501 5678 etis
512 5640 546 5679 ex
557 5628 637 5689 corr.)
649 5627 680 5687 Β,
697 5638 762 5687 qaae
777 5625 946 5675 decoetmrctto
961 5626 1007 5686 Αἱ,
1025 5641 1076 5689 poe
1092 5627 1118 5677 ld
1134 5640 1148 5677 e
1163 5628 1334 5679 emtoccttov
1347 5656 1374 5667 -
1392 5629 1434 5682 24.
1446 5631 1478 5680 stt
1494 5642 1553 5695 sup.
1565 5628 1610 5682 lln.
1621 5630 1645 5682 Α
1657 5656 1686 5669 -
1704 5630 1765 5692 qetd

440 5707 562 5765 reprom
578 5700 641 5752 edd.
659 5713 721 5751 cum
738 5700 812 5763 signo
829 5699 1008 5764 interrogandi
1025 5727 1053 5739 -
1072 5703 1113 5754 28.
1129 5715 1264 5767 procreem
1278 5701 1309 5754 1³¹
1320 5729 1348 5739 -
1367 5704 1408 5755 30.
1426 5705 1486 5755 dant
1501 5699 1575 5755 1³¹-
1591 5710 1674 5755 tortos
1687 5701 1722 5755 V¹
1734 5728 1762 5741 -

441 5772 482 5824 34.
500 5774 590 5826 acerbo
606 5774 668 5826 ΑΝ
686 5800 714 5810 -
733 5774 774 5825 344.
792 5775 835 5825 sed
849 5774 903 5825 allo
918 5776 1064 5835 Manutius;
1082 5780 1111 5827 et
1126 5779 1213 5842 potius
1228 5791 1279 5829 noe
1292 5791 1319 5830 v.
1331 5778 1372 5840 33,
1390 5782 1420 5829 ut
1436 5779 1525 5831 Glrrlst
1539 5779 1651 5842 monuit,
1669 5777 1764 5830 delen·

442 5845 575 5900 domest.
595 5875 622 5885 -
640 5849 771 5915 lawropo
786 5849 848 5902 add.
866 5850 886 5901 ti
901 5862 961 5916 sup.
978 5848 1023 5904 lln.
1035 5854 1070 5915 A,
1088 5853 1254 5919 interroganti
1270 5854 1291 5903 G
1308 5879 1336 5891 -·
1355 5854 1396 5905 37.
1413 5854 1448 5906 od
1463 5851 1494 5906 Β·
1506 5878 1535 5894 ··
1552 5852 1715 5920 simmae
1730 5853 1762 5915 A,

440 5921 536 5987 [mode
550 5925 580 5975 B.
