4342 7459
437 1230 500 1296 482
928 1234 982 1297 DE
1004 1232 1269 1297 DIVINATIONE

439 1393 579 1457 mortalis
601 1395 702 1477 possit
723 1392 884 1456 accedere.
919 1394 1029 1475 ltaque
1051 1391 1170 1454 utalia
1192 1412 1250 1454 nos
1272 1390 1387 1454 melius
1409 1390 1507 1455 multa
1529 1410 1624 1476 qnam
1646 1391 1770 1469 Graeci,

440 1489 485 1551 sic
510 1488 585 1552 hnic
618 1487 907 1569 praestantissimae
936 1489 982 1549 rei
1010 1506 1126 1549 nomen
1154 1486 1254 1548 nostri
1284 1506 1303 1548 a
1330 1485 1431 1560 divis,
1461 1486 1585 1563 Graeci,
1616 1494 1652 1551 ut
1680 1483 1771 1552 Plato

438 1582 677 1666 interpretatur,
706 1602 724 1645 a
751 1581 859 1645 furore
885 1582 1056 1644 duxerunt.
1099 1577 1436 1663 alienissimum
1460 1581 1578 1644 nullam
1601 1581 1695 1647 video
1717 1602 1771 1645 ne·

440 1696 502 1759 que
524 1685 586 1740 tam
608 1677 779 1738 humanam
801 1683 895 1759 atque
918 1673 1052 1749 doctam,
1075 1694 1180 1757 neque
1195 1682 1259 1736 tam
1275 1675 1435 1738 inmanem
1451 1682 1578 1759 tamque
1593 1675 1772 1752 barbaram,

416 1789 521 1852 aquae
551 1789 613 1831 non
639 1767 810 1852 significari
836 1769 942 1832 futura
968 1776 1000 1831 et
1026 1789 1044 1831 a
1074 1766 1261 1851 quibusdam
1283 1768 1425 1851 intellegi
1447 1769 1655 1854 praedicique
1677 1788 1773 1854 posse

438 1870 574 1925 censeat
607 1864 767 1945 Principio
789 1863 927 1947 Assyrii,
948 1870 983 1925 ut
1005 1862 1044 1925 ab
1066 1862 1195 1925 ultumis
1218 1863 1437 1927 auctoritatem
1459 1872 1618 1947 repetem,
1640 1871 1774 1946 propter

438 1955 602 2037 planitiam
624 1957 938 2041 magnitudinemque
960 1957 1141 2039 regionum,
1164 1978 1244 2040 quas
1265 1958 1464 2033 incolebant,
1492 1978 1563 2022 cunr
1586 1957 1709 2021 caelum
1732 1977 1773 2021 ex

439 2049 524 2112 omni
557 2059 646 2134 parte
676 2059 787 2134 patens
816 2059 913 2134 atquc
947 2057 1093 2131 apertum
1122 2051 1335 2128 intuerentur,
1365 2053 1570 2116 traiectIones
1600 2059 1772 2135 motusque

438 2144 599 2207 stellarum
622 2145 908 2218 obserritaverunt,
931 2143 1047 2226 quibus
1062 2145 1198 2218 notatis,
1220 2146 1297 2229 quid
1313 2147 1428 2230 cuique
1443 2146 1683 2229 significaretur,
1706 2165 1772 2208 me·

399 2260 429 2307 to
439 2239 557 2302 moriae
572 2238 793 2322 prodiderunt.
828 2239 900 2314 Qua
915 2237 948 2299 in
964 2238 1093 2300 natione
1111 2238 1271 2314 Chaldaei,
1294 2261 1358 2303 non
1375 2261 1416 2303 ex
1430 2240 1519 2314 artis,
1541 2239 1596 2303 sed
1611 2259 1653 2302 ex
1669 2239 1772 2323 gentis

437 2329 591 2396 vocabulo
621 2333 791 2408 nominati,
821 2331 969 2395 diuturna
1002 2332 1224 2396 observatione
1257 2333 1396 2398 siderum
1429 2334 1594 2398 scientiam
1622 2341 1774 2416 putantur

438 2426 596 2501 effecisse,
621 2434 657 2489 nt
677 2427 814 2510 praedici
836 2433 943 2509 posset
964 2423 1041 2505 quid
1064 2427 1181 2510 cuique
1204 2437 1390 2492 eventurum
1414 2436 1445 2492 et
1466 2448 1530 2511 qno
1547 2428 1686 2512 quisque
1706 2428 1772 2492 Isto

438 2528 531 2583 natns
558 2528 652 2584 esset.
692 2520 832 2583 Eandem
858 2528 958 2583 artem
981 2518 1077 2581 etiam
1101 2520 1245 2607 Aegyptii
1267 2522 1501 2606 longinquitate
1523 2528 1702 2604 temporum
1724 2522 1774 2585 in·

437 2614 689 2677 numerabilibus
710 2634 811 2698 paene
833 2614 967 2678 saeculis
990 2616 1152 2677 consecuti
1175 2623 1334 2697 putantur.
1372 2616 1506 2679 Cilicum
1521 2625 1628 2681 autem
1644 2625 1677 2681 et
1695 2616 1774 2681 Pisi·

399 2707 549 2775 tedarum
576 2728 654 2790 gens
682 2717 715 2771 et
742 2708 792 2772 his
820 2706 963 2772 finituma
988 2708 1190 2792 Pamphylia,
1221 2710 1337 2794 quibus
1367 2710 1550 2773 nationibus
1578 2710 1774 2794 praefuimus

437 2802 516 2885 ipsi,
544 2802 701 2866 volatibus
730 2802 836 2867 avium
865 2805 1089 2887 cantibusque,
1117 2812 1150 2865 ut
1179 2804 1362 2867 certissimis
1391 2805 1505 2888 signis,
1539 2804 1694 2871 declarari
1722 2824 1774 2873 res

437 2895 560 2960 futuras
587 2904 710 2979 putant.
753 2893 783 2960 3.
808 2898 910 2973 Quam
933 2919 1007 2963 vero
1030 2897 1164 2960 Graecia
1185 2898 1342 2961 coloniam
1365 2900 1450 2962 misit
1478 2899 1511 2961 in
1533 2897 1695 2973 Aeoliam,
1723 2898 1775 2962 Io·

437 2990 540 3064 niani,
561 2990 682 3065 Asiam,
706 2991 859 3067 Siciliam,
882 2993 1003 3056 ltaliam
1027 2994 1095 3056 sine
1118 2992 1231 3074 Pythio
1254 3001 1306 3056 aut
1327 2992 1501 3057 Dodonaeo
1518 2999 1572 3054 aut
1586 2991 1776 3056 Ilammouis

438 3083 590 3148 oraculot
612 3093 668 3147 aut
689 3084 775 3168 qnod
796 3086 915 3149 bellum
937 3094 1119 3169 susceptum
1141 3086 1180 3147 ab
1203 3105 1240 3148 ea
1263 3087 1332 3150 sine
1354 3088 1488 3150 consilio
1513 3085 1644 3150 deorum
1668 3089 1742 3151 esti

400 3199 431 3246 ao
522 3178 561 3240 11.
584 3180 649 3242 Nec
671 3201 767 3243 unum
791 3200 891 3264 genus
913 3189 961 3245 est
974 3180 1181 3244 divinationis
1205 3182 1329 3263 publice
1344 3183 1556 3266 privatimque
1571 3180 1773 3244 celebratum.

438 3275 534 3348 Nam,
555 3282 591 3336 ut
612 3275 753 3337 omittam
776 3283 898 3339 ceteros
919 3275 1072 3359 populos,
1094 3283 1202 3338 noster
1224 3296 1319 3359 qnam
1341 3275 1440 3339 multa
1463 3294 1579 3360 genera
1598 3274 1772 3357 conplexus

439 3368 509 3431 esti
547 3366 705 3451 Principio
727 3368 822 3431 huius
845 3370 932 3433 urbis
954 3388 1069 3453 parens
1091 3369 1242 3433 Ilomulus
1264 3390 1329 3433 non
1352 3371 1457 3434 solum
1478 3367 1772 3453 auspicato-urbem

440 3462 634 3538 condidisse,
657 3462 713 3525 sed
736 3464 804 3545 ipse
826 3463 920 3526 etiam
938 3470 1088 3547 optumus
1109 3482 1211 3546 augur
1234 3463 1331 3528 fuisse
1355 3464 1497 3528 traditur.
1528 3461 1653 3527 Deinde
1675 3482 1773 3547 augn-

438 3558 526 3620 ribus
549 3565 582 3620 et
602 3555 718 3640 reliqui
739 3576 832 3640 reges
853 3557 920 3631 usi,
943 3566 975 3620 et
996 3558 1116 3620 exactis
1138 3557 1265 3641 regibus
1288 3557 1366 3620 nihil
1390 3557 1518 3640 publice
1533 3556 1603 3620 sine
1621 3556 1772 3639 auspiciis

401 3666 499 3715 nnec
522 3650 607 3714 domi
636 3670 695 3713 nec
722 3649 856 3713 militiae
877 3651 1056 3732 gerebatur.
1094 3650 1236 3734 Cumque
1259 3671 1371 3734 magna
1393 3652 1441 3715 vis
1464 3652 1628 3714 videretur
1647 3668 1720 3714 esse
1741 3655 1774 3712 st

439 3744 647 3829 inpetriendis
674 3743 943 3827 consulendisque
971 3745 1066 3807 rebus
1093 3752 1124 3807 et
1152 3745 1300 3808 monstris
1329 3745 1573 3829 interpretandis
1595 3764 1632 3807 sc
1657 3763 1773 3828 procu·

440 3839 548 3904 randis
576 3838 610 3900 in
637 3837 841 3922 haruspicum
863 3838 1044 3921 disciplina,
1067 3858 1194 3902 omnem
1216 3839 1299 3902 hanc
1320 3859 1361 3902 ex
1382 3838 1508 3902 Etruria
1530 3837 1694 3903 scientiam
1718 3838 1774 3902 ad·

439 3934 606 4008 bibebant,
629 3952 669 3995 ne
692 3952 792 4014 genus
814 3940 897 3995 esset
919 3932 1018 3996 ullum
1040 3932 1245 3997 divinationis
1260 3933 1345 4017 quod
1369 3934 1547 4015 neglectum
1571 3933 1610 3996 ab
1632 3932 1672 4020 iis
1687 3931 1773 3996 vide·

441 4039 538 4093 retur.
571 4024 601 4091 l.
623 4028 756 4090 Etcum
778 4025 902 4090 duobus
924 4025 1026 4090 modis
1048 4027 1146 4089 animi
1170 4028 1239 4090 sIne
1262 4029 1383 4091 ratione
1408 4035 1440 4091 et
1459 4027 1592 4090 scientia
1607 4034 1696 4092 motu
1712 4025 1773 4112 ipsi

404 4144 501 4193 meno
524 4123 628 4186 soluto
651 4129 682 4184 et
703 4120 803 4182 libero
826 4121 1046 4195 incitarentur,
1069 4141 1134 4183 uno
1157 4121 1295 4191 furente,
1319 4123 1418 4185 altero
1441 4123 1634 4197 somniante,
1656 4120 1773 4185 furoris

443 4217 670 4281 divinationem
695 4214 857 4298 Sibyllinis
880 4216 1017 4277 maxime
1034 4216 1178 4279 versibus
1202 4218 1357 4280 contineri
1380 4217 1519 4279 arbitrati
1537 4235 1646 4279 eorum
1662 4215 1772 4278 decem

442 4314 628 4395 interpretes
650 4308 791 4372 delectos
814 4311 972 4372 ecivitatc
996 4330 1066 4372 esse
1090 4310 1265 4371 voluerunt.
1303 4314 1352 4373 Ex
1374 4332 1439 4394 quo
1462 4330 1579 4393 genere
1601 4328 1696 4392 saepe
1718 4308 1773 4371 ha·

442 4406 595 4468 riolorum
626 4405 718 4466 etiam
749 4412 781 4466 et
808 4413 913 4467 vatum
942 4401 1129 4467 furibundas
1154 4405 1403 4486 praedictiones,
1433 4415 1469 4468 nt
1491 4404 1667 4468 Octaviano
1688 4403 1773 4466 bello

444 4499 570 4563 Corneli
600 4499 750 4574 Culleoli,
778 4499 951 4562 audiendas
981 4505 1181 4581 putaverunt.
1222 4500 1286 4563 Nec
1314 4522 1391 4564 vero
1418 4499 1540 4563 somnia
1562 4498 1720 4580 graviora,
1747 4497 1773 4559 si

404 4611 434 4659 as
444 4613 526 4676 quae
540 4593 580 4656 ad
595 4613 661 4656 rem
677 4593 834 4677 publicam
850 4596 1008 4677 pertinere
1023 4594 1091 4656 visa
1106 4600 1189 4666 sunt,
1205 4613 1223 4655 a
1239 4615 1361 4658 summo
1378 4594 1514 4658 consilio
1528 4591 1673 4676 neglecta
1689 4598 1773 4654 sunt.

510 4815 534 4864 4.
552 4814 654 4863 metui
671 4815 705 4875 C,
724 4812 772 4864 sed
790 4815 816 4865 in
833 4818 855 4864 A
871 4815 881 4863 i
897 4828 957 4878 sup.
970 4813 1016 4866 lin.
1033 4842 1058 4852 -
1077 4817 1102 4864 4.
1114 4813 1400 4878 praestootissimeAll,
1414 4824 1481 4874 quas
1493 4809 1617 4873 vulgares
1626 4807 1775 4864 litterarum

444 4900 474 4938 as
491 4891 518 4937 et
534 4902 547 4938 s
563 4889 773 4953 permutationes
791 4890 904 4953 posthac
921 4904 973 4939 non
992 4890 1176 4940 exscrihemus
1195 4890 1242 4939 nisi
1260 4888 1324 4938 locis
1343 4883 1555 4937 notabitioribns.
1580 4910 1608 4920 —
1633 4884 1656 4935 4.
1676 4892 1777 4951 tusaque

444 4962 478 5013 C:
498 4968 573 5026 etque
589 4963 648 5013 cod.
664 4962 774 5015 Ellensis
792 4966 888 5015 Davisii
907 4967 969 5015 eto
991 4993 1015 5002 -
1035 4967 1059 5016 5.
1079 4970 1103 5015 et
1119 4968 1146 5015 in
1163 4964 1311 5026 quibusdam
1329 4963 1349 5012 H
1370 4990 1395 4997 -
1416 4962 1440 5010 6.
1460 4958 1581 5009 cssiriiA
1603 4984 1628 4996 -
1648 4960 1673 5011 4.
1688 4962 1776 5025 plust-

443 5037 569 5087 sternito
588 5064 614 5074 -
639 5051 673 5088 ee
689 5052 742 5089 orn.
762 5039 784 5089 ll
805 5066 828 5077 -
856 5040 880 5090 8.
899 5042 1028 5089 tritossius
1045 5041 1075 5089 Η1
1097 5068 1122 5075 -
1146 5041 1350 5099 boisseioossqoc
1365 5042 1495 5097 umeroque
1511 5039 1541 5084 st.
1559 5034 1777 5091 mumdum

444 5114 506 5163 44-
526 5113 550 5164 9.
563 5115 653 5175 emoto
664 5115 701 5164 C:
719 5127 818 5176 quoquc
833 5128 896 5165 cum
913 5116 1067 5178 llottingero
1085 5117 1121 5173 0;
1140 5114 1282 5165 chitoniti
1300 5116 1369 5164 Astr.
1383 5114 1394 5163 1
1410 5126 1436 5162 v.
1449 5115 1477 5162 bt
1494 5128 1553 5179 sqq.
1570 5134 1597 5147 -
1616 5116 1775 5168 mortae

443 5214 476 5224 -
494 5190 534 5237 444.
552 5202 612 5253 gens
629 5186 698 5239 B'-
718 5191 757 5239 lt.
776 5191 903 5239 nominari
926 5190 947 5239 ll
972 5217 999 5226 -
1021 5192 1177 5252 syderumll
1202 5217 1229 5226 -
1256 5192 1294 5240 42.
1313 5188 1449 5252 efficisscB
1476 5217 1501 5226 -
1527 5190 1567 5242 43.
1586 5191 1688 5252 aegypti
1706 5190 1727 5239 H
1746 5213 1773 5226 -

444 5264 484 5315 44.
504 5264 628 5314 Codicum
646 5266 667 5316 44
686 5292 713 5302 -
729 5267 864 5330 fisidorum
880 5267 913 5325 B,
932 5269 961 5315 ut
977 5280 1058 5332 saepe
1076 5268 1155 5317 codd.
1177 5295 1203 5303 -
1228 5268 1268 5316 lb.
1285 5264 1423 5328 pamphilio
1439 5266 1494 5314 All
1514 5294 1540 5304 -
1564 5266 1604 5316 46.
1623 5272 1647 5315 st
1663 5264 1777 5315 cestibus

443 5339 481 5397 H,
506 5338 554 5389 sed
571 5344 596 5387 ct
612 5353 647 5389 m.
666 5352 721 5390 rec.
741 5340 802 5390 add.
824 5366 851 5375 -
878 5346 905 5389 st
923 5340 1025 5391 addidit
1042 5343 1199 5403 Lambinus,
1222 5347 1246 5392 ct
1262 5340 1324 5391 add.
1345 5340 1376 5387 vt
1393 5365 1419 5375 -
1450 5340 1488 5390 47.
1508 5341 1619 5392 Aeoliam
1635 5340 1775 5391 Turnebus

444 5413 563 5477 (Advers.
576 5414 607 5474 V,
619 5415 678 5471 20l:
697 5416 852 5465 astoliomc
873 5441 900 5450 -
925 5416 964 5466 48.
980 5418 1082 5479 ptochio
1100 5422 1120 5467 A
1140 5445 1166 5453 —
1190 5419 1312 5468 ammonis
1328 5416 1379 5465 Bv
1398 5442 1425 5451 -
1450 5418 1489 5466 49.
1508 5424 1535 5467 ct
1552 5417 1619 5480 quod
1635 5415 1667 5466 A¹
1686 5442 1712 5452 -
1732 5415 1773 5467 44.

441 5490 601 5550 moloch&
619 5490 729 5540 romolus
746 5492 766 5540 Η
787 5517 814 5527 -
833 5490 873 5540 23.
893 5492 1005 5541 obtamus
1021 5496 1043 5543 A
1063 5521 1089 5529 —
1108 5494 1149 5544 et.
1169 5499 1192 5544 et
1208 5507 1266 5557 sup.
1286 5490 1330 5541 lIn.
1349 5491 1368 5540 B
1389 5519 1416 5529 -
1435 5491 1475 5543 25.
1494 5492 1634 5541 miliciccA
1648 5517 1675 5526 -
1695 5495 1718 5540 ct
1735 5488 1772 5540 C:

442 5569 465 5614 st
480 5568 508 5615 is
527 5564 585 5613 v²0
604 5590 631 5599 -
656 5565 696 5614 26.
715 5565 875 5627 inpetriendis
892 5567 1023 5617 blanutius
1048 5568 1112 5631 (cti
1131 5568 1198 5632 548.
1218 5569 1240 5617 44
1258 5566 1341 5629 §Abit
1367 5566 1521 5628 inpetrandis
1539 5568 1612 5630 (imp.
1626 5562 1687 5625 HV]
1706 5563 1726 5616 C
1746 5590 1773 5599 -

443 5643 466 5687 et
481 5639 599 5687 monstris
620 5640 757 5689 Davisius:
785 5644 809 5689 st
824 5641 850 5688 io
867 5644 983 5690 constris
1001 5644 1050 5693 CO
1078 5671 1106 5680 -
1133 5643 1340 5710 promerendum
1357 5655 1443 5705 osusp.
1462 5643 1507 5704 Vs,
1532 5637 1703 5710 procurandis
1724 5638 1777 5687 riso

443 5725 528 5775 simp.
546 5712 578 5760 ν’
596 5739 622 5747 -
642 5714 682 5763 44.
701 5714 727 5762 in
745 5714 780 5764 c:
799 5727 832 5763 ee
849 5718 917 5764 coni.
932 5716 1050 5777 Ernesti,
1069 5716 1212 5769 delendum
1231 5732 1291 5769 esse
1308 5719 1334 5766 in
1353 5721 1456 5769 ceponii
1473 5719 1569 5770 Moser.
1586 5744 1612 5754 -
1632 5712 1777 5778 mlum

442 5786 525 5836 AHV
546 5812 569 5823 -
596 5799 630 5836 en
646 5800 700 5838 om.
720 5788 741 5839 44
761 5814 788 5823 -
809 5788 848 5838 te.
866 5790 937 5839 mom
953 5793 1016 5840 A·
1034 5792 1072 5841 bis
1088 5790 1188 5843 44444-
1209 5791 1248 5840 30.
1267 5805 1312 5841 eoo
1328 5793 1447 5841 etsotato
1464 5791 1777 5855 a-soesnos--m

442 5862 541 5911 nicom
557 5862 679 5913 Schuetz.
693 5889 720 5898 -
734 5864 889 5926 sompnium
907 5866 927 5915 44
946 5869 972 5915 et
983 5867 1021 5916 stc
1032 5868 1149 5931 saepius.
1172 5894 1197 5901 -
1217 5867 1258 5918 34.
1277 5868 1416 5918 ariolonsm
1432 5867 1480 5917 llll
1501 5895 1528 5905 —
1547 5867 1588 5920 34.
1607 5865 1696 5919 culscd
1712 5863 1732 5914 B
1746 5887 1773 5902 ·-

443 5934 484 5984 ab.
502 5948 555 5987 rein
568 5939 695 5997 pertinere
715 5937 777 5999 AB,
795 5935 844 5989 sed
862 5938 870 5988 i
887 5938 906 5989 B
924 5943 984 6004 post
1001 5954 1055 5992 rem
1071 5940 1158 5992 littera
1171 5955 1262 6005 erasa,
1282 5948 1377 6005 tempus
1392 5942 1522 6006 portinere
1541 5942 1573 5995 11.
