4342 7459
837 1247 1096 1315 FRAGMENTA.
1564 1243 1621 1311 bii

383 1408 447 1471 Neo
466 1422 501 1467 ce
524 1406 586 1469 iam
611 1412 677 1467 tum
703 1406 857 1486 respexit,
886 1424 958 1468 cum
985 1404 1176 1486 gravissimis
1205 1404 1319 1466 vestris
1348 1400 1482 1465 decretis
1511 1400 1627 1464 absens

308 1509 432 1564 notatus
452 1506 511 1563 est.

385 1598 506 1655 Catilina
517 1613 553 1653 ea
564 1603 696 1668 praetura
708 1591 834 1665 Airicarn
843 1597 1016 1668 provinciam
1034 1597 1160 1653 obtinuit.
1203 1593 1295 1664 mam
1313 1612 1374 1654 cun
1389 1599 1512 1669 praviter
1530 1612 1628 1653 amar·

306 1700 356 1759 cet,
376 1694 460 1765 leaati
475 1692 540 1761 Afri
557 1693 588 1747 in
607 1699 703 1747 senatu
722 1692 780 1746 iam
800 1698 856 1746 tum
875 1692 983 1748 absente
1001 1693 1051 1747 iiio
1072 1693 1161 1764 auerti
1179 1698 1255 1756 eunt,
1280 1693 1433 1764 multaeque
1450 1708 1547 1765 praaet
1568 1707 1628 1747 een·

307 1789 407 1846 lentim
423 1790 454 1843 in
471 1794 567 1843 senatu
586 1789 620 1843 de
637 1802 668 1842 eo
688 1788 777 1844 dictae
793 1793 866 1843 runt.
1637 1782 1652 1828 ⁵

360 1867 415 1941 'ln
435 1878 557 1940 iudiciis
586 1883 769 1957 quantavis
790 1886 891 1956 esset,
921 1877 1042 1957 didicit,
1069 1896 1140 1940 cum
1160 1885 1209 1940 ost
1232 1876 1408 1942 absolutus:
1434 1879 1460 1940 si
1479 1885 1534 1940 aut
1550 1874 1627 1939 illud

306 1973 454 2036 indicium
472 1981 526 2036 aut
544 1972 595 2035 illa
617 1972 770 2034 absolutio
794 1971 980 2035 nominanda
1001 1980 1060 2036 est.

382 2072 451 2127 Ante
469 2086 574 2126 annum
595 2086 678 2141 quam
707 2071 774 2125 baec
792 2072 954 2135 dicerentur,
978 2069 1115 2136 Catilina,
1144 2086 1206 2129 cum
1227 2072 1340 2127 redieret
1362 2087 1397 2127 ea
1419 2069 1532 2139 Africa,
1559 2067 1628 2125 Tor-

308 2172 392 2239 quato
410 2172 435 2221 et
459 2164 535 2221 Cotta
554 2165 721 2233 consulibus,
742 2173 884 2221 accuratur
904 2171 943 2219 eet
961 2168 1173 2235 repetundarum
1193 2184 1212 2222 a
1231 2166 1260 2221 P.
1280 2164 1373 2222 Clodio
1389 2166 1563 2228 adoleecentc,
1579 2164 1628 2235 qui

306 2268 400 2333 postea
417 2262 546 2316 inimicus
575 2257 697 2315 Ciceroni
716 2261 781 2328 (uit.
830 2257 963 2328 Deseritur
981 2266 1019 2313 ert
1041 2258 1178 2325 Catilina,
1207 2267 1237 2316 ut
1258 2260 1405 2316 Fenestella
1425 2261 1526 2325 tradit,
1549 2275 1568 2314 a
1585 2249 1666 2316 ΠΛΟ

309 2354 445 2413 Mene.
487 2354 568 2423 Quod
587 2370 636 2426 eao
655 2361 685 2410 ut
703 2354 870 2418 addubitem,
893 2355 959 2410 baec
976 2356 1038 2425 ipra
1058 2353 1193 2411 Ciceronis
1214 2357 1305 2411 oratio
1323 2358 1401 2425 facit,
1422 2356 1544 2411 monime
1556 2355 1629 2426 qaod

307 2453 333 2507 ie
350 2452 458 2507 nullam
477 2453 638 2507 mentionem
656 2452 698 2505 rei
717 2450 806 2513 babet,
829 2467 890 2506 cum
908 2452 1027 2520 potuerit
1046 2451 1183 2507 invidiam
1199 2453 1289 2520 [acere
1307 2452 1478 2522 competitori
1494 2457 1553 2505 tam
1570 2456 1629 2503 tur-

306 2548 380 2617 piter
397 2547 527 2601 adaercur
547 2563 575 2601 ce
597 2548 720 2601 coeunti:
747 2547 909 2615 praesertim
938 2562 999 2603 cum
1023 2546 1140 2602 alteram
1160 2548 1361 2618 competitorem
1383 2562 1463 2602 auum
1480 2546 1630 2601 Antonium

308 2642 340 2696 in
359 2642 452 2695 eadem
471 2640 523 2696 bac
544 2643 668 2697 oratione
690 2657 741 2695 rua
760 2642 916 2709 admoneat,
936 2657 986 2696 cuo
1008 2641 1135 2712 beneficio
1154 2658 1215 2698 eune
1233 2658 1268 2697 aa
1288 2642 1385 2697 ultimo
1403 2641 1463 2697 ioco
1483 2643 1629 2711 praeturae

310 2736 488 2792 candidatum
505 2736 543 2789 ad
563 2736 673 2791 tertiam
690 2736 857 2806 permisce:
1639 2734 1668 2780 ⁴⁸

385 2828 507 2903 Nescis,
538 2845 587 2887 me
605 2836 782 2905 praetorem
800 2826 933 2905 primum
955 2843 1026 2887 csse
1046 2826 1176 2903 lactum,
1201 2833 1231 2886 te
1251 2824 1453 2887 concessione
1476 2822 1628 2904 competi-

309 2927 410 2982 torum
430 2926 462 2980 et
484 2918 646 2980 collatione
668 2919 876 2980 centuriarum
902 2925 934 2979 et
957 2937 1027 2980 meo
1051 2920 1183 2982 maxime
1214 2918 1366 2981 beneficio
1386 2935 1404 2979 e
1423 2924 1580 2998 postremo
1598 2916 1630 2978 in

310 3016 434 3076 tertium
453 3012 554 3073 locum
575 3031 647 3074 esse
667 3013 868 3074 subiectum?

388 3108 444 3178 Qui
463 3112 549 3183 iaitur
569 3108 686 3166 Antonio
704 3111 929 3181 raffraaationem
948 3127 1027 3165 ruam
1048 3110 1240 3181 imputandam
1260 3116 1350 3181 putat,
1371 3110 1406 3174 ir,
1426 3111 1452 3165 ei
1471 3110 1631 3179 defendisset

312 3203 472 3269 Catilinam,
495 3208 654 3275 capuleiae
672 3213 822 3278 protectam
835 3223 853 3260 a
865 3223 893 3261 ec
907 3222 995 3261 nonne
1016 3204 1184 3276 imputaret?
1223 3202 1303 3274 Quod
1322 3206 1365 3260 ita
1383 3222 1437 3261 eece
1456 3204 1669 3274 manifestum„

310 3307 349 3355 eet
366 3316 401 3356 ea
420 3316 460 3364 eo,
483 3302 556 3369 quod
576 3301 669 3354 rtatim
689 3301 765 3355 dicit.
821 3298 938 3367 Quintus
960 3301 1032 3355 enim
1054 3297 1161 3356 Mariua
1184 3300 1308 3355 tribunus
1328 3299 1367 3371 pl.
1387 3300 1576 3365 intercedebat,
1598 3316 1631 3355 ne

312 3395 357 3451 lea
375 3396 494 3450 ambitur
512 3396 646 3463 ferretum
668 3395 741 3465 quod
758 3396 849 3463 [acere
866 3411 918 3466 pro
938 3393 1058 3451 Catilina
1078 3395 1232 3452 videbatur.
1281 3393 1363 3451 Hanc
1385 3394 1507 3451 Mucium
1529 3396 1560 3449 in
1579 3394 1632 3450 bac

312 3492 437 3546 oratione
457 3489 600 3560 appellant
622 3486 713 3544 Cicero
732 3490 772 3543 cic
791 3492 847 3543 ait:
904 3559 907 3565 Δ

387 3580 430 3640 Te
451 3587 567 3656 tamem
588 3579 626 3651 Q.
644 3579 733 3656 Muci,
757 3585 819 3640 tam
840 3575 920 3639 male
940 3576 980 3639 de
999 3575 1115 3659 populo
1139 3579 1275 3640 Romano
1301 3578 1476 3641 existimare
1501 3576 1631 3641 moleste

312 3673 389 3749 lero,
410 3673 463 3752 qui
485 3672 630 3733 hesterno
652 3671 702 3733 die
720 3691 771 3733 me
792 3690 864 3734 csse
888 3672 1014 3753 dignum
1035 3672 1198 3735 consulatu
1215 3672 1362 3753 negabas.
1403 3672 1506 3747 Quid?
1527 3686 1671 3754 popu-ut

312 3765 362 3829 lus
381 3768 536 3829 Romanus
556 3767 657 3828 minus
680 3767 843 3846 diligenter
856 3768 915 3830 sibi
937 3770 1140 3830 constitueret
1161 3766 1369 3846 defensorem,
1390 3786 1484 3848 quam
1503 3776 1537 3830 tn
1559 3767 1634 3829 tibi‘l

314 3862 391 3924 Cum
414 3869 445 3922 te
470 3861 541 3922 lurti
566 3863 600 3922 L.
624 3861 758 3924 Calenus
781 3862 902 3941 ageret,
926 3881 977 3924 mo
998 3865 1193 3943 potissimum
1215 3864 1407 3926 fortunarum
1429 3873 1551 3927 tuarum
1573 3880 1634 3943 pa-

313 3962 435 4016 tronum
457 3972 528 4016 esse
549 3955 680 4016 voluisti.
730 3956 825 4017 Cuius
845 3964 877 4015 tu
898 3955 1058 4020 consilium
1077 3957 1110 4017 in
1129 3965 1182 4018 tua
1203 3958 1380 4038 turpissima
1399 3975 1493 4020 causa
1514 3955 1635 4036 delegi-

313 4048 363 4121 sti,
388 4047 470 4111 hunc
489 4047 775 4111 honestissimarum
795 4067 899 4110 rerum
921 4047 1117 4111 defensorem
1135 4048 1270 4131 populus
1282 4052 1439 4113 Romanus
1459 4058 1584 4114 auctore
1603 4057 1634 4111 te

312 4141 479 4222 repudiare
501 4143 627 4224 potest‘l
674 4144 737 4205 Nisi
758 4143 834 4204 lorto
862 4144 919 4204 boc
941 4142 1080 4206 dicturus
1101 4162 1152 4221 es,
1178 4162 1240 4224 quo
1265 4153 1403 4225 tempore
1423 4164 1440 4207 a
1459 4147 1491 4206 L.
1518 4144 1673 4209 Calenoto

312 4236 383 4297 furti
406 4235 528 4298 delatus
548 4237 602 4314 sis,
626 4254 663 4298 eo
684 4245 823 4316 tempore
843 4236 874 4296 in
889 4254 940 4296 me
959 4236 1014 4297 tibi
1034 4256 1143 4317 parum
1163 4237 1267 4299 auxilii
1288 4257 1360 4300 esse
1379 4236 1506 4300 vidisse.

390 4332 488 4392 Verum
501 4351 562 4390 cum
575 4342 666 4406 areret
685 4333 772 4391 blucii
789 4350 902 4390 eausam
921 4332 1023 4398 Cicero,
1042 4336 1112 4390 eierat
1134 4334 1269 4391 Catilinae
1284 4337 1369 4407 epiece
1387 4351 1449 4391 eum
1467 4336 1556 4392 rideri
1575 4336 1635 4392 ruit

313 4424 473 4493 Fenestella,
495 4445 544 4486 cur
563 4431 637 4493 iam,
660 4432 785 4500 quamvis
804 4429 876 4484 male
894 4430 1029 4484 existimet
1050 4430 1083 4483 de
1102 4446 1187 4486 cauea
1207 4430 1316 4503 Mucii,
1337 4436 1427 4485 tamen
1447 4431 1473 4485 ei
1492 4431 1636 4501 eaprobret

311 4525 498 4594 patrocinium
514 4541 610 4593 cuum,
631 4541 687 4580 non
705 4526 777 4580 idem
796 4527 825 4580 in
847 4523 967 4580 Catilina
985 4527 1089 4594 sanat,
1109 4526 1135 4580 ci
1153 4528 1234 4582 modo
1257 4542 1309 4597 pro
1328 4542 1359 4581 eo
1380 4525 1475 4582 dicit?
1512 4523 1566 4584 Au
1586 4543 1636 4583 cur

313 4617 404 4688 iprum
432 4619 503 4674 iilud
530 4620 663 4675 iudicium
690 4622 799 4691 saepiae
826 4622 857 4674 in
885 4621 1034 4689 inlamiam
1051 4622 1152 4676 meat?
1179 4622 1253 4693 quod
1278 4623 1390 4694 paretur
1417 4622 1524 4678 ridetur
1551 4622 1674 4692 [uitem

313 4714 447 4784 facturus,
470 4717 496 4770 ei
515 4717 544 4770 in
563 4731 594 4772 eo
615 4717 717 4772 iudicio
733 4718 829 4786 sancet
846 4724 989 4787 patronus.
1024 4715 1121 4787 Atque,
1140 4717 1250 4772 utalia
1269 4718 1403 4780 omittam,
1425 4718 1475 4772 boe
1497 4722 1567 4773 certe
1586 4718 1636 4773 eia

314 4809 421 4865 aidetrn
440 4811 562 4867 dicturae
580 4813 674 4880 (abac,
694 4813 720 4866 ei
740 4812 790 4867 illo
808 4818 927 4882 patrono
948 4810 1068 4868 Catilina
1086 4813 1299 4882 repetundarum
1317 4811 1456 4868 absolutae
1477 4817 1560 4867 erret:

389 4900 511 4982 Stupris
532 4921 566 4963 se
582 4902 725 4964 omnibus
745 4922 782 4966 aa
795 4904 916 4983 flagitiis
936 4904 1169 4965 contaminavit:
1194 4903 1292 4966 caede
1311 4903 1427 4965 nelarie
1447 4901 1633 4964 cruentavit:

315 4989 441 5073 diripuit
460 4996 577 5057 socios:
604 4996 702 5076 leges,
724 4999 935 5077 quaestiones,
956 4996 1069 5059 iudicia
1088 4993 1212 5059 violavit
1232 5029 1267 5040 -

315 5098 340 5147 et
357 5100 465 5163 postea:
1645 5097 1675 5147 tt

389 5183 470 5257 Quid
499 5201 574 5263 ego,
605 5192 637 5246 ut
659 5183 844 5246 involaveris
872 5185 1083 5266 provinciam,
1115 5184 1318 5266 praedicem?
1373 5184 1449 5247 Nam
1473 5190 1508 5245 ut
1527 5191 1557 5245 te
1574 5180 1636 5242 illio

315 5278 462 5357 gesseris,
483 5298 545 5341 nou
566 5278 666 5343 audeo
686 5278 807 5358 dicere,
828 5280 973 5359 quoniam
993 5279 1155 5342 absolutus
1176 5298 1221 5343 es.
1260 5280 1403 5341 blentitos
1423 5295 1495 5340 esse
1515 5276 1637 5357 equites

314 5372 480 5451 Romanos,
500 5372 594 5435 lalsas
613 5373 709 5434 luisse
730 5372 861 5435 tabellas
879 5373 1115 5435 honestissimae
1135 5375 1265 5436 civitatis
1285 5374 1444 5435 existimo:
1477 5370 1638 5432 mentitum

315 5466 352 5538 Q.
373 5466 528 5528 Metellum
552 5468 655 5545 Pium,
686 5468 845 5529 mentitam
865 5467 1013 5529 Airioam:
1041 5466 1158 5529 vidisse
1178 5475 1253 5549 puto
1279 5468 1386 5529 nescio
1405 5465 1481 5546 quid
1498 5462 1568 5525 illos
1586 5463 1638 5523 iu-

315 5557 414 5637 dices,
436 5561 489 5641 qui
509 5568 539 5621 te
556 5562 750 5622 innocentem
770 5562 954 5623 iudicarunt
996 5560 1022 5623 0
1041 5562 1146 5639 miser,
1166 5564 1218 5641 qui
1236 5579 1298 5622 non
1318 5560 1434 5622 senuas
1453 5555 1504 5618 illo
1525 5555 1678 5619 iudiciott

381 5796 423 5847 27.
447 5797 535 5848 verim
551 5801 604 5850 est:
624 5812 680 5849 cum
696 5805 776 5869 tecum
791 5800 810 5863 Ι.
828 5800 857 5850 Ι..
876 5798 903 5850 c.
921 5804 1015 5865 operat
1047 5822 1076 5835 -
1104 5798 1145 5850 28.
1167 5796 1205 5864 tu]
1222 5802 1252 5849 tu
1268 5803 1292 5849 tc
1308 5798 1403 5859 Ptine..
1423 5795 1483 5848 lort.
1501 5800 1560 5848 tale.
1593 5794 1639 5846 Oe.

318 5894 347 5941 5-
365 5868 405 5924 ii.
430 5871 530 5924 blalim:
552 5875 612 5927 Vere
627 5888 684 5926 eum
700 5875 785 5940 operit.
812 5875 856 5925 oa.
