4342 7459
435 1230 500 1300 lid
886 1234 939 1297 ule
961 1232 1130 1297 DEORUM
1152 1232 1313 1296 NATURA

439 1414 481 1460 ex
500 1393 671 1477 relegendo
697 1389 873 1478 [elegantes
896 1415 937 1458 ex
959 1387 1135 1477 eligendol,
1163 1400 1322 1476 tamquam
1343 1411 1384 1454 ex
1406 1390 1566 1473 diligendo
1587 1389 1767 1473 diligentes,

439 1507 481 1553 ex
494 1486 708 1569 intellegendo
724 1487 961 1571 intellegentem
985 1487 1035 1551 bis
1052 1488 1135 1550 enim
1150 1488 1185 1549 in
1200 1486 1304 1549 verbis
1320 1485 1465 1549 omnibus
1479 1488 1564 1549 inest
1577 1485 1625 1548 sis
1640 1484 1768 1568 legendi

439 1583 565 1657 adem,
599 1600 681 1667 quae
710 1580 744 1643 in
772 1581 933 1664 religioso.
973 1582 1020 1644 lta
1047 1580 1163 1644 iactum
1195 1587 1244 1643 est
1267 1580 1301 1642 in
1323 1579 1540 1661 superstitioso
1563 1585 1595 1641 et
1615 1578 1768 1660 religioso

438 1676 571 1741 alterum
593 1675 661 1739 vitii
682 1695 813 1750 nomen,
842 1675 975 1739 alterum
997 1674 1111 1738 landis.
1144 1675 1189 1737 Aa
1215 1672 1291 1735 mihi
1314 1673 1425 1737 videor
1446 1672 1522 1735 satis
1544 1677 1576 1735 et
1598 1691 1668 1736 esse
1690 1671 1768 1736 deos

415 1776 471 1834 tet
492 1769 604 1853 quales
626 1776 734 1832 essent
754 1769 942 1832 ostendisse.

523 1863 642 1925 xxix.
672 1859 724 1924 73.
755 1862 936 1925 Ptoximum
958 1869 1007 1925 est
1032 1870 1066 1925 ut
1089 1861 1217 1925 doceam
1240 1860 1371 1924 deorum
1394 1859 1594 1944 providentia
1617 1858 1769 1921 mundum

438 1957 660 2022 administrari.
700 1958 832 2038 Magnus
861 1974 937 2018 sane
965 1955 1053 2019 locus
1082 1962 1132 2018 est
1160 1963 1192 2018 et
1213 1975 1231 2018 a
1253 1954 1383 2027 vestris,
1415 1953 1522 2027 Cotta,
1552 1958 1702 2026 vexatus,
1732 1971 1770 2015 sc

437 2052 586 2115 nimirum
608 2051 769 2113 vobiscum
791 2068 886 2113 omne
908 2057 1065 2112 certamen
1089 2055 1146 2112 est.
1178 2049 1259 2112 Nam
1273 2048 1378 2123 vobis,
1400 2047 1518 2121 Vellei,
1540 2048 1645 2110 minus
1660 2054 1769 2110 notum

438 2152 505 2220 est,
528 2143 687 2227 qnem'ad
711 2144 840 2207 modum
864 2143 1006 2227 quidque
1025 2143 1163 2217 dicatum
1184 2153 1289 2205 vestra
1303 2142 1388 2205 enim
1404 2143 1506 2206 solum
1522 2141 1640 2224 legitis,
1662 2147 1769 2204 vestra

400 2238 564 2313 toamatis,
594 2244 717 2300 ceteros
747 2256 842 2300 cause
872 2235 1029 2319 incognita
1054 2235 1281 2300 condemnatis.
1317 2235 1412 2300 Velut
1432 2256 1450 2299 a
1474 2243 1504 2297 te
1527 2236 1598 2318 ipso
1619 2235 1769 2299 hesterno

438 2331 491 2395 die
513 2332 630 2395 dictum
652 2341 700 2396 est
722 2351 817 2395 snum
839 2330 1000 2394 fatidicam
1022 2329 1182 2412 πρόνοιαν
1204 2351 1222 2394 a
1244 2331 1358 2394 Stoicis
1379 2331 1484 2393 induci
1516 2326 1565 2413 [id
1593 2335 1641 2391 est
1661 2328 1769 2410 prori-

439 2418 604 2507 dentiam].
647 2425 740 2500 Quod
763 2445 800 2488 eo
824 2444 930 2489 errore
954 2425 1079 2500 dixisti,
1109 2427 1185 2509 quia
1206 2424 1378 2488 existumas
1406 2424 1445 2486 ab
1474 2423 1513 2486 iis
1536 2422 1767 2506 providentiam

437 2516 515 2600 llugi
538 2519 631 2602 quasi
653 2518 811 2602 quandam
834 2517 926 2581 deam
948 2519 1157 2601 singularem,
1188 2538 1269 2603 ques
1292 2518 1444 2581 mundum
1468 2537 1592 2581 omnem
1615 2518 1769 2600 gubernet

440 2619 473 2676 et
493 2619 597 2694 regat3
620 2612 676 2675 sed
700 2611 730 2675 id
753 2611 895 2696 praecise
910 2610 1033 2674 dicitur.
1070 2610 1122 2675 74.
1144 2614 1198 2687 lit,
1221 2612 1247 2675 si
1262 2612 1333 2694 quis
1349 2612 1432 2675 dicat
1446 2612 1685 2675 Atheniensium
1700 2629 1767 2674 rem

402 2704 599 2791 inpubliesm
621 2705 755 2768 consilio
778 2705 863 2786 regi,
892 2703 973 2767 desit
992 2705 1071 2769 illud
1098 2706 1298 2790 adriopagin,
1320 2705 1381 2779 sic,
1411 2725 1481 2768 cum
1505 2704 1638 2767 dicimus
1664 2704 1770 2788 provi·

439 2798 548 2862 dentis
569 2797 723 2861 mnndum
745 2797 971 2871 administrari,
1001 2797 1113 2861 deesse
1135 2795 1286 2862 arisitrato
1317 2797 1496 2862 adeorumn.
1542 2798 1637 2861 Pione
1660 2804 1766 2862 autem

439 2900 472 2957 et
492 2890 632 2976 perteus
654 2892 700 2954 sic
720 2890 782 2954 dici
805 2891 996 2966 existimato,
1018 2892 1217 2977 providentia
1235 2892 1366 2955 deorum
1381 2892 1533 2955 mundum
1547 2892 1766 2956 administrari.

437 2987 487 3049 lta
507 2984 606 3048 ειΙεω
628 2985 739 3059 istum,
761 3005 825 3068 quo
848 2991 933 3048 caret
954 2994 1057 3048 vestra
1079 2986 1174 3060 natio,
1196 2985 1373 3048 inridendis
1394 2985 1488 3048 nobis
1507 2986 1639 3049 nolitote
1654 3006 1770 3049 consu·

438 3097 542 3154 mere,
565 3088 668 3144 etms
690 3078 810 3155 hercle,
833 3080 860 3142 si
882 3099 933 3142 me
954 3078 1109 3154 audiatis,
1131 3098 1173 3142 ne
1188 3078 1395 3162 experiamini
1411 3079 1550 3162 quidem.
1583 3083 1653 3144 Non
1669 3080 1771 3156 decet,

400 3187 504 3238 ttnon
526 3173 634 3238 datum
657 3184 720 3249 est,
744 3194 808 3237 non
830 3173 973 3258 potestis.
1006 3174 1070 3236 Nec
1084 3194 1159 3237 vero
1176 3173 1237 3236 boc
1252 3173 1284 3236 in
1302 3180 1332 3235 le
1346 3192 1444 3236 unum
1461 3176 1624 3249 convenit,
1648 3173 1689 3209 *¹*
1704 3195 1770 3238 me

437 3268 527 3331 ribus
550 3267 732 3331 domesticis
754 3287 791 3331 se
812 3276 995 3331 nostrorum
1016 3267 1180 3331 bominum
1203 3266 1381 3330 urbanitate
1395 3267 1556 3342 limatum,
1579 3267 1634 3331 sed
1649 3289 1720 3332 cum
1736 3270 1771 3333 in

437 3362 582 3447 reliquos
604 3371 743 3436 vestros,
773 3370 839 3424 tum
861 3363 894 3424 in
917 3381 988 3423 eum
1012 3360 1164 3435 maxime,
1196 3361 1251 3444 qui
1273 3361 1333 3423 ista
1356 3361 1493 3444 peperit,
1515 3362 1677 3425 bominem
1700 3365 1769 3428 sine

438 3465 523 3531 arte,
545 3457 615 3520 sinc
637 3455 765 3529 litteris,
787 3456 993 3519 insultantem
1016 3455 1048 3517 in
1071 3474 1198 3528 omnes,
1221 3456 1289 3517 sine
1311 3457 1456 3517 acumine
1473 3455 1557 3529 ullo,
1580 3457 1648 3519 sine
1664 3465 1770 3521 aucto

437 3549 547 3625 ritate,
570 3550 640 3613 sine
662 3548 783 3631 lepore.
826 3550 930 3611 XXX.
951 3546 1003 3610 75.
1027 3548 1105 3611 Dico
1127 3548 1221 3629 igitur
1242 3550 1441 3633 providentia
1463 3548 1595 3613 deorum
1619 3551 1768 3614 mundum

400 3652 471 3717 sset
492 3663 602 3707 omnes
625 3643 735 3707 mundi
757 3650 862 3726 partes
885 3650 917 3705 et
938 3641 1029 3705 initio
1052 3643 1242 3705 constitutas
1265 3663 1335 3705 esse
1359 3652 1389 3705 et
1412 3644 1496 3706 omni
1513 3651 1655 3726 ternpore
1671 3643 1770 3706 admi·

438 3740 583 3813 nistrari,
612 3757 747 3820 eamque
770 3738 1013 3820 disputationem
1035 3738 1093 3798 tris
1115 3736 1149 3798 in
1170 3744 1275 3819 partes
1297 3738 1396 3800 nostri
1418 3738 1483 3800 fere
1506 3738 1669 3812 dividunt,
1692 3756 1770 3820 qua·

437 3853 508 3896 rum
524 3831 626 3914 prima
643 3827 737 3915 [pars]
755 3837 813 3906 est,
836 3850 918 3914 quae
941 3829 1065 3892 ducitur
1087 3830 1126 3892 ab
1148 3849 1186 3893 ea
1207 3832 1347 3905 ratione,
1370 3852 1452 3916 quae
1474 3832 1566 3895 docet
1588 3851 1658 3894 esse
1681 3830 1770 3903 deos,

439 3946 504 4011 guo
525 3944 676 3989 concesso
699 3924 915 3988 confitendum
937 3932 985 3987 est
1006 3944 1116 3986 corum
1139 3926 1273 3987 consilio
1289 3926 1440 3988 mundum
1457 3926 1680 3990 administrari.
1714 3924 1771 3986 Se·

439 4019 543 4084 cunda
562 4026 612 4082 est
632 4027 751 4094 autem,
773 4038 856 4102 quae
878 4019 972 4082 docet
993 4037 1104 4081 omnes
1126 4038 1177 4081 res
1199 4018 1356 4082 subiectas
1381 4038 1451 4081 esse
1474 4026 1605 4083 naturae
1619 4015 1770 4083 sentienti

436 4294 470 4332 en
491 4280 746 4344 ugeneo.etsganrss
768 4292 801 4328 ern
821 4278 932 4341 eligendo
952 4284 1081 4340 tamquam
1101 4280 1201 4342 legendo
1219 4280 1363 4342 detegendis.
1382 4294 1414 4329 ea
1430 4280 1592 4343 intellegendo
1608 4280 1772 4343 intellegentes

436 4359 473 4416 Α;
491 4357 606 4420 relegiosi
625 4354 713 4417 (silere
732 4368 745 4404 e
761 4356 787 4403 in
804 4358 905 4414 rasura)
924 4369 956 4404 ee
972 4357 1101 4417 relegendo
1118 4355 1240 4419 elegantes
1256 4368 1289 4403 ec
1306 4356 1420 4417 elegendo
1441 4361 1570 4414 tamquam
1587 4356 1688 4417 legendo
1705 4356 1772 4404 dele-

435 4432 522 4496 gendis
537 4445 571 4481 ea
586 4430 746 4493 intellegendo
763 4430 926 4492 intellegentes
943 4430 979 4484 B:
1003 4431 1114 4494 religiosi
1131 4444 1164 4479 ea
1180 4431 1321 4493 relegando.
1340 4432 1463 4492 elegantes
1478 4444 1511 4478 ea
1529 4431 1629 4493 legendo
1649 4437 1771 4491 tanguam

436 4507 537 4570 legendo
553 4507 699 4569 delegandis.
718 4518 752 4554 ea
765 4497 930 4568 intellegendo
947 4506 1111 4570 intellegentes
1122 4507 1159 4562 C;
1178 4507 1287 4567 religiosi
1305 4520 1337 4553 ea
1351 4507 1479 4569 relegendo
1497 4506 1634 4567 detegendis
1650 4518 1683 4553 ese
1698 4503 1772 4552 intel·

435 4581 533 4646 lignido
562 4581 722 4643 intelligentes
752 4578 859 4641 (mediis
881 4581 999 4639 omissis)
1025 4582 1061 4637 Ε;
1094 4582 1204 4644 religiosi
1226 4594 1259 4628 ea
1278 4581 1406 4642 relegendo
1424 4581 1573 4643 (superscr.
1586 4583 1626 4638 uti
1650 4580 1772 4641 elegantes

438 4656 549 4718 (litterae
566 4670 584 4705 a
600 4669 734 4719 superscr.
753 4657 775 4715 e)
794 4656 963 4718 caeligenae.
984 4661 1114 4717 tamquam
1132 4671 1148 4705 a
1166 4657 1292 4717 deligendo
1310 4657 1448 4719 deligentes.
1467 4670 1500 4705 ec
1520 4656 1681 4718 intellegendo
1698 4654 1772 4703 intel-

436 4731 542 4794 legentes
559 4731 914 4793 (mngmn--tntettegenao
932 4730 1040 4779 eadm.
1060 4732 1087 4779 in
1106 4733 1233 4794 margine)
1247 4731 1282 4789 V;
1301 4731 1409 4793 religiosi
1426 4745 1459 4779 ea
1476 4731 1614 4793 relegendo,
1632 4736 1660 4777 ut
1671 4730 1772 4793 elegan-

437 4811 473 4856 tes
489 4819 522 4855 ee
537 4806 657 4869 eligendo,
676 4811 806 4868 tamquam
822 4819 839 4853 a
856 4806 981 4867 diligendo
997 4805 1139 4867 diligentes,
1163 4821 1197 4855 ea
1214 4808 1371 4869 intelligendo
1388 4807 1548 4869 intelligentes
1565 4807 1593 4854 0.
1618 4805 1706 4855 Verba
1723 4806 1773 4855 cle-

437 4885 526 4946 gantes
541 4894 575 4929 en
590 4882 702 4944 eligendo
719 4880 816 4932 seclusi
828 4893 889 4929 cum
902 4878 1015 4936 Klotzio;
1034 4878 1084 4930 illis
1097 4883 1209 4931 servetis
1222 4895 1284 4931 cum
1298 4881 1358 4930 cod.
1373 4880 1537 4943 Glogaviensi
1550 4882 1655 4942 itenngue
1667 4881 1773 4943 scripsit

437 4956 639 5007 schoemannus
656 4971 704 5022 pro
722 4963 861 5017 tamquam.
876 4981 903 4989 -
923 4956 948 5005 Ξ.
967 4955 1028 5003 inest
1045 4958 1084 5003 uis
1102 4969 1170 5006 corr.
1191 4970 1222 5005 ex
1240 4958 1267 5004 in
1284 4958 1375 5005 aestuis
1392 4955 1413 5003 V
1431 4984 1457 4993 —
1477 4956 1500 5004 3.
1520 4957 1653 5015 eademque
1670 4957 1726 5003 inii
1743 4980 1769 4989 -

437 5036 462 5082 et
476 5032 592 5095 rdlgioso
609 5046 662 5083 om.
681 5031 712 5079 V¹
731 5055 757 5066 -
779 5029 802 5081 l.
821 5030 909 5078 uidem
925 5041 995 5078 corr.
1016 5041 1051 5078 m.
1071 5042 1126 5079 sec.
1147 5032 1173 5079 in
1190 5034 1291 5081 uidetur
1308 5032 1329 5079 V
1348 5058 1373 5066 -
1394 5033 1418 5081 7.
1437 5037 1472 5080 est
1489 5045 1542 5080 om.
1562 5031 1613 5079 VO
1630 5056 1657 5065 -
1679 5032 1717 5079 tu.
1731 5032 1773 5079 in-

438 5108 537 5171 cognite
554 5106 585 5156 V¹
605 5134 630 5144 —
654 5108 694 5156 tt.
711 5119 840 5169 pronoean
857 5102 879 5155 u
899 5129 925 5139 —
951 5104 977 5151 id
999 5110 1033 5153 est
1051 5107 1237 5165 providentiam
1254 5109 1344 5170 spuria
1362 5109 1464 5157 censuit
1481 5109 1601 5164 Ursinus,
1621 5103 1673 5153 del.
1693 5106 1773 5154 Devi-

437 5183 503 5233 sius,
517 5207 545 5217 -
566 5182 605 5231 is.
624 5183 761 5231 wintoniae
778 5180 845 5230 AV:
864 5180 989 5228 existiuies
1005 5180 1147 5242 (superscr.
1161 5186 1185 5244 a)
1205 5184 1243 5240 Bi
1260 5183 1422 5231 existimabas
1439 5184 1487 5232 ΟΕ
1504 5209 1529 5216 -
1550 5180 1581 5229 ab
1598 5180 1635 5229 bis
1653 5180 1730 5229 BEO
1743 5205 1767 5215 —

440 5260 481 5309 lli.
499 5258 700 5321 ariopagite:
724 5258 816 5319 arpagi
833 5255 913 5306 BCV
932 5283 959 5291 -
980 5252 1174 5316 prouidentidii
1204 5285 1230 5293 -
1259 5258 1297 5305 46.
1317 5257 1471 5305 mandurium
1488 5254 1518 5303 V¹
1538 5282 1564 5290 -
1584 5256 1725 5304 arbitrator
1741 5257 1770 5305 0.

440 5332 480 5384 Cl.
499 5331 603 5395 iladvig
619 5333 715 5397 opusc.
733 5332 814 5383 Acad.
834 5333 855 5381 ll
872 5345 898 5396 p.
911 5331 968 5383 nit.
990 5353 1017 5365 -
1037 5330 1153 5379 decorum
1170 5330 1201 5379 V'
1218 5360 1251 5369 -
1275 5332 1313 5380 te.
1332 5333 1434 5380 meercle
1451 5335 1484 5385 A:
1503 5332 1628 5380 maculae
1646 5331 1691 5388 13¹3
1718 5342 1772 5378 nse-

439 5408 538 5457 unceis
554 5407 657 5468 MV,
683 5422 722 5458 me
738 5408 854 5458 erculeC
876 5434 903 5443 -
926 5407 1168 5457 eunocumcss
1190 5408 1261 5456 -iu
1279 5414 1301 5456 te
1317 5408 1514 5456 uno--limato
1531 5405 1553 5457 ‘ll
1579 5433 1604 5442 -
1629 5420 1708 5455 unum
1727 5408 1773 5454 aul

441 5480 519 5548 plane
536 5482 680 5534 delendum
697 5486 743 5533 sut
759 5487 832 5532 certe
850 5483 901 5532 boc
919 5481 999 5533 modo
1017 5483 1245 5546 transponendum
1269 5496 1328 5532 esse
1351 5484 1455 5532 censuit
1477 5483 1666 5532 Kindervster:
1695 5493 1773 5542 necue

440 5570 501 5608 aere
520 5558 566 5607 lice
581 5558 608 5607 in
624 5563 647 5608 te
663 5559 789 5617 conuenit,
807 5571 886 5605 unum
897 5583 933 5594 --
945 5559 1068 5617 limatum,
1088 5558 1095 5605 i
1124 5571 1148 5606 e.
1168 5570 1232 5620 pree
1250 5559 1347 5607 ceteris
1361 5557 1489 5608 limatum.
1511 5560 1612 5607 «Locus
1628 5558 1772 5606 omissione

442 5632 587 5684 verborum
598 5636 707 5697 propter
716 5631 915 5684 similitudinem
929 5636 1078 5694 corruptus.
1105 5630 1188 5680 Scrib.
1207 5633 1258 5681 Nec
1275 5647 1334 5682 uero
1351 5634 1395 5683 boc
1413 5636 1438 5682 in
1456 5638 1479 5682 te
1495 5647 1572 5681 unum
1590 5633 1711 5691 convenit,
1730 5629 1772 5680 vel

443 5708 531 5772 potius
552 5709 578 5758 in
600 5712 730 5758 teanum
752 5707 958 5764 conconvenit,
981 5706 1093 5755 martires
1109 5707 1246 5757 domesticu
1268 5723 1299 5757 ac
1321 5716 1464 5758 nostrorum
1485 5710 1611 5758 bominem
1632 5707 1775 5756 urbanitate

442 5784 571 5842 unnim,
589 5784 631 5832 aed
648 5786 699 5834 cet.
718 5782 837 5833 Adiectio
854 5780 895 5831 illa
913 5781 1188 5831 nmribus·-limatum
1204 5781 1314 5831 ridicule
1333 5783 1499 5845 coniungitur
1516 5795 1576 5832 cum
1594 5782 1643 5832 illis
1659 5793 1775 5830 secuero

444 5858 490 5908 loe
505 5858 533 5908 iu
546 5864 569 5909 te
579 5872 657 5909 mum
668 5861 795 5920 conuenit,
813 5870 882 5921 qnae
893 5857 1050 5921 significent,
1069 5859 1212 5908 convenire
1231 5861 1347 5907 temen.»
1371 5860 1478 5908 Mansio.
1504 5885 1530 5893 -
1558 5857 1600 5906 tt.
1619 5857 1701 5918 aperit
1719 5853 1775 5917 (lit-

444 5934 519 5984 terae
536 5947 554 5984 a
570 5946 704 5999 supensos.
720 5935 766 5997 pe)
783 5933 803 5983 B
822 5957 849 5969 -
868 5932 909 5983 23.
928 5934 1060 5983 munitate
1076 5931 1129 5981 AV
1147 5957 1174 5969 -
1194 5932 1235 5982 il.
1251 5946 1314 5995 pars
1332 5933 1451 5983 Ernestio
1469 5934 1577 5983 auctore
1594 5928 1702 5981 seclusi.
