4342 7459
568 1222 631 1287 oss
697 1170 700 1173 ’
1126 1216 1339 1283 umnoms

633 1384 702 1435 Prid.
730 1381 877 1435 Schneider
901 1381 926 1431 in
954 1377 1118 1430 nzeitsehrilt
1135 1377 1176 1428 lilr
1193 1377 1236 1428 die
1254 1375 1615 1429 tltertbumswisssnscbalt·
1630 1375 1711 1428 4837.
1732 1389 1765 1442 p.
1789 1376 1870 1430 tris.
1886 1375 1917 1428 sd

568 1461 640 1511 bunc
655 1459 752 1511 librum
770 1458 916 1521 (Catonem)
935 1456 1003 1507 baec
1019 1467 1127 1519 quoque
1145 1452 1243 1505 relert:

561 1639 572 1655 .
643 1596 672 1658 4.
704 1597 821 1657 Omnes
840 1611 938 1675 prope
957 1592 1041 1654 cives
1059 1592 1188 1668 virtute,
1216 1588 1329 1669 gloria,
1357 1587 1504 1669 dignitate
1530 1588 1708 1670 superavit.
1752 1589 1919 1665 Quinti-

567 1690 698 1752 lianus
718 1690 769 1750 ix.
790 1691 819 1765 l,
839 1687 901 1750 104.

544 1849 559 1894 ὓ
641 1841 670 1903 5.
697 1839 821 1902 Nullum
840 1856 987 1918 umquam
1010 1835 1161 1913 verbum,
1184 1835 1428 1916 quodrevooare
1442 1833 1550 1912 vellet,
1573 1833 1689 1895 emisit.
1714 1834 1920 1915 Augusti-

568 1951 644 1995 nus
662 1934 718 2015 Ep.
739 1935 801 1996 Vll.
821 1934 907 1994 Tom.
929 1936 967 1993 11.
987 1951 1019 2013 p.
1041 1932 1089 1992 ³2.

632 2088 751 2140 Priorem
768 2086 857 2140 lucum
875 2088 984 2140 Beierus
1001 2087 1035 2139 sd
1052 2089 1182 2137 Scaurum
1200 2086 1312 2150 patrem,
1331 2084 1443 2135 atterum
1460 2082 1495 2134 ad
1511 2082 1665 2134 Alricanum
1692 2085 1845 2135 minorem
1865 2086 1921 2135 ret·

567 2160 637 2223 tulit,
656 2162 738 2214 iratus
755 2164 911 2213 auctoritate
935 2162 1026 2213 Vellei.
1045 2163 1146 2214 Patere.
1167 2161 1190 2220 l,
1210 2162 1251 2220 12,
1269 2159 1293 2210 3.
1329 2161 1456 2211 Patricius
1478 2160 1548 2209 bunc
1565 2158 1688 2211 eundem
1707 2158 1811 2211 locum
1825 2160 1921 2212 Catoni

567 2236 717 2288 vindicavit.
752 2240 871 2290 Potuisse
888 2237 949 2288 talia
967 2237 1000 2289 de
1019 2239 1119 2288 Catone
1137 2235 1197 2297 dici,
1216 2248 1296 2286 nemu
1313 2236 1458 2299 negaverit.
1478 2233 1530 2286 Clr.
1549 2232 1640 2285 Vellei.
1660 2235 1723 2285 Pal.
1749 2235 1782 2297 2,
1802 2235 1849 2286 33.
1868 2232 1919 2285 sal

532 2311 644 2363 locatil.
663 2311 704 2363 si.
723 2313 800 2364 Sena.

1053 2547 1116 2614 Vll.
1163 2544 1213 2610 DE
1236 2543 1395 2612 Gnosii.

1122 2742 1352 2797 anabusnins.

533 2917 562 2963 ts
645 2900 754 2962 Cicero
774 2897 853 2964 dnos
877 2901 1002 2980 scripsit
1018 2899 1057 2961 de
1081 2899 1184 2963 Gloria
1202 2898 1299 2960 libros
1321 2898 1372 2974 (ol.
1396 2896 1436 2959 de
1458 2897 1516 2958 Oli.
1537 2896 1557 2957 l.
1579 2900 1618 2959 ΙΙ.
1639 2915 1667 2957 o.
1689 2898 1732 2976 9.)
1755 2905 1863 2980 atque
1886 2917 1914 2961 a.

570 2991 602 3052 d.
622 2992 669 3053 lV.
694 2994 772 3054 Non.
792 2992 918 3067 Quintil.
939 2995 1011 3056 anni
1029 2995 1096 3057 710.
1121 2994 1251 3055 Antonio
1276 3000 1307 3054 et
1325 2990 1484 3054 Dolabella
1506 3009 1587 3053 coss.
1609 2990 1750 3053 absolvit
1774 2991 1832 3071 (ad
1851 2995 1915 3056 Ars

570 3086 589 3146 Ι.
626 3086 690 3147 XV.
722 3103 772 3165 ep.
806 3087 853 3149 27.
876 3096 907 3148 et
930 3088 1014 3165 XVl,
1043 3089 1095 3165 2.).
1135 3089 1197 3149 llos
1218 3086 1380 3148 Petrarcba
1401 3086 1448 3160 (in
1467 3084 1536 3147 libr.
1564 3081 1725 3165 epistolar.
1758 3084 1915 3148 senilium

569 3180 633 3241 XV.
664 3199 714 3262 ep.
747 3179 774 3240 l.
805 3178 846 3242 ad
873 3183 987 3244 Lucam
1017 3182 1057 3243 de
1077 3184 1182 3245 Panna
1205 3180 1267 3243 dat.
1291 3180 1437 3261 Arquade
1457 3181 1494 3241 V.
1513 3178 1579 3242 Kal.
1600 3180 1695 3241 llaias
1719 3197 1746 3241 s.
1777 3181 1823 3259 a.)
1854 3179 1914 3242 sibi

570 3274 735 3355 contigisse
762 3274 885 3354 scribit,
907 3285 941 3338 ut
957 3275 1119 3339 Raimnndi
1148 3276 1323 3356 Superantii
1351 3274 1505 3338 benebcio
1533 3280 1755 3354 cognosceret:
1793 3273 1915 3355 quibus

533 3369 660 3447 revisis,
688 3370 804 3450 inquit,
835 3389 884 3433 me
910 3372 1096 3435 ditissimum
1123 3371 1295 3434 existimavi
1317 3406 1371 3430 -.
1404 3371 1540 3449 (Οιιιιπιω
1563 3372 1663 3428 tutior
1683 3372 1869 3443 dessauiom
1888 3378 1914 3430 el

570 3468 781 3539 ripailtcutionrs
799 3469 911 3542 clorio,
934 3477 958 3525 rt
976 3470 1203 3541 pbilosophorum
1222 3469 1433 3525 innumerabiles
1451 3468 1526 3532 libri,
1548 3473 1573 3522 et
1594 3464 1735 3522 Ciceronis
1750 3467 1815 3523 duo
1834 3469 1914 3525 nolu·

571 3564 661 3627 rm'ro,
684 3579 755 3634 quoa
774 3558 814 3620 de
832 3558 935 3621 Gloria
951 3566 1060 3635 scripsit
1078 3564 1183 3619 indicio
1201 3570 1272 3618 ruat.
1294 3559 1543 3639 Hieronymus
1557 3557 1731 3618 Comment.
1748 3558 1797 3620 ad
1808 3557 1910 3621 Galat.

572 3654 603 3713 l..
625 3653 705 3714 Vlll.
726 3672 754 3715 c.
775 3658 804 3717 6.
825 3656 860 3718 Τ.
881 3655 946 3715 Vll.
967 3674 998 3735 p.
1019 3655 1075 3718 518
1095 3654 1256 3731 vallarsii.)
1295 3654 1357 3715 Eos
1389 3671 1463 3713 vero
1491 3651 1606 3714 Tullius
1632 3649 1706 3711 ideo
1733 3652 1912 3733 scripsisse

571 3746 701 3808 Patricio
731 3747 869 3825 videtur,
900 3756 934 3809 ut
952 3747 1079 3826 gloriam
1102 3746 1282 3810 ostenderet
1302 3765 1371 3809 cum
1393 3747 1460 3810 aliis
1479 3744 1656 3807 mercedem
1678 3744 1813 3808 virtutis
1838 3765 1910 3809 esse

522 3854 561 3922 rs
572 3840 753 3919 maximam,
775 3849 840 3903 tum
859 3843 1028 3924 praecipue
1047 3861 1151 3905 rerum
1171 3842 1365 3922 publicarum
1385 3841 1577 3924 principibus
1597 3841 1629 3900 in
1651 3840 1791 3902 summis
1817 3840 1911 3903 bonis

571 3932 747 3997 habendam
776 3944 808 3997 et
835 3937 971 3998 omnium
1001 3936 1099 3998 instar
1117 3937 1325 4017 praemiorum
1346 3933 1553 4016 expetendam
1573 3933 1683 3995 sideri.
1728 3935 1814 3997 Nam
1840 3937 1910 4017 ipse

571 4026 697 4107 quidem
727 4048 822 4109 saepe
850 4028 926 4090 alias
949 4029 1028 4091 hano
1052 4030 1083 4090 in
1105 4030 1289 4090 sententiam
1313 4029 1352 4089 de
1372 4028 1468 4108 gloria
1484 4027 1628 4107 disputat.
1650 4026 1909 4092 Eademl'erade

572 4141 666 4185 causa
694 4126 820 4184 Beierus
853 4124 919 4185 istis
947 4126 977 4184 in
1008 4123 1094 4186 libris
1124 4143 1185 4184 non
1205 4123 1291 4185 laoile
1316 4125 1454 4204 potuisse
1479 4122 1578 4183 locum
1602 4121 1641 4181 de
1668 4123 1910 4186 contemnenda

571 4215 665 4295 gloria
688 4236 704 4278 a
725 4219 875 4279 Cicerone
896 4218 1016 4280 silentio
1042 4220 1201 4299 praeteriri
1226 4218 1411 4295 arbitratur,
1433 4217 1595 4297 aliquoties
1619 4223 1790 4278 tractatum
1819 4217 1909 4279 vide·

532 4309 658 4386 aolicct,
689 4321 723 4373 ut
751 4331 807 4391 pro
840 4314 930 4373 Arch.
962 4334 988 4373 c.
1024 4315 1066 4375 ll.
1089 4315 1179 4375 Tusc.
1206 4313 1224 4374 l.
1245 4317 1268 4374 l.
1293 4332 1318 4374 c.
1344 4314 1387 4374 15.
1430 4314 1538 4372 Nossa.
1580 4309 1720 4386 (Falsum
1742 4312 1816 4372 scil.
1841 4323 1907 4378 est.

571 4405 654 4484 quod
684 4407 775 4467 tradit
800 4410 958 4470 lannotius
986 4411 1137 4469 Manettus
1157 4410 1187 4469 in
1209 4410 1268 4469 vita
1289 4407 1471 4469 Petrarcbae
1492 4405 1574 4487 apud
1594 4406 1702 4466 liebus
1726 4409 1815 4482 (Vita
1840 4413 1909 4468 Ars·

572 4505 658 4557 brosii
677 4503 802 4559 Trcaerr.
825 4520 855 4580 p.
869 4503 1028 4579 CCXVI.),
1051 4501 1148 4562 «duos
1168 4501 1236 4562 illos
1256 4501 1434 4582 praeclaros
1455 4501 1612 4563 Ciceronis
1629 4498 1669 4559 de
1689 4499 1799 4562 Gloria
1811 4502 1909 4564 libros

570 4597 600 4653 in
621 4602 759 4654 extremo
779 4597 842 4655 lere
857 4596 1039 4657 Germaniae
1060 4595 1171 4675 angulo
1193 4595 1354 4657 abstrusos
1375 4604 1446 4675 post
1460 4594 1572 4655 multos
1587 4592 1763 4673 quaerendi
1779 4595 1909 4658 labores

571 4686 695 4748 demum
706 4689 906 4750 inveniensin
916 4689 1016 4750 lucem
1028 4690 1136 4766 eruit»
1151 4697 1209 4750 cet.
1223 4691 1259 4749 cl.
1272 4688 1377 4749 liebus
1388 4690 1419 4748 in
1429 4687 1534 4748 indice
1545 4707 1575 4765 p.
1589 4687 1774 4749 CCCCLXl.
1793 4692 1828 4751 P.
1845 4693 1908 4754 Us-

531 4798 560 4844 ss
571 4783 675 4843 nntius
696 4791 727 4842 et
746 4784 778 4843 P.
792 4783 898 4843 torius
910 4784 1057 4862 suspicati
1070 4793 1152 4854 sunt,
1167 4786 1289 4844 Petrum
1306 4782 1496 4861 Alcyonium,
1515 4789 1679 4860 postquam
1692 4782 1793 4845 multa
1811 4785 1908 4846 erbis

571 4876 657 4936 libris
670 4877 699 4937 in
713 4895 783 4936 eum
795 4922 801 4952 ,
814 4894 907 4955 quem
923 4877 962 4936 de
976 4877 1083 4937 exsilio
1099 4877 1232 4956 scripsit,
1248 4878 1348 4937 lurtim
1363 4875 1563 4949 transtulerit,
1579 4893 1689 4948 unum,
1706 4877 1798 4957 quod
1815 4883 1907 4942 etiam

570 4978 644 5031 tunc
673 4981 849 5033 remaneret
877 4972 1037 5050 exemplar
1067 4970 1214 5032 Bernardi
1240 4970 1310 5031 olim
1342 4971 1521 5039 Iustiniani,
1551 4969 1682 5031 flammis
1718 4971 1906 5035 tradidisse.

571 5066 730 5127 Relutasse
750 5065 859 5126 dicitur
880 5066 980 5125 lictam
1002 5066 1080 5125 banc
1100 5065 1233 5126 tabulam
1256 5065 1470 5125 Menckenius:
1494 5065 1580 5124 cuius
1600 5082 1707 5124 curam
1727 5084 1793 5127 non
1809 5069 1908 5148 magis

571 5159 630 5218 vidi
660 5178 751 5239 quam
772 5162 869 5239 ipsius
890 5158 1025 5239 Alcyonii
1045 5160 1168 5221 librum.
1211 5159 1272 5220 Sed
1294 5160 1407 5238 optime
1436 5160 1503 5220 oius
1533 5158 1739 5238 patrocinium
1766 5166 1909 5246 suscepit

532 5253 786 5314 mTiraboscbius
815 5256 908 5312 storia
928 5258 1000 5311 della
1019 5259 1074 5312 teu.
1098 5257 1162 5312 ltat.
1186 5257 1238 5313 lid.
1259 5259 1289 5311 di
1309 5256 1415 5313 littero
1436 5252 1499 5312 Vol.
1525 5256 1547 5310 l.
1570 5271 1600 5331 p.
1623 5253 1711 5328 lat,
1736 5256 1826 5318 unde
1851 5278 1908 5341 ap·

569 5357 660 5426 paret
684 5366 784 5427 aeque
804 5350 998 5409 innocentem
1020 5368 1092 5410 esse
1112 5349 1291 5429 Alcyonium
1314 5368 1350 5409 ac
1371 5348 1554 5424 Goslicium,
1583 5349 1631 5408 eui
1653 5347 1759 5410 simile
1788 5354 1908 5413 crimen

570 5441 687 5503 illatum
708 5452 756 5502 est
775 5462 792 5503 a
813 5443 939 5503 mirilico
959 5442 1029 5519 illo,
1051 5461 1143 5521 quem
1165 5461 1273 5503 omnes
1294 5444 1454 5519 novimuS,
1480 5442 1656 5521 professore
1687 5444 1905 5510 cracoviensi.

570 5539 613 5594 lte
645 5536 753 5595 Osorio
783 5554 912 5614 prorsus
945 5535 1017 5596 nihil
1037 5536 1108 5596 mali
1130 5536 1369 5616 suspicandum;
1404 5544 1470 5596 erat
1489 5537 1535 5595 vir
1564 5533 1753 5616 religiosuS,
1791 5541 1908 5603 lraudis

571 5647 695 5707 expers.
718 5629 762 5692 Cl.
785 5629 930 5690 Friderici
952 5630 1132 5690 Schneideri
1151 5630 1342 5691 Maletemata
1363 5631 1394 5689 in
1420 5631 1578 5690 Ciceronis
1603 5629 1642 5689 de
1670 5630 1780 5696 Gloria
1809 5633 1907 5697 libros

532 5724 862 5879 minozigmermanni
892 5724 1062 5785 Zeitscbrilt
1095 5726 1142 5785 lltr
1170 5725 1577 5787 Alterthumswissensohalt
1607 5724 1690 5787 1839.
1717 5728 1749 5786 3.
1772 5729 1852 5792 fleu.
1874 5748 1904 5812 p.

571 5819 603 5879 21
629 5860 635 5874 .
687 5821 728 5894 a.)
