4342 7459
441 1224 504 1291 tic
995 1225 1210 1289 ClCEllONlS

441 1390 520 1460 tere,
540 1390 606 1442 tum
625 1379 741 1460 quihus
761 1377 878 1459 aliquid
898 1382 930 1440 in
950 1397 1023 1458 agro
1042 1377 1218 1440 laciendum
1238 1379 1298 1439 erit
1315 1379 1425 1455 servis,
1446 1397 1503 1441 eos
1516 1381 1601 1442 foras
1616 1381 1791 1458 emittere,

442 1476 557 1556 quibus
577 1483 680 1537 antem
700 1476 731 1535 in
751 1473 823 1536 villa
847 1473 924 1554 quid
949 1472 1104 1553 agendum
1123 1472 1291 1550 videbitur,
1318 1492 1374 1534 eos
1394 1474 1473 1534 intra
1500 1476 1644 1554 parietes
1673 1476 1792 1538 eonti-

441 1588 517 1631 nere
540 1579 635 1648 atque
653 1567 917 1645 animadvertero,
944 1586 985 1629 ne
1011 1566 1120 1628 diurna
1148 1566 1302 1629 cessando
1330 1568 1519 1628 frustrentur
1548 1587 1662 1649 opera,
1697 1588 1791 1650 quae

442 1665 568 1725 domum
587 1672 691 1725 autem
711 1662 895 1739 inieruntur,
916 1663 1081 1740 diligenter
1101 1663 1268 1742 inspicere,
1292 1679 1332 1722 ne
1356 1660 1492 1723 delibata
1514 1663 1587 1739 sint,
1603 1665 1701 1725 etita
1725 1682 1791 1725 ex·

417 1757 561 1837 eplorata
580 1764 674 1836 atque
694 1756 837 1819 inviolata
858 1760 1016 1838 recipere,
1046 1766 1112 1818 tum
1132 1774 1280 1836 separare
1300 1775 1382 1838 qnae
1409 1757 1624 1819 consumenda
1650 1767 1791 1821 suntet

442 1867 523 1931 quae
542 1851 705 1930 snperfieri
733 1859 864 1931 possunt
889 1850 1068 1925 custodire,
1100 1869 1139 1911 ne
1171 1857 1314 1929 sumptus
1343 1868 1465 1912 annuns
1494 1860 1682 1913 menstruus
1719 1854 1788 1915 liat

441 1946 519 2004 'l'um
539 1945 565 2005 si
586 1946 657 2023 quis
675 1962 714 2005 ex
736 1944 848 2006 familia
869 1946 1007 2025 eoeperit
1028 1943 1161 2007 adversa
1184 1942 1362 2006 valetudine
1389 1944 1484 2019 611161,
1511 1942 1691 2007 videndum
1724 1949 1791 2009 erit

441 2045 477 2099 ut
496 2038 523 2098 is
543 2056 637 2117 quam
657 2037 909 2100 commodissime
930 2039 1135 2099 ministretur:
1159 2055 1232 2099 nam
1253 2055 1291 2097 ex
1313 2036 1507 2099 huiusmodi
1532 2056 1608 2100 cura
1633 2042 1792 2103 nuscitur

441 2131 659 2193 benevolentia
679 2149 737 2192 nec
756 2132 858 2193 minus
878 2132 1075 2211 obsequium.
1118 2132 1198 2203 Quin
1220 2132 1312 2193 etiam
1334 2129 1457 2193 fidelius
1476 2148 1570 2211 quam
1589 2133 1686 2212 prins
1709 2151 1790 2196 ser-

404 2228 508 2295 rovira
527 2224 669 2301 student,
695 2225 748 2305 qui
769 2224 1001 2301 convaluerint,
1030 2242 1101 2285 enm
1123 2232 1172 2285 est
1190 2225 1292 2303 aegris
1312 2222 1451 2286 adhibita
1470 2224 1644 2303 diligentia.
1689 2228 1790 2303 (Co-

441 2317 604 2382 lumella
624 2318 644 2379 l.
658 2318 721 2379 Xll.
738 2336 765 2379 6.
782 2322 808 2379 1.
825 2317 853 2395 S.
868 2318 896 2380 5.
913 2320 979 2398 sq.)

517 2430 545 2486 6.
577 2420 797 2501 Xenophon
822 2419 939 2480 Oecon.
968 2437 995 2479 c.
1017 2420 1045 2479 8.
1069 2420 1098 2497 g.
1122 2419 1222 2493 2-4.)
1268 2422 1343 2482 Nam
1364 2428 1455 2481 vetus
1481 2429 1529 2480 est
1552 2422 1787 2501 proverbium,

442 2524 658 2598 paupertatem
678 2513 883 2576 certissimam
903 2530 990 2590 esse,
1021 2530 1092 2574 eum
1115 2512 1246 2575 alicuius
1265 2512 1423 2591 indigeas,
1452 2514 1494 2574 uti
1516 2530 1554 2573 eo
1575 2531 1641 2575 non
1664 2518 1787 2596 posse,

442 2613 515 2692 quia
535 2612 705 2688 ignoretur,
724 2606 778 2668 uhi
797 2607 969 2685 proiectum
995 2607 1096 2667 iaceat
1119 2608 1203 2685 quod
1231 2606 1437 2668 desideretur.
1485 2610 1594 2686 ltaque
1618 2608 1653 2669 in
1673 2627 1713 2670 re
1734 2611 1787 2673 la-

404 2730 434 2775 te
442 2705 552 2766 miliari
571 2703 756 2765 laboriosior
774 2708 824 2761 est
843 2699 1029 2779 negligentia
1042 2718 1136 2780 quam
1152 2701 1321 2781 diligentia.
1362 2704 1439 2775 Quis
1452 2702 1534 2762 enim
1554 2701 1683 2764 dubitet
1701 2705 1786 2767 nihil

443 2818 514 2863 esse
543 2797 702 2878 pulchrius
727 2797 758 2855 in
785 2794 867 2854 omni
894 2795 1013 2855 ratione
1042 2796 1123 2856 vitae
1152 2793 1355 2874 dispositione
1379 2804 1473 2875 atque
1496 2794 1631 2856 ordine?
1682 2798 1786 2874 Quod

442 2897 535 2957 etiam
555 2890 682 2953 ludicris
701 2887 888 2967 spectaculis
906 2885 980 2947 licet
1000 2906 1096 2967 saepe
1118 2906 1316 2967 cognoscere.
1356 2890 1433 2951 Nam
1454 2889 1506 2950 ubi
1522 2889 1638 2951 chorus
1653 2909 1784 2954 canen-

442 2991 517 3051 tium
537 3004 600 3048 non
618 2983 659 3046 ad
681 2988 784 3043 certos
805 2979 914 3041 modos
936 2997 1040 3060 neque
1065 2981 1203 3042 numeris
1227 2983 1407 3060 praeeuntis
1433 2983 1572 3061 magistri
1595 2988 1783 3060 consensit,

442 3083 604 3144 dissonum
630 3074 778 3156 quiddam
798 3091 834 3134 ac
856 3071 1078 3134 tumultuosum
1106 3073 1304 3135 audientibus
1329 3092 1441 3137 canere
1469 3076 1604 3137 videtur.
1658 3082 1702 3140 At
1721 3080 1783 3141 ubi

404 3178 538 3243 mcertis
562 3172 700 3234 numeris
719 3186 756 3229 ac
775 3165 910 3248 pedibus
934 3166 1020 3228 velut
1038 3168 1118 3234 lacta
1138 3170 1369 3248 conspiratione
1392 3170 1549 3231 consensit
1570 3178 1670 3249 atque
1696 3192 1811 3250 con·,

443 3269 550 3343 cinuit,
571 3285 611 3328 ex
630 3266 698 3325 eius
715 3260 799 3322 modi
812 3279 923 3322 vocum
944 3260 1110 3324 concordia
1131 3280 1192 3323 non
1212 3261 1310 3324 solum
1331 3264 1408 3343 ipsis
1427 3263 1612 3326 canentibus
1635 3268 1784 3329 amicum

444 3363 592 3447 quiddam
606 3370 637 3422 et
650 3355 741 3418 dulce
761 3362 897 3431 resonat,
918 3372 1027 3415 verum
1044 3355 1136 3415 etiam
1151 3363 1330 3435 spectantes
1350 3355 1577 3436 audientesque
1596 3356 1784 3425 laetissima

443 3458 602 3540 voluptate
621 3454 863 3537 permulcentur.
913 3455 977 3513 lam
998 3469 1072 3512 vero
1094 3453 1125 3512 in
1146 3454 1285 3513 exercitu
1304 3469 1408 3532 neque
1427 3451 1517 3513 miles
1539 3469 1647 3532 neque
1669 3457 1782 3536 impe-

443 3562 526 3616 rator
545 3553 613 3613 sine
633 3550 742 3611 ordine
762 3566 799 3610 ac
818 3546 1022 3626 dispositione
1042 3544 1213 3626 quidquam
1233 3545 1317 3609 valet
1336 3546 1508 3627 explicare,
1536 3565 1607 3607 cum
1631 3558 1783 3612 armatus

405 3650 603 3721 asinermem,
625 3660 723 3724 eques
742 3639 891 3721 peditem,
912 3638 1084 3719 plaustrum
1105 3642 1252 3719 equitem,
1274 3641 1301 3701 si
1315 3642 1377 3701 sint
1390 3641 1544 3720 permixti,
1565 3641 1780 3705 contundunt

442 3738 675 3819 (Columella
695 3735 715 3796 l.
730 3736 795 3811 Xll,
816 3753 843 3794 c.
860 3739 887 3795 2.
910 3734 938 3812 ξ.
956 3735 1056 3815 Ι3-5.)

515 3849 546 3905 7.
577 3839 797 3921 (Xenophon
819 3838 934 3899 Oecon.
957 3854 983 3896 c.
1002 3839 1030 3898 8.
1053 3837 1165 3915 610.)
1214 3838 1290 3899 Nam
1310 3846 1343 3898 et
1360 3856 1455 3898 unum
1479 3835 1627 3917 quodque
1650 3840 1783 3904 lucilius

442 3936 674 4013 consideratur,
704 3953 774 3996 cum
794 3942 843 3994 est
862 3934 1053 4011 assignatum
1081 3950 1138 3993 suo
1157 3932 1244 4009 loco,
1274 3940 1305 3993 et
1325 3934 1350 3992 si
1372 3931 1446 4012 quid
1467 3933 1544 3992 lorte
1563 3932 1678 4013 abest,
1705 3937 1781 4017 ipse

442 4050 559 4097 vacuus
578 4031 665 4092 locus
686 4028 842 4103 admonet,
864 4034 898 4086 nt
917 4025 1002 4104 quod
1023 4024 1113 4086 deest
1133 4027 1320 4104 requiratur.
1361 4026 1393 4087 Si
1414 4025 1490 4105 quid
1502 4044 1577 4086 vero
1597 4031 1708 4091 curari
1722 4040 1782 4093 ant

403 4126 618 4201 „concinnari
640 4131 771 4204 oportet,
792 4120 912 4182 facilius
932 4120 1127 4198 intelligitur,
1150 4140 1219 4181 cum
1240 4120 1349 4182 ordine
1370 4139 1426 4181 suo
1446 4131 1640 4183 recensetur.
1687 4127 1781 4199 (Co-

440 4220 603 4284 lumella
623 4218 642 4279 l.
658 4218 721 4278 Xll.
743 4236 769 4276 6.
785 4218 813 4277 2.
837 4216 864 4292 ξ.
883 4218 926 4285 6.)

516 4320 543 4377 8.
576 4312 805 4391 (Xenophon
826 4310 942 4371 Oecon.
965 4330 991 4369 6.
1006 4313 1033 4370 8.
1057 4311 1084 4387 ξ.
1103 4313 1165 4383 16.)
1204 4312 1285 4370 Η666
1313 4311 1421 4371 eadem
1448 4311 1526 4370 ratio
1549 4316 1780 4391 praeparatio-

441 4418 489 4475 nis
509 4420 602 4491 atque
623 4407 741 4469 ordinis
762 4408 855 4466 etiam
875 4407 906 4465 in
927 4407 1057 4482 navigiis
1084 4404 1252 4484 plurimum
1273 4404 1364 4465 valet.
1416 4406 1490 4464 Nam
1516 4403 1569 4464 ubi
1595 4413 1780 4485 tempestas

441 4508 569 4570 incessit
588 4512 620 4564 et
639 4511 688 4563 est
709 4502 765 4561 rite
786 4499 936 4579 disposita
958 4501 1056 4573 navis,
1078 4517 1135 4559 suo
1150 4498 1289 4577 quidque
1310 4499 1418 4559 ordine
1438 4497 1570 4558 locatum
1588 4516 1779 4562 armamen-

403 4611 505 4669 aatum
526 4601 593 4660 sine
614 4595 819 4675 trepidatione
839 4594 980 4652 minister
999 4593 1123 4671 promit,
1145 4611 1214 4651 cum
1233 4601 1281 4652 est
1300 4611 1317 4652 6
1336 4593 1542 4670 gubernatore
1562 4591 1776 4669 postulatum.

442 4690 676 4771 (Columella
695 4689 715 4749 l.
729 4689 792 4748 Xll.
815 4705 841 4747 c.
856 4688 883 4747 2.
907 4687 934 4763 ἓ.
949 4687 994 4764 5.)

515 4793 542 4851 9.
575 4784 813 4862 (Xenophon
840 4782 957 4843 Oecon.
979 4800 1005 4839 c.
1026 4784 1053 4842 9.
1079 4781 1106 4857 ξ.
1131 4783 1172 4844 3.)
1221 4778 1310 4852 Quod
1340 4778 1585 4840 excelsissimum
1615 4788 1667 4839 est
1694 4799 1777 4842 con·

441 4885 542 4959 clave,
575 4879 799 4961 pretiosissima
827 4895 899 4937 vasa
925 4884 956 4936 et
978 4885 1097 4935 vestem
1128 4873 1307 4935 desiderat:
1341 4874 1424 4953 quod
1451 4872 1588 4951 denique
1620 4873 1775 4936 horreum

440 4982 557 5040 siccum
578 4983 671 5053 atque
690 4972 825 5036 aridum,
855 4970 1016 5029 trumentis
1037 4968 1170 5029 hahetur
1189 4968 1350 5028 idoneum:
1384 4965 1467 5046 quod
1489 4962 1656 5043 trigidum,
1681 4987 1775 5028 com-

402 5071 620 5137 tcmodissime
650 5068 754 5126 vinum
784 5064 936 5124 custodit:
972 5062 1055 5141 qnod
1086 5062 1168 5121 hene
1198 5060 1338 5136 illustre,
1368 5059 1505 5138 fragilem
1535 5058 1773 5136 supellectilem

440 5175 533 5246 atque
554 5182 590 5223 66
610 5158 746 5240 postulat
765 5175 871 5237 opera,
893 5173 973 5234 quae
993 5153 1079 5214 multi
1094 5154 1218 5215 luminis
1234 5152 1382 5232 indigent.
1413 5151 1642 5228 (Columella
1666 5151 1688 5213 l.
1705 5156 1770 5216 ΧΠ.

440 5281 466 5322 c.
481 5263 508 5322 2.
553 5258 620 5327 .2.l

517 5261 560 5413 td.
592 5346 819 5425 (Xenophon
848 5344 965 5403 Oecon.
994 5360 1020 5400 6.
1044 5344 1071 5402 9.
1096 5342 1123 5418 ξ.
1143 5340 1262 5417 6-16.)
1311 5340 1505 5418 Praeparatis
1532 5339 1659 5400 idoneis
1691 5339 1770 5402 locis

439 5453 676 5511 instrumentum
696 5448 727 5500 et
746 5435 971 5517 supellectilem
991 5434 1179 5494 distribuere
1203 5435 1363 5511 coepimus
1384 5452 1421 5492 66
1442 5434 1574 5510 primum
1596 5452 1634 5494 ea
1655 5453 1770 5496 seere-

400 5545 556 5616 tsvimns,
586 5536 701 5617 quibus
727 5531 766 5593 ad
787 5549 837 5590 res
861 5527 982 5588 divinas
1003 5530 1044 5587 uti
1067 5527 1217 5587 solemus:
1249 5536 1357 5605 postea
1385 5525 1535 5585 mundum
1562 5527 1767 5607 muliebrem,

439 5638 491 5718 qui
513 5634 553 5696 ad
573 5632 640 5692 dies
659 5631 755 5688 festos
775 5632 988 5703 comparatur,
1011 5622 1125 5682 deinde
1146 5620 1186 5681 ad
1207 5626 1277 5679 hetta
1297 5620 1432 5680 virilem:
1456 5624 1530 5679 item
1551 5619 1678 5683 dierum
1701 5623 1768 5685 sol-

437 5731 584 5791 lemnium
597 5733 737 5786 ornatum
759 5739 815 5780 666
836 5719 938 5778 minus
959 5717 1168 5778 calceamenta
1188 5716 1311 5793 utrique
1332 5715 1419 5775 sexui
1441 5716 1675 5778 convenientia:
1700 5727 1767 5779 tum

437 5826 499 5886 iam
528 5838 669 5882 seorsum
698 5834 783 5877 arma
810 5832 847 5873 66
871 5810 932 5871 tela
956 5810 1190 5889 seponehantur
1209 5817 1240 5869 et
1259 5810 1289 5869 in
1310 5807 1406 5869 altera
1431 5816 1519 5887 parte
1539 5809 1766 5893 instrumenta,
