4342 7459
436 1246 498 1316 392
884 1245 939 1311 DE
959 1246 1132 1313 DEORUM
1152 1245 1316 1313 NATURA

437 1417 577 1477 mentem
598 1410 738 1494 aliquam
760 1410 983 1495 sampitemam
1005 1410 1039 1474 in
1054 1410 1188 1476 deornm
1209 1415 1322 1473 natura
1336 1412 1480 1491 poneret
1502 1409 1679 1493 Numquam
1695 1409 1770 1486 vidi,

438 1505 556 1591 inquit,
583 1504 720 1570 animam
750 1506 881 1569 rationis
903 1505 1093 1590 consiliique
1116 1506 1301 1590 participem
1323 1504 1357 1566 in
1379 1503 1446 1567 ulla
1466 1502 1530 1568 alia
1551 1503 1611 1567 nisi
1632 1503 1773 1571 bumana

438 1597 548 1685 ligura.
572 1598 679 1674 Quidl
701 1598 779 1664 solis
800 1600 1045 1684 numquidnam
1067 1609 1123 1666 aut
1144 1601 1239 1664 lunae
1261 1598 1473 1682 autquinque
1495 1599 1668 1662 errantium
1686 1599 1773 1663 side·

437 1714 508 1759 rum
536 1692 638 1758 simile
666 1693 798 1758 vidistit
839 1693 895 1757 Sol
925 1694 1050 1758 duabus
1075 1694 1172 1757 unius
1195 1690 1281 1756 orbis
1309 1691 1429 1755 ultimis
1452 1692 1595 1776 partibus
1617 1688 1772 1758 deliniens

414 1795 557 1855 amotum
580 1807 699 1851 cursus
711 1806 836 1856 annuos
857 1784 993 1851 conficit.
1028 1787 1133 1851 Huius
1153 1788 1235 1850 banc
1250 1785 1469 1849 lustrationem
1484 1786 1626 1849 eiusdem
1643 1786 1775 1853 incensa

438 1882 536 1948 radiis
568 1888 730 1946 menstruo
759 1882 864 1965 spatio
892 1880 969 1946 luna
998 1881 1147 1966 complet.
1183 1879 1334 1963 Quinque
1362 1887 1469 1943 antem
1496 1879 1607 1943 stellae
1635 1880 1773 1945 eundem

388 2006 392 2012 ·
439 1975 547 2042 orbem
569 1983 713 2040 tenentes
735 1974 816 2039 aliae
835 1974 966 2060 propius
981 1994 1000 2038 a
1015 1975 1123 2048 terris,
1145 1975 1225 2038 aliae
1248 1974 1401 2038 remotius
1423 1974 1463 2038 ab
1487 1972 1588 2039 isdem
1610 1975 1773 2060 principiis

438 2071 618 2155 disparibus
639 2069 837 2155 temporibus
858 2068 968 2133 eadem
990 2069 1093 2153 spatia
1114 2064 1295 2131 conficiunt.
1331 2067 1506 2151 Numquid
1529 2068 1602 2143 tale,
1625 2070 1774 2153 Epicure,

437 2165 572 2230 vidistit
616 2161 667 2226 88.
688 2165 736 2226 Ne
758 2162 800 2228 sit
821 2163 918 2245 igitur
938 2163 1013 2251 sol,
1032 2182 1073 2225 ne
1095 2162 1186 2237 luna,
1214 2182 1256 2226 ne
1278 2160 1402 2235 stellae,
1426 2163 1575 2246 qnoniam
1598 2161 1678 2225 nibil
1701 2183 1773 2228 esse

401 2268 544 2344 topotest
564 2259 625 2325 nisi
648 2256 735 2342 qnod
757 2257 919 2340 attigimus
941 2264 996 2321 aut
1017 2255 1164 2321 vidimus.
1201 2257 1315 2336 Qnidl
1341 2258 1436 2321 deum
1459 2258 1562 2343 ipsum
1586 2279 1704 2325 numne
1726 2261 1775 2324 vi·

438 2356 540 2420 distii
567 2375 625 2421 cur
651 2354 748 2437 igitur
773 2352 877 2416 credis
907 2355 1003 2416 esset
1035 2349 1151 2416 Omnia
1173 2351 1321 2417 tollamus
1344 2372 1436 2436 ergo,
1460 2371 1543 2436 quae
1566 2361 1621 2417 aut
1641 2353 1775 2418 historia

437 2449 529 2516 nobis
550 2455 605 2514 aut
625 2449 705 2513 ratio
727 2467 809 2512 nova
830 2446 942 2510 adfert.
983 2448 1031 2510 lta
1052 2445 1089 2508 fit
1118 2453 1152 2510 ut
1178 2446 1399 2510 mediterranei
1421 2466 1508 2509 mare
1530 2466 1601 2513 esse
1623 2468 1689 2511 non
1706 2466 1775 2511 cre-

438 2542 525 2607 dant.
560 2543 650 2618 Quae
672 2546 747 2605 sunt
769 2547 875 2605 tantae
897 2540 994 2603 animi
1016 2540 1202 2622 angustiae?
1232 2539 1285 2614 Ut,
1307 2541 1334 2604 si
1357 2540 1482 2624 Seriphi
1503 2550 1596 2605 natus
1612 2561 1700 2606 esses
1715 2561 1774 2606 nec

438 2645 591 2720 umquam
612 2655 758 2719 egressus
780 2655 821 2699 ax
842 2634 965 2709 insula,
986 2634 1020 2697 in
1043 2652 1107 2718 qua
1129 2635 1311 2716 lepusculos
1334 2635 1583 2731 vulpeculasque
1607 2656 1701 2723 saepe
1725 2637 1774 2701 44-

402 2730 556 2804 audisses,
584 2750 650 2794 non
672 2728 819 2794 crederes
841 2730 952 2794 leones
974 2737 1006 2794 et
1034 2730 1206 2814 pantheras
1228 2750 1316 2807 esse,
1345 2751 1415 2794 cum
1438 2730 1494 2793 tibi
1528 2731 1639 2815 quales
1668 2739 1776 2796 ament

438 2820 614 2900 diceretur,
644 2825 672 2888 si
702 2844 779 2888 vero
809 2823 848 2887 de
878 2823 1049 2908 elephanto
1071 2824 1144 2907 quis
1167 2823 1304 2899 diceret,
1337 2826 1431 2889 etiam
1453 2824 1550 2889 rideri
1573 2834 1605 2888 te
1635 2834 1775 2909 putaras.

437 2914 490 2981 89.
512 2919 553 2983 Et
579 2925 614 2982 iu
643 2919 786 3004 quidem,
811 2917 929 2993 Vellei,
958 2937 1025 2981 non
1047 2924 1153 2981 vestm
1177 2938 1280 2994 more,
1310 2918 1365 2981 sed
1393 2919 1649 2992 dialecticorum,
1680 2938 1776 3001 quem

437 3012 582 3076 funditus
603 3030 681 3097 gens
702 3018 807 3076 444444
828 3031 894 3075 non
915 3012 1019 3087 norit,
1041 3018 1228 3096 argumenta
1247 3010 1423 3076 sententiae
1437 3011 1640 3076 conclusisti:
1662 3011 1775 3092 beatos

439 3124 510 3171 csse
531 3105 608 3171 deos
629 3106 804 3190 sumpsisti.
839 3104 1057 3171 Concedimus.
1090 3108 1220 3170 Beatum
1242 3114 1349 3169 antem
1372 3125 1442 3169 esse
1458 3106 1526 3170 sine
1542 3107 1659 3170 virtute
1673 3109 1776 3172 nemi·

400 3219 512 3269 sanem
534 3220 638 3284 posse.
674 3199 808 3263 XXXII.
830 3199 867 3262 ld
891 3219 1021 3285 qnoque
1037 3200 1164 3275 damus,
1186 3208 1218 3263 et
1231 3199 1368 3262 libenter
1385 3199 1526 3283 quidem.
1549 3201 1703 3264 Virtutem
1719 3222 1777 3266 au·

439 3302 504 3359 tem
525 3295 595 3358 sine
617 3293 739 3358 ratione
761 3301 907 3358 constare
928 3315 991 3358 non
1014 3314 1118 3377 posse.
1157 3293 1332 3358 Conveniat
1352 3294 1385 3357 id
1408 3314 1536 3378 quoque
1559 3313 1691 3358 necesse
1715 3303 1776 3361 est.

438 3384 608 3471 Adiungis,
629 3405 689 3451 nec
711 3388 865 3452 rationem
888 3406 958 3450 esse
981 3390 1041 3452 nisi
1066 3390 1099 3451 in
1122 3386 1261 3451 bominis
1284 3383 1393 3470 figura.
1431 3387 1535 3462 Quem
1559 3388 1615 3451 tibi
1636 3387 1699 3452 boc
1722 3388 1776 3452 da·

438 3490 545 3547 turum
567 3484 685 3566 putasl
707 3481 734 3544 si
757 3482 841 3546 enim
863 3482 907 3546 ita
930 3489 1029 3555 esset,
1051 3481 1130 3565 quid
1146 3501 1227 3563 opus
1243 3488 1311 3544 erat
1332 3488 1363 3544 te
1386 3481 1541 3563 gradatim
1562 3483 1645 3545 istuc
1664 3503 1776 3566 perve-

439 3576 534 3640 niret
557 3576 747 3657 sumpsisses
770 3582 826 3639 tuo
848 3577 927 3640 iure.
963 3574 1047 3650 Quid
1069 3581 1174 3639 autem
1197 3583 1245 3639 est
1260 3572 1532 3658 istucgradatimt
1554 3596 1628 3640 nam
1643 3579 1776 3643 abeatis

394 3675 432 3738 'st
440 3668 481 3733 ad
502 3669 668 3744 virtutem,
690 3688 709 3732 a
730 3668 846 3732 virtute
868 3668 908 3732 ad
922 3668 1085 3733 >rationem
1109 3669 1203 3732 video
1226 3675 1257 3751 te
1280 3669 1405 3732 venisse
1427 3668 1595 3750 gradibus:
1616 3673 1776 3737 aratione

439 3761 481 3825 ad
502 3761 674 3826 humanam
695 3760 827 3844 figuram
852 3781 916 3845 quo
938 3760 1033 3826 modo
1055 3760 1205 3826 accedis?
1227 3762 1438 3844 Praecipitare
1460 3763 1541 3825 istuc
1565 3764 1694 3847 quidem
1717 3773 1776 3841 est,

438 3875 506 3920 non
535 3854 738 3919 descendere.
781 3852 833 3917 90.
863 3857 927 3919 Nec
955 3876 1030 3920 vero
1059 3855 1227 3939 intellego,
1257 3876 1314 3919 our
1342 3854 1489 3918 maluerit
1517 3856 1673 3940 Epicurus
1699 3860 1776 3923 deos

439 3948 604 4036 bominum
625 3948 745 4013 similes
767 3947 874 4012 dicere
896 3969 992 4033 quam
1013 3950 1159 4014 homines
1175 3947 1319 4013 deorum.
1354 3949 1513 4024 Quaeres,
1536 3952 1614 4035 quid
1636 3952 1776 4017 intersit:

441 4046 467 4111 si
490 4047 574 4110 enim
596 4048 657 4109 boc
678 4045 725 4109 illi
748 4045 852 4109 simile
874 4046 930 4121 sit,
960 4064 1031 4109 esse
1062 4042 1141 4108 illud
1167 4042 1251 4106 buic.
1287 4044 1407 4116 Video,
1434 4041 1490 4106 sed
1517 4043 1578 4108 hoo
1601 4045 1689 4121 dico,
1712 4067 1777 4111 non

402 4141 481 4209 anab
502 4139 686 4203 bominibus
708 4139 827 4203 formae
849 4136 979 4222 liguram
995 4138 1120 4203 venisse
1143 4137 1183 4200 ad
1206 4136 1300 4212 deos;
1324 4136 1356 4198 di
1379 4136 1464 4199 enim
1487 4157 1613 4220 semper
1635 4138 1775 4215 luerunt,

440 4235 506 4299 nati
535 4253 707 4318 numquam
735 4242 823 4308 sunt,
854 4234 880 4297 si
911 4233 1042 4318 quidem
1072 4233 1192 4294 aeterni
1218 4239 1293 4294 sunt
1314 4230 1432 4294 futuri:
1466 4238 1499 4293 at
1519 4230 1664 4296 homines
1687 4234 1775 4309 nati;

441 4336 513 4393 ante
541 4327 639 4410 igitur
665 4326 803 4391 bumana
832 4326 931 4390 torma
962 4347 1057 4411 quam
1087 4325 1234 4389 homines
1264 4345 1316 4399 ea,
1346 4344 1411 4409 qua
1437 4334 1527 4389 erant
1552 4325 1653 4390 torma
1676 4327 1707 4390 di
1730 4329 1778 4390 in·

441 4420 602 4485 mortales.
638 4422 709 4484 Non
740 4441 815 4504 ergo
847 4421 973 4484 illorum
995 4421 1132 4484 humana
1154 4420 1273 4493 lorma,
1301 4420 1356 4482 sed
1379 4429 1488 4483 nostra
1512 4421 1620 4483 divina
1642 4420 1778 4484 dicenda

443 4522 500 4578 est.
538 4516 653 4577 Verum
675 4515 736 4578 lroc
758 4515 902 4598 qnidam,
925 4522 960 4577 ut
974 4515 1110 4577 voletis:
1132 4512 1214 4575 illud
1229 4534 1360 4597 quaero,
1383 4534 1466 4596 qnae
1487 4512 1586 4576 inerit
1608 4521 1693 4576 tanta
1715 4514 1778 4578 ior-

511 4759 536 4807 t.
552 4755 657 4820 4444444]
674 4768 778 4805 numam
794 4754 944 4806 Wallterus.
958 4782 985 4792 -
1005 4756 1029 4806 3.
1049 4756 1110 4817 quid
1126 4769 1196 4806 corr.
1215 4769 1247 4806 es
1265 4756 1331 4818 quod
1347 4758 1368 4805 A
1382 4781 1410 4791 -
1430 4756 1454 4805 a.
1474 4756 1565 4804 annuis
1581 4768 1716 4819 superscr.
1730 4761 1779 4808 oA

444 4859 472 4870 -
490 4833 555 4882 banc
572 4833 772 4882 inlustrationem
789 4832 885 4883 HGE:
904 4832 969 4880 iane
985 4832 1245 4882 inlustratutioncmA
1262 4858 1286 4866 -
1306 4832 1330 4881 t.
1349 4832 1426 4881 isdem
1444 4832 1510 4880 AB:
1529 4831 1669 4888 aistand:
1688 4833 1780 4882 midam

443 4907 494 4959 CO
508 4934 533 4943 -
554 4907 579 4959 8.
597 4908 719 4970 numquid
736 4920 805 4956 corr.
825 4920 856 4956 ex
873 4921 941 4956 nunc
958 4908 1018 4971 quid
1035 4907 1054 4956 B
1066 4921 1071 4965 ς
1091 4907 1219 4966 nuncquid
1232 4906 1250 4954 t}
1267 4931 1294 4942 -
1308 4905 1348 4954 40.
1363 4905 1498 4967 adtigimus
1515 4908 1534 4953 A
1547 4920 1553 4963 ;
1573 4907 1720 4968 otiinpimus
1731 4909 1778 4957 ΟΕ

446 5012 472 5021 -
490 4996 582 5033 numne
599 4995 667 5032 corr.
687 4995 720 5031 ex
736 4982 873 5031 nominali
894 5010 921 5019 -
941 4983 982 5033 44.
1002 4982 1125 5031 Tottasnus
1141 4995 1201 5043 erpo
1217 4980 1340 5030 omnino
1361 5006 1385 5017 -
1414 4980 1454 5030 ts.
1473 4981 1504 5028 sit
1522 4981 1541 5030 C
1560 5007 1587 5017 —
1607 4983 1780 5032 mediterranii

443 5062 522 5121 (corr.
535 5072 568 5108 ex
585 5058 758 5119 mediterrani)
771 5060 808 5116 A;
826 5058 989 5107 meditarent
1004 5058 1023 5107 B
1038 5082 1064 5092 -
1085 5056 1125 5106 43.
1144 5061 1231 5106 tantae
1247 5069 1301 5105 om.
1315 5054 1346 5106 A¹
1357 5081 1385 5092 -
1403 5056 1558 5118 angustias?
1578 5057 1620 5117 tlt,
1639 5058 1660 5105 44·
1678 5058 1780 5107 iladvi-

443 5134 501 5198 gius
523 5133 569 5195 (ad
591 5133 645 5182 Cic.
664 5130 698 5182 de
721 5133 775 5182 Fin.
794 5146 820 5197 p.
838 5134 909 5194 citt:
937 5134 1084 5197 anpustiae,
1108 5138 1149 5192 444,
1175 5135 1196 5182 n·
1218 5133 1238 5181 0
1258 5157 1284 5166 -
1309 5137 1369 5180 osset
1387 5133 1405 5181 B
1426 5157 1452 5166 -
1474 5130 1513 5181 44.
1533 5132 1723 5194 uulpiculasquc
1741 5136 1778 5187 A:

442 5208 587 5271 ussipecsdas
604 5221 669 5269 quus
685 5205 743 5270 (litt.
763 5222 779 5257 a
797 5208 937 5272 expuncta)
955 5210 974 5258 B
994 5236 1021 5245 —
1042 5211 1082 5258 45.
1100 5208 1276 5269 pantnorosc
1297 5234 1322 5242 -
1343 5207 1383 5255 46.
1403 5208 1543 5256 dicerentur
1560 5204 1624 5257 u-
1645 5209 1683 5257 44.
1703 5210 1736 5258 lit
1753 5210 1780 5258 in

442 5297 496 5334 ras.
510 5295 547 5332 sn.
560 5295 615 5332 sec.
629 5284 649 5332 A
664 5296 696 5317 -’
710 5295 783 5342 quem
795 5284 940 5332 Manutius:
959 5296 1007 5347 quc
1018 5286 1054 5342 A:
1074 5296 1140 5347 quae
1156 5284 1203 5333 Bt}
1215 5282 1262 5331 ΕΟ
1277 5309 1302 5317 -
1319 5282 1357 5331 48.
1372 5286 1522 5344 argumenta
1533 5282 1667 5332 sententias
1678 5282 1780 5331 Schoe-

443 5370 558 5409 mannus
575 5355 645 5418 (coll.
666 5357 796 5419 Madvigio
814 5357 847 5406 ad
866 5357 920 5406 Cic.
940 5358 975 5408 de
993 5358 1047 5407 Fin.
1067 5371 1082 5421 p
1106 5358 1160 5415 titii:
1185 5357 1327 5419 arpssmemi
1350 5359 1497 5406 sententiam
1515 5355 1579 5418 ilo,
1605 5369 1674 5419 quae
1698 5358 1779 5407 etiam

443 5434 469 5482 in
492 5432 636 5496 arpumentt
657 5445 781 5482 mmmom
803 5433 940 5483 emendari
962 5446 1042 5497 posse
1064 5431 1208 5482 arbitratur
1229 5431 1439 5481 schoemannus.
1461 5459 1488 5467 -
1515 5432 1554 5481 49.
1574 5436 1658 5481 autam
1677 5444 1779 5481 esso·-

443 5507 704 5569 nnnincmposssli:
723 5509 1160 5572 autnn--neminemposseAC;
1185 5508 1570 5564 autcm-·naminemcsssE;
1589 5513 1779 5558 outem--ne-

443 5586 534 5634 4444444444
551 5596 601 5633 ssss
615 5596 686 5645 posse
703 5583 723 5632 0
740 5610 774 5620 -
790 5584 831 5633 23.
850 5597 894 5633 nec
911 5597 964 5634 om.
984 5588 1004 5635 A
1026 5611 1051 5620 —
1070 5583 1112 5633 il.
1131 5585 1273 5644 sumpsisses
1291 5586 1334 5631 tuo
1351 5583 1406 5631 iure
1427 5588 1487 5647 post
1503 5585 1567 5632 istuc
1582 5585 1712 5646 gradatim
1730 5584 1780 5633 ba-

444 5657 510 5709 bent
521 5655 556 5710 il:
577 5659 740 5721 transposuit
757 5656 930 5709 fasciolatus.
947 5685 973 5694 -
993 5660 1059 5721 Quid
1072 5666 1156 5709 autem
1168 5684 1205 5696 -·
1217 5660 1345 5721 pradatim
1362 5660 1450 5722 spuria
1470 5661 1574 5710 censuit
1585 5659 1734 5711 Walterus.
1749 5684 1777 5696 —

445 5735 516 5796 Quod
533 5731 555 5785 il
574 5733 666 5796 (ΑΒΕ
684 5746 734 5797 per
745 5733 958 5797 compendium:
977 5736 1027 5796 Qut
1042 5735 1244 5785 schoemannus
1260 5733 1317 5784 coll.
1332 5736 1352 5784 lt
1372 5734 1386 5798 s
1404 5736 1458 5784 bet
1471 5735 1510 5787 38.
1528 5762 1555 5773 -
1573 5749 1635 5784 nam
1652 5749 1669 5784 o
1686 5736 1712 5785 in
1725 5746 1777 5786 ras.

446 5821 482 5859 m.
501 5819 557 5859 sec.
576 5813 597 5858 A
616 5834 643 5843 -
663 5808 703 5857 29.
721 5806 771 5857 iliis
787 5809 806 5858 Β
827 5833 854 5846 ·-
873 5808 913 5859 30.
932 5809 989 5859 deo:
1005 5811 1042 5860 dii
1058 5811 1125 5860 enim
1141 5811 1162 5857 si
1178 5808 1330 5873 sempcrtdii
1347 5812 1373 5860 in
1385 5823 1492 5869 rasura,
1511 5812 1577 5860 enim
1591 5823 1741 5874 cupersan:
1759 5811 1781 5860 si

446 5881 505 5934 tort.
524 5880 573 5933 alia
591 5884 636 5946 m.)
654 5883 688 5942 li:
707 5883 764 5934 mos
779 5883 801 5934 si
816 5898 835 5933 44
850 5895 947 5945 semper
964 5884 984 5935 Ε
1003 5911 1030 5922 -
1050 5884 1092 5936 34.
1110 5884 1166 5934 nati
1180 5897 1319 5946 numquam
1334 5889 1391 5935 sunt
1407 5886 1469 5947 quia
1485 5885 1581 5934 aelami
1597 5890 1663 5934 sunt.
1681 5885 1702 5935 44
1719 5885 1779 5948 pssi-

446 5957 502 6007 aas
517 5958 614 6008 asiam
629 5962 687 6009 sunt
700 5957 784 6024 [444444
800 5958 821 6012 C
842 5982 870 5996 -
888 5957 925 6023 44]
943 5959 978 6010 att
994 5956 1064 6009 A¹B¹
1082 5984 1111 5999 ·-
1131 5957 1173 6011 aa.
1184 5960 1269 6024 {omns
1285 5963 1346 6012 4444
1364 5960 1390 6009 di
1407 5956 1516 6011 seclustt
1532 5960 1679 6013 Ernestius.
