4342 7459
668 1212 737 1277 ns.
758 1213 797 1276 11.
827 1210 901 1277 cn.
922 1213 1238 1279 xxvtt-xxvtn.
1266 1210 1313 1299 ps
1334 1211 1480 1281 ‹tt-ta.
1676 1214 1737 1285 tat

414 1370 561 1437 adiunxit
588 1372 717 1438 minime
747 1373 779 1435 id
802 1393 873 1437 esse
895 1374 1086 1450 mirandum,
1115 1375 1201 1459 quod
1223 1376 1339 1451 Diana,
1368 1396 1440 1440 cum
1461 1377 1495 1439 in
1516 1384 1609 1460 partu
1631 1378 1741 1465 Olym-

413 1466 517 1550 piadis
546 1468 658 1531 adesse
686 1468 854 1543 voluisset,
882 1468 1014 1532 afuisset
1036 1469 1141 1533 domo.
1176 1470 1265 1545 Quae
1287 1479 1392 1534 autem
1415 1471 1475 1536 dea
1495 1472 1536 1536 ad
1558 1492 1609 1535 res
1630 1493 1741 1540 omnes

413 1561 550 1636 veniret,
572 1563 726 1626 Venerem
747 1562 848 1626 nostri
865 1563 1120 1638 nominaverunt,
1142 1573 1238 1648 atque
1252 1586 1295 1628 ex
1310 1585 1347 1629 ea
1362 1567 1468 1649 potius
1486 1577 1631 1631 venustas
1647 1588 1742 1652 quam

412 1655 521 1718 Venus
542 1676 583 1719 ex
604 1666 780 1720 venustate.
823 1659 966 1720 XXVIII.
989 1656 1040 1719 70.
1064 1658 1227 1722 Videtisne
1250 1659 1360 1742 igitur,
1391 1668 1427 1724 ut
1446 1681 1464 1723 a
1486 1661 1626 1745 physicis
1647 1661 1742 1724 rebus

411 1748 494 1812 bene
524 1758 619 1833 atque
651 1751 772 1813 utiliter
800 1752 937 1815 inventis
967 1760 1065 1815 tracta
1094 1753 1174 1815 ratio
1202 1754 1242 1817 sit
1269 1754 1310 1816 ad
1338 1755 1576 1818 commenticios
1597 1761 1630 1817 et
1649 1754 1763 1817 across

413 1843 516 1906 deos?
539 1863 621 1926 quae
642 1864 694 1907 res
716 1847 828 1928 genuit
848 1845 945 1911 falsas
962 1846 1127 1930 opiniones
1149 1865 1338 1929 erroresque
1359 1847 1556 1910 turbulentos
1579 1855 1611 1909 et
1631 1866 1743 1929 super-

412 1937 557 2000 stitiones
579 1957 680 2020 paene
703 1938 820 2015 aniles;
843 1949 875 2003 et
895 1939 1014 2004 formae
1031 1939 1114 2002 enim
1129 1940 1221 2003 nobis
1236 1939 1367 2003 deorum
1382 1947 1414 2002 et
1428 1947 1547 2003 aetates
1564 1948 1597 2004 et
1610 1941 1741 2003 vestitus

414 2039 609 2114 ornatusque
625 2032 693 2094 noti
708 2042 797 2107 sunt,
824 2054 938 2117 genera
953 2041 1133 2116 praeterea,
1152 2034 1308 2116 coniugia,
1330 2035 1547 2116 cognationes,
1569 2035 1741 2117 omniaque

411 2124 555 2188 traducta
576 2125 617 2188 ad
639 2127 878 2191 similitudinem
901 2127 1113 2190 inbecillitatis
1133 2126 1307 2201 bumanae;
1329 2148 1401 2191 nam
1421 2135 1453 2191 et
1467 2128 1657 2210 perturbatis
1673 2127 1742 2189 ani·

411 2220 472 2282 mis
494 2219 703 2283 inducuntur:
732 2222 913 2306 accepimus
934 2222 1017 2284 enim
1040 2221 1173 2283 deorum
1196 2220 1398 2301 cupiditates,
1428 2222 1658 2304 aegritudines,
1680 2220 1776 2284 ira-to

412 2313 557 2387 candias,
586 2335 646 2377 nec
667 2334 758 2389 vero,
788 2323 824 2377 ut
845 2315 969 2378 fabulae
991 2313 1112 2388 serunt,
1135 2314 1229 2377 bellis
1250 2314 1445 2398 proeliisque
1467 2323 1652 2389 caruerunt,
1681 2332 1741 2375 nec

411 2408 530 2481 solum,
552 2416 588 2470 ut
609 2407 694 2492 apud
716 2408 905 2483 Homerum,
927 2429 998 2472 cum
1022 2407 1085 2471 duo
1108 2408 1266 2471 exercitus
1287 2410 1463 2473 contrarios
1484 2410 1539 2471 alii
1555 2408 1606 2471 dei
1622 2406 1741 2471 exalia

410 2510 499 2586 parte
523 2502 741 2577 defenderent,
765 2504 820 2566 sed
844 2504 955 2577 ctiam,
981 2510 1016 2564 ut
1037 2522 1110 2564 cum
1131 2502 1270 2577 Titanis,
1298 2510 1334 2564 ut
1355 2522 1427 2564 cum
1449 2502 1652 2585 Gigantibus,
1681 2519 1741 2564 sua

410 2596 540 2678 propria
568 2595 652 2658 bella
678 2603 854 2678 gesserunt.
891 2597 977 2659 Ilaec
1006 2604 1037 2658 et
1066 2595 1215 2657 dicuntur
1243 2603 1275 2658 et
1302 2596 1476 2659 creduntur
1501 2596 1685 2660 stultissime
1708 2601 1740 2659 et

409 2689 505 2773 plena
533 2697 607 2751 sunt
634 2688 792 2753 futilitatis
819 2709 1023 2771 summaeque
1052 2690 1200 2752 levitaIIs.
1244 2683 1295 2751 lt.
1318 2688 1380 2752 Sed
1412 2698 1516 2753 tamen
1545 2688 1595 2753 bis
1623 2688 1776 2752 fabulists

410 2782 525 2866 spretis
546 2802 583 2846 ac
605 2782 780 2865 repudiatis
803 2785 882 2848 deus
904 2785 1067 2866 pertinens
1087 2803 1144 2866 per
1157 2791 1300 2846 naturam
1315 2783 1470 2867 cuiusque
1485 2784 1546 2859 rei,
1568 2803 1626 2867 per
1640 2791 1739 2846 terras

412 2876 522 2951 Ceres,
544 2896 602 2959 per
622 2877 720 2939 maria
741 2880 923 2961 Neptunus,
944 2877 998 2940 alii
1021 2896 1078 2959 per
1098 2876 1177 2950 alia,
1203 2883 1353 2958 poterunt
1373 2875 1514 2959 intellegi
1535 2878 1590 2960 qui
1612 2875 1740 2959 quales·

411 2991 475 3056 que
498 2971 575 3045 siat,
603 2992 733 3055 quoque
755 2992 811 3035 eos
833 2972 962 3034 nomine
984 2968 1179 3034 cousuetudo
1202 2970 1444 3053 nuncupaverit,
1472 2969 1532 3035 boc
1555 2989 1610 3034 eos
1633 2978 1665 3035 et
1685 2988 1739 3033 ve-

409 3065 515 3129 nerari
547 3073 579 3128 et
608 3064 713 3128 colere
742 3065 904 3128 debemus.
947 3064 1055 3129 Cultus
1077 3073 1182 3127 autem
1205 3063 1337 3125 deorum
1359 3071 1408 3127 est
1429 3065 1569 3146 optimus
1590 3064 1738 3147 idemque

411 3160 606 3224 castissimus
635 3170 730 3243 atque
759 3159 975 3222 sanctissimus
1005 3158 1272 3241 plenissimusque
1301 3158 1443 3240 pietatis,
1472 3167 1507 3221 ut
1535 3177 1592 3221 eos
1613 3177 1775 3240 semperne

409 3272 506 3338 pura,
536 3255 675 3336 integra,
697 3253 882 3337 incorrupta
902 3261 935 3315 et
956 3262 1061 3316 mente
1084 3260 1117 3316 et
1138 3271 1216 3315 voce
1239 3271 1433 3315 veneremur.
1470 3255 1540 3315 Non
1562 3254 1646 3316 enim
1669 3249 1740 3335 pbi-

409 3347 538 3431 losopbi
570 3348 688 3420 solum,
720 3369 829 3411 verum
859 3349 953 3410 etiam
982 3347 1116 3409 maiores
1144 3346 1243 3409 nostri
1265 3346 1523 3428 superstitionem
1545 3367 1564 3411 a
1585 3347 1739 3430 religiono

410 3448 645 3523 separaverunt
687 3438 740 3503 72.
771 3444 849 3504 Nam
878 3440 933 3525 qui
962 3449 1046 3505 totos
1073 3439 1142 3503 dies
1170 3440 1380 3520 precabantur
1400 3449 1432 3505 et
1451 3442 1671 3517 immolabant,
1703 3448 1740 3506 ut

410 3536 469 3598 sibi
493 3537 543 3599 sui
566 3535 655 3599 liberi
672 3536 859 3617 superstites
874 3544 995 3609 essent,
1018 3533 1228 3616 superstitiosi
1244 3543 1318 3597 sunt
1331 3534 1497 3618 appellati,
1519 3534 1606 3618 quod
1623 3555 1739 3599 nomen

409 3628 513 3711 patuit
535 3636 646 3711 postea
667 3629 772 3691 latius.
809 3629 873 3704 Qui
894 3636 998 3692 autem
1022 3628 1143 3702 amula,
1174 3647 1258 3712 quae
1286 3627 1326 3691 ad
1349 3629 1469 3691 cultum
1490 3628 1623 3692 deorum
1643 3630 1774 3715 perti-ss

408 3730 540 3797 nerent,
563 3722 734 3805 diligenter
754 3729 960 3786 retractarent
980 3729 1012 3784 et
1031 3729 1191 3805 tamquam
1206 3722 1396 3804 relegerent,
1419 3731 1493 3787 sunt
1507 3723 1581 3788 dieti
1596 3724 1737 3807 religiosi

405 3977 477 4042 glum
498 3974 536 4031 B;
561 3973 678 4035 templum
702 3975 850 4036 (superscr.
870 3985 905 4022 m.
925 3985 980 4022 sec.
999 3971 1138 4034 tensplalv
1161 3997 1187 4007 -
1212 3972 1375 4037 deogranisse
1391 3976 1426 4033 A;
1451 3974 1628 4039 demigrantem
1645 3976 1688 4039 (ml
1704 3989 1738 4029 ox

409 4050 584 4111 correctione)
601 4049 620 4097 B
633 4063 638 4105 ;
657 4050 729 4097 mam
745 4048 895 4111 migrauisse
912 4049 1054 4111 (superscr.
1074 4060 1110 4097 m.
1124 4059 1179 4097 sec.
1193 4047 1380 4111 deflagremus)
1399 4049 1420 4094 V
1434 4076 1460 4087 -
1480 4051 1504 4098 t.
1524 4051 1657 4101 adimemt
1672 4054 1693 4101 A
1708 4077 1735 4088 -

408 4133 482 4177 cartu
498 4124 530 4173 ll'
550 4152 577 4161 -
596 4125 737 4186 olimpiadis
754 4125 848 4181 ABV3
872 4125 1016 4185 olimpiades
1033 4124 1052 4173 C
1073 4150 1100 4159 -
1120 4125 1142 4172 ἱ.
1163 4123 1253 4185 afuisse
1270 4122 1422 4183 A¹BC'V¹;
1447 4124 1553 4185 abfuisse
1570 4125 1616 4184 C²3
1638 4127 1739 4188 affuisse

408 4203 446 4255 E;
465 4199 584 4255 obfuisset
600 4195 699 4248 A²v²0
719 4226 746 4235 -
766 4198 789 4248 l.
812 4200 931 4248 Videtisne
948 4201 1025 4261 igitur
1036 4224 1074 4235 -·
1085 4211 1244 4259 summaeque
1259 4198 1368 4247 koitatis
1384 4203 1543 4258 Augustinus
1560 4201 1593 4251 de
1612 4203 1681 4252 cisit.
1694 4201 1739 4253 dei

408 4278 452 4333 tv,
470 4277 516 4326 30:
540 4276 658 4324 Videtisne
675 4276 753 4336 igitur
763 4301 778 4310 -
787 4300 800 4310 -
812 4276 993 4323 commenticios
1008 4279 1031 4321 et
1043 4275 1114 4336 fetos
1125 4299 1138 4309 ·
1147 4299 1160 4309 -
1172 4276 1328 4336 cognationes
1345 4288 1427 4323 omnes
1438 4280 1570 4338 omniaque
1580 4304 1594 4314 ·
1603 4304 1617 4314 ·
1627 4278 1739 4327 imbecil-

408 4353 486 4402 litatis
496 4352 620 4400 numanae
638 4352 787 4399 Lactantius
804 4352 866 4399 lost.
881 4352 899 4407 l,
914 4350 954 4398 tt.
971 4375 995 4382 -
1016 4349 1040 4397 5.
1053 4350 1121 4397 ratio
1137 4350 1168 4396 sit
1184 4354 1267 4396 tracta
1278 4352 1446 4411 Augustinus.
1463 4376 1488 4387 ·-
1506 4354 1576 4415 fotos
1594 4353 1737 4416 (superscr.

408 4441 464 4479 soc.
488 4440 524 4475 tn.
544 4426 654 4487 fotium)
673 4426 693 4472 V
713 4450 739 4461 -
774 4428 798 4475 6.
816 4425 996 4489 errorisquell
1017 4450 1043 4462 -
1073 4424 1112 4472 to.
1131 4423 1269 4483 accepimus
1285 4425 1461 4484 Augustinus:
1489 4427 1625 4488 accipimus
1642 4425 1674 4478 lt.
1698 4427 1736 4478 ct.

408 4503 451 4552 ΙΙΙ,
470 4500 537 4564 sii.
554 4499 595 4549 tt.
625 4527 650 4535 -
680 4502 719 4551 tt.
737 4501 834 4560 ferunt,
853 4502 878 4549 di
896 4501 962 4549 tellis
979 4501 1149 4562 Augustinus.
1164 4524 1190 4533 —
1207 4499 1360 4560 praeliisque
1377 4498 1508 4557 unct,
1524 4502 1658 4564 pretiisque
1675 4503 1736 4552 Ε-

408 4575 577 4626 ealneruntC
598 4600 624 4609 -
646 4575 683 4623 tr.
703 4581 764 4635 aput
782 4580 800 4625 A
820 4602 852 4611 —
869 4577 930 4624 duos
947 4574 1005 4624 A²E
1025 4601 1051 4610 -
1071 4575 1107 4623 ali
1125 4575 1155 4621 V¹
1175 4600 1202 4609 -
1222 4575 1261 4623 ta.
1281 4576 1322 4623 sed
1337 4576 1414 4623 etiam
1430 4589 1486 4625 cum
1503 4578 1589 4627 titanis
1605 4584 1627 4627 et
1643 4580 1737 4631 mmC

410 4676 438 4689 -
458 4653 544 4700 titanis
561 4662 629 4699 corr.
650 4663 681 4698 ex
699 4653 818 4699 timannis
836 4650 870 4708 V;
889 4653 999 4700 titiasnis
1015 4654 1035 4700 A
1053 4676 1080 4685 —
1099 4654 1127 4698 ut
1143 4664 1200 4698 cum
1218 4651 1359 4713 (superscr.
1374 4662 1410 4699 nr.
1423 4663 1477 4699 sec.
1492 4652 1518 4700 id
1534 4657 1576 4714 est)
1594 4654 1739 4716 gigantibus

409 4728 446 4786 Vl
464 4733 487 4776 et
504 4739 561 4774 cum
577 4725 719 4787 gigantibus
737 4727 773 4781 (ῖς
799 4731 843 4773 aut
859 4739 916 4774 cum
934 4725 1081 4789 Gigantibus
1099 4727 1268 4787 Augustinus.
1290 4753 1316 4762 -
1341 4725 1381 4775 tt.
1401 4727 1532 4776 credentur
1549 4730 1692 4791 (superscr.
1711 4730 1739 4794 u)

407 4805 430 4853 A
450 4827 476 4837 —
496 4801 535 4849 ts.
554 4800 696 4862 fertilitatis
713 4798 772 4859 qlitt.
788 4814 803 4846 r
820 4813 904 4858 erasa,
922 4802 957 4857 A;
975 4801 1103 4861 futilitatis
1120 4813 1189 4849 corr.
1210 4801 1268 4851 ead.
1288 4813 1324 4850 m.
1345 4800 1370 4849 ln
1387 4800 1524 4862 futtilitatis
1540 4804 1578 4861 B;
1596 4805 1740 4855 inutilitatis
1829 4821 1833 4826 ·

408 4891 478 4929 corr.
497 4876 523 4925 in
539 4875 665 4937 futilitatis
683 4876 720 4931 C;
737 4876 868 4935 facilitatis
885 4876 922 4927 E:
939 4876 1066 4937 futilitatis
1083 4875 1177 4934 (littera
1197 4881 1256 4939 post
1271 4890 1289 4924 u
1306 4889 1382 4925 erasa
1401 4880 1427 4925 et
1443 4876 1452 4925 l
1469 4890 1538 4927 corr.
1553 4893 1583 4929 ex
1596 4881 1617 4941 a)
1635 4880 1670 4937 Ἲς
1688 4895 1740 4929 ua-

407 4954 495 5002 nitatis
511 4950 679 5012 Augustinus.
701 4974 728 4983 —
747 4963 888 5011 sumereque
905 4952 953 4999 tte
975 4975 998 4986 ·
1019 4950 1067 4999 iiis
1084 4951 1124 5006 V;
1143 4951 1174 4999 iis
1190 4953 1240 5000 At:
1258 4978 1291 4987 -
1309 4951 1339 4999 tt
1364 4956 1483 5012 poterunt
1498 4966 1567 5002 corr.
1582 4954 1607 5004 in
1621 4960 1741 5017 poterant

409 5028 447 5083 Β;
465 5030 581 5088 poterant
598 5026 619 5073 A
639 5050 666 5060 -
687 5025 726 5072 ts.
745 5027 794 5073 sint
812 5026 846 5074 E:
866 5032 922 5073 sunt
939 5025 1048 5074 Asscv
1064 5050 1091 5060 —
1111 5023 1156 5073 loc
1172 5038 1212 5073 eos
1229 5026 1294 5074 Osn.
1308 5024 1407 5073 theod.
1422 5024 1476 5075 Iteil
1490 5029 1616 5086 (Quaestt.
1630 5028 1738 5081 Tulliae.

408 5102 485 5164 Spec.
506 5113 532 5162 p.
545 5102 618 5157 xxttl:
638 5114 699 5161 quos
715 5101 772 5149 deos
788 5102 835 5150 AB
846 5103 865 5150 C
876 5102 894 5150 E
907 5116 912 5157 ;
931 5101 974 5149 bos
991 5102 1069 5162 (corr.
1083 5114 1114 5148 ex
1133 5101 1201 5160 quos)
1219 5102 1275 5148 deos
1293 5099 1344 5147 VO
1360 5124 1387 5134 -
1406 5101 1447 5150 at.
1461 5102 1517 5149 Non
1533 5105 1618 5151 enim-
1632 5129 1646 5140 -
1657 5109 1685 5152 ut
1700 5107 1740 5156 sui

407 5177 455 5225 sibi
478 5175 548 5223 liberi
559 5201 595 5211 ·-
607 5183 665 5224 sunt
686 5178 813 5238 appellati.
842 5178 890 5237 Oui
912 5182 995 5224 autem
1009 5201 1042 5211 -·
1051 5178 1215 5237 pertinerent,
1236 5179 1403 5224 retractarent
1414 5201 1452 5213 --
1463 5176 1613 5239 relegerent,
1640 5180 1658 5227 ii
1681 5180 1741 5229 dicti

408 5256 465 5301 sunl
481 5251 592 5313 religiosi
609 5265 642 5300 ec
658 5253 796 5314 relegendo,
815 5257 944 5316 tamqnam
962 5266 994 5300 ec
1005 5252 1117 5315 eligendo
1128 5253 1263 5313 elegantes,
1283 5257 1305 5299 et
1315 5264 1348 5300 ee·
1360 5252 1483 5314 diligendo
1494 5278 1508 5288 ·
1517 5279 1532 5290 -
1543 5254 1609 5301 enim
1619 5252 1740 5303 neon--

409 5328 518 5376 alterum
540 5327 622 5375 laudis
645 5329 794 5377 lactantius
817 5329 879 5376 Inst.
900 5328 940 5382 tv.
962 5327 1009 5381 ta;
1038 5342 1088 5374 non
1111 5329 1224 5375 enimn
1236 5328 1432 5388 ugustitionem
1452 5328 1618 5390 religionen
1630 5332 1683 5376 tota
1701 5329 1741 5378 die

406 5406 525 5465 precatus
546 5407 570 5449 et
590 5402 728 5451 inmolabnt
739 5429 775 5439 --
787 5407 954 5451 retractarent
971 5406 995 5449 et
1011 5400 1124 5462 aliquam
1140 5415 1193 5450 rem
1210 5402 1338 5465 eligerent,
1356 5401 1381 5448 At
1396 5407 1454 5449 sunt
1467 5403 1576 5465 religiosi
1587 5417 1620 5452 ex
1630 5403 1740 5465 eligendo

409 5480 510 5529 Nonius
528 5490 552 5539 p.
567 5475 630 5530 tlt:
649 5480 704 5528 Non
722 5479 787 5527 enim
798 5478 1008 5538 --superstitiosi
1024 5483 1080 5524 sunt
1098 5478 1216 5539 appellati
1227 5479 1386 5539 Augustinus
1404 5476 1437 5526 de
1455 5478 1525 5526 citit.
1539 5477 1583 5527 dei
1600 5478 1642 5530 tv,
1656 5477 1695 5527 30.
1710 5503 1737 5513 -

409 5553 450 5601 23.
474 5558 657 5611 separouerant
680 5553 814 5614 Augustini
838 5552 896 5602 cod.
917 5550 1096 5602 corbeiensis.
1117 5577 1143 5586 —
1169 5552 1415 5613 resupinatione
1438 5554 1475 5601 ait
1491 5552 1575 5601 Cicero
1592 5553 1739 5615 appellatos,

409 5628 452 5690 qui
470 5632 531 5675 totos
548 5627 599 5673 dies
613 5627 783 5686 precabantur
799 5633 822 5674 et
839 5627 1012 5687 immolabant,
1031 5634 1058 5675 ut
1074 5627 1120 5675 sibi
1137 5628 1175 5675 sui
1189 5627 1259 5676 liberi
1271 5630 1412 5689 superstites
1423 5634 1500 5676 essent
1511 5626 1627 5677 Isidorus
1639 5627 1737 5690 llispal.

409 5703 495 5763 Origg.
510 5701 540 5758 ll,
554 5700 610 5751 iii.
634 5729 658 5737 -
678 5702 719 5751 tl.
732 5704 770 5750 sui
782 5701 828 5749 sili
841 5702 888 5750 ΕΟ
909 5730 934 5738 -
954 5704 994 5752 ἳδ.
1009 5704 1144 5765 Iteligiosus
1155 5703 1190 5751 ait
1200 5704 1286 5752 Cicero
1297 5718 1314 5752 a
1325 5703 1454 5766 relegendo
1470 5702 1618 5765 appellatus,
1637 5703 1681 5765 qui
1695 5716 1739 5752 re-

408 5783 504 5826 tractat
521 5782 545 5825 et
562 5783 691 5836 tamquam
708 5779 794 5839 relegit
811 5790 842 5826 ea
859 5791 923 5838 quae
939 5779 974 5826 ad
989 5780 1082 5828 culum
1100 5780 1211 5827 divinum
1231 5781 1363 5841 pertinent.
1381 5780 1413 5827 Ili
1428 5786 1485 5826 sunt
1502 5779 1561 5827 dicti
1576 5778 1690 5840 relegiosi
1706 5792 1740 5829 eor

408 5853 538 5915 relegendo
556 5859 685 5915 tamquam
701 5867 735 5903 en
751 5853 862 5915 eligendo
878 5855 1007 5916 eligentes,
1025 5867 1058 5903 ea
1069 5854 1192 5913 diligendo
1203 5853 1342 5916 diligentes,
1360 5865 1395 5901 ea
1405 5852 1565 5915 mtellegendo
1575 5853 1740 5916 intellegentes

409 5928 527 5978 Isidorus
538 5930 616 5991 (corr.
630 5942 663 5979 es
675 5927 736 5979 cod.
750 5927 916 5991 frisingensi)
928 5928 960 5991 ll,
970 5928 1028 5979 tal.
1048 5954 1078 5967 -
1096 5928 1279 5993 indiligenter
1294 5933 1462 5980 rennuens
1477 5940 1531 5980 om.
1544 5923 1576 5981 Αι
1589 5955 1616 5966 -
1629 5930 1740 5996 religiosi
