4342 7459
446 1230 510 1299 too
890 1229 945 1295 llll
966 1226 1139 1295 DEORUM
1159 1227 1324 1295 NATURA

447 1415 545 1482 quam
565 1392 744 1478 ceperimus
766 1410 808 1456 ex
828 1389 1048 1473 magnitudine
1070 1390 1322 1465 commodorum,
1350 1409 1433 1475 quae
1461 1391 1684 1477 percipiuntur
1701 1393 1784 1459 caeli

447 1491 696 1575 temperatione,
724 1485 918 1552 iocunditate
947 1494 1102 1550 terrarum
1133 1484 1331 1570 aliarumque
1361 1487 1622 1551 commoditatum
1649 1488 1784 1571 conplu-

334 1599 344 1643 '·
446 1588 530 1651 rium
551 1583 661 1668 copia;
683 1577 736 1645 li.
756 1582 899 1655 tertiam,
921 1599 1006 1663 qnae
1022 1586 1155 1644 terreret
1168 1579 1291 1644 animos
1306 1580 1507 1657 fulminibus,
1529 1586 1784 1668 tempestatibus,

447 1678 579 1753 nimbis,
606 1675 750 1751 nivibus,
780 1673 1004 1758 grandinibus,
1034 1675 1197 1749 vastitate,
1229 1675 1425 1758 pestilentia,
1457 1684 1561 1741 terrae
1591 1678 1730 1743 motibus
1753 1686 1785 1744 et

419 1786 544 1857 osaepe
565 1769 742 1835 fremitibus
763 1768 966 1852 lapideisque
987 1768 1141 1831 imbribus
1166 1776 1198 1831 et
1224 1770 1320 1852 guttis
1345 1771 1494 1835 imbrium
1519 1774 1613 1856 quasi
1634 1775 1784 1850 cruentis,

447 1876 514 1933 tum
534 1865 660 1930 labibus
680 1872 737 1929 aut
757 1863 934 1946 repentinis
955 1870 1109 1926 terrarum
1122 1861 1277 1938 hiatibus,
1301 1872 1368 1927 tum
1383 1874 1509 1947 praeter
1522 1875 1667 1931 naturam
1680 1870 1785 1933 bomi-

446 1983 522 2028 num
544 1961 769 2045 pecudumque
790 1957 962 2041 portentis,
985 1963 1053 2020 tum
1074 1955 1196 2021 lacibus
1212 1958 1287 2021 visis
1303 1957 1509 2034 caelestibus,
1532 1968 1599 2024 tum
1613 1962 1784 2039 stellis'iis,

447 2076 527 2143 quas
550 2053 663 2119 Graeci
685 2058 839 2126 cometas,
862 2050 965 2114 nostri
986 2050 1182 2114 cincinnatas
1205 2060 1335 2126 vocant,
1358 2072 1441 2135 quae
1463 2073 1565 2139 nuper
1585 2054 1671 2119 bello
1690 2055 1785 2121 Octa·

446 2153 542 2218 viarm
569 2167 756 2232 magnarum
783 2145 915 2209 luerunt
943 2144 1158 2209 calamitatum
1184 2146 1405 2227 praenuntiae,
1437 2155 1503 2211 tum
1525 2148 1593 2213 sole
1615 2151 1784 2232 geminato,

409 2246 553 2331 eoquod,
575 2251 612 2308 ut
633 2262 650 2307 e
673 2250 763 2325 patre
785 2239 911 2315 audivi,
933 2239 1093 2303 Tuditano
1115 2246 1149 2302 et
1168 2239 1299 2323 Aquilio
1322 2241 1506 2305 consulibus
1530 2253 1696 2318 evenerat,
1718 2265 1783 2328 quo

447 2342 578 2429 quidem
599 2356 684 2403 anno
706 2337 740 2400 P.
754 2333 921 2399 Africanus
943 2332 993 2396 sol
1014 2333 1095 2396 alter
1117 2334 1276 2397 extinctus
1299 2342 1364 2409 est,
1388 2336 1505 2419 quibus
1520 2339 1660 2401 exterriti
1681 2339 1785 2404 homi·

446 2456 504 2502 nes
525 2435 590 2499 vim
612 2428 771 2516 quandam
791 2447 863 2491 esse
886 2426 1055 2492 caelestem
1078 2435 1111 2491 et
1125 2427 1263 2491 divinam
1286 2430 1440 2511 suspicati
1455 2440 1548 2509 sunt;
1572 2427 1623 2495 lb.
1639 2442 1783 2518 quartam

447 2550 574 2598 causam
595 2546 667 2593 esse
689 2541 825 2608 eamque
839 2521 890 2585 vel
912 2520 1082 2585 maximam
1105 2522 1363 2605 aequabilitatem
1385 2533 1489 2589 motus
1502 2525 1525 2606 †
1539 2528 1783 2593 conversionem

447 2624 544 2699 caeli,
570 2621 662 2696 solis,
688 2618 784 2686 lunae
810 2615 1017 2699 siderumque
1045 2615 1188 2679 omnium
1210 2616 1462 2694 distinctionem,
1484 2621 1685 2697 varietatem,
1712 2623 1784 2705 pul·

407 2716 675 2789 archritudinem,
705 2711 866 2786 ordinem,
895 2730 1029 2793 quarum
1050 2729 1156 2775 rerum
1176 2719 1325 2794 aspectus
1346 2711 1417 2793 ipse
1441 2714 1518 2777 satis
1539 2714 1696 2779 indicaret
1717 2736 1784 2782 non

445 2832 517 2877 esse
538 2832 577 2876 ea
598 2810 737 2875 fortuita.
773 2806 830 2881 Ut,
863 2805 985 2889 siquis
1008 2804 1041 2867 in
1065 2805 1195 2869 domum
1216 2804 1355 2887 aliquam
1377 2807 1487 2870 autin
1509 2811 1707 2893 gymnasium
1729 2821 1785 2876 aut

445 2908 481 2973 in
502 2905 607 2970 forum
628 2901 765 2976 venerit,
786 2920 858 2965 oum
880 2898 989 2963 videat
1002 2899 1143 2963 omnium
1158 2918 1262 2963 rerum
1278 2898 1452 2976 rationem,
1473 2903 1620 2979 modum,
1641 2905 1784 2988 discipli·

444 3021 536 3077 nam,
558 3019 623 3063 non
644 2995 746 3082 possit
765 3014 805 3059 ea
825 2994 897 3058 sine
919 3011 1016 3057 causa
1033 2990 1102 3057 lieri
1118 2992 1273 3067 iudicare,
1296 2993 1354 3057 sed
1369 3014 1440 3059 esse
1454 2996 1595 3078 aliquem
1609 2997 1783 3082 intellegat,

443 3095 501 3179 qni
522 3092 642 3178 praesit
663 3098 696 3155 et
717 3088 770 3154 cui
791 3095 958 3173 pareatur,
986 3087 1087 3151 multo
1110 3087 1211 3171 magis
1232 3089 1267 3152 in
1288 3090 1382 3154 tantis
1404 3093 1599 3157 motionibus
1622 3095 1784 3178 tantisque

403 3186 730 3263 mvicissitudinibun
751 3193 816 3250 tam
837 3183 1008 3249 multarum
1030 3202 1137 3248 rerum
1157 3192 1256 3267 atque
1278 3192 1436 3249 tanmum
1459 3186 1642 3262 ordinibus,
1663 3189 1698 3252 in
1712 3188 1784 3273 qui·

442 3286 505 3350 bus
526 3284 606 3348 nibil
620 3300 773 3365 umquam
787 3269 932 3342 inme‘nsa
947 3284 981 3340 et
995 3272 1120 3341 infinita
1134 3285 1276 3342 vetustas
1292 3280 1426 3343 mentita
1440 3280 1497 3355 sit,
1520 3288 1637 3347 statuat
1651 3302 1783 3348 necesse

439 3386 493 3443 est
513 3377 555 3442 ab
577 3376 686 3459 aliqua
707 3382 814 3439 mente
835 3378 941 3437 tantos
955 3378 1088 3436 naturae
1104 3381 1208 3436 motus
1222 3371 1404 3454 gubernari.
1446 3376 1500 3438 Vl.
1516 3372 1567 3439 lb.
1585 3376 1783 3461 Chrysippus

443 3472 589 3559 quidem,
611 3487 803 3554 quamquam
825 3474 875 3530 est
895 3465 1050 3530 acerrimo
1081 3466 1228 3548 ingenio,
1255 3474 1362 3530 tamen
1392 3488 1430 3531 ea
1457 3468 1551 3544 dicit,
1578 3477 1615 3534 ut
1643 3467 1684 3534 ab
1712 3471 1784 3553 ipss

440 3574 556 3631 natura
576 3563 738 3637 didicisse,
760 3581 826 3625 non
847 3568 884 3625 ut
902 3561 971 3643 ipse
991 3561 1173 3643 repperisse
1189 3559 1343 3625 videatur.
1382 3562 1436 3625 oSi
1459 3563 1562 3627 enimv
1586 3566 1694 3649 inquit
1716 3571 1784 3629 aest

402 3658 564 3744 seuquid
586 3658 620 3720 in
634 3676 742 3721 renam
755 3663 884 3730 nabars,
906 3654 994 3738 quod
1008 3654 1149 3718 hominis
1164 3674 1271 3730 mens,
1294 3657 1382 3739 quod
1397 3657 1488 3732 ratio,
1511 3657 1598 3741 quod
1615 3659 1673 3732 vis,
1696 3657 1783 3742 quod

441 3759 581 3839 potestas
602 3751 743 3815 humana
762 3746 890 3813 efficere
912 3768 978 3813 non
1000 3750 1118 3831 possit,
1140 3757 1189 3812 est
1210 3758 1295 3812 certe
1318 3750 1365 3826 id,
1387 3750 1474 3833 quod
1495 3752 1575 3816 illud
1591 3748 1704 3826 elficit,
1726 3751 1782 3817 ho·

439 3848 527 3914 mine
549 3845 683 3910 meliust
711 3844 802 3927 atqui
823 3864 875 3908 res
897 3844 1050 3908 caelestes
1073 3862 1250 3926 omnesque
1272 3863 1345 3917 eae,
1373 3865 1506 3928 quarum
1529 3853 1578 3910 est
1599 3845 1678 3909 ordo
1699 3864 1783 3910 sem·

441 3941 602 4028 piteruus,
623 3938 663 4004 ab
685 3938 816 4002 bomine
839 3934 952 4001 confici
974 3956 1041 3999 non
1063 3945 1219 4027 possunt:¹
1238 3945 1285 4001 est
1306 3938 1404 4020 igitur
1425 3938 1473 4013 id,
1496 3959 1515 4005 a
1537 3959 1603 4024 quo
1625 3939 1682 4006 illa
1702 3957 1779 4003 con-

439 4033 605 4110 iiciuntur,
632 4031 762 4098 homine
792 4032 917 4097 melius.
953 4030 989 4094 ld
1019 4038 1124 4095 autem
1153 4031 1229 4116 qnid
1261 4033 1369 4114 potins
1397 4034 1517 4097 dixeris
1538 4052 1635 4118 quam
1657 4035 1782 4098 deumt

398 4129 568 4195 soEtenim
590 4128 616 4192 si
639 4128 672 4191 di
695 4147 758 4191 non
780 4135 869 4201 sunt,
899 4126 977 4211 quid
1004 4144 1074 4188 esse
1102 4133 1210 4208 potest
1241 4127 1274 4190 in
1302 4147 1407 4191 rerum
1429 4137 1542 4192 natura
1563 4129 1692 4193 homine
1715 4150 1781 4193 me·

441 4224 529 4289 lius‘t
551 4224 585 4286 in
607 4243 646 4286 eo
669 4223 754 4285 enim
776 4220 844 4284 solo
867 4228 916 4284 est
937 4222 1033 4294 ratio,
1056 4241 1119 4304 qua
1142 4222 1220 4286 nihil
1242 4230 1348 4305 potest
1363 4242 1434 4285 esse
1448 4225 1670 4307 praestantius.
1701 4225 1782 4288 Esse

440 4324 548 4383 autem
569 4317 752 4389 bominem,
784 4316 838 4398 qui
859 4314 940 4379 nihil
962 4315 996 4377 in
1019 4315 1106 4378 omni
1130 4316 1249 4379 mundo
1272 4316 1386 4381 melius
1411 4336 1482 4379 esse
1505 4337 1600 4401 quam
1624 4339 1658 4381 se
1681 4327 1781 4402 putet,

442 4410 628 4496 desipientis
650 4409 852 4492 adrogantiae
876 4416 943 4472 est:
975 4429 1050 4492 ergo
1073 4417 1120 4471 est
1143 4409 1265 4491 aliquid
1288 4410 1422 4473 melius:
1454 4419 1503 4473 est
1524 4413 1619 4493 igitur
1640 4412 1781 4496 proiecto

443 4505 552 4569 deuse
592 4500 643 4568 t7.
662 4506 712 4566 An
727 4523 817 4577 vero,
841 4504 868 4565 si
885 4502 1014 4566 domum
1031 4523 1177 4585 magnam
1192 4503 1423 4589 pulchramque
1439 4505 1573 4579 videris,
1596 4526 1661 4569 non
1678 4508 1782 4588 possis

404 4598 557 4664 abadduci
579 4606 631 4674 ut,
654 4599 750 4663 etiam
773 4600 800 4661 si
822 4597 985 4661 dominum
1007 4617 1072 4660 non
1095 4597 1220 4671 videas,
1243 4599 1385 4661 muribus
1407 4599 1494 4662 illam
1518 4608 1550 4663 et
1568 4600 1713 4663 mustelis
1729 4620 1783 4664 ae·

508 4899 702 4962 temporinos
722 4899 744 4949 Λ
766 4922 794 4933 -
818 4894 843 4947 l.
861 4900 938 4947 terret
959 4896 979 4946 C
1004 4921 1032 4933 -
1055 4895 1079 4945 6.
1099 4895 1195 4946 labibus
1212 4894 1381 4946 Gulielmius:
1406 4896 1571 4959 lopidibns‘ll
1591 4925 1618 4935 -
1642 4899 1666 4948 7.
1687 4899 1783 4960 (ombus

442 4976 486 5041 (asa
501 4988 537 5026 m.
556 4988 612 5027 sec.
631 4975 658 5024 in
674 4972 780 5034 maurel
798 4973 820 5022 Α
840 5000 867 5010 -
889 4972 927 5021 ln'a
944 4971 1041 5029 ACE;
1063 4971 1087 5020 is
1103 4972 1122 5021 B
1142 4998 1170 5008 -
1193 4972 1217 5021 8.
1236 4973 1395 5022 nncinnotos
1412 4970 1549 5024 REGE:
1568 4974 1719 5024 cincinnttos
1735 4975 1781 5034 A¹3

440 5053 548 5103 minitas
564 5052 594 5102 0.
619 5049 658 5101 ci.
671 5046 759 5099 Schol.
773 5049 865 5097 iuven.
878 5047 921 5108 Vl,
935 5047 993 5098 tor.
1009 5073 1036 5082 —
1055 5047 1081 5096 9.
1099 5047 1201 5109 nonant
1218 5061 1287 5097 corr.
1302 5062 1335 5097 ex
1352 5049 1428 5110 luent
1440 5053 1459 5099 Α
1474 5073 1501 5085 -
1523 5050 1563 5099 46.
1577 5050 1673 5113 aquilio
1685 5051 1705 5098 Α
1717 5050 1736 5098 C
1747 5050 1780 5099 E:

442 5128 537 5192 qastltno
554 5128 591 5185 e;
609 5123 755 5188 Aquillioo
775 5149 801 5159 —
819 5136 870 5172 cos.
888 5123 939 5173 AC
959 5148 986 5158 -
1006 5120 1047 5172 lb.
1064 5126 1147 5170 motos
1163 5122 1190 5171 in
1206 5124 1366 5172 conversione
1382 5123 1446 5172 cocti
1463 5124 1602 5183 Davisius,
1623 5130 1706 5173 motus
1721 5138 1783 5173 con-

440 5204 633 5266 versionumque
651 5198 715 5250 coeli
735 5198 881 5248 Ernestius.
903 5224 930 5233 -
954 5196 994 5247 rt.
1012 5198 1163 5247 usnemun
1180 5197 1331 5246 Manutius:
1353 5198 1488 5248 utilitatem
1504 5197 1526 5249 a
1547 5225 1573 5235 ·-
1603 5199 1643 5248 ⁴9.
1659 5204 1783 5262 porcator

441 5274 474 5332 Αι
493 5305 521 5316 -
538 5277 580 5326 66.
599 5276 661 5326 Post
676 5272 889 5323 monoceron
905 5270 993 5322 deleta
1011 5276 1073 5323 sunt
1089 5274 1115 5323 in
1129 5274 1147 5323 ll
1161 5272 1243 5323 verbe
1262 5276 1316 5322 torn
1332 5274 1472 5323 multonem
1483 5280 1613 5324 --rnotan
1629 5275 1780 5339 ροοοοονὶς

442 5358 501 5405 tum
518 5353 667 5415 sequuntur
683 5347 767 5399 verba
782 5362 816 5399 su
831 5360 882 5397 sese
895 5348 1056 5409 perfectiores
1073 5349 1096 5413 (5
1108 5349 1148 5413 86)
1166 5376 1181 5386 ·
1191 5374 1207 5387 ·
1218 5362 1283 5410 quoe
1299 5363 1356 5399 cnm
1372 5364 1498 5399 mnonmo
1515 5349 1538 5412 [5
1557 5351 1627 5409 ⁴56),
1647 5353 1703 5399 tum
1722 5350 1782 5412 (ite-

442 5428 512 5489 rum)
530 5432 585 5479 tom
599 5426 739 5475 mntem
754 5436 841 5474 rerum
858 5426 910 5473 cet.
929 5422 968 5474 Cl.
982 5437 1007 5488 p.
1021 5423 1078 5473 369.
1093 5448 1121 5459 -
1141 5429 1193 5473 tom
1209 5425 1350 5474 multarum
1362 5451 1398 5463 --
1411 5424 1541 5475 ordinibus
1558 5426 1583 5474 in
1601 5435 1655 5472 ras.
1670 5436 1706 5473 m.
1723 5436 1780 5474 sec.

443 5507 516 5557 Α-
536 5502 577 5554 tl.
595 5500 731 5564 reppetaas
752 5500 788 5549 B:
812 5498 1062 5560 reponareACEO
1085 5523 1110 5536 -
1134 5500 1174 5550 66.
1193 5500 1249 5550 ittet
1272 5497 1303 5550 Αἱ
1323 5526 1351 5537 -
1374 5502 1415 5551 27.
1434 5500 1549 5560 adquin
1575 5525 1602 5534 -
1625 5498 1665 5548 68.
1684 5499 1779 5550 ocod.

444 5577 642 5641 Glogaviensis:
661 5588 715 5627 om.
728 5572 781 5627 llO
800 5601 827 5611 -
847 5588 897 5637 paro
914 5587 983 5624 corr.
1003 5588 1035 5625 er
1052 5575 1120 5637 qnod
1136 5575 1175 5631 (ἒς
1194 5576 1260 5637 qaod
1278 5576 1297 5625 E
1315 5601 1343 5611 -
1363 5576 1403 5627 29.
1424 5580 1487 5627 Post
1504 5577 1576 5626 deum
1593 5577 1620 5624 in
1638 5575 1718 5625 ACE
1735 5588 1782 5625 se-

444 5655 564 5718 quuntur
578 5653 746 5717 lmpttotcn
756 5651 857 5701 οᾰοοιον
874 5650 897 5712 (5
916 5650 987 5711 466),
1011 5653 1069 5699 tum
1085 5662 1119 5699 ec
1135 5662 1185 5699 aeas
1201 5650 1362 5712 perfectiores
1372 5649 1396 5714 (5
1409 5651 1449 5712 86)
1462 5676 1499 5690 --
1512 5665 1577 5713 quoe
1592 5666 1650 5701 com
1665 5653 1782 5701 maximo

444 5728 471 5793 (5
489 5728 559 5790 466),
582 5730 639 5778 tum
655 5727 682 5777 in
698 5727 749 5778 AC
767 5726 857 5777 etenim
872 5725 895 5773 si
911 5726 937 5776 di
954 5726 1017 5786 cet,
1040 5724 1068 5774 tn
1085 5724 1105 5774 E
1123 5726 1214 5774 autem
1231 5730 1284 5774 tum
1299 5726 1439 5775 multonem
1454 5739 1541 5777 renem
1558 5733 1634 5787 utque
1650 5732 1783 5776 tentarem

445 5807 498 5855 oet.
517 5804 553 5853 tta
569 5807 599 5854 nt
615 5805 642 5854 tn
659 5803 712 5854 boc
728 5801 821 5854 codice
838 5813 935 5851 versus
946 5799 1044 5851 ao-ra
1061 5799 1124 5864 (torn
1140 5800 1328 5850 multarent--
1339 5816 1417 5864 quom
1433 5802 1516 5866 mann)
1534 5800 1575 5851 bts
1592 5801 1723 5865 legantur.
1741 5803 1780 5852 De

446 5877 497 5929 Ν
513 5877 582 5928 conl.
600 5891 628 5944 p.
640 5877 689 5930 366
705 5890 748 5943 sq.
761 5903 791 5918 -
809 5876 850 5928 66.
864 5880 946 5940 poten
961 5875 1048 5927 mast)
1068 5902 1096 5913 -
1115 5874 1156 5926 64.
1173 5876 1242 5926 cotio
1259 5881 1294 5927 oct
1310 5877 1330 5927 0
1349 5902 1376 5914 -
1396 5876 1437 5927 32.
1453 5876 1576 5927 bominem
1593 5889 1663 5927 corr.
1681 5889 1715 5927 ex
1733 5876 1781 5926 bo-
