4342 7459
687 1269 755 1334 Lm.
776 1268 831 1331 ΠΙ.
860 1268 932 1333 Car.
955 1269 1225 1333 xxiv-xxvi.
1252 1266 1298 1352 §5
1319 1267 1464 1333 68-62.
1674 1262 1737 1331 296

495 1431 665 1493 Rursum
688 1428 862 1502 creandi,
883 1448 1071 1512 morsque
1095 1436 1158 1491 est
1183 1427 1305 1494 finita
1326 1430 1526 1505 omnibus,

496 1525 602 1600 Quae
624 1524 767 1605 generi
790 1521 960 1585 humano
983 1542 1172 1604 angorem
1195 1524 1435 1607 nequiquam
1457 1523 1661 1590 adferunt.

494 1617 713 1682 Reddenda
735 1625 865 1679 terrae
888 1624 949 1679 est
969 1623 1096 1689 terra,
1120 1625 1197 1679 tum
1220 1617 1303 1680 vita
1325 1618 1508 1681 omnihus

493 1711 697 1785 Merenda,
719 1718 764 1773 ut
784 1709 940 1791 frugest
964 1710 1016 1773 sic
1039 1709 1149 1772 iubet
1170 1712 1410 1774 necessitas.

409 1804 460 1869 66.
482 1807 623 1889 Negabat
650 1824 749 1887 genus
779 1801 837 1867 hoc
863 1804 1013 1867 orationis
1036 1805 1207 1887 quicquam
1229 1805 1358 1867 omnino
1381 1802 1421 1869 ad
1446 1803 1613 1869 levandam
1634 1807 1760 1889 aegri-⁶

410 1900 551 1966 tudinem
572 1899 739 1983 pertinere.
773 1898 809 1958 ld
831 1899 915 1960 enim
938 1898 1042 1978 ipsum
1065 1897 1238 1961 dolendum
1261 1919 1330 1962 esse
1354 1899 1493 1974 dicebat,
1516 1898 1603 1982 quod
1625 1900 1658 1961 in
1674 1907 1736 1964 tam

410 1994 568 2059 crudelem
600 1993 821 2066 necessitatem
849 1991 1083 2066 incidissemus3
1119 2012 1191 2054 nam
1220 1992 1306 2056 illam
1334 1993 1463 2076 quidem
1492 1992 1667 2056 orationem
1696 2013 1737 2056 ex

382 2088 707 2161 ,commemoratione
729 2086 905 2148 alienorum
928 2085 1081 2148 malornm
1104 2087 1143 2148 ad
1170 2086 1339 2151 malevolos
1362 2086 1573 2150 consolandos
1595 2106 1665 2149 esse
1685 2107 1737 2150 ac·

410 2181 647 2245 commodatam.
680 2179 759 2242 Mihi
780 2199 854 2242 vero
877 2180 971 2260 longe
987 2179 1112 2242 videtur
1134 2201 1242 2255 secus;
1266 2201 1337 2244 nam
1353 2190 1384 2243 et
1400 2180 1571 2244 necessitas
1587 2180 1737 2244 ferendae

410 2275 599 2339 conditionis
628 2273 784 2335 humanae
807 2273 898 2354 quasi
921 2294 991 2335 eum
1015 2272 1075 2334 deo
1102 2294 1243 2357 pugnare
1265 2275 1409 2358 prohihet
1431 2275 1642 2358 admonetque
1668 2283 1775 2339 esseio

409 2369 582 2439 hominem,
605 2387 688 2450 quae
711 2367 859 2448 cogitatio
876 2386 989 2447 magno
1006 2386 1101 2448 opere
1116 2369 1235 2431 luctum
1251 2367 1349 2441 levat,
1373 2376 1404 2431 et
1420 2368 1615 2431 enumeratio
1631 2387 1737 2431 exem·

410 2462 531 2546 plorum
554 2480 629 2534 non,
652 2469 687 2523 ut
708 2462 847 2523 animum
867 2460 1092 2524 malevolorum
1113 2460 1266 2535 oblectet,
1288 2460 1437 2536 adfertur,
1460 2462 1516 2524 sed
1538 2467 1574 2524 nt
1594 2461 1658 2536 ille,
1681 2461 1736 2543 qui

410 2566 542 2631 maeret,
565 2553 734 2618 ferundum
757 2554 816 2616 sihi
840 2554 872 2615 id
895 2561 1037 2627 censeat,
1061 2555 1146 2637 quod
1171 2554 1274 2617 videat
1295 2555 1412 2617 multos
1433 2555 1592 2617 moderate
1608 2563 1639 2619 et
1653 2562 1737 2618 han·

409 2649 506 2733 quille
537 2649 658 2712 tulisse.
701 2642 752 2708 til.
783 2647 937 2709 Omnibus
966 2648 1049 2709 enim
1078 2648 1181 2711 modis
1209 2648 1361 2711 fulciendi
1390 2657 1464 2711 sunt
1485 2650 1540 2730 qui
1561 2655 1657 2712 ruunt
1678 2667 1737 2711 nec

409 2745 578 2806 cohaerere
602 2747 735 2824 possunt
757 2748 884 2822 propter
907 2740 1154 2822 magnitudinem
1176 2741 1402 2824 aegritudinis3
1427 2762 1467 2805 ex
1482 2760 1546 2824 quo
1568 2742 1670 2825 ipsam
1685 2753 1774 2804 ae-te

408 2836 594 2920 gritndinem
619 2833 719 2911 λύπην
735 2834 932 2916 Chrysippus
952 2836 1042 2917 quasi
1062 2836 1249 2898 solutionem
1270 2837 1366 2898 totius
1388 2836 1525 2897 hominis
1547 2835 1736 2918 appellatam

407 2938 510 3014 putat:
534 2949 616 3011 quae
638 2936 704 2990 tota
727 2931 844 3010 poterit
865 2928 958 2991 evelli
980 2925 1151 3008 explicata,
1179 2939 1214 2990 nt
1235 2929 1391 3011 principio
1415 2927 1497 3002 dixi,
1520 2947 1614 2991 causa
1636 2929 1737 3010 aegri·

407 3024 542 3097 tudinie;
577 3031 625 3085 est
657 3024 740 3086 enim
774 3023 862 3086 nulla
890 3023 952 3086 alia
983 3024 1043 3086 nisi
1067 3023 1178 3104 opinio
1201 3031 1233 3085 et
1258 3021 1410 3086 indicium
1433 3015 1542 3103 magni
1560 3022 1736 3106 praesentis

409 3127 505 3201 atque
528 3120 671 3200 urgentis
693 3119 779 3180 mali.
813 3119 924 3199 ltaque
947 3124 980 3179 et
1001 3116 1094 3179 dolor
1115 3117 1270 3200 corporis,
1294 3118 1383 3178 cuius
1405 3123 1454 3178 est
1475 3135 1599 3178 morsus
1621 3115 1737 3178 acerri-

408 3232 493 3285 mus,
522 3211 681 3294 perfertur
709 3231 764 3294 spe
793 3212 955 3292 proposita
985 3210 1061 3272 honi
1092 3218 1124 3272 et
1151 3220 1220 3272 acta
1247 3217 1333 3273 aetas
1359 3208 1491 3272 honeste
1513 3229 1550 3272 ac
1571 3209 1774 3293 splendideto

408 3314 527 3369 unum
549 3304 653 3368 adlert
674 3305 940 3378 consolationem,
968 3313 1004 3366 ut
1025 3324 1095 3377 eos,
1123 3306 1178 3386 qui
1201 3305 1246 3366 ita
1267 3304 1419 3378 vixerint,
1445 3310 1583 3366 autnon
1605 3304 1737 3383 attingat

407 3398 573 3481 aegritudo
595 3406 650 3461 aut
672 3397 842 3480 perleviter
864 3404 983 3479 pungat
1004 3399 1100 3460 animi
1123 3397 1224 3460 dolor.

489 3493 606 3572 xxvl.
628 3489 679 3552 66.
703 3491 765 3553 Sed
787 3491 827 3552 ad
850 3491 930 3553 hanc
953 3492 1136 3572 opinionem
1154 3493 1258 3575 magni
1273 3492 1346 3554 mali
1363 3511 1434 3553 cum
1449 3491 1503 3554 illa
1518 3491 1611 3553 etiam
1627 3488 1735 3573 opinio

406 3586 554 3658 accessit,
584 3593 747 3669 oportere,
774 3593 894 3647 rectum
917 3605 1001 3657 esse,
1024 3586 1063 3647 ad
1087 3585 1226 3648 officium
1248 3588 1403 3669 pertinere
1424 3584 1508 3647 ferre
1529 3584 1608 3648 illnd
1630 3603 1736 3665 aegre,

408 3679 491 3762 quod
512 3679 679 3751 acciderit,
702 3685 769 3740 tum
793 3679 931 3761 denique
956 3677 1090 3742 eflicitur
1112 3679 1166 3742 illa
1188 3682 1291 3763 gravis
1306 3680 1511 3762 aegritudinis
1533 3677 1773 3763 perturbatis„

407 3773 453 3836 lix
474 3773 534 3835 hac
556 3774 707 3856 opinione
730 3782 804 3836 sunt
825 3773 879 3836 illa
896 3775 982 3836 varia
1005 3781 1037 3836 et
1053 3775 1251 3838 detestabilia
1267 3794 1384 3856 genera
1399 3772 1546 3855 lugendi:
1568 3772 1735 3856 paedores,

409 3864 576 3931 muliebres
597 3867 803 3930 lacerationes
818 3886 984 3948 genarum,
1005 3870 1162 3949 pectoris,
1185 3868 1354 3941 feminum,
1377 3867 1489 3951 capitis
1504 3865 1734 3950 percussiones.

410 3959 487 4025 llinc
509 3962 563 4025 ille
587 3964 780 4044 Agamemno
803 3962 991 4025 Homericus
1014 3970 1045 4024 et
1067 3962 1150 4023 idern
1173 3963 1342 4036 Accianus,

534 4055 732 4118 Scindens
755 4055 893 4119 dolore
917 4055 1134 4118 identidem
1156 4057 1347 4119 intonsam
1370 4075 1532 4130 comam,

471 4317 493 4365 t.
513 4329 602 4379 genere
620 4317 638 4365 C
660 4341 685 4352 -
706 4317 857 4377 nequiquam
875 4330 936 4365 nos:
957 4317 1123 4377 nequicquam
1141 4317 1175 4373 C,
1195 4318 1363 4379 nequidquam
1380 4317 1409 4365 0.
1429 4316 1467 4366 Cl.
1481 4317 1598 4379 Wagner
1614 4315 1735 4378 Orthogr.

416 4389 499 4454 l'ergil.
520 4406 546 4455 p.
566 4390 614 4441 ibt
632 4404 671 4454 sq.
696 4392 849 4440 Lachmann
873 4392 906 4440 ud
927 4394 1028 4441 lucret.
1048 4407 1073 4455 p.
1095 4391 1150 4442 tlt.
1171 4420 1202 4428 -
1226 4393 1250 4442 7.
1269 4406 1302 4441 ce
1319 4405 1368 4453 quo
1384 4393 1562 4441 mensuratione
1579 4392 1613 4450 ll;
1638 4403 1672 4440 eae
1689 4404 1737 4451 quo

417 4469 626 4516 mmrartoneo
651 4495 677 4503 -
703 4468 726 4515 8.
746 4468 878 4516 matiuotes
900 4469 919 4515 C
945 4494 971 4502 —
997 4470 1036 4515 th.
1056 4469 1147 4516 cohibet
1165 4469 1227 4527 Gn,
1254 4469 1366 4531 quohibet
1389 4480 1523 4531 superscr.
1542 4481 1555 4516 c
1573 4467 1606 4515 h.
1634 4465 1736 4515 «mooe

419 4551 548 4601 paucorum
575 4540 652 4590 codd.
672 4543 830 4603 scripturam
854 4542 966 4603 prohibet
985 4544 1025 4603 (el.
1045 4542 1060 4605 5
1078 4544 1124 4591 66;
1149 4555 1210 4603 quos
1225 4557 1265 4592 res
1281 4545 1336 4605 ipse
1352 4544 1435 4606 lugere
1450 4541 1623 4604 prohibet);
1648 4554 1735 4604 neque

421 4617 477 4666 enim
493 4618 574 4667 credo
593 4617 749 4666 Ciceronem
768 4631 896 4679 umquem
914 4618 1027 4667 dixisse:
1046 4618 1144 4667 cohibeo
1160 4619 1289 4683 (aliquem)
1307 4621 1404 4679 aliquid
1419 4621 1510 4681 saeue.
1530 4616 1605 4681 Apud
1624 4616 1735 4665 llirtium

422 4686 450 4743 lll-
466 4691 524 4741 Gall.
544 4692 610 4748 vill,
629 4693 668 4753 23)
694 4693 897 4757 Oudendorpius
916 4708 947 4742 ex
966 4693 1090 4743 omnihus
1113 4696 1167 4743 lere
1186 4694 1263 4743 codd.
1284 4695 1364 4743 edidit
1379 4693 1537 4756 prohibebat;
1562 4690 1622 4741 cod.
1641 4691 1734 4751 Onon,

422 4764 443 4808 ut
456 4765 524 4828 vulgo
542 4770 604 4816 onte
624 4767 854 4831 Oudendorpium¹
874 4768 1006 4817 cohibebat.
1036 4769 1124 4818 Altero
1142 4767 1201 4818 loeo
1219 4783 1233 4817 a
1251 4767 1349 4818 Klotzio
1367 4767 1482 4828 laudato,
1502 4768 1556 4817 Cic.
1576 4779 1602 4830 p.
1622 4766 1735 4815 Caecina

423 4830 480 4896 iii,
497 4841 542 4890 ubi
560 4843 616 4904 ipse
634 4856 666 4890 ex
684 4845 790 4906 optimis
808 4844 886 4892 codd.
906 4846 1024 4906 scripsit:
1052 4846 1119 4892 Unde
1136 4846 1241 4895 deiectus
1257 4848 1304 4894 es?
1327 4859 1361 4894 an
1378 4847 1447 4904 iude,
1472 4857 1520 4905 qua
1540 4842 1695 4894 cohibitus
1711 4855 1736 4892 es

423 4914 548 4975 meere,
574 4931 606 4966 er
628 4917 684 4967 aliis
706 4918 784 4967 codd.
804 4918 882 4980 vulgo
903 4922 963 4967 onte
987 4915 1115 4968 Klotzium
1141 4924 1212 4970 recte
1232 4919 1369 4983 legebatur
1382 4919 1534 4982 prohibitum
1559 4917 1736 4980 nequeenim

424 4987 545 5041 verisimile
564 4997 605 5041 est
623 4993 780 5042 Ciceronem
799 4994 840 5042 hic
859 4991 945 5042 solum
963 4994 1074 5042 cohibere
1091 4998 1221 5058 posuisse,
1241 4995 1319 5060 paulo
1335 4999 1409 5059 post.
1428 4993 1474 5043 uhi
1486 4994 1558 5043 idem
1571 4992 1666 5041 dicitur
1677 4992 1736 5054 (non

425 5054 482 5110 &ieci
496 5070 519 5114 te
534 5080 568 5115 ec
584 5080 612 5115 eo
630 5067 691 5127 loco,
711 5082 783 5127 quem
801 5071 826 5116 in
844 5069 923 5117 locum
937 5069 1085 5129 prohibui
1103 5085 1133 5119 ne
1149 5071 1244 5120 uenires
1260 5073 1286 5118 et
1299 5070 1314 5133 5
1326 5070 1366 5129 Sl,
1386 5068 1430 5117 ubi
1443 5067 1484 5117 ille
1496 5067 1640 5117 adversarii
1654 5067 1736 5116 oratio

425 5132 529 5189 telellitur
545 5143 577 5204 {ri
595 5156 644 5190 non
661 5157 715 5191 sura
731 5158 764 5192 ee
780 5157 808 5193 eo
825 5145 879 5191 ioco
896 5145 1048 5203 deiectus,
1068 5161 1117 5206 quo
1132 5147 1317 5207 prohibitus
1334 5159 1389 5194 sum
1404 5144 1529 5207 accedere}
1546 5146 1573 5193 et
1590 5144 1624 5193 de
1641 5142 1736 5192 eedem

426 5214 446 5288 ft
460 5219 546 5266 ceteris
564 5217 689 5268 omnihus
707 5218 770 5268 locis
789 5219 811 5281 (g
830 5220 860 5268 87
878 5233 917 5266 rne
934 5220 1038 5268 introire
1052 5221 1207 5282 prohibuerit
1223 5235 1252 5257 =
1269 5221 1300 5283 ἓξ
1317 5217 1632 5270 casletensem:
1652 5218 1737 5267 066666

424 5289 502 5364 6366,
521 5296 797 5355 quae-·prehibet
813 5295 976 5343 accedere.
996 5296 1045 5355 76.)
1068 5296 1246 5356 prohibere.
1272 5299 1356 5358 Atque
1379 5296 1456 5345 huius
1474 5293 1549 5344 verbi
1571 5293 1676 5357 proprie
1694 5293 1734 5341 vis

426 5350 500 5414 drmit
515 5367 614 5430 habere)
633 5372 661 5417 ut
679 5370 740 5418 nudi
760 5368 864 5418 ablativi
883 5369 1021 5432 (introitu).
1041 5372 1080 5419 sic
1098 5369 1224 5433 simplicis
1242 5370 1358 5419 infinitivi
1370 5369 1495 5433 (introire)
1508 5367 1733 5432 complementum

425 5433 513 5487 utitur:
533 5441 646 5491 cohibere
662 5447 751 5493 aulem
771 5448 807 5504 (.-.
821 5446 953 5504 continere,
972 5446 1093 5504 coercere)
1114 5459 1160 5507 per
1178 5459 1206 5495 se
1225 5447 1311 5508 ipsum
1329 5446 1362 5495 ed
1381 5447 1419 5505 id,
1438 5448 1502 5495 unde
1513 5446 1572 5509 quis
1584 5441 1734 5493 cohibendo

426 5499 577 5572 abstineatur,
596 5518 798 5578 significandum
816 5521 938 5568 neutrum
951 5518 1079 5572 admittit;
1099 5520 1203 5579 dicitur,
1222 5526 1251 5569 ut
1266 5535 1356 5569 manus
1373 5521 1409 5570 ab
1426 5535 1499 5580 auro,
1517 5522 1609 5570 hostem
1625 5533 1642 5567 a
1656 5532 1734 5581 prae·

426 5575 484 5635 hies
503 5591 603 5640 licentia
624 5592 749 5652 cohibere,
775 5595 812 5642 sic
832 5595 899 5652 [Tuo.
919 5598 985 5641 hnn.
1005 5595 1036 5653 ll,
1055 5593 1110 5654 ill:
1137 5608 1257 5655 quem··
1270 5597 1326 5644 uix
1342 5596 1483 5655 cohibuere,
1507 5608 1564 5655 qua
1585 5594 1734 5643 minus·-

426 5663 527 5717 humet
543 5669 611 5727 (=a
627 5674 706 5716 morte
722 5670 876 5729 oppetenda).
906 5668 1034 5717 lnsrnitivo
1057 5668 1082 5717 id
1107 5671 1193 5732 polius
1213 5671 1414 5732 significaretur,
1441 5671 1475 5719 66
1491 5669 1562 5733 quod
1583 5668 1733 5718 laciendum

426 5732 631 5791 leucanthemo
649 5748 797 5804 cogeretur.
827 5745 864 5792 De
887 5744 982 5791 horum
1003 5742 1147 5793 verborum
1167 5746 1321 5796 contusione
1342 5746 1375 5797 cl.
1395 5760 1421 5809 p.
1441 5747 1534 5796 Roscio
1553 5746 1640 5795 Amer.
1659 5745 1674 5808 5
1692 5744 1732 5794 90.

425 5799 505 5863 lemn.
524 5817 565 5874 ΙΙΙ,
587 5818 628 5866 33.
651 5819 679 5866 Τ.
699 5820 728 5867 D.
751 5819 790 5876 lll¹
811 5819 850 5867 66.
877 5817 950 5866 Catil.
970 5817 1011 5876 lV,
1030 5819 1071 5867 63.
1096 5819 1123 5867 T.
1143 5821 1172 5869 D.
1193 5821 1223 5879 V,
1242 5823 1284 5870 5.»
1302 5823 1344 5871 W.
1365 5845 1391 5857 -
1413 5821 1452 5870 lt.
1471 5820 1648 5869 maliuolarum
1666 5819 1685 5870 C
1704 5844 1731 5855 -

425 5877 455 5932 ll·
465 5886 610 5943 Al'llllh'll
627 5920 651 5929 -
666 5894 810 5943 solutionem
823 5896 857 5942 C:
877 5890 968 5953 λύσιν,
987 5894 1013 5941 id
1024 5899 1067 5956 est,
1087 5896 1232 5945 solutionem
1244 5895 1263 5944 0
1273 5921 1299 5931 -
1315 5896 1356 5945 60.
1372 5895 1513 5957 perferetur
1524 5895 1573 5945 Gli
1587 5920 1614 5931 -
1633 5893 1674 5945 22.
1690 5905 1736 5946 ac·

422 5959 503 6017 himo
518 5967 570 6019 del.
589 5969 739 6020 Esnestius.
761 5995 787 6005 -
809 5970 849 6019 28.
867 5969 983 6019 Attianus
1000 5970 1032 6020 0.
