4342 7459
443 1243 523 1323 sie
771 1258 1095 1324 ruscunmmuu
1116 1261 1445 1326 nrsrursrronuu

444 1429 480 1485 ut
508 1428 557 1484 est
581 1420 725 1483 inomni
753 1418 888 1482 historia
917 1420 1079 1495 curiosus,
1108 1420 1165 1484 sed
1192 1421 1236 1484 ita
1257 1427 1358 1484 taetra
1379 1428 1454 1485 sunt
1474 1421 1649 1505 quaedam,
1678 1428 1773 1486 ntea

442 1515 543 1596 fugiat
564 1523 596 1577 et
616 1511 798 1577 reformidet
818 1512 931 1575 oratio.
968 1514 1068 1576 Totus
1091 1513 1188 1596 igitur
1209 1514 1261 1577 hic
1282 1513 1371 1577 locus
1395 1522 1443 1579 est
1465 1515 1716 1579 contemnendus
1737 1516 1771 1578 in

443 1610 550 1683 nohis,
576 1628 642 1671 non
670 1605 887 1688 neglegendus
913 1606 948 1667 in
974 1605 1093 1669 nostris
1124 1604 1179 1690 [ita
1207 1615 1328 1682 tamen,
1358 1615 1395 1671 ut
1419 1616 1615 1672 mortuomm
1637 1627 1772 1692 corpora

443 1701 523 1765 nihil
547 1702 664 1765 sentire
685 1699 750 1761 riri
770 1694 966 1781 sentiamus).
1003 1695 1074 1761 409.
1099 1700 1259 1775 Quantum
1281 1708 1392 1764 autem<
1408 1702 1632 1766 consuetudini
1653 1702 1771 1768 famae·

418 1809 506 1881 sque
528 1794 665 1859 dandum
688 1793 745 1867 sit,
767 1791 799 1855 id
822 1800 934 1856 curent
955 1793 1036 1869 viri,
1058 1794 1115 1858 sed
1136 1794 1196 1870 ita,
1219 1803 1255 1859 ut
1275 1795 1462 1878 intellegant
1481 1794 1563 1859 nihil
1583 1795 1617 1858 id
1632 1795 1674 1861 ad
1689 1816 1771 1860 mor-

441 1896 512 1954 tuos
533 1889 704 1973 pertinere.

526 1984 588 2047 Sed
617 1982 758 2067 proiecto
786 2001 870 2045 mors
901 1989 967 2046 tum
995 1984 1191 2065 aequissimo
1219 1984 1325 2046 animo
1348 1982 1525 2066 oppetitur,
1552 2003 1624 2047 eum
1646 1984 1714 2048 suis
1736 2004 1771 2048 se

440 2077 586 2141 laudibus
609 2078 673 2141 rita
694 2075 842 2140 occidens
864 2077 1023 2139 consolari
1045 2084 1160 2159 potest.
1193 2079 1292 2139 Nemo
1315 2097 1427 2159 pamm
1448 2077 1505 2139 diu
1519 2076 1615 2151 vixit,
1638 2080 1694 2162 qui
1709 2079 1771 2142 vir-

442 2171 517 2234 tutis
538 2170 698 2253 perfectae
718 2170 859 2255 perfecto
880 2170 1009 2242 functus
1031 2181 1079 2234 est
1101 2191 1242 2234 munere.
1278 2169 1377 2233 hlulta
1399 2170 1476 2233 mihi
1498 2170 1561 2252 ipsi
1579 2169 1621 2232 ad
1637 2179 1770 2235 mortem

404 2276 431 2322 ιο
441 2265 625 2348 tempestiva
645 2264 786 2339 fuemnt,
810 2283 904 2348 quam
918 2266 1040 2329 utinam
1059 2266 1233 2347 potuissem
1249 2264 1337 2327 obire
1351 2264 1359 2325 l
1384 2263 1464 2326 nihil
1479 2265 1563 2326 enim
1578 2264 1641 2326 iam
1657 2263 1771 2348 adqui·

439 2359 581 2433 rebatur,
604 2358 765 2422 cumulata
786 2366 875 2421 erant
897 2356 1001 2422 officia
1022 2359 1123 2433 vitae,
1146 2379 1217 2422 cum
1239 2358 1366 2421 fortuna
1387 2357 1470 2420 bella
1492 2358 1661 2421 restabant.
1699 2359 1771 2434 Qua

439 2471 491 2525 re,
514 2452 541 2514 si
564 2452 633 2534 ipsa
654 2452 735 2515 ratio
756 2452 860 2515 minus
883 2450 1025 2535 perficiet
1046 2460 1081 2515 ut
1103 2459 1234 2515 mortem
1259 2451 1428 2534 neglegere
1449 2454 1622 2535 possimus,
1652 2454 1771 2517 atrita

439 2552 508 2607 acta
529 2542 673 2627 perficiat
692 2554 728 2607 ut
750 2545 827 2608 satis
849 2565 1010 2628 superque
1033 2544 1152 2607 vixisse
1174 2547 1347 2608 videamur.
1382 2545 1582 2629 Quamquam
1598 2546 1683 2610 enim
1698 2566 1772 2611 sen·

439 2661 494 2703 sus
515 2638 641 2713 abierit,
664 2646 769 2702 tamen
791 2639 858 2702 suis
881 2648 914 2702 et
934 2638 1070 2723 propriis
1092 2638 1183 2702 bonis
1206 2639 1310 2702 laudis
1332 2646 1365 2702 et
1386 2639 1516 2721 gloriae,
1539 2640 1685 2723 quamvis
1706 2660 1771 2704 non

402 2733 592 2805 rosentiant,
615 2734 728 2796 mortui
750 2747 814 2796 non
837 2740 957 2797 carent.
991 2732 1060 2795 litai
1082 2732 1167 2794 enim
1190 2733 1271 2794 nihil
1293 2732 1389 2796 habet
1410 2735 1443 2796 in
1466 2753 1500 2795 se
1522 2734 1623 2816 gloria
1645 2753 1702 2797 cur
1716 2754 1772 2798 ex·

439 2834 578 2909 petatur,
607 2834 712 2889 tamen
733 2828 881 2890 virtutem
908 2834 1070 2911 tamquam
1092 2826 1203 2888 umbra
1225 2827 1378 2909 sequitur.
1422 2827 1532 2888 XLVI.
1556 2822 1627 2888 440.
1650 2828 1770 2891 Verum

439 2918 649 2982 multitudinis
679 2920 832 2982 iudicium
866 2920 905 2982 de
933 2920 1024 2982 honis
1053 2918 1079 2980 si
1114 2918 1241 2999 quando
1269 2926 1335 2993 est,
1369 2919 1469 3001 magis
1501 2919 1697 2983 laudandum
1723 2929 1772 2984 est

439 3033 533 3096 quam
556 3012 602 3075 illi
625 3013 757 3077 obeam
780 3034 846 3076 rem
870 3014 963 3077 beati.
1000 3016 1070 3077 Non
1095 3031 1225 3095 possum
1249 3022 1353 3076 autem
1375 3012 1496 3087 dicere,
1519 3034 1650 3096 quoquo
1674 3015 1771 3078 modo

436 3105 497 3170 boc
519 3107 709 3188 accipietur,
731 3107 927 3190 Lycurgum,
951 3107 1103 3170 Solonem
1125 3106 1230 3188 legum
1252 3115 1285 3172 et
1299 3105 1444 3189 publicae
1459 3105 1647 3189 disciplinae
1662 3127 1771 3171 carere

399 3201 554 3283 iogloria,
582 3200 843 3275 Themistoclem,
872 3202 1122 3284 Epaminondam
1145 3201 1277 3264 bellicae
1299 3202 1432 3265 virtutis.
1471 3206 1552 3264 Ante
1575 3202 1660 3264 enim
1683 3202 1772 3265 Sala-

501 3482 525 3530 4.
544 3481 751 3542 οοιιιοιιιριιιιιάιιι
767 3481 856 3530 Gli-
878 3480 967 3529 «Totos
982 3481 1060 3543 igitre
1077 3479 1116 3528 hic
1133 3479 1202 3529 loeus
1219 3478 1261 3539 {de
1279 3478 1433 3528 humatione
1451 3480 1478 3527 et
1494 3477 1640 3541 sepultura)
1658 3484 1694 3529 est
1709 3493 1772 3529 cos·

436 3556 578 3605 mmmdcc
593 3555 620 3604 io
635 3553 719 3613 mio,
738 3566 787 3603 non
804 3553 968 3617 ucgkgeodus
984 3557 1011 3603 in
1026 3555 1130 3613 nostris,
1153 3554 1198 3602 ito
1215 3559 1318 3602 tameo
1336 3554 1396 3613 (oon
1416 3550 1622 3615 neglegendus),
1640 3559 1675 3604 sit
1691 3567 1772 3603 mor-

436 3636 559 3680 tuorum
576 3631 747 3691 (nostrorum)
765 3641 904 3690 corporo
919 3627 1003 3677 sitiit
1023 3630 1095 3691 (ergo
1113 3641 1147 3677 ne
1165 3626 1328 3691 sepulturam
1346 3627 1464 3690 quidem)
1482 3626 1685 3676 reattractus·
1703 3630 1770 3688 (nos,

436 3705 481 3767 qui
499 3702 620 3764 vivimus)
643 3702 817 3751 sentiamus
834 3700 1012 3763 (iudicemus).
1041 3703 1168 3762 Quantum
1186 3708 1270 3752 cotem
1288 3703 1321 3762 tin
1340 3704 1395 3752 suis
1412 3700 1581 3765 sepeliendis)
1600 3704 1771 3752 emeruerint

434 3781 568 3843 (omneque
584 3778 695 3827 Modum
711 3777 754 3836 sit,
781 3776 910 3825 tricarent
930 3778 1009 3837 vici,
1037 3778 1091 3826 ssd
1112 3779 1170 3838 ito,
1196 3784 1228 3826 ut
1252 3777 1449 3839 intellegant
1470 3777 1553 3826 nihii
1574 3776 1608 3825 id
1626 3777 1772 3838 (quomodo

436 3854 606 3919 sepeliantur)
617 3854 656 3903 od
671 3856 811 3902 mortuos
824 3852 992 3913 perticere.
1012 3853 1040 3901 ln
1058 3854 1209 3917 turpissima
1222 3854 1272 3903 hac
1290 3850 1430 3914 tautologia
1445 3852 1572 3911 Reiskius,
1591 3849 1664 3912 quod
1675 3852 1770 3912 sciam,

436 3930 509 3982 solus
532 3930 632 3988 haesit,
657 3927 701 3990 qui
724 3926 792 3977 haec
815 3927 964 3976 rectissime
986 3930 1135 3979 annotavit:
1165 3929 1326 3991 -chucntia
1349 3927 1431 3977 verba
1454 3930 1607 3989 (tuentum-
1622 3928 1773 3989 -periincre

436 4005 559 4054 videntur
582 4003 653 4053 idem
676 4001 766 4050 dicere
789 4004 869 4064 atque
892 4001 1079 4064 praecedentia
1104 4003 1150 4065 [sc.
1169 4003 1206 4052 ite
1227 4003 1511 4066 tomam-sentiemus)
1530 4000 1655 4051 etaltera
1674 4001 1771 4067 [eaque

436 4077 593 4141 accuratior]
616 4077 752 4126 Ciceronis
774 4075 919 4126 elaboratio
943 4076 1063 4127 eiusdem
1087 4082 1235 4128 sentcntiae
1259 4091 1319 4128 esse
1343 4076 1391 4140 [Cl.
1410 4080 1461 4127 htt.
1480 4077 1550 4135 xvi.
1570 4077 1594 4137 3,
1614 4077 1647 4140 4].
1676 4080 1771 4127 Notans

436 4153 573 4203 liturarum
591 4153 726 4202 Ciceronis
744 4153 768 4200 in
788 4150 836 4200 illis
853 4151 916 4200 mihi
935 4151 1028 4200 videor
1045 4153 1161 4203 rideres
1185 4153 1289 4204 Scilicet
1307 4153 1389 4202 rerba
1409 4152 1450 4202 illu
1468 4154 1587 4202 correcta
1606 4154 1652 4213 (ito
1664 4177 1702 4189 --
1713 4166 1771 4201 sen-

436 4231 528 4278 tiamus
544 4240 605 4277 cum
624 4226 680 4291 ipse
699 4226 791 4277 cicero
810 4223 900 4275 delere
919 4224 1016 4275 oblitus
1034 4232 1120 4288 esset,
1140 4244 1192 4279 non
1205 4230 1293 4279 omisit
1304 4227 1427 4278 librarius
1440 4226 1497 4286 ille,
1516 4228 1560 4290 qui
1574 4239 1635 4276 eum
1649 4226 1771 4277 codicem

436 4304 555 4367 scripsit,
574 4316 605 4351 er
624 4313 677 4365 quo
695 4313 748 4349 non
766 4298 910 4349 emendato
929 4299 970 4360 (cl.
990 4303 1041 4349 Att.
1060 4302 1125 4360 lilll,
1145 4304 1185 4363 tt)
1206 4304 1367 4366 archetypus
1386 4306 1536 4352 nostrorum
1555 4300 1678 4350 codicum
1698 4301 1770 4350 deri-

436 4383 513 4428 vatus
531 4380 580 4427 est.
608 4378 698 4437 ltaque
715 4375 949 4422 tansmisimus
966 4376 1040 4424 uocis
1059 4375 1178 4425 inclusi.»
1195 4379 1237 4427 W.
1258 4376 1342 4426 CLIV
1359 4378 1428 4439 8²5·
1445 4403 1471 4412 -
1485 4377 1508 4424 ὅ.
1522 4377 1548 4423 id
1560 4387 1695 4438 superscr.
1709 4376 1769 4426 cad.

437 4467 472 4503 m.
492 4455 518 4502 in
536 4453 555 4500 G
575 4475 601 4486 —
623 4450 662 4501 lo.
682 4462 758 4510 quom
776 4450 912 4498 Davisius:
931 4462 996 4509 quae
1013 4451 1042 4499 C.
1062 4451 1100 4500 Ct.
1121 4452 1208 4513 stoi.
1223 4454 1279 4501 440.
1295 4477 1322 4487 -
1343 4453 1383 4500 44.
1401 4451 1554 4513 [ονιιιιιασΒ
1574 4476 1600 4485 -
1621 4449 1662 4500 44.
1681 4451 1772 4500 ubierd

437 4532 471 4579 C:
491 4529 570 4578 oberat
587 4525 738 4587 Lambinus,
757 4526 776 4574 0
796 4552 823 4563 -
842 4526 893 4574 uiis
910 4525 1068 4577 Lambinus:
1087 4528 1188 4575 sentinis
1205 4528 1233 4576 C.
1257 4525 1422 4588 alregderus
1440 4538 1471 4575 er
1485 4526 1637 4589 Archetypo
1649 4528 1767 4590 scripsit:

437 4604 561 4653 summis
576 4607 599 4651 st
613 4601 724 4663 propriis
741 4600 809 4650 bonis
826 4600 908 4649 leudis
923 4606 945 4648 et
959 4601 1056 4663 gloriae
1068 4603 1212 4658 (Genitivus
1225 4601 1382 4658 definitivus,
1401 4600 1434 4650 de
1447 4613 1500 4662 quo
1513 4600 1546 4649 ct.
1561 4600 1663 4663 iladvig
1675 4600 1690 4664 5
1702 4602 1768 4662 486),

438 4681 513 4745 quasi
530 4680 586 4728 toas
602 4682 624 4726 et
640 4678 724 4740 gioria
740 4689 754 4725 a
773 4676 902 4726 Cicerone
919 4689 1017 4724 mmmc
1035 4675 1103 4725 bona
1117 4676 1239 4725 dicantur
1255 4687 1351 4725 acuon
1365 4675 1588 4737 ipsesicpergat:
1608 4676 1689 4724 nihii
1700 4676 1771 4725 hehet

437 4755 464 4804 ic
480 4767 505 4803 se
520 4752 617 4816 gioria,
635 4764 682 4798 cur
697 4755 843 4811 erpetctrsr3
867 4763 900 4799 ex
919 4750 1038 4799 Lambini
1056 4750 1209 4799 coniectura
1228 4749 1305 4811 vulgo
1324 4752 1396 4798 recte
1415 4747 1565 4810 legebatur:
1587 4751 1652 4798 sois
1669 4756 1692 4799 et
1707 4764 1770 4812 pro-

434 4831 513 4892 priis;
538 4826 571 4875 cl.
591 4824 663 4889 quod
686 4837 766 4887 sopra
784 4828 826 4875 est
844 4827 876 4884 (v.
895 4824 934 4886 7):
956 4827 1007 4874 suis
1028 4824 1184 4874 retunditis
1201 4828 1264 4884 cet,
1286 4826 1313 4873 et
1329 4823 1401 4886 quod
1419 4825 1550 4886 sequitur:
1573 4825 1769 4888 gloricuuir-

437 4909 513 4953 tutem
529 4907 660 4962 tamquam
676 4898 785 4948 umbro
804 4902 881 4961 (quae
898 4912 946 4947 soc
963 4901 1092 4963 cuiusque
1110 4903 1137 4949 et
1151 4902 1258 4961 proprio
1270 4901 1320 4959 est)
1337 4901 1456 4960 sequier.
1482 4899 1520 4948 De
1537 4912 1597 4947 scos
1613 4905 1635 4949 st
1649 4901 1771 4961 proprius

439 4979 473 5029 ci.
493 4980 512 5039 4,
530 4978 572 5029 io.
590 4977 622 5036 V,
641 4974 682 5025 49.
701 4973 735 5023 de
752 4974 823 5024 Orat.
836 4974 867 5033 ll,
881 4973 912 5022 39
930 4972 1070 5037 (adsumpto
1087 4974 1187 5024 aliunde
1203 4976 1240 5024 uti
1251 4973 1322 5032 bono,
1340 4987 1390 5021 noc
1405 4974 1510 5034 proprio
1523 4986 1567 5022 occ
1577 4974 1641 5037 sco).
1659 4988 1687 5037 p.
1701 4975 1769 5024 Cac-

440 5056 497 5104 cina
515 5053 531 5116 s
548 5054 576 5102 54
597 5051 649 5101 suis
664 5049 738 5099 certis
754 5061 785 5097 oc
800 5050 910 5111 propriis
925 5048 1059 5097 vocabatis.
1082 5047 1171 5098 Femil.
1193 5050 1221 5107 V,
1241 5048 1281 5108 44,
1300 5050 1315 5098 3
1332 5049 1530 5098 consuetudinem
1541 5074 1579 5085 ·-
1590 5053 1674 5097 tuom
1695 5049 1771 5097 soiius

438 5144 470 5179 uc
482 5128 624 5191 propriam.
648 5126 686 5174 De
703 5121 895 5173 vocabulorum
912 5137 972 5172 saris
989 5127 1016 5172 et
1031 5137 1143 5173 summus
1160 5125 1312 5174 contusione
1331 5124 1363 5173 cl.
1377 5136 1403 5186 p.
1419 5125 1496 5173 Corn.
1512 5122 1593 5173 Balbo
1605 5123 1621 5186 s
1632 5123 1674 5172 tii.
1693 5123 1768 5175 ovid.

441 5205 507 5254 Fast.
527 5203 570 5263 ill,
583 5200 641 5252 ai.»
659 5200 701 5249 W.
723 5225 750 5235 -
769 5198 838 5249 bonis
853 5204 877 5248 et
892 5198 973 5247 badis
989 5198 1037 5248 ΒΟ
1053 5226 1078 5233 -
1094 5201 1133 5248 45.
1152 5198 1240 5248 iubent
1252 5198 1307 5259 (sed
1320 5196 1405 5247 littere
1418 5212 1435 5247 ιι
1447 5211 1508 5247 cum
1521 5201 1620 5261 puncto
1633 5201 1660 5248 et
1672 5200 1769 5250 deinde

440 5276 523 5339 erasa)
542 5278 562 5325 G
581 5300 608 5311 -
628 5273 1010 5336 metamaucensem,
1029 5271 1113 5323 littera
1132 5275 1229 5323 intere
1246 5275 1299 5323 eti
1316 5274 1442 5334 erasa‚B)
1462 5299 1489 5307 -
1509 5274 1549 5322 20.
1568 5274 1703 5324 Salamiua
1715 5277 1770 5325 tta·

440 5355 541 5404 nutius:
560 5349 718 5399 Salaminem
736 5349 794 5398 CO.
819 5348 894 5398 uhlihi
912 5362 965 5397 non
984 5347 1095 5397 dubium
1114 5352 1169 5404 est.
1192 5349 1254 5412 quin
1274 5349 1367 5398 Cicero
1384 5352 1430 5396 aut
1446 5348 1578 5397 solamina
1595 5352 1641 5399 aut
1657 5349 1770 5399 Sanmi-

439 5442 495 5479 isem
517 5426 661 5489 scripserit.
688 5422 738 5483 ct,
757 5426 786 5472 ut
802 5424 922 5473 omittam
942 5424 1043 5472 subere
1059 5425 1087 5473 et
1104 5427 1181 5484 uero,
1205 5424 1221 5487 s
1240 5425 1287 5474 405
1305 5425 1418 5473 Hectora.
1446 5427 1497 5472 444.
1516 5423 1582 5482 XV),
1601 5423 1626 5484 4,
1646 5426 1656 5473 4
1677 5427 1771 5476 Nesida

441 5504 474 5565 (t,
493 5506 503 5552 4
524 5500 655 5562 Nesidem).
682 5499 748 5559 lilV,
768 5497 808 5558 44,
827 5500 842 5548 i
859 5500 996 5559 tyrannide
1014 5498 1095 5560 [Ollio.
1110 5500 1151 5558 lli,
1167 5500 1198 5548 94)
1215 5500 1390 5560 tyrannidem).
1411 5496 1661 5559 ramit.xv1‚rs‚3
1679 5501 1771 5550 444440-

438 5579 524 5628 mma.
549 5577 644 5639 (Quam
667 5574 762 5624 Cicero
783 5574 841 5636 ipse
864 5576 990 5624 Graecam
1013 5574 1226 5623 terminationem
1250 5587 1302 5624 non
1324 5578 1482 5638 aspernatus
1499 5574 1546 5633 sit,
1569 5573 1721 5637 intelligitur
1737 5589 1771 5626 er

440 5653 517 5702 Attio,
536 5652 589 5711 Vll,
608 5650 633 5708 3,
652 5650 692 5700 io.
712 5648 758 5698 ubi
776 5647 810 5698 ab
827 5650 912 5698 Attico
930 5648 1124 5713 reprehensae,
1144 5648 1215 5713 quod
1233 5649 1276 5708 Vl,
1289 5649 1313 5708 9,
1328 5651 1337 5697 4
1358 5650 1387 5697 lu
1398 5650 1502 5698 Piraeeo
1518 5662 1575 5698 cum
1586 5651 1691 5699 emerem
1702 5652 1770 5701 scri·

441 5729 552 5790 pstsset,
570 5724 715 5790 respondet
732 5736 781 5773 sse
800 5723 884 5786 magis
902 5724 1153 5786 reprehendendum
1172 5738 1241 5784 esse,
1261 5724 1332 5788 quod
1346 5725 1425 5774 homo
1438 5726 1571 5774 Romanus
1582 5724 1686 5774 Pimeeo
1702 5726 1770 5775 scri·

442 5794 551 5865 psisset,
578 5813 645 5861 non,
670 5802 700 5851 ut
721 5812 814 5850 omnes
831 5800 940 5850 Romani
958 5801 1105 5864 (Caecilius,
1123 5801 1274 5859 terentius,
1298 5800 1363 5860 alii),
1387 5801 1528 5860 Piraeeom,
1554 5812 1635 5862 quam
1653 5801 1725 5863 quod
1742 5802 1769 5849 ts

443 5877 550 5939 (nomini
566 5877 625 5938 loci,
644 5890 697 5927 non
714 5876 807 5940 oppidi)
824 5875 978 5927 addidisset.
996 5876 1035 5926 Ci.
1055 5874 1143 5926 Famil.
1163 5877 1227 5935 lilii,
1245 5876 1286 5934 56,
1302 5877 1312 5925 4
1332 5876 1435 5937 liuhais
1451 5881 1474 5926 ct
1483 5874 1619 5926 Alabandis
1630 5877 1654 5939 (i.
1668 5890 1694 5926 e.
1706 5875 1768 5927 dlo-

442 5950 539 6015 icosi<
561 5952 610 6004 sat
628 5946 821 6017 Ἀλαβανδεῑς,
847 5951 880 6003 ci.
898 5952 970 6003 Brut.
989 5952 1004 6017 5
1022 5952 1069 6003 345
1089 5950 1259 6013 Atuboodeus)
1279 5951 1413 6012 pecuniam
1434 5950 1520 6002 Cluuio
1541 5949 1640 6011 debean
1666 5949 1767 6003 ibidem
