4342 7459
454 1201 517 1268 i78
739 1204 793 1266 BE
814 1203 969 1267 FlNlBllS
992 1203 1189 1268 RONORUM
1211 1205 1264 1266 ET
1286 1205 1486 1270 MALORUM

453 1381 567 1459 sponte
588 1391 766 1456 propensus
787 1376 844 1435 est
866 1372 944 1436 Mihi
968 1374 1099 1456 quidem
1121 1373 1328 1447 Antiochum,
1350 1395 1445 1457 quem
1467 1372 1574 1448 audis,
1596 1376 1673 1440 satis
1693 1377 1777 1440 belle

453 1470 570 1532 videris
591 1466 764 1529 attendere.
799 1468 880 1528 Tum
903 1466 956 1528 ille
979 1468 1090 1529 timide
1112 1468 1162 1529 vel
1185 1470 1291 1550 potine
1313 1468 1510 1541 verecunde,
1532 1470 1643 1543 Facio,
1665 1470 1778 1553 inquit,

452 1564 617 1645 equidem,
638 1559 696 1623 sed
718 1559 875 1622 audistine
898 1560 991 1623 modo
1014 1561 1054 1623 de
1077 1560 1259 1624 Carneade?
1281 1563 1398 1645 Rapior
1419 1563 1510 1625 illuc:
1533 1571 1659 1627 revocat
1672 1571 1777 1628 autem

451 1654 641 1727 Antiochus,
663 1672 721 1716 nec
743 1658 792 1715 est
813 1662 975 1735 praeterea
996 1675 1090 1738 quem
1113 1656 1286 1719 audiamus.

426 1764 441 1809 c
535 1745 642 1810 llll.
665 1747 746 1811 Tum
768 1748 857 1820 Piso,
886 1748 954 1810 Etsi
977 1749 1054 1822 boc,
1080 1749 1202 1832 inquit,
1231 1748 1363 1813 sortasse
1386 1770 1451 1813 non
1474 1752 1592 1834 poterit
1612 1752 1659 1815 sio
1680 1750 1778 1824 abire,

450 1864 521 1907 curn
543 1843 596 1906 hio
618 1841 762 1904 adsit-
783 1861 834 1902 me
855 1850 958 1904 autem
982 1842 1108 1905 dicebat
1128 1874 1185 1916 —,
1219 1852 1323 1908 temen
1353 1846 1477 1908 audebo
1503 1854 1534 1908 te
1556 1846 1596 1909 ab
1618 1845 1678 1909 hac
1698 1847 1779 1908 Aca·

449 1938 553 2001 demia
574 1956 658 1999 nova
679 1933 719 1997 ad
740 1934 825 1996 illam
849 1943 987 1997 veterem
1009 1956 1138 2009 vocare,
1168 1935 1199 1998 in
1223 1959 1302 2020 qua,
1326 1949 1361 2002 ut
1382 1938 1488 2002 dicere
1510 1939 1700 2002 Antiochum
1722 1959 1778 2002 au-

448 2031 574 2105 diebas,
602 2050 667 2093 non
696 2029 720 2091 ii
747 2028 806 2092 soli
839 2038 1062 2103 numerantur,
1092 2032 1148 2112 qui
1170 2032 1350 2095 Academici
1373 2042 1538 2107 vocantur,
1568 2034 1777 2116 Speusippus,

447 2127 661 2196 Xenocrates,
688 2121 832 2194 Polemo,
862 2122 993 2185 Crantor
1015 2126 1195 2206 ceterique,
1222 2126 1278 2187 sed
1302 2128 1396 2188 etiam
1419 2127 1620 2210 Peripatetici
1644 2136 1777 2201 veteres,

409 2232 581 2302 aequorum
611 2216 760 2299 princeps
789 2224 830 2277 art
857 2215 1055 2290 Aristoteles,
1084 2237 1181 2299 quem
1210 2228 1345 2301 excepto
1375 2220 1506 2283 Platone
1534 2221 1619 2284 haud
1647 2222 1714 2284 scio
1736 2242 1776 2284 an

446 2320 530 2377 recte
564 2310 699 2373 dixerim
735 2309 910 2392 principem
945 2308 1213 2394 pbilosophorum.
1265 2314 1313 2375 Ad
1344 2332 1400 2376 eos
1431 2314 1527 2396 igitur
1555 2323 1704 2378 converte
1733 2322 1776 2388 te,

445 2425 583 2489 quaeso;
611 2424 652 2466 ex
682 2423 791 2467 eorum
819 2404 902 2465 enim
925 2404 1050 2485 scriptis
1073 2411 1105 2466 et
1134 2404 1287 2468 institutis
1311 2427 1382 2469 cnm
1405 2407 1507 2470 omnis
1530 2408 1675 2471 doctrina
1697 2407 1776 2471 libe·

444 2500 534 2574 ralis,
564 2499 668 2562 omnis
696 2497 844 2570 historia,
874 2497 978 2558 omnis
1006 2516 1109 2559 sermo
1137 2496 1266 2579 elegans
1294 2500 1377 2562 sanai
1400 2508 1521 2582 potest,
1550 2511 1617 2565 tum
1639 2502 1776 2565 varietas

445 2603 495 2657 est
515 2602 602 2657 tanta
623 2593 752 2666 artium,
783 2599 818 2653 ut
847 2610 940 2652 nemo
968 2590 1037 2652 sine
1060 2611 1099 2652 eo
1122 2591 1331 2656 instrumento
1353 2595 1393 2656 ad
1416 2595 1514 2658 ullam
1537 2616 1603 2658 rem
1625 2595 1776 2659 illustrio-

407 2706 435 2749 ro
444 2709 510 2753 rem
533 2689 610 2752 satis
631 2693 762 2750 ornatus
784 2686 884 2767 possit
905 2684 1066 2747 accedere.
1104 2686 1150 2747 Ab
1180 2686 1228 2747 his
1251 2695 1407 2761 oratores,
1437 2689 1476 2751 ab
1499 2689 1549 2752 his
1571 2691 1776 2771 imperatores

444 2802 481 2846 ac
502 2803 609 2846 rerum
630 2778 827 2864 publicarum
850 2777 1008 2859 principes
1031 2778 1231 2841 exstiterunt.
1278 2781 1317 2843 Ut
1337 2780 1378 2844 ad
1400 2782 1523 2846 minora
1545 2783 1683 2858 reniam,
1711 2804 1777 2847 ma·

443 2876 620 2949 thematici,
649 2878 780 2956 poiitae,
813 2871 938 2944 musici,
972 2871 1087 2933 medici
1117 2871 1253 2955 denique
1284 2893 1324 2936 ex
1354 2875 1414 2937 bac
1444 2884 1606 2959 tamquam
1634 2876 1776 2940 omnium

443 2970 557 3034 artium
589 2964 716 3031 officina
744 2964 878 3049 proiecti
911 2973 995 3027 sunt
1038 2962 1069 3026 8.
1091 2966 1195 3049 Atque
1218 2987 1292 3050 ego,
1326 2969 1395 3031 Scis
1418 2990 1483 3044 me,
1514 2970 1660 3053 inquam,
1688 2969 1775 3034 istud

443 3064 529 3129 idem
557 3062 689 3138 sentire,
720 3061 810 3133 Piso,
839 3060 896 3124 sed
917 3079 937 3122 a
958 3068 989 3121 tc
1011 3067 1192 3141 opportune
1214 3059 1298 3124 iacta
1319 3063 1438 3125 mentio
1461 3071 1528 3139 est;
1555 3064 1662 3128 studet
1691 3064 1775 3128 enim

405 3156 532 3223 mmens
561 3156 672 3220 audire
703 3154 830 3227 Cicero,
863 3172 1021 3237 quaenam
1049 3153 1091 3215 sit
1121 3153 1213 3217 istius
1243 3158 1375 3229 veteris,
1409 3175 1505 3239 quam
1537 3176 1775 3231 commemoras,

441 3250 630 3314 Academiae
652 3249 692 3312 de
714 3247 829 3312 linibus
850 3248 1007 3311 bonorum
1029 3248 1378 3331 Peripateticorumque
1396 3249 1566 3312 sententia.
1600 3250 1774 3315 Censemus

441 3352 547 3408 autem
577 3343 727 3408 facillime
753 3351 783 3406 te
813 3344 844 3405 id
867 3341 1038 3425 explanare
1062 3361 1174 3423 posse,
1204 3341 1291 3423 quod
1314 3350 1347 3403 et
1369 3343 1509 3406 Staseam
1531 3344 1774 3426 Neapolitanum

442 3438 559 3502 multos
587 3457 689 3501 annos
715 3436 864 3499 habueris
893 3435 977 3518 apud
1001 3443 1031 3497 te
1054 3443 1086 3496 et
1107 3435 1285 3518 complures
1308 3436 1371 3497 iam
1393 3457 1519 3500 menses
1541 3437 1675 3502 Athenis
1696 3438 1775 3502 haee

440 3531 512 3614 ipsa
534 3535 565 3594 te
588 3550 630 3593 ex
649 3530 806 3593 Antiocho
829 3530 993 3590 videamus
1015 3528 1194 3610 exquirere.
1231 3529 1271 3590 Et
1292 3529 1346 3591 ille
1368 3530 1494 3605 ridens,
1516 3532 1599 3615 Age,
1625 3552 1702 3616 age,
1724 3533 1774 3595 in-

402 3645 431 3693 aa
442 3626 524 3708 quit,
546 3657 588 3671 -
610 3623 686 3686 satis
709 3623 795 3686 enim
816 3622 895 3685 scite
918 3641 967 3683 me
991 3622 1089 3685 nostri
1112 3622 1267 3684 sermonis
1290 3624 1481 3705 principium
1503 3645 1574 3688 esse
1589 3625 1716 3689 voluisti
1731 3657 1774 3673 —

441 3738 637 3801 exponamus
667 3715 879 3788 adulescenti,
913 3715 940 3778 si
968 3734 1052 3798 quae
1079 3714 1159 3777 forta
1188 3735 1376 3797 possunrns3
1412 3717 1467 3780 dat
1496 3719 1582 3781 enim
1613 3718 1645 3782 id
1679 3720 1773 3783 nobis

440 3812 596 3885 solitudo,
618 3809 706 3894 quad
728 3810 755 3873 si
778 3812 832 3893 qui
856 3808 936 3871 deus
958 3808 1093 3880 diceret,
1116 3828 1290 3891 numquam
1313 3819 1456 3892 putarem
1479 3832 1529 3874 me
1552 3813 1586 3875 in
1600 3812 1774 3876 Academia

440 3913 603 3989 tamquam
624 3903 851 3989 philosophum
866 3902 1117 3984 disputaturuml
1152 3902 1207 3964 sed
1229 3922 1282 3975 ne,
1305 3902 1380 3965 dum
1396 3904 1472 3966 huie
1486 3906 1659 3989 obsequor,
1681 3906 1774 3970 vobis

441 3999 595 4062 molestus
621 3998 692 4062 sim.
734 3997 830 4071 blihi,
859 3998 1004 4079 inquam,
1034 3996 1090 4078 qui
1112 4004 1144 4059 te
1171 3995 1203 4057 id
1225 3997 1328 4079 ipsum
1351 3999 1483 4079 rogavit
1517 4000 1608 4072 Tum,
1632 3998 1773 4074 Quintus

402 4100 472 4161 neet
500 4093 692 4176 Pomponius
726 4112 796 4155 cum
830 4089 914 4153 idem
945 4109 979 4151 se
1008 4089 1092 4151 velie
1115 4089 1284 4163 dixissent,
1319 4092 1392 4153 Piso
1422 4112 1553 4155 exorsus
1584 4099 1650 4156 est:
1682 4094 1772 4158 cuius

440 4188 556 4262 oratio,
577 4186 707 4249 attende
730 4205 865 4269 quaeso,
894 4185 1007 4257 Brute,
1029 4184 1149 4245 satisne
1172 4182 1317 4245 videatur
1339 4184 1488 4247 Antiochi
1511 4186 1678 4270 complexa
1700 4205 1771 4248 esse

439 4280 647 4355 sententiam,
677 4299 772 4363 quam
805 4278 876 4352 tihi,
906 4278 962 4359 qui
987 4275 1115 4338 fratrem
1144 4276 1213 4338 eius
1243 4277 1381 4339 Aristuin
1411 4277 1594 4361 frequenter
1622 4279 1772 4353 audieris,

440 4376 577 4439 maxime
600 4373 762 4457 probatam
784 4371 943 4435 existimo.
992 4370 1043 4432 Sic
1065 4377 1115 4432 est
1136 4369 1232 4451 igitur
1253 4370 1387 4434 locutus.

523 4468 572 4532 lll.
601 4466 631 4530 9.
670 4467 815 4542 Quantus
847 4472 977 4528 ornatus
1010 4464 1044 4525 in
1079 4463 1361 4546 Peripateticorum
1395 4465 1562 4548 disciplina
1594 4466 1654 4541 sit,
1693 4467 1771 4531 satis

400 4571 488 4632 esest
514 4583 534 4626 a
566 4584 631 4636 me,
664 4569 700 4623 ut
726 4558 912 4621 brevissime
946 4557 1064 4641 patuit,
1098 4556 1194 4639 paulo
1226 4566 1300 4620 ante
1333 4557 1469 4633 dietum3
1501 4559 1559 4621 sed
1591 4568 1639 4623 ast
1670 4558 1771 4625 lorma

439 4657 508 4721 eius
541 4656 739 4739 disciplinae,
775 4654 858 4716 sicut
888 4650 955 4714 iere
987 4660 1180 4725 ceterarum,
1215 4652 1341 4735 triplex.
1391 4653 1458 4715 Una
1493 4673 1565 4735 pars
1599 4663 1650 4718 est
1678 4660 1771 4718 natu·

438 4770 507 4825 rae,
540 4748 716 4814 disserendi
748 4746 861 4821 altera,
894 4745 1021 4809 vivendi
1054 4746 1157 4808 tertia.
1209 4747 1328 4808 Natura
1360 4746 1406 4809 sie
1438 4747 1478 4809 ab
1511 4748 1549 4811 iis
1582 4747 1772 4830 investigata

437 4853 505 4918 est,
538 4852 572 4907 ut
603 4842 689 4905 nulla
725 4860 798 4922 pars
828 4839 931 4914 caelo,
964 4840 1057 4914 mari,
1098 4847 1198 4913 terra,
1239 4847 1274 4901 ut
1306 4840 1431 4921 poetice
1464 4839 1576 4923 loquar
1584 4885 1594 4915 ,
1631 4849 1771 4924 praeter·

502 5070 526 5118 i.
545 5067 690 5117 Amiacarm
711 5079 786 5129 quom
807 5065 881 5114 audis
897 5063 1042 5125 Madvigius
1060 5064 1094 5123 (in
1112 5062 1299 5123 adnotatione).
1320 5086 1347 5097 -·
1367 5062 1391 5111 Ε.
1411 5062 1452 5110 acl
1469 5061 1530 5124 (non
1547 5060 1584 5122 rat)
1602 5061 1683 5114 etiam
1700 5061 1720 5115 Ε
1740 5093 1767 5100 -

436 5145 460 5193 3.
480 5142 573 5193 audbti
588 5155 627 5191 mc
642 5142 716 5190 moda
732 5141 781 5190 BE
800 5166 827 5175 —
847 5140 977 5189 carneade
994 5138 1088 5188 codd:
1108 5138 1252 5188 Charmada
1270 5138 1299 5185 0.
1318 5137 1357 5186 Cl.
1377 5135 1391 5198 5
1409 5137 1433 5187 l.
1451 5164 1476 5173 -
1496 5139 1521 5186 B.
1536 5138 1633 5198 poam
1648 5138 1727 5189 codd.
1739 5166 1767 5175 -

436 5220 461 5270 7,
479 5219 550 5267 ittam
566 5221 672 5264 veterem
689 5217 721 5265 B:
744 5221 851 5264 oderem
868 5214 975 5262 illamO
996 5241 1022 5249 -
1045 5213 1070 5262 8.
1089 5228 1138 5263 non
1155 5215 1187 5273 ay
1205 5213 1223 5262 B
1244 5238 1270 5249 -
1299 5212 1322 5261 9.
1343 5210 1460 5275 Crantor]
1478 5217 1567 5262 motae
1584 5214 1604 5262 B
1623 5238 1651 5249 -
1675 5215 1716 5264 ⁴0.
1734 5220 1770 5265 aa

437 5309 498 5345 nos:
518 5307 572 5343 orn.
591 5290 669 5340 codd.
689 5293 716 5339 et
734 5290 786 5339 nio
806 5315 833 5325 -
857 5290 897 5337 tl.
916 5292 1099 5336 connecterem
1117 5287 1165 5337 BE
1189 5316 1216 5324 -
1243 5289 1281 5336 η.
1300 5287 1343 5335 Ea
1360 5300 1414 5337 om.
1434 5287 1453 5336 B
1473 5287 1535 5349 (non
1554 5288 1581 5351 El
1601 5314 1630 5326 -
1654 5288 1695 5340 ⁴7.
1714 5304 1770 5339 om-

434 5374 505 5421 nium
522 5370 554 5419 b:
574 5381 607 5417 ee
623 5365 733 5415 onmium
751 5364 770 5411 0
786 5390 812 5399 -
833 5363 871 5411 ⁴8.
890 5362 992 5425 artium]
1011 5363 1137 5424 artificum
1153 5363 1202 5411 BC
1215 5363 1235 5410 D
1250 5386 1276 5396 -
1299 5362 1337 5410 ⁴9.
1356 5363 1398 5410 aad
1414 5375 1432 5409 a
1448 5366 1471 5410 te
1483 5388 1520 5398 --
1531 5364 1653 5414 smaemia
1669 5365 1769 5416 Nonius

435 5461 461 5510 p.
480 5447 522 5496 Bt.
544 5472 569 5481 -
593 5443 634 5492 20.
652 5453 721 5490 mmo
740 5452 793 5488 om.
814 5439 832 5487 B
859 5466 884 5475 -
909 5441 950 5488 24.
969 5437 1173 5487 Academicorum
1189 5443 1213 5486 rt
1229 5437 1258 5486 de
1274 5437 1292 5499 s.
1313 5437 1420 5486 Nonius.
1440 5462 1466 5472 -
1492 5438 1533 5487 22,
1552 5444 1636 5489 auem
1650 5440 1770 5503 {addicar

434 5528 457 5571 tr
474 5522 506 5571 B:
531 5525 615 5569 aetam
631 5522 653 5566 tc
668 5515 788 5579 [acidime
805 5513 884 5563 codd.
903 5514 981 5569 deit.;
1006 5519 1028 5561 tc
1045 5518 1128 5561 aatcm
1144 5512 1263 5573 sacitlime
1279 5513 1299 5560 0
1321 5538 1346 5545 κ
1370 5512 1493 5576 Staseam]
1511 5517 1580 5563 Bam
1596 5527 1653 5565 eam
1669 5514 1719 5565 BE
1739 5543 1766 5551 -

434 5598 475 5647 23.
494 5592 640 5657 complures]
657 5591 834 5655 quamplures
850 5590 868 5637 B
888 5614 914 5623 -
935 5590 976 5637 27.
994 5588 1108 5636 satiando.
1129 5588 1235 5648 QuadO
1256 5614 1282 5622 -
1302 5586 1322 5634 si
1339 5588 1383 5646 qai
1400 5587 1459 5636 deur
1475 5588 1652 5639 Goerenzlus:
1670 5590 1692 5639 ri
1708 5590 1769 5650 qaid

433 5684 474 5719 eas
490 5671 554 5726 BE:
575 5666 812 5728 austremonio
833 5692 859 5700 -
884 5666 925 5713 28.
944 5665 985 5712 scd
1006 5664 1141 5711 verendam
1161 5675 1192 5710 oe
1209 5660 1361 5710 Lambinus.
1384 5688 1409 5696 —
1433 5662 1473 5712 34.
1492 5663 1650 5726 complanes
1667 5663 1717 5715 BE
1739 5692 1762 5701 -

434 5747 475 5795 36.
492 5746 562 5809 pars}
577 5758 629 5807 par
646 5745 663 5793 B
684 5769 710 5779 -
729 5748 838 5791 natum
855 5740 933 5803 Bi‘tJ:
951 5746 1046 5787 antara
1063 5738 1112 5787 Cli
1128 5765 1153 5772 -
1173 5737 1214 5787 Bi.
1235 5736 1273 5799 iis]
1291 5736 1328 5784 hir
1346 5738 1393 5785 BO
1407 5763 1434 5773 -
1454 5737 1495 5789 38.
1512 5744 1541 5788 ot
1554 5739 1650 5800 poetice
1666 5736 1767 5801 loquor]

434 5821 493 5870 Tria
510 5820 577 5869 haec
594 5815 723 5868 vocabula
741 5828 870 5880 perquam
889 5815 977 5877 inepte
994 5811 1029 5863 ab
1047 5812 1097 5861 alio
1115 5812 1247 5876 adscripta
1266 5824 1353 5875 neque
1372 5814 1508 5863 Ciceronis
1526 5824 1587 5863 esse
1603 5824 1685 5878 posse
1700 5824 1765 5861 cen-

437 5897 479 5945 set
494 5894 589 5945 Baitios
606 5893 649 5957 (ed
665 5894 720 5943 Cic.
739 5890 774 5941 de
793 5891 869 5952 legg.
889 5902 915 5953 p.
934 5886 991 5951 lbi]
1010 5886 1067 5939 coli.
1089 5888 1123 5948 u,
1143 5887 1157 5950 S
1177 5889 1232 5938 lit.
