4342 7459
446 1249 508 1315 lll
895 1252 950 1315 DE
971 1251 1144 1317 DEORUM.
1163 1252 1326 1319 Narona

447 1411 538 1476 derat
560 1412 735 1474 orationem
758 1429 871 1473 meam.
909 1411 972 1474 Sed
996 1432 1066 1475 cum
1090 1412 1184 1493 talem
1208 1431 1278 1476 esse
1300 1412 1395 1476 deum
1417 1418 1502 1477 certa
1524 1414 1656 1479 notione
1678 1415 1778 1479 animi

446 1507 711 1589 praesentiamus,
740 1505 878 1588 primum
900 1513 935 1567 ut
956 1506 998 1568 sit
1018 1507 1180 1580 animans,
1206 1507 1322 1570 deinde
1344 1514 1380 1570 ut
1401 1508 1433 1569 in
1456 1508 1543 1570 omni
1564 1517 1676 1573 natura
1698 1509 1781 1574 nihil

446 1620 486 1664 eo
517 1602 559 1663 sit
587 1600 814 1682 praestantius,
840 1600 880 1661 ad
902 1598 984 1662 hanc
1006 1602 1263 1682 praesensionem
1286 1603 1512 1686 notionemque
1534 1611 1673 1667 nostram
1696 1601 1779 1668 nihil

446 1696 540 1760 video
561 1694 649 1776 quod
671 1694 777 1776 potius
799 1694 1034 1757 accommodem
1050 1714 1147 1779 quam
1170 1704 1205 1758 ut
1226 1696 1362 1778 primum
1384 1696 1470 1759 hune
1491 1696 1597 1779 ipsum
1612 1696 1779 1771 mundum,

419 1808 511 1874 aquo
538 1787 615 1852 nihil
645 1786 853 1851 excellentius
880 1787 949 1850 lieri
978 1795 1100 1872 potest,
1129 1790 1323 1853 animantem
1353 1810 1423 1853 esse
1452 1797 1484 1853 et
1512 1789 1607 1853 deum
1629 1791 1780 1855 iudicem.

445 1880 497 1945 lb.
518 1883 579 1945 Hic
601 1902 694 1965 quam
717 1882 805 1944 volet
825 1880 981 1963 Epicurus
1005 1883 1136 1957 iocatur,
1159 1883 1255 1946 homo
1278 1904 1343 1946 non
1358 1884 1542 1966 aptissimus
1555 1884 1596 1947 ad
1610 1886 1779 1951 iocandum

445 1978 640 2061 minimeque
667 1976 822 2057 resipiens
850 1976 998 2056 patriam,
1026 1984 1059 2038 et
1080 1976 1164 2040 dicat
1185 1997 1219 2039 se
1241 1996 1306 2040 noo
1328 1999 1421 2060 posse
1444 1978 1645 2060 intellegere,
1673 1979 1779 2062 qualis

356 2086 358 2088 ’
445 2074 487 2137 sit
508 2071 659 2136 volubilis
681 2078 715 2134 et
735 2067 892 2132 rutundus
915 2069 1010 2143 deus,
1040 2078 1144 2132 tamen
1168 2091 1208 2133 ex
1229 2071 1307 2145 hoc,
1340 2072 1425 2155 quod
1449 2073 1542 2136 etiarn
1563 2072 1633 2155 ipse
1655 2071 1779 2155 prohat,

443 2184 619 2249 numquam
641 2183 691 2227 me
713 2162 862 2225 movebit.
894 2163 1001 2226 Placet
1022 2166 1106 2227 enim
1127 2164 1174 2227 illi
1192 2185 1263 2228 esse
1277 2165 1371 2239 deos,
1395 2167 1472 2249 quia
1485 2185 1617 2229 necesse
1632 2167 1673 2229 sit
1689 2185 1779 2249 prae-

408 2268 580 2327 tostantem
602 2277 672 2322 esse
694 2257 834 2340 aliquam
857 2264 1015 2331 naturam,
1037 2278 1101 2340 qua
1123 2258 1201 2321 nihil
1218 2259 1258 2322 sit
1278 2260 1412 2323 meliust
1434 2258 1553 2323 mundo
1568 2268 1675 2323 autem
1691 2268 1778 2323 certo

443 2356 523 2419 nihil
546 2362 594 2418 est
615 2353 738 2417 melius.
773 2352 838 2412 Neo
861 2346 992 2413 dubium
1016 2352 1108 2435 quin,
1131 2352 1219 2435 quod
1241 2353 1384 2416 animans
1398 2354 1440 2416 sit
1454 2351 1630 2436 habeatque
1646 2373 1776 2418 sensum

444 2458 476 2513 et
497 2450 654 2513 rationem
677 2452 709 2508 et
730 2451 883 2518 mentem,
909 2443 941 2506 id
964 2445 1006 2506 sit
1026 2446 1141 2508 melius
1164 2466 1259 2529 quam
1275 2446 1323 2521 id,
1346 2448 1433 2529 quod
1447 2446 1499 2510 his
1514 2455 1628 2510 careat.
1660 2445 1713 2511 47.
1730 2444 1779 2511 lta

443 2544 580 2608 efficitur
601 2541 811 2617 animantem,
838 2557 968 2612 sensus,
996 2539 1127 2614 mentis,
1155 2540 1289 2603 rationis
1312 2539 1466 2604 mundum
1489 2559 1559 2603 esse
1581 2548 1778 2623 compotem

444 2658 508 2722 qua
528 2638 652 2700 ratione
674 2633 769 2695 deum
791 2651 862 2695 esse
885 2633 1038 2695 mundum
1061 2633 1272 2696 concluditur.
1304 2634 1369 2697 Sed
1391 2634 1469 2697 haec
1491 2634 1585 2716 paulo
1607 2643 1679 2718 post
1698 2634 1779 2700 laci·

406 2732 506 2797 telius
528 2736 760 2813 cognoscentur
781 2745 822 2788 ex
840 2726 879 2788 iis
894 2726 989 2789 rebus
1004 2725 1100 2808 ipsis,
1124 2748 1203 2810 quas
1218 2727 1355 2792 mundus
1370 2726 1476 2792 efficit.
1510 2728 1624 2791 xvttl.
1641 2729 1777 2806 Interea,

374 2818 377 2827 '
442 2826 559 2899 Vellei,
588 2822 672 2897 noli,
699 2840 835 2905 quaero,
862 2838 937 2903 prae
965 2826 996 2882 ta
1025 2818 1108 2883 ferre
1137 2841 1194 2883 vos
1222 2822 1316 2903 plane
1340 2831 1488 2905 expertos
1511 2841 1581 2886 esse
1605 2820 1779 2887 doetrinae.

444 2920 566 2984 Cenum
590 2916 645 2979 tibi
668 2916 715 2979 ais
737 2922 770 2976 et
791 2913 968 2997 cylindrum
990 2919 1022 2975 et
1044 2914 1241 2996 pyramidem
1264 2915 1478 2996 pulchriorem
1498 2937 1592 3000 quam
1608 2917 1777 3001 sphaeram

441 3014 554 3079 rideri.
585 3014 708 3075 Novum
731 3009 825 3070 etiarn
841 3007 1007 3070 oculorum
1026 3008 1178 3072 indicium
1194 3008 1328 3072 habetis.
1361 3008 1423 3074 Sed
1440 3011 1503 3074 siut
1518 3011 1577 3075 ista
1592 3012 1777 3094 pulchriora

442 3109 519 3173 dnm
544 3116 631 3171 taxat
652 3113 780 3186 aspectu
802 3134 845 3149 -
866 3100 953 3185 quod
975 3100 1053 3163 mihi
1075 3111 1180 3166 tamen
1203 3103 1307 3186 ipsum
1330 3124 1395 3168 non
1418 3105 1558 3180 videtum
1590 3105 1668 3189 quid
1689 3107 1778 3170 enim

404 3204 605 3288 sepulchrius
633 3219 671 3261 ea
698 3199 816 3278 figura,
849 3216 931 3280 quae
960 3196 1030 3258 sola
1059 3196 1162 3258 omnis
1191 3196 1269 3259 alias
1299 3193 1416 3279 figuras
1444 3198 1611 3282 complexa
1633 3201 1778 3265 continet

442 3316 589 3381 quaeque
616 3292 695 3355 nihil
722 3291 904 3374 asperitatis
932 3289 1063 3363 hahere,
1087 3289 1166 3353 nihil
1188 3290 1373 3354 offensionis
1395 3300 1514 3374 potest,
1535 3292 1616 3356 nihil
1638 3294 1777 3358 incisum

441 3392 581 3474 angulis,
605 3388 682 3452 nihil
698 3381 907 3458 anfractibus,
929 3383 1010 3446 nihil
1026 3383 1187 3457 eminens,
1210 3383 1289 3446 nihil
1305 3384 1518 3449 lacunosuml
1540 3405 1678 3471 cumque
1693 3387 1774 3450 dnae

440 3486 561 3550 lormae
583 3488 780 3566 praestantes
802 3479 881 3552 sint,
904 3498 945 3540 ex
967 3476 1079 3540 solidis
1095 3476 1207 3557 globus
1222 3478 1325 3541 -sic
1341 3479 1426 3541 enim
1447 3493 1600 3562 σφαῖραν
1622 3480 1778 3564 interpre-

442 3580 501 3644 tari
526 3579 631 3662 placet
655 3608 710 3649 —,
742 3593 783 3635 ex
812 3573 915 3656 planis
944 3578 1051 3635 autem
1073 3570 1211 3633 circulus
1233 3578 1289 3633 aut
1309 3572 1410 3646 orbis,
1440 3574 1496 3656 qui
1518 3574 1633 3649 κύκλος
1655 3573 1775 3638 Graece

403 3674 573 3745 radicitnr,
600 3669 651 3732 his
674 3666 797 3730 duabus
818 3666 927 3729 formis
950 3665 1106 3746 contingit
1127 3665 1221 3738 solis,
1252 3673 1288 3727 ut
1309 3686 1419 3729 omnes
1441 3686 1549 3730 earum
1583 3676 1690 3750 partes
1712 3666 1776 3731 sint

441 3769 523 3831 inter
552 3784 586 3829 se
615 3762 805 3826 simillumae
827 3780 846 3821 a
868 3758 1039 3842 medioque
1070 3758 1256 3821 tantundem
1279 3759 1362 3822 absit
1383 3768 1576 3836 extremum,
1607 3780 1671 3844 quo
1693 3758 1775 3823 nihil

440 3859 508 3925 lieri
530 3866 636 3943 potest
656 3856 772 3938 aptius.
818 3850 868 3914 l8.
893 3853 955 3915 Sed
978 3854 1005 3915 ai
1027 3851 1106 3914 haec
1129 3871 1193 3914 non
1215 3852 1346 3928 videtis,
1373 3855 1449 3939 quia
1471 3874 1644 3938 numquam
1667 3853 1775 3918 erudi·

440 3963 507 4019 tum
529 3954 619 4016 illum
642 3949 804 4032 pulverem
826 3946 993 4029 attigistis,
1016 3966 1056 4008 ne
1078 3946 1141 4008 hoc
1163 3945 1293 4027 quidem
1315 3948 1437 4032 physici
1459 3947 1644 4030 intellegere
1667 3948 1775 4031 potui·

440 4050 513 4123 stis,
542 4047 623 4109 hanc
652 4042 909 4127 aequabilitatem
939 4047 1042 4102 motus
1065 4040 1342 4124 constantiamque
1365 4043 1512 4104 ordinum
1535 4042 1567 4103 in
1590 4041 1652 4104 alia
1674 4038 1774 4124 figura

402 4160 505 4207 mnon
534 4142 676 4223 potuisse
705 4137 849 4199 servarit
883 4137 993 4217 ltaque
1021 4134 1099 4196 nihil
1125 4140 1231 4216 potest
1253 4154 1322 4197 esse
1344 4136 1504 4198 indoctius
1526 4155 1622 4217 quam
1645 4134 1775 4219 quoda

440 4237 530 4300 vohis
552 4231 710 4296 adfirmari
732 4232 823 4292 solet.
859 4232 922 4291 Nec
939 4230 1022 4291 enim
1038 4229 1122 4291 hunc
1137 4230 1240 4310 ipsum
1256 4230 1407 4291 mundum
1425 4250 1482 4312 pro
1498 4236 1585 4291 certo
1600 4228 1774 4293 rutundum

440 4351 510 4395 esse
533 4326 659 4400 dicitis;
684 4346 755 4386 nam
779 4344 872 4406 posse
899 4321 966 4385 lieri
990 4331 1026 4385 ut
1040 4323 1081 4384 ait
1095 4323 1158 4385 alia
1174 4320 1287 4404 ligura,
1311 4323 1620 4405 innumerabilesque
1637 4323 1773 4386 mundos

439 4423 518 4487 alios
541 4422 674 4483 aliarum
697 4438 766 4480 esse
789 4418 970 4480 formarum.
1015 4414 1067 4479 lt).
1093 4418 1196 4491 Quae,
1224 4419 1251 4478 si
1273 4416 1322 4478 bis
1344 4418 1420 4480 hina
1442 4424 1519 4501 quot
1543 4422 1667 4490 essent,
1690 4414 1773 4478 didi-

439 4518 533 4580 cisset
555 4514 724 4597 Epicurus,
756 4520 840 4573 certe
863 4531 927 4573 non
951 4512 1088 4585 diceret,
1120 4510 1176 4573 sed
1200 4511 1274 4573 dum
1298 4511 1419 4592 palato,
1443 4510 1520 4595 quid
1543 4511 1584 4573 sit
1606 4510 1772 4594 optimum,

400 4611 575 4685 ssiudicat,
597 4607 702 4671 caeli
725 4605 923 4688 palatum,
945 4614 983 4667 ut
1004 4606 1048 4668 ait
1061 4604 1201 4678 Ennius,
1224 4623 1288 4666 non
1304 4606 1457 4688 suspexit.
1502 4605 1588 4667 XIX.
1605 4607 1683 4667 Nam
1699 4624 1772 4668 cnm

502 4836 527 4883 ἰ.
546 4835 572 4882 iu
589 4843 722 4896 superscr.
742 4830 767 4878 in
786 4829 807 4877 V
828 4854 853 4864 -
877 4827 901 4878 l.
920 4823 1061 4875 444031-
1088 4826 1398 4888 caenomanensium
1418 4853 1446 4863 —
1465 4826 1490 4875 7.
1508 4827 1627 4889 resipiens
1643 4828 1770 4879 Ursinus:

436 4907 602 4975 repicienstl
617 4935 643 4944 ·-
659 4907 683 4957 8.
702 4906 827 4954 mundos
838 4917 890 4953 scr.
904 4916 966 4953 cum
979 4904 999 4952 h
1010 4902 1040 4950 V.
1060 4901 1099 4950 ct.
1110 4915 1137 4964 p.
1148 4903 1205 4961 iit,
1217 4902 1256 4951 49.
1273 4929 1300 4938 -
1320 4903 1360 4951 to.
1373 4903 1404 4951 sit
1420 4915 1554 4965 superscr.
1568 4903 1594 4951 in
1607 4903 1628 4952 h
1641 4928 1666 4937 -
1682 4903 1722 4953 ta.
1734 4902 1774 4953 lais

437 4999 507 5037 corr.
527 4986 552 5033 in
575 4984 606 5031 its
629 4982 662 5039 B,
684 4982 716 5030 iis
738 4979 837 5035 hev,
860 4980 881 5027 is
898 4980 916 5027 P
936 5003 961 5011 -
988 4977 1028 5024 43.
1047 4989 1131 5024 sensus
1147 4983 1252 5026 mentem
1267 4978 1375 5026 rationis
1391 4980 1409 5027 P
1431 5003 1455 5012 -
1476 4983 1612 5039 compotem
1629 4991 1679 5027 esse
1695 4991 1772 5028 maot-

435 5063 496 5112 dum
513 5061 533 5109 Ο
553 5085 580 5095 -
603 5059 641 5106 45.
661 5070 694 5106 esc
715 5055 752 5103 tris
774 5054 822 5102 BE
845 5080 872 5087 -
897 5053 936 5101 tr.
955 5052 1050 5102 Cosam
1068 5051 1109 5112 (Co
1127 5052 1153 5099 in
1171 5057 1235 5111 ras.)
1253 5053 1289 5111 B;
1311 5066 1422 5114 quonum
1438 5053 1500 5101 ΑΨ
1521 5078 1548 5088 -
1566 5052 1682 5114 spheram
1699 5054 1770 5115 AC3

435 5149 535 5200 speram
553 5133 600 5183 BE
620 5159 646 5168 —
666 5133 707 5181 at.
725 5128 866 5191 altercatoriis
884 5140 952 5177 corr.
972 5140 1004 5174 ex
1022 5127 1198 5186 offensionesh
1213 5152 1240 5162 —
1254 5127 1294 5174 22.
1308 5140 1413 5188 eamque
1429 5127 1494 5175 duae
1504 5153 1517 5162 -
1527 5153 1541 5163 -
1552 5130 1634 5176 circas
1649 5133 1695 5177 aut
1705 5128 1773 5178 orcis

436 5212 536 5262 Nonius
556 5221 582 5271 p.
600 5205 657 5255 432.
678 5232 704 5241 —
729 5205 769 5254 23.
785 5207 943 5266 praestantes
960 5214 1029 5251 corr.
1049 5215 1080 5249 ex
1096 5200 1250 5261 praestantis
1266 5202 1332 5259 AV;
1356 5203 1588 5262 praestantissimae
1611 5204 1721 5253 Nonius.
1741 5230 1770 5241 -

434 5288 551 5350 spheram
572 5280 729 5338 ABCPV3
754 5292 854 5341 speram
872 5278 890 5327 E
911 5303 937 5312 -
957 5276 998 5325 hl.
1017 5276 1101 5335 cyctru
1118 5276 1151 5335 B,
1175 5275 1251 5325 cictsa
1273 5276 1413 5325 acEPv
1439 5301 1465 5310 -
1488 5277 1529 5325 25.
1548 5290 1632 5326 omues
1648 5290 1719 5327 corr.
1738 5291 1771 5328 ex

435 5362 514 5413 omnis
530 5362 569 5415 Α;
587 5355 667 5404 omnis
685 5354 763 5404 BCV
784 5380 809 5389 -
830 5353 871 5401 26.
890 5350 1036 5399 tantundem
1053 5348 1116 5397 absit
1133 5356 1274 5400 extremam
1292 5351 1438 5413 Madvigius
1456 5350 1555 5412 (Philet.
1569 5352 1735 5403 schneider.
1748 5353 1771 5402 ll

435 5450 462 5503 p.
475 5435 544 5497 ⁴l⁰l²
564 5436 661 5481 tantum
678 5430 761 5493 (corr.
774 5441 807 5477 es
824 5427 928 5475 tandum
942 5425 972 5488 Β)
991 5423 1054 5473 absit
1071 5429 1211 5474 eatremam
1223 5423 1263 5483 tt;
1285 5432 1382 5475 tantam
1400 5426 1464 5475 absit
1479 5431 1630 5488 extremam,
1649 5435 1772 5491 quantam

433 5514 499 5563 idem
515 5520 644 5561 asumma
661 5506 681 5553 0
700 5506 726 5553 et
743 5514 834 5564 margo
852 5500 882 5550 V.
902 5498 941 5550 Cl.
960 5499 1038 5549 Tuae.
1059 5498 1131 5562 Disp.
1151 5500 1161 5547 1
1179 5499 1194 5563 ξ
1213 5499 1277 5550 tol:
1297 5502 1406 5562 audique
1422 5502 1488 5550 euim
1505 5501 1538 5550 ad
1556 5502 1648 5564 interos
1665 5509 1771 5554 taetros-

434 5589 490 5638 dcm
505 5588 563 5635 otae
579 5589 622 5634 est.
637 5605 665 5615 -
684 5578 725 5628 28.
744 5576 875 5640 attigistis,
893 5590 928 5623 ors
944 5587 976 5623 oe
986 5572 1055 5621 V20.
1075 5572 1114 5622 Cl.
1128 5572 1233 5637 Madvig
1246 5576 1343 5639 Opuac.
1356 5574 1437 5625 head.
1451 5573 1494 5624 alt.
1508 5588 1535 5639 p.
1551 5577 1607 5627 463.
1619 5605 1653 5616 -
1669 5579 1710 5628 39.
1724 5591 1771 5629 oe·

433 5661 606 5725 qoobititatem
623 5654 682 5705 cod.
698 5652 922 5714 itehdingerianus
933 5664 939 5697 :
958 5647 1137 5710 aequalitatem
1148 5648 1176 5697 0.
1196 5648 1234 5697 Ci.
1250 5648 1265 5712 fi
1279 5650 1309 5699 ta
1321 5653 1348 5699 et
1359 5650 1400 5699 90.
1415 5676 1441 5685 —
1460 5650 1501 5699 30.
1515 5662 1565 5700 esse
1577 5666 1631 5703 orn.
1644 5654 1695 5704 AC
1706 5653 1726 5703 E
1736 5656 1769 5714 P;

434 5747 569 5800 superscr.
583 5733 608 5781 in
618 5730 655 5788 Ἣ
674 5730 736 5792 post
749 5726 870 5774 indoctius
887 5725 913 5774 in
924 5726 946 5773 Α
957 5722 1030 5773 idem
1047 5726 1089 5773 est
1104 5724 1308 5786 compendium,
1327 5724 1399 5789 quod
1417 5738 1498 5789 supra
1511 5727 1546 5790 (p.
1559 5725 1617 5787 tta,
1631 5728 1671 5789 2⁴)
1684 5728 1768 5791 signi-

434 5808 533 5861 ficabat
543 5812 587 5858 est.
599 5832 626 5842 -
641 5804 681 5855 34.
700 5803 781 5865 ipsam
792 5802 853 5850 ante
864 5811 917 5849 ras.
931 5799 953 5846 h
966 5824 993 5834 -
1008 5797 1146 5846 rutundam
1157 5810 1210 5847 scr.
1224 5812 1286 5850 cum
1297 5798 1370 5859 ΑΨ,
1390 5800 1453 5850 item
1465 5814 1492 5864 p.
1506 5799 1564 5860 tte,
1577 5802 1600 5850 b.
1617 5827 1645 5838 -
1659 5801 1699 5852 32.
1714 5802 1769 5851 atto

434 5886 466 5934 sit
483 5886 503 5934 0
523 5909 550 5920 -
573 5882 615 5933 33.
634 5883 693 5943 quot
710 5877 803 5929 CEP:
823 5874 890 5937 qaod
906 5872 986 5923 ant
1003 5874 1082 5935 (corr.
1098 5872 1125 5922 in
1142 5876 1202 5936 quot
1217 5874 1248 5935 V,
1267 5875 1293 5925 tn
1311 5876 1413 5938 pauo)
1433 5900 1460 5911 -
1480 5874 1522 5927 34.
1538 5876 1627 5939 potato
1644 5889 1715 5927 corr.
1735 5889 1770 5929 ex

433 5957 541 6023 ptatoti
561 5982 588 5994 -
607 5954 649 6007 34.
665 5952 783 6017 pauor»
800 5951 943 6017 (superscr.
961 5949 1024 5999 aaa
1040 5958 1078 5999 m.
1095 5960 1151 6000 sec.
1170 5947 1240 6015 reo.)
1256 5951 1287 6001 4.
