4342 7459
515 1245 536 1310 6
920 1249 1245 1315 scantstlcomt
1265 1249 1447 1315 Pltloltt'lt

515 1422 724 1508 agnoscebam
744 1441 804 1484 nec
826 1419 858 1483 id
881 1421 1010 1505 quidem
1030 1421 1169 1483 dubitari
1189 1431 1330 1504 poterat;
1352 1440 1425 1483 nam
1440 1418 1572 1483 aderant
1586 1421 1650 1485 mci
1662 1420 1848 1500 familiares,

516 1519 601 1582 docti
629 1516 791 1590 homines,
820 1517 854 1578 P.
877 1525 908 1578 et
931 1516 964 1578 C.
988 1514 1064 1578 Selii
1094 1524 1125 1577 et
1150 1516 1300 1579 Tetrilius
1321 1517 1447 1598 llogus,
1478 1515 1592 1599 quise
1612 1515 1668 1579 illa
1688 1513 1849 1582 audivisse

516 1613 633 1674 llomae
661 1609 702 1672 de
732 1609 866 1672 Philone
892 1619 923 1671 et
951 1609 990 1672 ab
1013 1629 1051 1671 eo
1073 1609 1144 1691 ipso
1165 1609 1238 1673 illos
1260 1609 1325 1673 duo
1348 1609 1446 1671 libros
1468 1608 1609 1672 dicerent
1629 1605 1850 1694 descripsisse.

520 1701 568 1766 l2.
589 1706 669 1766 Tum
702 1712 735 1767 et
766 1703 820 1765 illa
847 1703 928 1766 dixit
956 1701 1149 1777 Antiochus,
1182 1723 1266 1788 quae
1294 1705 1364 1767 heri
1391 1701 1521 1766 Catulus
1551 1705 1850 1770 commemorarita

491 1805 604 1880 spatre
625 1816 686 1860 suo
708 1797 793 1860 dicta
814 1796 959 1870 Philoni,
981 1806 1012 1858 et
1033 1795 1096 1859 alia
1117 1797 1227 1879 plura;
1256 1819 1316 1862 nec
1341 1820 1376 1862 se
1399 1799 1502 1860 tenuit
1524 1797 1602 1881 quin
1623 1805 1735 1862 contra
1755 1819 1849 1864 suum

516 1890 678 1954 doctorem
703 1890 818 1954 librum
848 1891 944 1953 etiam
973 1888 1098 1965 ederet,
1124 1892 1180 1975 qui
1209 1891 1330 1955 Sosus
1357 1891 1549 1955 inscribitur.
1592 1893 1672 1956 Tum
1699 1892 1799 1974 igitur
1818 1901 1851 1956 et

516 2005 587 2048 curn
609 1984 802 2048 Heraclitum
824 1983 967 2047 studiose
988 1985 1131 2047 audirem
1152 1993 1262 2048 contra
1284 1984 1475 2048 Antiochum
1497 1983 1705 2047 disserentem
1718 1993 1754 2050 et
1773 1985 1851 2050 item

515 2076 709 2142 Antiochum
740 2087 848 2142 contn
875 2077 1096 2150 Academicos,
1129 2078 1202 2141 dedi
1230 2079 1389 2142 Antiocho
1421 2099 1549 2161 operam
1571 2076 1780 2160 diligentins,
1814 2089 1852 2144 ut

516 2192 643 2235 cauum
666 2193 707 2234 ex
729 2191 769 2234 eo
791 2181 886 2235 totam
909 2190 1145 2252 cognoscerem.
1183 2173 1293 2256 ltaque
1314 2172 1482 2255 conplures
1504 2171 1573 2233 dies
1594 2169 1737 2234 adhibito
1750 2171 1851 2236 llera·

481 2265 591 2329 toclito
613 2264 781 2349 doctisque
803 2264 1010 2348 conpluribus
1032 2272 1063 2328 et
1085 2267 1116 2327 iu
1132 2266 1174 2328 iis
1187 2265 1335 2328 Antiochi
1350 2265 1464 2338 tratre,
1487 2265 1609 2338 Aristo,
1632 2273 1664 2327 et
1684 2275 1851 2348 praeterea

516 2361 662 2422 Aristone
691 2367 722 2422 et
749 2360 869 2432 Dione,
897 2357 1013 2443 quibus
1042 2358 1098 2422 ille
1125 2358 1299 2422 secundum
1320 2359 1447 2422 lratrem
1476 2359 1659 2442 plurumum
1681 2357 1850 2434 tribuebat,

518 2453 650 2515 mullum
672 2455 823 2539 temporis
853 2454 886 2516 in
912 2455 972 2516 ista
993 2473 1057 2516 una
1078 2452 1293 2537 disputatione
1313 2453 1579 2535 consumpsimus.
1622 2450 1686 2514 Sed
1707 2471 1747 2514 ea
1766 2473 1850 2537 pars,

519 2565 602 2629 quae
631 2557 741 2610 contra
769 2547 933 2611 Philonem
965 2555 1047 2620 erat,
1077 2546 1356 2630 praetermittenda
1377 2557 1442 2622 est,
1471 2546 1578 2609 minus
1599 2547 1685 2609 enim
1706 2567 1784 2610 acer
1802 2557 1851 2612 cst

517 2641 718 2703 adversarius
753 2642 796 2714 is,
829 2642 885 2725 qui
915 2643 991 2714 ista,
1024 2661 1108 2725 quae
1138 2650 1213 2704 sunt
1241 2640 1310 2703 heri
1338 2640 1485 2714 defensa,
1517 2649 1612 2724 negat
1641 2638 1851 2705 Academicos

481 2736 648 2797 ssomniuo
673 2733 791 2798 dicere.
834 2736 902 2798 Etsi
923 2736 1008 2798 enim
1031 2738 1196 2810 mentitur,
1223 2743 1330 2798 tamen
1352 2744 1401 2796 est
1421 2733 1622 2797 sdversarius
1642 2733 1758 2797 lenior.
1801 2733 1850 2798 Ad

518 2828 682 2892 Arcesilan
705 2829 963 2914 Carneademque
986 2831 1159 2893 reniamus.

604 2924 640 2986 t'.
668 2919 715 2986 13.
745 2922 836 3000 Quae
866 2945 937 2988 cum
966 2923 1114 2996 dixisset,
1142 2923 1189 2986 sic
1217 2942 1327 2986 mrsus
1357 2942 1490 2984 exorsus
1512 2931 1579 2984 est:
1611 2921 1751 2986 Primum
1772 2923 1852 2988 mihi

519 3017 670 3081 videmini
691 3049 735 3064 —
756 3037 807 3080 me
828 3025 935 3081 autern
957 3020 1085 3080 nomine
1107 3017 1285 3101 appellabat
1301 3051 1360 3091 -,
1383 3038 1456 3080 cum
1477 3027 1600 3080 veteres
1621 3016 1774 3102 physicos
1793 3037 1852 3082 no-

520 3113 662 3185 minatis,
684 3111 789 3175 lacere
811 3110 914 3186 idern,
942 3112 1029 3196 quod
1053 3113 1195 3176 seditiosi
1218 3113 1303 3174 cives
1326 3110 1446 3184 solent,
1467 3133 1537 3174 cum
1560 3112 1687 3195 aliquos
1709 3131 1751 3174 ex
1771 3111 1853 3176 anti·

481 3207 592 3289 saquis
615 3205 717 3268 claros
738 3209 825 3270 viros
848 3207 1028 3291 profertmt,
1050 3228 1131 3291 quos
1153 3207 1258 3270 dicant
1280 3203 1379 3269 luisse
1401 3208 1587 3290 populares,
1611 3216 1771 3270 uteorum
1790 3207 1852 3292 ipsi

519 3299 639 3364 similes
669 3320 738 3362 esse
766 3302 940 3365 rideantur.
983 3302 1143 3384 llepetunt
1171 3300 1194 3362 ii
1223 3321 1242 3363 a
1270 3302 1304 3363 P.
1326 3301 1469 3372 l'nlerio,
1498 3301 1554 3383 qui
1583 3300 1703 3362 exactis
1724 3299 1853 3382 regibus
1897 3383 1900 3388 Ι

518 3397 623 3480 primo
644 3413 729 3457 anno
752 3395 862 3458 consul
883 3393 961 3468 suit,
984 3406 1233 3457 commemorant
1255 3396 1417 3478 reliquos,
1439 3395 1494 3479 qui
1519 3395 1604 3474 leges
1625 3391 1797 3476 populares
1811 3391 1852 3457 de

520 3487 797 3571 provocationibus
819 3488 967 3562 tulerint,
988 3508 1060 3550 cum
1082 3489 1231 3550 consules
1253 3499 1376 3560 essent;
1406 3497 1471 3550 tum
1493 3486 1533 3549 nd
1558 3487 1615 3550 hos
1638 3487 1796 3562 notiores,
1819 3485 1852 3552 C.

520 3581 725 3655 Flaminium,
756 3583 810 3666 qui
840 3582 940 3664 legens
969 3583 1124 3664 agrariam
1149 3581 1272 3664 aliquot
1293 3582 1385 3642 annis
1406 3591 1480 3643 ante
1502 3580 1677 3642 secuudum
1700 3582 1853 3646 Punicum

485 3673 640 3736 zubellum
663 3674 808 3737 tribunus
840 3675 881 3758 pl.
904 3676 1009 3738 tulerit
1031 3677 1131 3737 inrito
1155 3687 1265 3737 senatu
1289 3687 1319 3736 et
1343 3687 1452 3755 postea
1473 3676 1523 3736 bis
1545 3675 1656 3737 consul
1678 3674 1782 3740 lactus
1803 3677 1854 3752 sit,

522 3769 555 3830 L.
579 3767 737 3840 Cassium,
767 3769 805 3843 Q.
828 3771 1031 3853 Pompeium:
1062 3769 1109 3831 illi
1136 3768 1266 3850 quidem
1296 3771 1390 3829 etiarn
1423 3771 1454 3829 P.
1477 3768 1657 3829 Africanum
1679 3767 1799 3831 reterre
1819 3768 1853 3831 in

519 3861 657 3924 cundem
679 3882 842 3926 numerum
865 3864 978 3925 solent.
1010 3864 1080 3925 Duo
1102 3883 1177 3924 rero
1200 3863 1451 3944 sapientissimos
1473 3875 1503 3924 et
1520 3862 1714 3924 clarissimos
1729 3862 1854 3938 iratres,

520 3958 553 4018 P.
577 3955 723 4018 Crassum
753 3965 784 4020 et
813 3959 846 4020 P.
870 3957 1072 4030 Scaevolam,
1100 3957 1187 4019 aiunt
1213 3958 1260 4018 Ti.
1283 3956 1425 4018 Graccho
1450 3956 1553 4036 legum
1576 3966 1721 4017 auctores
1743 3955 1855 4030 luisse,

520 4051 652 4113 alterum
675 4050 802 4132 quidem
828 4048 873 4135 [ut
888 4047 1042 4132 ridemus]
1066 4051 1188 4132 palam,
1210 4049 1343 4112 alterum
1369 4047 1414 4132 {ut
1438 4045 1650 4130 suspicantur]
1675 4048 1854 4113 obscurius.

483 4140 648 4205 soAdduut
670 4145 764 4205 etiam
790 4144 823 4207 C.
847 4145 988 4206 llarium.
1027 4147 1065 4206 Et
1088 4143 1127 4205 de
1148 4143 1210 4205 hoc
1232 4143 1361 4226 quidem
1386 4143 1464 4204 nihil
1488 4144 1692 4204 irrentiuntur.
1730 4143 1853 4206 llorum

521 4235 701 4299 nominibus
732 4247 776 4299 tot
805 4239 941 4301 virorum
969 4248 1065 4321 atque
1095 4249 1252 4300 tantorum
1284 4239 1454 4319 expositis,
1485 4260 1593 4298 eor-usu
1617 4258 1652 4298 se
1674 4237 1854 4299 institutum

521 4332 611 4415 sequi
633 4331 750 4394 dicunt.
800 4326 845 4392 ll.
869 4332 1021 4393 Similiter
1043 4353 1116 4404 ros,
1146 4353 1217 4393 cum
1240 4331 1441 4413 perturbare,
1472 4342 1505 4392 ut
1529 4333 1573 4393 illi
1596 4351 1660 4392 rem
1684 4330 1855 4413 publicam,

521 4427 566 4489 sic
589 4444 646 4487 ros
669 4424 903 4507 philosophiam
924 4425 1006 4487 bene
1029 4427 1090 4487 iam
1113 4426 1316 4486 constitutam
1338 4425 1452 4492 uelitis,
1477 4424 1704 4506 Empedoclen,
1727 4427 1855 4487 Anaxa·

520 4538 635 4603 gorau,
657 4518 889 4593 Democritum,
919 4518 1143 4591 Parmeniden,
1166 4518 1411 4600 Xenophanem,
1434 4519 1596 4580 Platonem
1619 4519 1717 4580 etiam
1740 4527 1773 4580 et
1796 4517 1856 4580 So-

586 4822 609 4868 l.
628 4819 742 4869 dubitare
765 4815 831 4868 s¹tt¹
857 4845 883 4855 -
908 4817 931 4865 Ξ.
949 4819 1057 4867 homines
1074 4819 1096 4862 l'
1118 4819 1143 4867 in
1166 4832 1265 4880 usare:
1289 4833 1372 4868 omnes
1388 4820 1407 4869 C
1426 4847 1458 4856 -
1482 4821 1586 4868 crailinc
1602 4820 1638 4872 t':
1660 4820 1688 4870 C.
1708 4821 1800 4874 {immo
1819 4823 1854 4884 7.]

519 4896 641 4946 Buccillus
658 4893 802 4945 Guilelmus
820 4907 851 4944 es
870 4892 983 4943 lectione
1001 4893 1052 4942 cod
1081 4895 1107 4940 S.
1127 4893 1183 4941 l'iet
1210 4895 1324 4942 crectlms
1344 4920 1369 4929 -
1399 4896 1478 4942 ttocns
1496 4896 1602 4944 t'rsinus
1621 4921 1648 4930 -
1667 4897 1769 4946 audisse
1784 4898 1806 4947 0
1824 4923 1853 4936 -

520 4969 544 5019 3.
563 4970 651 5019 ron'sll
671 4995 697 5005 -
716 4971 789 5032 Alone
805 4973 825 5018 A
845 4993 871 5002 -
892 4970 953 5016 duos
970 4966 1070 5019 A²l²o
1091 4995 1116 5002 —
1138 4967 1161 5016 l.
1182 4969 1222 5016 itte
1239 4967 1276 5018 13¹.
1295 4969 1331 5016 itti
1349 4969 1379 5012 Ψ
1400 4995 1424 5004 -
1445 4971 1571 5016 uncte-etos
1588 4970 1608 5018 B
1627 4994 1653 5003 -
1673 4971 1699 5019 5.
1715 4971 1856 5032 phitioniv

522 5071 549 5082 -
568 5045 594 5094 ἶ.
611 5045 687 5094 erocl.
706 5050 726 5095 A
743 5071 768 5080 -
788 5045 944 5092 disserentem
956 5069 994 5080 --
1006 5043 1150 5093 Antiochum
1168 5055 1223 5091 «uns.
1242 5049 1272 5092 A¹
1288 5070 1309 5078 -
1333 5045 1349 5094 9
1371 5045 1514 5105 conpulsi-er
1531 5047 1582 5093 mes
1598 5043 1692 5094 adibito
1708 5047 1813 5096 annuo
1824 5043 1854 5098 ΑΙ

523 5146 549 5156 -
571 5121 609 5170 ld.
628 5122 659 5169 iis
675 5125 695 5170 A
706 5117 789 5169 B²l'¹:
811 5117 886 5168 lsB'.
906 5119 943 5166 his
959 5117 1019 5167 ΨΟ
1039 5143 1064 5152 -
1094 5119 1131 5166 te.
1150 5121 1328 5165 consumsimus
1344 5118 1374 5167 A¹
1394 5144 1419 5156 -
1448 5119 1485 5167 ts.
1503 5120 1634 5178 phrtmnrm
1652 5117 1692 5174 ΡΙ,
1715 5120 1856 5182 pbileonsm

521 5193 549 5245 tt*
569 5221 595 5230 -
617 5197 655 5244 15.
674 5195 754 5244 leuior
771 5195 804 5246 G.
823 5193 838 5242 3
856 5193 933 5242 codd.
949 5193 1012 5241 Dar.
1032 5197 1057 5240 et
1076 5205 1092 5236 s·
1107 5218 1133 5227 -
1157 5193 1194 5240 16.
1214 5193 1350 5241 oroessilun
1369 5194 1401 5244 B.
1419 5195 1553 5242 Amesttom
1572 5195 1614 5243 rt)
1628 5221 1655 5230 -
1674 5197 1856 5259 cuneumque

522 5269 551 5316 l'¹
571 5295 598 5304 -
619 5269 658 5319 18.
676 5269 801 5331 apellabat
817 5273 837 5318 A
858 5294 883 5306 -
906 5268 943 5316 ts.
963 5267 1039 5316 solent
1056 5267 1168 5326 coliquos
1186 5267 1214 5315 B¹
1236 5294 1261 5303 -
1281 5269 1322 5316 st.
1342 5269 1359 5314 ii
1376 5281 1392 5316 n
1412 5269 1519 5318 Darios:
1545 5271 1597 5317 inm
1614 5269 1650 5318 C:
1669 5282 1686 5317 o
1703 5271 1724 5320 0
1741 5283 1774 5320 es
1792 5271 1854 5324 cod.

520 5345 621 5397 l'tsini:
641 5345 692 5392 lom
709 5357 725 5392 o
744 5343 835 5394 lamb.
855 5368 883 5379 —
908 5344 1031 5391 ooleriom
1050 5339 1119 5391 fis*
1139 5367 1163 5376 -
1189 5341 1324 5403 221ch
1344 5370 1369 5378 -
1395 5343 1435 5392 2³.
1454 5351 1506 5392 tum
1523 5345 1567 5391 Ans
1582 5344 1623 5394 rel
1641 5353 1693 5394 tum
1711 5353 1796 5398 cutm
1812 5349 1857 5400 Am

521 5419 589 5469 coni.
609 5420 704 5469 Dos-ies
724 5446 750 5456 —
770 5419 810 5468 ΞΒ.
829 5420 995 5482 flamminium
1013 5423 1032 5466 A
1053 5443 1080 5452 -
1100 5417 1204 5476 oli-pund
1221 5415 1289 5466 A¹b¹
1306 5445 1339 5454 —
1356 5433 1435 5467 oneror
1452 5420 1511 5469 Ε-
1532 5421 1571 5468 iti.
1592 5420 1632 5484 υ]
1650 5425 1757 5482 quncA,
1775 5425 1855 5484 onsB

522 5520 549 5530 -
563 5501 638 5556 ntqrrs
654 5496 690 5543 itti
708 5495 807 5555 quidem
824 5493 916 5544 hamb.
932 5518 958 5528 -
980 5495 1020 5542 Ξῖ.
1040 5495 1102 5541 duos
1118 5490 1176 5540 ,ΡΒ
1187 5492 1246 5540 l'20
1262 5517 1287 5526 -
1306 5493 1407 5557 [meres]
1425 5496 1492 5544 ruins
1504 5495 1610 5546 lauth:
1629 5500 1655 5544 nt
1671 5508 1696 5542 r.
1710 5497 1766 5546 Cic.
1779 5497 1854 5547 Brut.

520 5570 536 5633 A
553 5569 593 5620 98.
614 5595 641 5605 -
660 5569 700 5619 Ἀ.
719 5569 815 5618 oimstib
833 5565 877 5624 Ψ,
901 5570 973 5617 ciunt
992 5567 1041 5617 Irb.
1062 5568 1096 5616 B:
1120 5571 1139 5614 A
1158 5566 1238 5616 habet
1258 5567 1309 5615 Τιι.
1329 5568 1354 5617 iu
1372 5581 1424 5618 rus.
1446 5596 1473 5604 -
1491 5571 1612 5631 marcu-hor
1628 5567 1739 5620 A¹s¹v²
1754 5597 1788 5608 -
1804 5585 1856 5620 nu·

519 5651 599 5694 stores
614 5644 695 5707 lepram
711 5645 732 5694 0
746 5671 773 5680 -
793 5643 833 5692 ΞΒ.
852 5649 880 5691 st
897 5645 1007 5691 claranus
1024 5647 1050 5690 et
1068 5647 1095 5688 ut
1111 5643 1272 5702 suspicantur
1282 5655 1344 5692 eum
1358 5645 1469 5692 Grutero
1481 5643 1648 5694 inclusimus:
1667 5657 1730 5695 nam
1743 5651 1856 5710 apparet

520 5718 577 5770 illos
595 5719 628 5768 de
646 5719 770 5770 omnibus
788 5722 976 5784 praeterquam
995 5717 1028 5766 de
1042 5718 1124 5766 biurio
1136 5719 1262 5766 mentitos
1274 5730 1350 5766 esse:
1368 5724 1395 5766 ut
1411 5719 1510 5768 ridetur
1520 5746 1533 5755 -
1543 5747 1556 5757 -
1568 5727 1595 5768 ut
1610 5721 1771 5780 scupicomur
1783 5722 1853 5772 coni.

520 5794 628 5846 Durand
648 5820 675 5832 -
700 5795 740 5846 tt.
759 5795 841 5857 ndqss
857 5793 885 5843 B*
905 5819 932 5829 -
958 5793 989 5842 δὲ
1017 5793 1131 5842 similiter
1148 5793 1163 5842 3
1180 5793 1259 5842 codd.
1281 5793 1359 5842 nau:
1379 5795 1459 5844 sumite
1474 5797 1491 5846 5
1508 5797 1573 5846 arrei.
1593 5795 1642 5844 sed
1659 5810 1673 5845 c
1690 5795 1772 5846 hahet
1789 5801 1810 5848 A
1828 5797 1855 5848 in

521 5884 573 5921 ras.
596 5895 622 5906 -
642 5882 684 5918 cos
701 5883 755 5921 om.
774 5868 867 5920 lamb.
888 5895 914 5904 -
934 5869 975 5918 3³.
993 5868 1036 5931 sic}
1055 5875 1081 5916 ot
1099 5866 1129 5918 A¹
1146 5883 1215 5917 corr.
1235 5882 1271 5918 m.
1290 5868 1306 5916 Ξ
1324 5883 1365 5926 ,es
1383 5871 1448 5924 itote
1464 5896 1489 5905 -
1512 5872 1695 5932 Errrpedoctcm.
1713 5873 1856 5938 Δημοφ-

522 5960 593 6007 rnns,
612 5945 656 6006 D„
673 5946 846 5997 Parmeniden·
863 5945 884 5994 0
903 5971 930 5980 -
949 5943 990 5995 bl.
1008 5943 1182 6006 Xenophanem
1199 5947 1227 5998 P.
1248 5943 1393 5994 lictorius:
1410 5946 1602 6008 cenoptntonen
1614 5947 1648 6008 ῦς
1666 5947 1791 5998 senonen
1805 5959 1829 5998 r.
