4342 7459
440 1216 503 1285 dit
977 1221 1032 1284 DE
1055 1219 1227 1285 omens

439 1380 605 1468 plerique,
627 1387 665 1445 ut
685 1401 740 1445 eus
761 1379 901 1446 iustitiae
923 1381 1028 1464 capiat
1048 1379 1182 1454 oblivio,
1205 1398 1277 1442 oum
1298 1378 1332 1442 in
1354 1377 1576 1462 imperiorum,
1598 1378 1765 1455 bonorum,

441 1475 561 1559 glorias
582 1475 784 1559 cupiditatem
806 1475 994 1539 inciderunt
1037 1474 1131 1551 Quod
1153 1473 1239 1537 euim
1261 1480 1309 1537 est
1330 1472 1414 1556 apud
1435 1473 1592 1537 Ennium:

682 1645 686 1652 Ι
842 1567 961 1632 Nulla
990 1575 1133 1631 sancta
1162 1568 1344 1632 societas

693 1664 772 1727 Nec
800 1661 907 1725 tides
937 1662 1052 1744 regui
1080 1670 1161 1725 est:

414 1758 473 1824 sid
495 1758 589 1823 latius
609 1765 708 1841 petet.
748 1758 828 1821 Nam
851 1755 1004 1849 quicquid
1028 1755 1097 1819 eius
1119 1755 1206 1819 modi
1228 1761 1294 1831 est,
1322 1754 1356 1818 in
1379 1774 1444 1839 quo
1465 1775 1531 1819 nou
1552 1756 1677 1838 possint
1697 1758 1769 1841 plu·

440 1872 493 1917 res
514 1852 688 1926 excellere,
717 1851 750 1914 in
773 1870 811 1914 eo
833 1846 869 1915 fit
889 1850 1078 1934 plerumque
1106 1857 1193 1913 tanta
1219 1850 1397 1924 contentio,
1428 1858 1464 1912 ut
1485 1845 1705 1915 difficillimum
1727 1853 1769 1916 sit

440 1964 576 2030 servare¹
590 1953 747 2010 «sanctam
769 1944 984 2008 societatemn.
1026 1943 1205 2007 Declaravit
1225 1943 1257 2007 id
1280 1943 1374 2007 modu
1389 1944 1548 2007 temeritas
1564 1945 1597 2008 C.
1614 1945 1770 2021 Caeufis,

440 2039 495 2123 qui
515 2033 624 2103 omnia
645 2039 715 2103 iura
737 2038 845 2102 divine
866 2045 899 2102 et
918 2038 1056 2101 bumana
1079 2037 1232 2120 pervertit
1252 2044 1382 2120 propter
1404 2057 1486 2111 eum,
1509 2058 1605 2122 quem
1623 2039 1769 2124 sibiipsa

440 2133 601 2217 opinionis
622 2153 730 2198 errore
751 2128 902 2207 finxerat,
924 2131 1144 2216 principatum.
1189 2132 1246 2194 Est
1266 2140 1372 2195 eutem
1395 2132 1428 2194 iu
1450 2131 1511 2195 laco
1534 2153 1650 2214 genere
1669 2134 1770 2198 mole-

399 2234 540 2303 tostum‚
566 2227 652 2310 quod
682 2228 715 2291 iu
743 2226 889 2291 maximis
916 2226 1031 2289 animis
1060 2224 1391 2308 splendidissimisque
1420 2228 1556 2309 ingeniis
1578 2226 1769 2311 plerumque

440 2322 581 2386 existunt
600 2321 749 2397 bonoria,
770 2321 907 2404 imperii,
930 2321 1102 2403 potentiae,
1125 2319 1245 2401 gloriae
1266 2320 1475 2401 cupiditates:
1506 2341 1570 2404 quo
1593 2321 1695 2404 magis
1717 2341 1769 2386 oa·

440 2415 579 2480 rendum
601 2423 650 2480 est
670 2436 711 2479 ue
732 2415 809 2499 quid
832 2416 865 2477 in
888 2435 926 2479 eo
949 2434 1064 2497 genere
1087 2422 1244 2496 peccetur.
1288 2411 1339 2476 27.
1363 2413 1426 2477 Sed
1448 2415 1481 2476 iu
1505 2415 1590 2479 omni
1613 2415 1770 2480 iniustitis

438 2508 629 2593 permultum
651 2510 797 2584 interest,
823 2517 928 2572 utrum
948 2509 1189 2592 perturbatione
1212 2507 1318 2592 aliqua
1339 2508 1453 2583 animi,
1476 2529 1559 2592 quae
1582 2510 1769 2594 plerumque

439 2603 546 2668 brevis
575 2610 624 2667 est
651 2612 684 2667 et
711 2604 752 2667 ad
779 2610 923 2686 tempus,
953 2623 993 2666 au
1021 2603 1166 2666 consulto
1196 2611 1229 2666 et
1249 2605 1385 2684 cogitata
1406 2599 1460 2666 liat
1482 2603 1617 2680 iniurias
1647 2604 1769 2671 leviora

402 2696 527 2761 neuim
556 2701 630 2761 suut
658 2716 713 2773 ea,
742 2717 824 2780 quae
853 2697 1022 2780 repentino
1051 2696 1159 2777 aliquo
1189 2705 1275 2760 mutu
1302 2698 1467 2771 accidunt,
1497 2717 1592 2780 quam
1616 2717 1665 2773 ea,
1687 2720 1769 2782 quae

441 2789 592 2854 meditata
614 2797 646 2855 et
665 2798 852 2875 praeparata
873 2790 1063 2855 inseruntur.
1107 2790 1154 2853 Ac
1171 2790 1211 2853 de
1228 2789 1393 2853 inferenda
1413 2790 1543 2873 quidem
1558 2790 1678 2857 iniuria
1692 2795 1769 2859 satis

441 2885 640 2951 dictumest

526 2980 582 3043 tx.
615 2976 666 3043 28.
698 2979 999 3044 Praetermittendae
1030 2987 1137 3042 autem
1171 2977 1366 3042 detensionis
1400 2978 1636 3063 deserendique
1670 2980 1770 3045 officii

440 3074 548 3160 plures
571 3074 674 3138 soient
695 3095 766 3139 esse
787 3093 920 3149 causae;
942 3094 1014 3137 nam
1037 3082 1092 3136 aut
1113 3072 1296 3135 inimicitias
1317 3080 1373 3135 aut
1393 3072 1533 3136 laborem
1555 3081 1611 3137 aut
1625 3084 1769 3159 sumptus

402 3170 604 3252 ”suscipere
625 3168 740 3233 uolunt
760 3175 815 3231 aut
835 3170 929 3231 etiam
951 3165 1167 3250 neglegentia,
1190 3166 1329 3249 pigritia,
1352 3167 1466 3231 inertia
1488 3175 1543 3230 aut
1565 3169 1631 3231 suis
1653 3170 1770 3234 studiis
1820 3167 1825 3180 '

442 3261 631 3347 quibusdam
653 3262 953 3346 occupationibusve
975 3261 1021 3325 sic
1043 3260 1275 3343 impediuntur,
1298 3268 1333 3323 ut
1354 3280 1427 3336 eos,
1450 3281 1533 3344 quos
1555 3262 1651 3326 tutari
1673 3262 1771 3327 debc-

441 3366 511 3435 ant,
541 3358 683 3422 desertos
712 3375 783 3420 esse
803 3356 973 3439 patiantur.
1015 3355 1129 3437 ltaque
1150 3354 1321 3419 videndum
1345 3363 1394 3418 est
1415 3375 1455 3417 ue
1477 3375 1542 3419 nou
1565 3358 1642 3420 satis
1664 3358 1708 3422 sit
1727 3356 1770 3434 id,

441 3451 528 3535 quod
550 3451 636 3535 apud
650 3449 814 3514 Platonem
837 3457 886 3513 est
907 3448 940 3512 iu
962 3447 1172 3531 philosophos
1194 3450 1323 3521 dictum,
1347 3447 1432 3531 quud
1455 3449 1489 3512 in
1511 3449 1577 3512 veri
1599 3449 1770 3534 iuvestiga-

441 3544 529 3609 tione
558 3551 726 3608 versentur
752 3545 905 3629 quodque
934 3563 989 3618 ea,
1018 3562 1100 3625 quae
1128 3542 1274 3626 plerique
1301 3541 1506 3606 vehementer
1532 3552 1702 3626 expetant,
1730 3547 1770 3609 de

320 3700 323 3704 .
403 3640 557 3722 atquibus
578 3640 660 3703 iuter
681 3657 716 3701 se
738 3636 903 3719 digladiari
926 3638 1059 3710 soleant,
1081 3643 1284 3701 contemnant
1305 3644 1337 3699 et
1357 3657 1414 3719 pru
1436 3636 1537 3700 nihilo
1560 3646 1682 3719 putent,
1697 3658 1770 3721 pro·

441 3740 552 3816 pterea
572 3733 674 3795 iustos
697 3750 779 3795 esse.
824 3733 902 3793 Nam
925 3731 1058 3794 alterum
1081 3730 1220 3792 iustitiae
1243 3749 1343 3812 genus
1362 3738 1585 3813 assequuntur,
1603 3731 1771 3796 inserenda

441 3845 483 3889 ne
505 3826 557 3891 cui
578 3833 715 3889 noceant
734 3824 868 3900 iniuria,
890 3825 923 3887 iu
942 3824 1043 3887 altero
1059 3824 1266 3907 delinquunt;
1289 3824 1432 3887 discendi
1449 3824 1533 3887 enim
1548 3825 1657 3889 studio
1672 3826 1771 3911 impe·

442 3918 500 3983 diti
531 3938 613 4002 quos
639 3919 722 3984 tueri
753 3918 872 3982 debent
893 3916 1050 3981 deserunt.
1095 3920 1206 4001 ltaque
1229 3938 1285 3980 eos
1307 3938 1347 3981 ne
1369 3917 1410 3980 ad
1432 3938 1498 3981 rem
1520 3920 1678 4003 publicam
1701 3920 1772 4006 qui·

443 4012 515 4076 dem
543 4033 727 4077 accessuros
756 4020 847 4097 putat
874 4012 937 4076 nisi
968 4020 1101 4075 coactos.
1146 4012 1287 4093 sequius
1317 4020 1423 4075 autem
1454 4020 1522 4075 erat
1546 4011 1579 4075 id
1608 4014 1771 4080 voluntate

403 4104 527 4183 toberi3
550 4127 623 4171 nam
645 4108 707 4170 huc
728 4107 831 4191 ipsum
853 4106 897 4169 ita
919 4108 1037 4170 iustum
1060 4114 1118 4178 est,
1142 4105 1229 4188 quod
1251 4113 1335 4168 recte
1358 4103 1402 4180 fit,
1425 4107 1450 4168 si
1475 4113 1522 4168 est
1545 4108 1770 4172 voluntarium.

442 4199 495 4264 29.
528 4204 609 4266 Sunt
630 4201 726 4264 etiam
749 4201 804 4284 qui
827 4209 881 4264 aut
902 4200 1008 4263 studio
1031 4201 1077 4262 rei
1100 4199 1264 4263 familiaris
1288 4200 1425 4263 tuendae
1453 4209 1508 4264 aut
1534 4201 1609 4266 odio
1631 4203 1771 4285 quodam

442 4298 605 4360 bominum
628 4317 719 4359 suum
742 4315 777 4358 se
799 4295 959 4375 negotium
981 4313 1075 4376 agere
1098 4294 1202 4356 dicant
1230 4315 1288 4356 nee
1312 4293 1415 4356 facere
1438 4295 1585 4377 cuiquam
1606 4295 1774 4359 videantur

443 4390 612 4454 iniuriam:
645 4390 700 4472 qui
730 4389 831 4452 altero
859 4408 974 4471 genere
1004 4388 1179 4451 iniustitiae
1207 4396 1336 4461 vacant,
1369 4390 1402 4451 in
1431 4389 1563 4451 alterum
1594 4388 1771 4454 incurrunt.

442 4484 601 4547 Deseruut
630 4484 712 4546 euim
742 4482 825 4545 vitae
854 4482 1055 4555 societatem,
1090 4482 1164 4564 quia
1194 4482 1275 4545 nibil
1304 4481 1472 4545 conferunt
1503 4482 1535 4544 in
1565 4502 1635 4546 eam
1664 4484 1772 4559 studii,

404 4577 523 4642 anihil
545 4597 678 4661 operae,
700 4576 780 4640 nihil
802 4576 997 4639 facultatum.

529 4671 688 4748 Quoniam
710 4671 806 4753 igitur
828 4668 952 4733 duobus
975 4669 1142 4750 generibus
1165 4670 1340 4733 iniustitiae
1363 4668 1535 4752 propositis
1565 4669 1773 4736 adiunximus

509 4885 533 4934 2.
551 4883 684 4934 inciderint
706 4895 729 4933 o.
765 4882 840 4933 Cont.
859 4881 963 4943 iladvig
979 4881 1013 4931 ad
1032 4883 1085 4931 Cic.
1106 4882 1139 4932 de
1158 4882 1239 4932 Finib.
1259 4896 1284 4946 p.
1299 4883 1355 4932 69⁴.
1374 4906 1408 4919 -
1432 4882 1456 4932 3.
1475 4884 1579 4932 societas
1594 4889 1715 4934 sanctus
1743 4912 1772 4922 -

442 4961 618 5022 &perronio
638 4984 665 4994 -
687 4959 712 5009 7.
731 4958 929 5007 deciorutd-
953 4957 973 5006 C
998 4957 1034 5006 B:
1055 4957 1085 5007 G.
1105 4959 1228 5009 Allobo
1256 4982 1282 4994 -
1307 4959 1331 5007 8.
1350 4959 1425 5007 ctC:
1444 4962 1774 5026 otquco—ipseom.p

445 5032 809 5095 -i0.rp10udidirquco-
834 5033 874 5081 ti.
892 5034 1058 5081 carendumo
1079 5060 1104 5068 -
1134 5032 1173 5082 ti.
1192 5035 1302 5097 copituic
1320 5034 1492 5095 nitiiebp:
1516 5037 1628 5096 coqituiu
1644 5048 1676 5091 o:
1702 5038 1774 5100 copi·

443 5114 494 5159 tota
510 5120 539 5166 o;
557 5109 667 5171 copitsto
683 5107 726 5158 elii
743 5108 820 5172 prob.
834 5107 964 5170 Madvigio
982 5108 1015 5158 ed
1029 5111 1080 5159 Cic.
1098 5110 1131 5159 de
1144 5109 1224 5159 Finib.
1245 5124 1271 5173 p.
1286 5111 1342 5159 696.
1363 5135 1389 5145 -
1411 5110 1449 5158 tu.
1468 5110 1503 5158 Ac
1520 5123 1589 5159 corr.
1603 5122 1635 5158 ex
1652 5110 1691 5158 dd
1708 5122 1725 5160 a
1745 5137 1772 5146 -

443 5184 483 5235 48.
503 5183 713 5246 &fundique
740 5210 768 5219 -
805 5185 1105 5233 recommemorent.
1124 5190 1170 5233 aut
1185 5186 1250 5234 enim
1266 5184 1416 5233 inimicicias
1441 5195 1455 5232 o
1492 5211 1519 5221 -
1554 5189 1600 5232 out
1617 5187 1687 5247 (post
1703 5185 1773 5246 nom)

443 5260 651 5324 supersumus
669 5285 696 5294 -
719 5258 761 5308 ἥ.
780 5263 815 5309 ert
832 5272 867 5308 an
883 5273 933 5307 non
951 5270 965 5307 o
985 5286 1012 5295 -
1032 5259 1072 5308 23.
1092 5261 1118 5307 in
1136 5262 1192 5309 ucri
1209 5260 1371 5322 uestiqatione
1387 5272 1405 5322 p
1425 5285 1451 5293 -
1470 5258 1510 5308 ti.
1530 5263 1650 5319 expetant
1666 5258 1771 5309 abab:

442 5334 627 5396 superinniti,
647 5338 838 5395 mastonem
864 5339 1014 5396 capcione
1045 5361 1071 5369 -
1101 5334 1141 5384 ts.
1161 5349 1186 5384 se
1202 5335 1345 5397 piudiurio
1375 5359 1402 5368 -
1433 5334 1580 5383 sulcante:
1605 5333 1717 5382 retento
1743 5360 1772 5370 -

443 5414 618 5470 comampnout
634 5410 734 5461 ΑΒΜ
753 5435 780 5446 -
799 5414 823 5459 et
840 5422 893 5459 om.
912 5410 958 5459 Ab
978 5436 1004 5446 -
1028 5416 1120 5473 putant
1137 5411 1232 5466 snm
1251 5412 1343 5459 dmoni
1360 5424 1376 5472 p
1394 5436 1426 5445 -
1448 5410 1488 5458 td.
1508 5410 1574 5458 Nom
1591 5421 1647 5456 eum
1664 5408 1773 5458 oiim

445 5486 510 5547 (cum
526 5483 586 5534 ead.
600 5497 636 5535 m.
650 5483 795 5548 superscr.)
814 5485 832 5533 Β
852 5509 879 5519 -
904 5485 1011 5533 aiterum
1028 5487 1138 5535 iustitiae
1154 5499 1232 5549 penus
1247 5491 1414 5546 assequuntur
1431 5487 1464 5535 C:
1482 5485 1590 5535 atterum
1606 5488 1775 5544 osseqmsstre·

443 5560 569 5610 Pearcius
592 5562 619 5609 et
635 5560 672 5609 lo.
686 5559 754 5610 liieh
783 5560 977 5622 Heusingerus3
1005 5560 1113 5609 oiim
1130 5573 1208 5622 pensu
1224 5566 1390 5621 assequuntur
1407 5560 1559 5619 Beierus,o
1587 5584 1614 5593 —
1641 5558 1775 5619 inscendo

444 5636 577 5686 Manutius
594 5637 680 5698 (etp,
699 5635 721 5684 sl
739 5634 806 5684 tides
824 5636 865 5685 est
882 5636 1015 5695 Gruteroi:
1040 5636 1066 5684 in
1078 5635 1207 5698 inferendo
1225 5636 1259 5690 C;
1279 5635 1464 5697 [in1inforenda
1481 5647 1506 5695 o,
1524 5634 1693 5694 utinsereudo
1710 5632 1775 5684 itai·

444 5712 524 5761 mius.
545 5738 572 5748 -
591 5710 632 5761 27.
650 5711 677 5759 is
694 5711 774 5760 uiiero
791 5709 919 5772 delinquet
935 5710 991 5772 (sic)
1009 5721 1037 5759 o:
1055 5712 1082 5759 in
1100 5710 1207 5759 aiterum
1223 5710 1334 5759 incidunt
1352 5723 1413 5759 cnm
1431 5710 1528 5760 ceteris
1545 5720 1560 5758 o
1580 5735 1608 5745 -
1631 5708 1673 5757 28.
1687 5708 1774 5759 debead

446 5784 481 5835 C:
505 5783 640 5834 monto
662 5812 695 5823 —
717 5786 890 5837 eorliHau:
913 5785 1020 5835 sosAb
1041 5811 1066 5819 —
1093 5785 1133 5834 29.
1150 5787 1276 5846 munic
1297 5810 1324 5822 ·-
1344 5786 1392 5834 uisi
1409 5791 1477 5835 octos
1495 5785 1514 5834 Η
1535 5809 1562 5819 -
1581 5784 1622 5833 at.
1641 5796 1667 5832 re
1684 5786 1772 5836 omli

447 5883 475 5894 -
498 5858 662 5911 scribtis:
680 5857 854 5913 neAB’boo
873 5885 900 5896 -
919 5859 1421 5925 samsucius-eoquorum
1436 5859 1561 5911 ABHsb
1579 5858 1771 5922 (indeedm.

446 5945 580 6002 ‘ltm-
594 5935 735 6001 mian).
