4342 7459
871 1254 945 1319 cn.
967 1254 1104 1317 u-w.
1139 1250 1185 1337 §s
1207 1249 1312 1316 a-e.
1690 1244 1753 1313 aas

427 1426 476 1483 est
498 1415 586 1480 nulla
606 1413 731 1491 tatalis3
754 1415 787 1477 in
809 1414 880 1477 aliis
901 1421 1007 1478 autem
1029 1414 1160 1479 lortuita
1180 1414 1337 1497 quaedam
1352 1431 1422 1477 esse
1437 1418 1586 1495 possunt,
1602 1420 1636 1475 ut
1651 1416 1683 1476 in
1697 1412 1752 1476 illo

425 1510 595 1593 naufrago,
624 1519 660 1572 ut
686 1509 719 1571 in
747 1510 870 1583 leadio,
898 1518 933 1572 ut
960 1509 992 1570 in
1021 1509 1176 1592 Daphita;
1207 1509 1361 1593 quaedam
1384 1508 1478 1571 etiam
1501 1505 1689 1569 Posidonius
1711 1538 1752 1552 -

424 1626 503 1689 pace
533 1604 674 1687 magistri
704 1604 838 1666 dixerim
868 1639 906 1647 -
938 1601 1134 1666 comminisci
1166 1601 1309 1678 ridetur3
1343 1610 1417 1665 sunt
1446 1600 1575 1684 quidem
1603 1599 1751 1663 absurda.

425 1699 511 1775 Quid
534 1699 642 1762 enimi
666 1697 693 1760 si
709 1697 863 1779 Daphitae
884 1696 982 1760 iatum
1004 1697 1065 1759 suit
1086 1716 1126 1759 ex
1149 1716 1233 1779 equo
1256 1696 1369 1760 cadere
1392 1705 1488 1778 atque
1510 1695 1553 1757 ita
1575 1694 1688 1776 perire,
1711 1713 1751 1755 ex

424 1796 525 1859 hocne
555 1811 656 1876 equo,
686 1792 742 1874 qui
770 1809 841 1854 cum
869 1812 971 1874 equus
999 1811 1063 1853 non
1093 1798 1177 1854 esset
1204 1810 1319 1853 nomen
1350 1790 1486 1853 habebat
1507 1790 1668 1852 alienum?
1697 1794 1775 1856 auts

424 1888 590 1971 Phiiippus
619 1886 719 1949 hasne
748 1886 781 1948 in
810 1886 925 1968 capulo
956 1886 1161 1969 quadrigulas
1188 1885 1287 1948 vitare
1317 1885 1526 1948 monebatur?
1563 1884 1751 1967 quasivero

424 1983 538 2066 capulo
566 1982 608 2044 sit
635 1982 769 2044 occisus.
816 1980 901 2056 Quid
929 1990 1034 2044 autem
1063 1999 1210 2061 magnum
1234 1974 1329 2061 [ant],
1361 1977 1549 2059 naufragum
1571 1977 1660 2040 illum
1682 1978 1750 2040 sine

423 2077 550 2141 nomine
579 2077 612 2138 in
635 2076 703 2139 rivo
725 2094 795 2138 esse
817 2075 965 2157 lapsum?
995 2093 1187 2157 quamquam
1209 2072 1285 2135 huic
1308 2073 1435 2155 quidem
1457 2071 1510 2134 bic
1532 2072 1639 2135 scribit
1661 2091 1752 2154 prae·

422 2172 541 2236 dictum
567 2169 600 2231 in
628 2189 714 2254 aqua
743 2188 813 2231 esse
840 2170 1055 2251 pereundum:
1091 2188 1130 2230 ne
1151 2167 1280 2230 hercule
1303 2166 1399 2229 lcadii
1427 2165 1555 2247 quidem
1584 2166 1751 2248 praedonis

422 2265 527 2329 video·
546 2262 642 2327 satum
674 2262 792 2338 ullnm;
824 2260 904 2324 nibil
934 2264 1017 2325 enim
1045 2261 1154 2324 scribit
1176 2262 1204 2323 ei
1228 2259 1432 2342 praedictum.
1477 2256 1507 2320 6.
1531 2259 1615 2332 Quid
1637 2259 1789 2323 mirumso

422 2362 517 2444 igitur
543 2378 584 2421 ex
611 2356 763 2439 spelunca
790 2374 900 2418 saxum
925 2356 956 2417 in
979 2373 1070 2417 crura
1092 2354 1159 2416 eius
1182 2354 1358 2416 incidisse?
1387 2361 1463 2436 puto
1487 2353 1584 2426 enim,
1606 2353 1700 2415 etiam
1723 2354 1750 2416 si

422 2454 544 2517 Icadius
566 2461 632 2515 tum
656 2452 688 2513 in
711 2448 862 2531 spelunca
884 2468 948 2512 non
970 2446 1095 2522 inisset,
1118 2468 1228 2511 sarum
1252 2455 1357 2511 tamen
1378 2447 1456 2510 illud
1479 2467 1623 2511 casurum
1639 2444 1749 2509 luisse.

420 2549 501 2610 Nam
522 2552 577 2608 aut
599 2541 675 2606 nihil
699 2544 828 2607 omnino
851 2550 900 2605 est
920 2541 1100 2617 fortuitum,
1123 2550 1179 2605 aut
1199 2544 1261 2606 hoc
1283 2546 1387 2625 ipsum
1409 2544 1514 2624 potuit
1535 2540 1664 2603 evenire
1685 2539 1751 2603 ior-

423 2649 508 2706 tuna.
544 2639 671 2715 Quaero
694 2639 789 2720 igitur
803 2672 842 2683 -
859 2644 958 2720 atque
980 2637 1041 2699 boc
1063 2637 1125 2699 late
1147 2638 1268 2719 patebit
1282 2673 1338 2710 -,
1361 2636 1387 2699 si
1410 2634 1467 2697 sati
1483 2637 1612 2699 omnino
1627 2636 1748 2698 nullum

422 2753 551 2807 nomen,
574 2732 661 2795 nulla
683 2738 814 2804 natura,
837 2732 924 2794 nulla
948 2732 993 2794 vis
1016 2740 1110 2805 esset,
1133 2740 1164 2793 et
1184 2730 1266 2793 forte
1288 2738 1405 2793 temere
1427 2749 1501 2792 casu
1523 2737 1578 2793 aut
1599 2730 1750 2814 pleraque
1759 2747 1787 2794 ss

421 2829 533 2892 tierent
553 2835 609 2890 aut
630 2826 752 2899 omnia,
784 2845 859 2888 num
882 2825 974 2888 aliter
994 2844 1030 2887 ac
1053 2846 1137 2888 nunc
1160 2825 1309 2888 eveniunt
1330 2818 1515 2887 evenirent?
1560 2822 1644 2898 Quid
1674 2843 1750 2906 ergo

419 2922 542 2985 adtinet
562 2920 720 2983 incuicare
742 2919 856 2992 iatum,
879 2938 950 2982 cum
973 2920 1041 2981 sine
1062 2917 1127 2982 lato
1149 2919 1230 2982 ratio
1253 2919 1394 2982 omnium
1415 2937 1521 2981 rerum
1542 2916 1581 2980 ad
1605 2925 1748 2982 naturam
1784 2942 1787 2949 ¹

422 3015 620 3079 fortunamve
641 3013 820 3077 reseraturi

504 3109 556 3171 lV.
584 3104 614 3170 7.
642 3106 704 3170 Sed
727 3106 950 3180 Posidonium,
980 3108 1062 3170 sicut
1084 3125 1221 3191 aequum
1245 3117 1302 3182 est,
1324 3128 1394 3171 cum
1417 3107 1500 3171 bona
1522 3110 1622 3191 gratia
1644 3109 1748 3173 dimit·

420 3213 540 3278 tamus,
568 3203 607 3265 ad
632 3201 797 3286 Chrysippi
825 3202 958 3284 laqueos
979 3209 1183 3265 revertamur.
1229 3202 1285 3266 Cui
1307 3202 1436 3285 quidem
1459 3203 1595 3285 primum
1617 3202 1658 3265 de
1679 3204 1787 3286 ipsam

419 3297 606 3380 contagione
639 3316 744 3358 rerum
778 3296 1043 3377 respondeamus,
1077 3296 1201 3379 reliqua
1230 3304 1341 3378 postea
1370 3315 1608 3381 persequemur.
1662 3298 1749 3360 later

417 3394 558 3456 locorum
585 3398 714 3453 naturas
746 3397 898 3473 qnantum
926 3390 1051 3452 intersit
1077 3392 1241 3453 videmus:
1275 3391 1355 3453 alios
1384 3409 1454 3453 esse
1484 3388 1636 3464 salubris,
1667 3390 1748 3455 alios

417 3483 615 3569 pestilentis,
642 3482 676 3543 in
705 3482 777 3544 aliis
806 3482 975 3563 pituitosos
1002 3491 1033 3545 et
1056 3484 1149 3568 quasi
1171 3485 1394 3559 redundantis,
1424 3486 1456 3547 in
1479 3484 1549 3546 aliis
1572 3485 1747 3550 exsiccatos

416 3588 513 3661 atque
535 3577 657 3651 aridos;
679 3577 840 3660 multaque
862 3585 938 3639 sunt
958 3577 1034 3650 alia,
1059 3598 1142 3661 quae
1163 3580 1246 3641 inter
1267 3579 1373 3642 locum
1395 3586 1427 3641 et
1448 3578 1554 3641 locum
1577 3578 1745 3661 plurimum

416 3672 573 3735 dilierant.
601 3669 734 3732 Athenis
757 3679 852 3733 tenne
874 3670 1006 3745 caelum,
1029 3691 1070 3734 cx
1092 3693 1157 3755 quo
1180 3675 1272 3738 etiarn
1295 3676 1452 3737 acutiores
1470 3681 1623 3756 putantur
1635 3674 1784 3747 Atticum

417 3785 557 3829 crassum
573 3764 706 3838 Thebis,
728 3766 836 3848 itaque
858 3765 991 3848 pingues
1006 3765 1149 3832 Thebani
1172 3777 1204 3830 et
1226 3768 1376 3831 valentes.
1410 3770 1528 3830 Tamen
1544 3787 1651 3850 neque
1666 3768 1745 3831 illud

417 3867 511 3921 tenue
540 3857 662 3920 caelum
693 3853 823 3932 alliciet,
853 3865 886 3920 ut
916 3865 970 3920 aut
998 3860 1157 3923 Zenonem
1188 3862 1260 3944 quis
1291 3869 1344 3924 aut
1366 3860 1538 3923 Arcesilam
1567 3868 1621 3924 aut
1642 3859 1746 3923 Theo-

414 3953 578 4037 phrastum
601 3952 730 4026 audiat,
753 3970 859 4034 neque
881 3972 1037 4021 crassum.
1062 3962 1097 4015 ut
1119 3957 1234 4018 Nemea
1260 3956 1482 4039 potiusquam
1505 3955 1624 4018 isthmo
1648 3956 1745 4019 victo·

414 4048 493 4109 riam
516 4055 613 4128 petat
662 4043 692 4106 8.
722 4046 857 4127 Diiunge
880 4045 1026 4127 longius:
1058 4047 1133 4128 quid
1158 4049 1241 4113 enim
1268 4052 1328 4113 loci
1350 4059 1463 4113 natura
1484 4049 1607 4112 adferre
1629 4057 1745 4132 potest,

415 4149 450 4202 ut
473 4142 505 4202 in
528 4140 653 4222 porticu
677 4140 805 4221 Pompei
830 4142 1051 4222 potiusquam
1075 4142 1107 4202 in
1131 4163 1242 4226 campo
1266 4147 1489 4209 ambulemus?
1523 4154 1624 4208 tecum
1649 4156 1783 4229 quamdo

415 4253 485 4297 cum
508 4234 595 4296 alio‘l
638 4234 746 4296 Idibus
774 4235 881 4316 potius
911 4254 1005 4317 quam
1035 4235 1213 4299 Kalendis?
1257 4239 1297 4301 Ut
1324 4240 1420 4321 igitur
1449 4239 1489 4301 ad
1515 4241 1666 4320 quasdam
1694 4260 1744 4302 res

415 4336 525 4390 natura
548 4328 608 4391 loci
632 4330 769 4412 pertinet
791 4327 928 4411 aliquid,
951 4327 990 4390 ad
1014 4329 1165 4412 quasdam
1189 4339 1294 4394 autem
1316 4333 1414 4407 nihil,
1444 4334 1489 4395 sic
1512 4342 1666 4396 astrorum
1689 4333 1744 4396 ad·

413 4418 508 4484 lectio
531 4422 648 4497 valeat,
678 4424 704 4485 si
730 4424 794 4497 vis,
820 4423 859 4485 ad
884 4422 1036 4506 quasdam
1058 4444 1125 4499 res,
1153 4425 1193 4488 ad
1216 4427 1319 4490 omnis
1342 4435 1426 4489 certe
1449 4449 1511 4490 non
1535 4428 1660 4490 valebit.
1704 4428 1745 4489 At

415 4516 517 4588 enim,
540 4518 690 4597 quoniam
712 4517 744 4578 in
761 4518 881 4579 naturis
896 4516 1059 4579 hominum
1076 4519 1351 4583 dissimilitudines
1367 4530 1453 4595 sunt,
1477 4529 1512 4585 ut
1533 4521 1612 4584 alios
1628 4520 1742 4595 dulcia,

413 4608 493 4672 alios
522 4609 687 4673 subamara
711 4610 884 4683 delectent,
915 4611 968 4674 alii
992 4612 1174 4687 libidinosi,
1204 4614 1257 4676 alii
1281 4615 1422 4679 iracundi
1446 4624 1501 4679 aut
1523 4616 1666 4679 crudeles
1688 4624 1780 4679 autu

477 4917 501 4964 2.
521 4916 547 4963 in
565 4915 683 4976 Daphitae.
703 4917 833 4976 Quaedam
850 4918 887 4974 0;
912 4931 959 4967 nos
978 4917 1083 4984 plenam
1103 4921 1343 4985 interpunctionem
1361 4921 1528 4980 sustulimus,
1554 4926 1582 4970 ut
1599 4920 1640 4971 illa
1659 4923 1740 4973 verba

411 4997 467 5041 sunt
484 4992 583 5055 quidem
600 4990 709 5039 absurda
727 4994 753 5040 et
771 4992 803 5040 ed
823 4992 953 5057 exempla,
973 4995 998 5042 in
1017 4994 1114 5056 quibus
1132 4995 1237 5045 fortuita
1256 4996 1388 5060 quaedam
1406 4998 1497 5055 insint,
1517 5001 1543 5047 et
1560 4998 1592 5048 ad
1609 4997 1740 5062 exemplu,

412 5077 481 5129 quae
501 5065 653 5115 Posidonius
671 5071 839 5118 commentus
857 5071 906 5127 est,
926 5069 1017 5119 reterri
1036 5072 1182 5133 possint-
1203 5073 1227 5122 3.
1247 5074 1295 5121 sint
1312 5070 1369 5122 A¹V
1391 5100 1416 5108 κ
1436 5074 1533 5133 quidem
1551 5076 1617 5124 Dvi:
1638 5076 1741 5135 quidam

414 5141 492 5199 A¹V¹,
512 5144 629 5206 quidnam
647 5138 685 5201 il²,
705 5144 810 5205 inquam
822 5144 941 5208 Rehdig.‚
961 5146 1084 5207 quaedam
1101 5146 1249 5205 Turnebus,
1269 5149 1367 5211 quidem
1384 5148 1488 5209 inquam
1506 5149 1566 5197 0-
1586 5148 1689 5198 absorde
1700 5153 1739 5209 At,

411 5217 518 5266 absurda
535 5218 565 5263 Vt
592 5244 617 5252 -
647 5217 671 5267 l.
689 5220 711 5266 si
728 5221 819 5269 omli
846 5247 871 5257 -
898 5222 920 5270 5.
940 5222 1027 5270 hocine
1043 5220 1115 5270 lllotz
1136 5246 1162 5258 -
1183 5223 1206 5271 6.
1227 5223 1319 5283 capula
1336 5221 1365 5271 .l¹
1386 5249 1412 5258 -
1433 5224 1456 5271 Ἰ.
1476 5237 1596 5286 magnum
1613 5230 1658 5272 aut
1675 5237 1738 5272 nau·

408 5293 511 5355 tragum
528 5294 562 5350 C,
580 5306 700 5354 magnum
716 5299 750 5342 est
766 5295 852 5355 naufr.
872 5307 932 5344 cum
953 5298 977 5345 F.
989 5299 1018 5345 Α.
1031 5295 1126 5345 Woltlo
1143 5299 1173 5355 0,
1191 5311 1311 5360 magnum
1328 5302 1350 5345 et
1366 5298 1452 5358 narssr.
1467 5298 1609 5349 Lambinus
1628 5301 1653 5348 et
1668 5297 1740 5348 Klotz

409 5395 441 5404 —
459 5368 483 5417 8.
503 5367 665 5430 quamquam]
684 5369 818 5430 qumquam
835 5370 855 5415 V
879 5397 905 5405 —
929 5371 1036 5432 quidem]
1054 5372 1115 5434 quid
1131 5372 1235 5420 enimv
1257 5398 1288 5409 -·
1312 5373 1335 5420 9.
1355 5374 1433 5421 Icadii
1451 5374 1540 5421 om.V
1560 5401 1584 5409 —
1609 5376 1741 5435 praeconis

409 5444 441 5490 V²
460 5472 484 5479 -
506 5444 545 5491 tl.
564 5458 596 5492 aa
614 5457 666 5492 om.
687 5440 758 5493 il'-
779 5445 867 5493 thesi
884 5447 1020 5495 omninno
1041 5473 1065 5481 -
1092 5448 1164 5508 ipsud
1182 5443 1250 5495 13¹-
1275 5448 1315 5496 lb.
1334 5447 1374 5511 ac]
1392 5449 1438 5495 bac
1456 5445 1486 5496 B²
1505 5475 1530 5484 —
1556 5449 1595 5497 ⁴7.
1615 5450 1739 5499 attinetO

412 5545 438 5554 -
460 5520 499 5569 ⁴9.
518 5532 588 5570 ecum
606 5532 675 5567 corr.
696 5519 720 5566 in
738 5520 864 5579 equumB
889 5546 913 5554 -
940 5521 980 5570 20.
997 5521 1109 5581 primum
1125 5521 1260 5581 eudemo
1283 5549 1316 5559 —
1340 5523 1380 5572 ai.
1400 5536 1486 5573 rerum
1503 5525 1686 5586 contagioneO
1710 5550 1735 5559 —

408 5595 448 5643 2¹2.
468 5595 598 5643 uideamus
614 5594 676 5642 A¹V
705 5621 730 5629 -
758 5594 905 5644 salubresO
930 5621 955 5630 -
987 5594 1027 5644 23.
1045 5595 1219 5657 pestilentest)
1244 5625 1276 5633 -
1305 5598 1362 5646 aliis
1378 5598 1464 5647 esseO
1489 5622 1515 5632 -
1542 5600 1688 5660 pituososV
1710 5627 1735 5635 -

409 5669 554 5717 redundatis
572 5672 610 5727 ΑΙ,
632 5670 835 5718 redundantesO
858 5695 884 5704 —
914 5671 953 5721 ai.
973 5671 1053 5720 laeum
1076 5677 1098 5721 et
1116 5672 1255 5733 plurimum
1272 5672 1303 5730 V,
1328 5671 1375 5720 sed
1398 5677 1420 5720 ei
1441 5672 1546 5734 punctis
1569 5675 1688 5722 notatum
1710 5700 1736 5711 -

407 5744 447 5792 25.
467 5744 622 5804 differunto
649 5772 672 5778 -
702 5745 742 5793 ti.
762 5744 893 5793 arcesilam
916 5758 984 5794 corr.
1006 5748 1031 5795 in
1053 5746 1201 5796 archesilam
1220 5747 1240 5793 V
1259 5772 1285 5781 -
1311 5748 1350 5795 as.
1371 5748 1488 5809 diiungue
1505 5746 1544 5803 A¹,
1568 5748 1660 5808 diunge
1677 5748 1736 5797 cod.

408 5815 520 5876 baillol,
543 5819 682 5882 diiunpoO
710 5847 735 5853 -
762 5821 861 5883 longuis
878 5821 917 5881 Vt,
941 5822 1000 5870 iocis
1017 5823 1056 5880 Vi,
1082 5821 1153 5884 quod
1181 5822 1206 5870 in
1232 5821 1297 5870 locos
1319 5825 1469 5870 correctum
1492 5825 1533 5871 est
1555 5824 1580 5870 in
1604 5834 1687 5884 nrarg.
1708 5847 1734 5857 —

408 5891 448 5941 ³0.
463 5893 562 5954 portica
580 5894 607 5941 li¹
631 5920 657 5929 -
688 5897 714 5943 in
731 5909 819 5957 campo
836 5895 901 5945 ansb.
920 5902 999 5946 mcum
1016 5909 1094 5956 quam
1115 5909 1168 5945 om.
1188 5896 1209 5943 V
1232 5923 1257 5932 -
1283 5900 1364 5945 iecrem
1380 5909 1456 5957 auam
1472 5909 1529 5946 cum
1546 5897 1597 5945 alio
1614 5895 1694 5946 idibus
1711 5897 1736 5946 in

408 5979 490 6030 marg.
510 5980 546 6019 m.
566 5971 673 6033 antiqua
691 5970 813 6037 suppleta
831 5972 857 6021 in
873 5974 895 6026 Α
913 5996 941 6008 -
960 5971 1002 6021 33.
1014 5984 1097 6023 omnes
1114 5972 1134 6021 0
1154 5997 1180 6007 -
1200 5971 1234 6024 sd
1251 5985 1320 6022 corr.
1339 5972 1365 6023 in
1381 5976 1409 6022 at
1426 5972 1455 6022 C.
