4342 7459
381 1122 496 1195 ,μ

289 1242 401 1412 ff
438 1195 502 1265 586
972 1208 1078 1273 CATO
1100 1208 1254 1273 4444044,
1299 1243 1303 1250 -

439 1367 607 1430 sustinere.
654 1370 734 1433 Cato.
765 1373 843 1434 ilem
869 1370 953 1433 baud
981 1391 1076 1444 saue,
1108 1371 1214 1453 Scipio
1239 1379 1272 1433 et
1297 1371 1400 1445 Laeli,
1432 1367 1590 1436 difficilem
1614 1372 1764 1439 admirari

439 1459 603 1522 videmini.
640 1462 763 1536 Quibus
786 1466 870 1528 enim
892 1466 970 1528 nihil
992 1475 1041 1528 est
1062 1465 1095 1527 iu
1116 1465 1194 1545 ipsis
1216 1466 1286 1546 opis
1307 1465 1347 1527 ad
1370 1465 1450 1527 bene
1472 1465 1631 1551 beateque
1653 1470 1766 1532 vireu·

440 1557 528 1631 dum,
562 1561 608 1621 eis
640 1560 740 1621 amnis
772 1570 859 1623 aetas
888 1560 992 1642 gravis
1018 1567 1086 1621 est:
1116 1559 1170 1638 qui
1200 1567 1304 1621 autem
1334 1560 1439 1622 omnia
1468 1558 1551 1623 bona
1578 1582 1598 1625 a
1623 1582 1658 1625 ae
1684 1563 1764 1646 ipsis

439 1661 565 1737 petunt,
592 1654 631 1714 iis
658 1653 736 1715 nihil
764 1662 869 1734 potest
891 1652 1007 1715 malurn
1030 1651 1145 1723 videri,
1175 1652 1261 1735 quod
1284 1660 1415 1715 naturae
1438 1656 1611 1718 necessitas
1631 1655 1763 1720 adferat.

415 1746 512 1822 lOuo
540 1747 573 1809 in
602 1766 717 1828 genere
747 1755 796 1810 est
823 1747 856 1809 in
886 1746 996 1828 primis
1022 1754 1191 1819 senectus,
1225 1765 1319 1827 quam
1348 1754 1383 1809 ut
1410 1746 1627 1828 adipiscantur
1652 1769 1767 1814 omnes

439 1848 565 1923 optant,
588 1840 721 1903 eandem
743 1848 891 1902 accusant
911 1840 1072 1920 adeptam:
1098 1847 1182 1901 tauta
1205 1848 1254 1902 est
1275 1840 1425 1902 stultitiae
1442 1840 1652 1905 inconstantia
1667 1851 1766 1926 alque

440 1934 638 2015 perversitas.
674 1932 834 2015 Obrepero
856 1933 947 1995 aiunt
968 1952 1036 1994 eam
1058 1933 1151 1996 citius
1174 1953 1268 2015 quam
1292 1935 1498 2015 putavissent.
1535 1936 1674 1999 Primum
1690 1939 1767 2018 quis

439 2028 543 2109 coegit
563 2047 619 2092 cos
640 2028 755 2092 falsum
779 2029 912 2109 putarel
935 2026 997 2102 Qui
1020 2026 1106 2088 enim
1128 2027 1220 2089 citius
1242 2027 1478 2090 adulescentiae
1499 2038 1645 2092 senectus
1662 2050 1765 2114 ,quam

439 2120 594 2201 pueritiae
616 2121 833 2185 adulescentia
856 2120 1002 2203 obrepit?
1033 2119 1154 2183 Deinde
1177 2122 1230 2203 qui
1254 2121 1358 2186 minus
1381 2122 1486 2202 gravia
1507 2130 1590 2185 esset
1611 2123 1650 2186 iis
1672 2143 1767 2212 seue·

402 2218 518 2286 taetus,
541 2215 567 2277 si
590 2216 886 2296 octingentesimum
908 2234 1026 2277 annum
1046 2221 1177 2292 agerent
1196 2234 1290 2295 quam
1311 2213 1563 2296 octogesimum?
1589 2219 1766 2284 Praeterita

438 2306 521 2372 enim
543 2315 631 2372 aetas
653 2309 798 2392 quamvis
820 2308 930 2390 longa,
960 2329 1031 2383 cum
1055 2307 1248 2380 effluxisset,
1275 2307 1363 2370 nulla
1385 2308 1602 2374 consolatione
1625 2312 1767 2393 permul-

439 2418 512 2463 cere
532 2411 650 2483 ‘posset
677 2402 803 2466 stultam
833 2410 1040 2466 senectutem.
1083 2401 1115 2466 5.
1145 2402 1302 2477 Quocirca
1325 2404 1351 2465 si
1374 2402 1563 2485 sapientiam
1586 2424 1686 2468 meam
1709 2406 1767 2469 ad·

440 2492 546 2555 mirari
574 2496 684 2564 soletis
711 2533 753 2545 -
781 2516 864 2580 quae
893 2497 1012 2560 utinam
1043 2498 1140 2579 digua
1168 2503 1253 2559 esset
1281 2496 1432 2577 opinions
1460 2504 1563 2559 sesua
1589 2507 1767 2582 nostroque

439 2589 650 2667 cognomine!
674 2590 771 2652 —iu
793 2590 855 2653 hoc
877 2611 985 2653 sumus
1008 2592 1179 2673 sapientes,
1203 2589 1289 2673 quod
1312 2599 1456 2652 naturam
1472 2600 1634 2672 optumam
1650 2591 1766 2657 ducem

401 2686 598 2763 totamquam
629 2682 723 2748 deum
754 2684 918 2767 sequimur
946 2684 1042 2766 eique
1074 2704 1242 2765 paremus:
1272 2702 1376 2765 aqua
1405 2702 1468 2745 non
1492 2685 1559 2747 veri
1580 2685 1685 2748 simile
1707 2694 1768 2761 eat,

440 2792 512 2837 cam
538 2784 660 2839 ceterae
683 2788 788 2859 partes
810 2779 920 2841 aetatis
942 2778 1024 2840 bene
1047 2777 1226 2858 descriptae
1248 2776 1329 2850 siut,
1361 2785 1536 2840 exuemum
1559 2788 1663 2842 actum
1687 2787 1768 2844 lara·

441 2886 537 2949 quam
559 2868 598 2931 ab
621 2869 713 2935 inerti
735 2880 830 2955 poeta
851 2891 921 2935 esse
944 2871 1135 2951 neglectum.
1168 2869 1230 2932 Sed
1254 2878 1358 2933 nmen
1382 2890 1512 2934 necasse
1534 2871 1595 2935 fuit
1616 2893 1688 2937 esse
1707 2873 1768 2938 ali-

439 2961 517 3042 quid
539 2972 715 3029 extremum
739 2974 780 3039 et,
803 2974 962 3048 tamquam
986 2966 1018 3028 in
1033 2964 1181 3027 arborum
1197 2963 1283 3025 bacis
1299 2972 1465 3046 terraeque
1480 2962 1648 3038 fructibus,
1665 2977 1768 3031 malu-

439 3056 531 3119 ritate
553 3058 741 3140 tempestiva
763 3059 855 3141 quasi
877 3059 995 3121 vietum
1019 3065 1050 3120 et
1072 3057 1236 3130 caducum,
1259 3055 1345 3138 quod
1369 3055 1537 3119 ferundum
1559 3068 1609 3122 est
1628 3061 1769 3127 molliter

400 3151 584 3232 ”sapienti
634 3151 719 3226 Quid
751 3162 799 3215 est
827 3153 910 3215 enim
938 3150 1023 3213 aliud
1053 3150 1224 3231 Gigantum
1253 3149 1346 3212 modo
1374 3150 1492 3214 bellare
1519 3173 1591 3215 cum
1618 3153 1668 3217 dis
1703 3156 1768 3222 nisi

438 3252 568 3306 naturae
589 3248 790 3327 repugnare?
833 3243 862 3306 6.
886 3244 1018 3307 laelius.
1041 3244 1151 3324 Atqui,
1170 3242 1262 3318 Cato,
1277 3244 1490 3324 gratissimum
1506 3245 1607 3320 nobis,
1623 3256 1658 3310 ut
1672 3249 1768 3314 ctiam

436 3356 495 3420 pro
517 3337 666 3419 Scipione
688 3339 849 3421 pollicear,
872 3337 995 3411 seceris,
1018 3338 1060 3409 si,
1084 3333 1235 3418 quoniam
1258 3355 1439 3418 speramus,
1464 3338 1611 3403 volumus
1634 3339 1768 3423 quidem

438 3439 524 3493 certe
546 3450 638 3494 seues
661 3429 744 3505 fieri,
768 3434 868 3496 multo
891 3441 964 3495 ante
986 3452 1005 3494 a
1027 3440 1058 3494 te
1081 3429 1303 3502 didicerimus,
1326 3430 1442 3513 quibua
1465 3429 1613 3496 facillime
1634 3434 1769 3497 rationi·

438 3524 497 3586 bus
520 3524 788 3604 ingravescentem
816 3534 949 3589 aetatem
977 3524 1059 3588 serre
1083 3526 1251 3607 possimus.
1297 3517 1380 3588 Cato.
1402 3525 1526 3588 Faciam
1550 3546 1642 3601 vero,
1667 3526 1769 3602 Laeli,

400 3619 624 3699 repraesertim
646 3619 673 3681 si
697 3619 827 3702 utrique
848 3628 1005 3692 saeuum,
1036 3628 1071 3681 ut
1094 3617 1192 3690 dicis,
1222 3626 1345 3699 gratum
1367 3617 1508 3681 futurum
1533 3628 1591 3683 est.
1635 3621 1770 3683 Laelius.

438 3711 594 3774 Volumus
616 3731 703 3785 sane,
726 3713 787 3775 uisi
809 3713 975 3776 molestum
998 3722 1056 3784 est,
1080 3712 1169 3783 Cato,
1194 3719 1355 3793 tamquam
1379 3712 1507 3793 longam
1529 3713 1667 3797 aliquam
1684 3715 1770 3777 viam

439 3804 628 3877 confeceris,
652 3826 747 3889 quam
770 3806 862 3869 uobis
884 3826 1012 3889 quoque
1034 3806 1277 3887 ingrediundum
1301 3806 1359 3880 sit,
1382 3806 1473 3879 istuc,
1496 3826 1560 3888 quo
1583 3807 1770 3889 pervenisti,

439 3898 546 3961 videre
570 3899 664 3981 quale
687 3901 737 3962 sit.
1292 3899 1299 3912 '

523 3992 578 4054 lll.
604 3989 636 4054 7.
668 3993 751 4056 Cato.
778 3993 920 4067 Faciam,
947 4002 983 4055 ut
1004 4001 1132 4077 potero,
1162 3992 1260 4057 Laeli.
1305 3994 1407 4075 Saepo
1430 3995 1513 4057 euim
1536 3993 1664 4057 interlui
1688 4015 1771 4076 que·

400 4086 513 4149 eorelis
535 4086 715 4168 aequalium
739 4106 880 4182 meorum
908 4120 949 4133 -
978 4107 1069 4170 pares
1091 4096 1197 4148 autem
1222 4096 1327 4150 vetere
1351 4080 1519 4168 proverbio
1543 4087 1769 4167 comparibus

439 4180 586 4244 facillime
610 4190 842 4263 congregantur
864 4216 922 4255 —,
950 4202 1033 4263 quae
1058 4181 1091 4242 C.
1116 4182 1289 4255 Salinator,
1313 4201 1394 4264 quae
1418 4180 1471 4263 Sp.
1495 4182 1645 4252 Albinus,
1666 4180 1770 4243 homi-

440 4295 495 4337 nes
519 4276 716 4347 consulares,
741 4277 839 4336 nostri
863 4275 928 4337 lere
952 4275 1117 4357 aequales,
1142 4275 1308 4357 deplorare
1332 4273 1491 4346 solebant,
1515 4282 1580 4335 tum
1604 4274 1689 4356 quod
1713 4294 1771 4334 vo·

440 4369 610 4451 luptatibus
633 4379 786 4441 carerent,
809 4372 877 4431 siue
900 4370 1015 4451 quibus
1038 4369 1135 4430 vitam
1160 4368 1278 4429 nullam
1303 4377 1460 4450 putarent,
1483 4377 1547 4429 turn
1571 4367 1657 4448 quod
1681 4387 1770 4448 sper-

440 4472 591 4525 nerentur
612 4465 651 4524 ab
676 4464 730 4535 iis,
754 4483 772 4526 a
794 4464 910 4546 quibus
933 4471 1039 4525 essent
1061 4461 1122 4523 coli
1146 4461 1241 4525 soliti.
1280 4462 1342 4536 Qui
1359 4461 1434 4523 mihi
1451 4481 1514 4524 unu
1531 4460 1562 4521 id
1581 4460 1771 4522 ridebantur

504 4717 528 4765 4.
547 4715 608 4763 liant
623 4729 683 4764 sane
699 4720 724 4765 et
739 4730 754 4763 o
770 4716 847 4776 scipio
865 4716 874 4764 l
895 4741 921 4750 -
941 4720 964 4763 ot
981 4716 1084 4770 omB:
1104 4720 1127 4763 et
1144 4728 1158 4761 o
1175 4714 1215 4763 leli
1232 4714 1251 4762 ll
1271 4738 1299 4749 -
1318 4712 1343 4762 3.
1362 4713 1396 4761 eis
1413 4712 1471 4763 EP:
1490 4712 1527 4760 nis
1544 4712 1641 4770 utltS,
1659 4711 1768 4761 eno-

439 4791 551 4841 omnidas
568 4793 602 4841 llt
624 4814 649 4826 -
670 4792 718 4851 ipsi
734 4789 788 4842 ΡΒι
810 4818 832 4825 -
854 4789 878 4840 l.
898 4791 932 4840 sis
950 4791 977 4846 E,
996 4792 1033 4839 nis
1050 4791 1134 4839 ulus
1155 4816 1181 4826 —
1200 4789 1261 4837 mali
1278 4794 1356 4851 potest
1374 4789 1393 4837 E
1413 4814 1438 4822 -
1458 4789 1482 4836 5,
1502 4786 1631 4848 inprimis
1648 4786 1719 4834 eatlt
1740 4811 1769 4821 -

440 4869 464 4917 6.
482 4868 599 4927 adeptam
616 4867 755 4917 BlPllS:
782 4866 900 4928 adeptiE
923 4893 956 4902 -
981 4867 1041 4915 inest
1060 4866 1107 4914 Eli
1134 4892 1159 4901 —
1183 4864 1329 4913 stulticialt
1354 4887 1380 4896 -
1406 4863 1430 4911 7.
1450 4862 1523 4910 cilius
1539 4873 1594 4909 eam
1612 4861 1684 4909 aiant
1702 4859 1721 4909 E
1741 4886 1770 4897 -

437 4944 603 5005 potassentll
631 4968 657 4977 —
685 4942 708 4991 8.
727 4943 828 5003 capilli
857 4967 883 4977 -
910 4941 1003 5002 laisum
1020 4940 1161 4989 dabilarel
1191 4965 1216 4973 -
1248 4939 1313 4999 Quid
1329 4938 1412 4986 enini?
1434 4937 1508 4985 citius
1530 4936 1567 4991 0;
1594 4937 1621 4983 al
1638 4933 1671 4983 ci.
1691 4934 1770 4984 Tusc.

439 5018 470 5076 V,
483 5016 539 5078 §89
552 5018 663 5079 etleS
684 5045 708 5052 -
730 5018 842 5067 9.iisl³:
861 5022 896 5066 eis
913 5017 946 5077 E,
964 5018 1001 5064 nis
1018 5017 1103 5065 ulus
1123 5042 1149 5050 -
1170 5016 1209 5063 40.
1227 5018 1329 5076 canent
1346 5025 1442 5060 annnm
1460 5012 1526 5060 BRS
1545 5036 1576 5045 -
1593 5022 1671 5072 qaam
1688 5014 1770 5071 octos.

440 5090 566 5141 Peddito
583 5094 603 5139 si
621 5095 775 5155 postquam
798 5093 868 5141 mi
893 5119 925 5128 —
948 5091 1117 5152 praetereas
1147 5116 1172 5123 -
1203 5089 1242 5136 ll.
1261 5086 1335 5149 enim]
1354 5090 1439 5135 uatem
1455 5086 1511 5143 BS,
1536 5083 1627 5133 omE
1656 5108 1682 5117 —
1711 5086 1773 5146 pust

439 5167 553 5229 quamuis
569 5170 611 5215 est
628 5169 653 5215 iu
671 5169 690 5216 u
710 5180 789 5231 parva
807 5180 899 5216 rasura
920 5193 946 5203 -
966 5166 1133 5215 consolatione
1150 5164 1197 5212 El:
1216 5163 1351 5211 consolatio
1370 5162 1463 5210 Bl’liS
1483 5188 1509 5196 -
1530 5160 1570 5209 43,
1590 5160 1773 5207 ammiracione

440 5243 464 5301 l,
482 5240 531 5291 sed
550 5241 599 5290 ead
629 5256 664 5291 m.
685 5245 815 5305 oppinione
832 5255 966 5305 suprascr.
988 5269 1014 5277 -
1039 5246 1171 5301 uestroque
1188 5239 1221 5295 ll,
1241 5238 1288 5287 sed
1308 5250 1377 5286 corr.
1397 5241 1481 5283 nostro
1501 5262 1527 5270 -
1552 5236 1592 5284 45.
1611 5233 1771 5295 tonqnamB

439 5319 467 5366 et
483 5317 521 5366 sic
539 5314 697 5380 plerumque
715 5344 746 5353 —
765 5318 795 5366 46
823 5317 913 5365 malim
932 5317 1074 5376 discriptae,
1093 5317 1122 5362 ut
1139 5314 1172 5363 sit
1190 5313 1260 5363 idem
1279 5311 1350 5375 quod
1370 5309 1557 5360 «distributam
1576 5336 1603 5346 -
1627 5308 1665 5357 48.
1678 5308 1772 5368 [ructi-

439 5390 639 5442 oaslilill’st
663 5391 777 5453 {rupibus
795 5392 861 5444 44ος
889 5390 921 5439 cl.
942 5390 1029 5440 Madv.
1049 5391 1144 5453 Opusc⁴
1165 5390 1202 5447 ll,
1221 5388 1264 5436 tlt
1298 5414 1323 5421 -
1353 5386 1392 5435 49.
1411 5385 1585 5448 asperamus
1611 5410 1635 5419 -
1664 5382 1773 5431 molliter

438 5467 567 5531 serendum
585 5472 618 5515 est
636 5468 660 5524 l,
686 5466 751 5527 qaod
767 5466 901 5526 [orandam
917 5472 951 5514 est
967 5466 1076 5514 molliter
1093 5465 1199 5525 sapienti
1217 5464 1314 5513 Nouius
1333 5475 1359 5525 p.
1373 5459 1459 5519 34ἳ,4
1481 5486 1505 5495 ·-
1531 5459 1571 5508 20.
1585 5464 1619 5508 est
1636 5460 1702 5508 enim
1719 5458 1769 5508 ll’:

439 5544 506 5591 mim
522 5549 556 5590 est
574 5543 630 5602 RS,
649 5548 683 5591 est
700 5542 801 5600 omli,
820 5544 885 5591 enim
903 5553 955 5590 orn.
971 5541 989 5589 E
1009 5566 1036 5575 -
1055 5540 1196 5602 qipantiam
1215 5538 1233 5587 E
1253 5564 1280 5572 -
1299 5550 1369 5585 more
1387 5537 1409 5595 l,
1428 5535 1477 5586 sed
1494 5536 1568 5583 modo
1585 5534 1644 5583 ead.
1659 5546 1695 5583 rn.
1709 5547 1770 5597 sup.

440 5615 484 5666 liu.
507 5643 531 5651 -
558 5616 599 5665 at.
617 5630 761 5680 repaqnare
777 5618 893 5664 natarel
915 5642 940 5651 -
964 5616 1005 5665 22.
1022 5615 1143 5675 polliceor
1158 5626 1205 5673 pro
1222 5613 1329 5673 scipione
1349 5614 1357 5660 l
1377 5637 1402 5646 -
1428 5611 1468 5660 ao.
1488 5617 1618 5671 tamquam
1635 5612 1721 5659 onnl‘
1741 5636 1769 5645 -

439 5692 554 5753 aliquam
569 5693 671 5756 lonpam
688 5694 726 5741 lli
756 5718 793 5746 -x
809 5692 851 5741 ai.
870 5691 954 5750 qaaS
977 5701 1067 5737 rasura
1087 5685 1305 5745 [intumescas
1332 5712 1359 5721 -
1387 5687 1575 5748 inprediendam
1595 5681 1646 5733 9²0
1674 5710 1700 5718 -
1729 5684 1771 5734 30.

442 5780 554 5817 meorum
571 5768 715 5830 aequalitem
732 5768 767 5816 lO
789 5794 814 5803 -
831 5779 907 5828 pares
924 5771 1008 5813 antem
1024 5779 1081 5813 cnm
1096 5764 1201 5825 panitas
1218 5770 1299 5811 necere
1313 5764 1421 5823 proult
1438 5788 1462 5797 -
1482 5762 1562 5810 aeteri
1578 5762 1594 5809 S
1613 5785 1639 5794 -
1661 5759 1702 5808 34.
1717 5759 1773 5818 G.1

442 5873 469 5884 -
494 5845 636 5907 sparinsl,
659 5842 812 5905 mennae
840 5868 867 5878 -
895 5840 936 5892 32.
955 5840 1017 5891 Cum
1033 5841 1126 5903 qnodl
1154 5866 1181 5875 -
1209 5838 1384 5901 uoluptatesl’
1411 5864 1438 5875 -
1466 5836 1506 5888 34.
1526 5835 1723 5886 ablislillls
1743 5860 1771 5872 -

441 5921 558 5972 necnon
574 5932 694 5971 amasam
710 5933 761 5969 non
777 5919 804 5968 id
820 5919 839 5969 l.
