4342 7459
763 1240 904 1305 sunm,
919 1243 943 1306 1.
975 1239 1048 1304 cr».
1064 1239 1174 1305 1·-n
1207 1237 1396 1324 sss-ro.
1677 1228 1739 1303 ru

414 1399 544 1465 hercule
574 1420 633 1482 eqo
662 1420 767 1483 neque
788 1401 940 1483 pecunias
961 1400 1092 1464 istorum
1115 1422 1221 1485 neque
1243 1408 1326 1466 tecta
1348 1398 1513 1486 magnifica
1534 1423 1639 1487 neque
1661 1422 1739 1487 opes

415 1514 520 1577 neque
549 1495 684 1577 imperia
710 1515 814 1577 neque
843 1515 911 1567 eas,
941 1495 1057 1578 quibus
1080 1515 1227 1559 maxume
1250 1496 1368 1561 astricti
1390 1504 1481 1571 sunt,
1507 1496 1685 1579 voluptates
1706 1496 1740 1558 in

416 1588 508 1652 bonis
537 1589 631 1652 rebus
661 1597 715 1653 aut
743 1589 930 1673 expetendis
959 1610 1030 1653 esse
1053 1590 1148 1663 duxi,
1180 1591 1296 1674 quippe
1318 1609 1389 1654 cnm
1411 1591 1552 1654 viderem
1573 1589 1668 1654 rebus
1689 1589 1740 1653 bis

417 1680 666 1748 circumfluentis
688 1704 726 1748 ea
748 1693 853 1748 tamen
876 1682 1055 1747 desiderare
1079 1684 1226 1756 maxime,
1249 1685 1362 1767 quibus
1383 1685 1593 1748 abundarent.
1630 1686 1741 1766 Neque

417 1775 502 1841 enim
530 1797 680 1861 umquam
711 1778 857 1860 expletur
887 1798 945 1841 nec
973 1779 1105 1840 satiatur
1130 1776 1312 1859 cupiditatis
1333 1779 1421 1852 sitis,
1450 1798 1555 1863 neque
1577 1778 1680 1842 solum
1702 1787 1764 1841 est

416 1871 470 1953 qni
492 1870 609 1934 babent
631 1871 763 1934 libidine
786 1871 922 1954 augendi
945 1871 1141 1945 cruciantur,
1156 1870 1211 1935 sed
1228 1872 1321 1934 etiam
1338 1871 1504 1935 amittendi
1519 1881 1615 1935 metu.
1652 1868 1681 1933 7.
1703 1870 1740 1933 ln

418 1984 483 2047 quo
506 1966 654 2048 equidem
676 1966 1018 2030 continentissimorum
1040 1965 1221 2039 hominum,
1245 1968 1397 2029 maiorum
1420 1974 1621 2041 nostrornm,
1643 1983 1741 2047 saepe

414 2060 545 2143 requiro
567 2058 779 2143 prudentiam,
801 2061 857 2142 qui
880 2060 960 2122 baec
980 2059 1128 2122 inbecilla
1150 2067 1181 2122 et
1203 2060 1436 2124 commutabilia
1456 2058 1621 2145 [pecuniae
1642 2078 1742 2123 mem·

413 2150 481 2237 bra]
506 2155 601 2219 verbo
633 2155 736 2218 bona
759 2162 947 2237 putaverunt
968 2152 1174 2238 appellanda,
1204 2174 1274 2216 cum
1302 2174 1337 2216 re
1365 2174 1402 2218 ac
1422 2154 1513 2219 iactis
1534 2155 1629 2238 longe
1650 2153 1743 2217 aliter

414 2247 653 2313 iudicavissent.
696 2249 845 2310 Potestne
867 2250 984 2315 bonum
1007 2248 1155 2330 cuiquam
1179 2246 1261 2310 malo
1284 2267 1354 2311 esse
1377 2256 1432 2311 aut
1451 2256 1556 2331 potest
1571 2249 1779 2332 quisquamtc

413 2341 447 2403 in
477 2342 671 2406 abundantia
702 2342 858 2405 bonorum
891 2342 960 2423 ipse
988 2362 1058 2404 esse
1082 2361 1146 2403 non
1169 2341 1293 2404 bonust
1336 2343 1432 2427 Atqui
1456 2343 1516 2407 ista
1537 2342 1644 2407 omnia
1666 2340 1741 2405 talia

413 2434 576 2510 videmus,
597 2444 633 2499 ut
660 2436 755 2498 etism
786 2432 911 2518 inprobi
934 2435 1071 2498 habeant
1093 2442 1125 2497 et
1147 2434 1250 2498 absint
1271 2436 1389 2518 probis.
1433 2434 1463 2498 8.
1487 2437 1588 2512 Quam
1611 2435 1741 2500 obrem

414 2528 487 2592 licet
510 2530 646 2594 inrideat
668 2531 694 2593 si
717 2531 772 2614 qui
794 2530 878 2604 vult,
906 2531 977 2613 plus
999 2529 1083 2612 apud
1108 2551 1158 2592 me
1180 2539 1285 2592 tamen
1307 2549 1380 2592 vera
1402 2530 1484 2593 ratio
1506 2529 1624 2593 valebit
1645 2548 1742 2613 quam

416 2624 501 2706 vulgi
526 2626 650 2708 opinio;
673 2644 778 2708 neque
800 2645 859 2706 ego
882 2645 1032 2707 umquam
1056 2626 1140 2687 bona
1162 2622 1338 2707 perdidisse
1361 2623 1477 2699 dicam,
1500 2624 1526 2689 si
1548 2624 1622 2707 quis
1644 2639 1742 2705 pecus

415 2725 469 2779 aut
501 2717 731 2800 supellectilem
765 2720 925 2793 amiserit,
959 2739 1017 2781 nec
1048 2739 1112 2782 non
1143 2738 1239 2800 saepe
1267 2716 1404 2782 laudabo
1434 2720 1610 2802 sapientem
1638 2716 1779 2790 illum,it

413 2811 573 2886 biantem,
603 2820 638 2876 ut
666 2815 797 2896 opinor,
829 2814 884 2896 qui
913 2822 1098 2876 numeratur
1125 2814 1157 2875 in
1188 2820 1328 2895 septem:
1361 2814 1452 2877 cuius
1481 2834 1576 2896 quom
1606 2810 1740 2895 patriam

414 2904 557 2970 Prienam
588 2908 725 2990 cepisset
752 2907 852 2970 bostis
879 2907 1041 2989 ceterique
1063 2907 1106 2970 ita
1128 2906 1290 2988 lugerent,
1319 2915 1355 2969 ut
1376 2907 1474 2971 multa
1495 2905 1536 2968 de
1557 2906 1624 2969 suis
1646 2904 1742 2968 rebus

413 3008 625 3083 asportarent,
648 3021 719 3065 cum
741 3008 827 3064 esset
847 2999 1026 3063 admonitus
1048 3019 1067 3063 a
1089 3000 1227 3084 quodam
1250 3008 1286 3063 ut
1306 3000 1390 3063 idem
1412 3002 1480 3083 ipse
1501 3001 1629 3072 iaceret,
1652 2997 1740 3078 «qu

411 3113 506 3158 seron
531 3095 636 3178 inquit
658 3095 777 3170 slaci03
802 3115 873 3157 nam
896 3093 1003 3156 omnia
1026 3115 1150 3158 mecum
1174 3102 1266 3177 porto
1289 3115 1388 3158 mea.»
1432 3092 1463 3156 9.
1486 3093 1543 3157 llle
1563 3093 1642 3156 baec
1656 3089 1740 3156 ludi-

411 3188 481 3251 bria
501 3187 647 3253 fortunae
668 3209 709 3253 ne
732 3208 789 3251 sua
812 3186 943 3271 quidem
966 3188 1104 3271 putarit,
1127 3207 1209 3272 quae
1231 3208 1290 3251 nos
1311 3187 1508 3272 appellamus
1528 3188 1622 3252 etiam
1645 3185 1778 3250 bonaso

414 3280 501 3358 Quid
522 3290 571 3345 est
593 3282 706 3365 igitur,
736 3289 867 3367 quaeret
888 3282 1022 3365 aliquis,
1044 3283 1186 3346 bonumt
1223 3282 1256 3345 Si
1279 3283 1363 3368 quod
1386 3293 1472 3348 recte
1493 3283 1530 3347 lit
1551 3290 1584 3347 ct
1604 3282 1739 3345 honeste

413 3383 446 3440 et
466 3396 538 3440 cnm
560 3374 693 3452 virtute,
716 3377 747 3440 id
770 3377 851 3439 bene
873 3371 941 3439 fieri
964 3396 1038 3440 vere
1060 3377 1191 3450 dicitur,
1215 3375 1302 3459 quod
1323 3386 1443 3442 rectum
1466 3386 1497 3441 et
1517 3377 1685 3440 honestum
1707 3380 1741 3440 et

413 3491 484 3536 cum
507 3471 621 3534 virtute
642 3479 701 3546 est,
724 3470 757 3534 id
779 3471 881 3535 solum
904 3470 1016 3555 opinor
1037 3471 1165 3535 bonnm.
1209 3472 1248 3534 ll.
1278 3467 1329 3534 l0.
1357 3472 1420 3535 Sed
1441 3471 1521 3536 baec
1543 3469 1644 3534 videri
1665 3488 1739 3552 pos·

413 3572 488 3629 sunt
507 3565 677 3640 odiosiora,
699 3585 771 3630 cuns
794 3564 910 3629 lentius
932 3565 1147 3649 disputantur:
1171 3567 1234 3630 vita
1255 3574 1351 3650 atque
1372 3566 1464 3631 iactis
1480 3565 1647 3629 inlustrata
1665 3568 1740 3627 sunt

478 3845 502 3897 l.
520 3846 620 3896 bonate
634 3844 711 3897 A'V:
729 3859 769 3896 mc
784 3845 882 3897 hercule
897 3842 970 3904 ΑὈ,
988 3845 1096 3896 monite
1112 3846 1132 3896 B
1152 3872 1179 3884 -
1198 3850 1289 3896 tectam
1304 3846 1467 3911 mopniflcdm
1483 3842 1513 3897 ΒΙ
1532 3871 1559 3883 -
1578 3843 1603 3895 Β.
1620 3843 1740 3906 didm

410 3922 521 3973 mines
535 3921 609 3970 rebus
624 3920 698 3971 biso
727 3948 754 3958 -
782 3919 804 3972 t.
822 3920 1048 3983 cirmsnflwntibos
1065 3922 1095 3979 C,
1113 3922 1311 3984 circumfluentes
1327 3921 1348 3971 0
1367 3947 1393 3957 -
1418 3920 1457 3985 eo]
1474 3926 1498 3972 et
1513 3920 1576 3973 A¹V
1595 3948 1621 3959 -
1640 3919 1741 3971 mbas-

411 3997 500 4047 dcrsnt
516 3993 571 4046 AV*
590 4022 616 4032 -
635 3998 660 4046 5.
679 3996 795 4059 cooptetur
810 4009 923 4059 unquam
940 3996 960 4045 0
988 4022 1016 4033 -
1043 3997 1158 4045 sociam
1174 3995 1266 4046 ABV¹
1287 4022 1310 4032 -
1340 3996 1364 4047 6.
1382 4009 1448 4059 quse
1463 3996 1552 4047 bobert
1568 3995 1647 4048 codd.
1660 3994 1740 4060 aliqnl

413 4099 441 4111 —
459 4071 568 4123 lubidine
584 4069 617 4118 V’
635 4097 661 4107 -
681 4077 745 4121 meto
763 4070 792 4121 Βι
811 4097 837 4108 -
857 4071 883 4121 ’1.
901 4076 1017 4120 nostrum
1033 4070 1065 4118 1ἰ
1083 4095 1110 4107 -
1130 4072 1154 4121 8.
1168 4074 1229 4134 quia
1241 4072 1302 4121 baec
1318 4071 1338 4122 Β
1358 4097 1385 4109 -
1402 4074 1524 4134 pecuniae
1539 4071 1651 4123 menbra
1667 4068 1740 4134 gio*

411 4161 486 4200 sema
504 4160 564 4199 esse
580 4146 646 4197 vidit
662 4144 789 4208 Bentley;
804 4148 928 4207 pecunias
945 4144 1072 4209 [membro]
1091 4146 1126 4204 03
1145 4145 1178 4196 cl.
1198 4148 1227 4197 0.
1242 4147 1326 4197 lleins
1344 4147 1370 4197 in
1387 4146 1578 4197 Schneidewini
1595 4144 1739 4210 philologo,

409 4225 431 4275 X
449 4224 534 4290 pili
552 4222 682 4285 (pecorias
697 4234 804 4270 muana
821 4221 949 4280 Schuetz,
966 4222 1084 4282 [ortunae
1101 4233 1209 4270 mrem
1225 4222 1391 4285 Peerlkamp)
1411 4247 1437 4258 -
1457 4222 1482 4272 o.
1499 4235 1562 4271 asera
1579 4221 1644 4271 boso
1661 4218 1692 4269 11ι
1710 4246 1739 4258 ·-

409 4296 618 4363 cppedcndsrti¹
638 4324 663 4334 -
686 4297 726 4346 eo.
745 4301 805 4346 essct
823 4292 852 4344 Βι
870 4322 896 4331 -
917 4301 962 4344 aut
980 4296 998 4344 Β
1017 4296 1041 4345 in
1060 4308 1113 4344 ras.
1143 4321 1170 4332 -
1199 4297 1239 4346 42.
1259 4296 1340 4346 abdat
1358 4295 1473 4361 Madvig:
1492 4296 1648 4348 obsintCO.
1675 4295 1740 4356 aunt

409 4377 495 4440 potuit
511 4387 564 4425 non
581 4371 756 4424 animadverti
774 4369 948 4421 scribendum
967 4383 1040 4420 esse:
1063 4377 1091 4419 et
1108 4376 1136 4420 et
1152 4370 1259 4432 improbi
1275 4370 1382 4421 Miseni
1398 4377 1421 4421 et
1438 4372 1543 4423 obsint
1559 4370 1658 4435 moth,
1677 4371 1693 4420 i.
1713 4382 1738 4423 e.

409 4450 473 4503 boni
491 4465 543 4502 non
560 4449 697 4501 babeant?
725 4443 794 4497 Nihil
816 4444 894 4495 bonis
915 4444 983 4493 baec
1006 4444 1119 4503 obsunt,
1141 4445 1189 4494 sed
1214 4447 1298 4509 magis
1315 4446 1444 4510 improbis
1462 4445 1512 4507 ivel
1529 4448 1617 4512 potius
1633 4446 1739 4506 coemit,

410 4528 455 4590 qui
472 4526 541 4576 male
559 4524 659 4574 utendo
677 4522 779 4573 scelera
798 4521 974 4579 contrahunt,
985 4520 1033 4571 sed
1052 4520 1086 4570 de
1104 4533 1137 4570 co
1155 4522 1263 4571 omnino
1276 4534 1326 4572 non
1339 4524 1433 4583 agitur.
1460 4523 1517 4572 lion
1530 4524 1634 4587 poterat
1646 4522 1740 4571 cicero

410 4601 500 4652 dicere
517 4599 604 4660 derisi
622 4598 748 4661 quoniam
766 4610 834 4660 quae
852 4597 962 4646 omnino
979 4594 1057 4647 bonis
1075 4609 1143 4659 opus
1161 4610 1212 4646 non
1231 4599 1302 4655 sunt,
1321 4598 1353 4648 iis
1370 4610 1423 4648 non
1441 4597 1551 4656 desunt;
1570 4596 1740 4648 emerenticsi

410 4677 476 4727 dixit
492 4677 585 4726 Cicero
608 4671 642 4723 de
660 4675 730 4721 Orat.
749 4674 774 4730 1,
793 4671 861 4736 sii.
880 4670 914 4721 de
932 4672 962 4720 N.
982 4672 1012 4720 D.
1032 4672 1069 4730 tl,
1089 4670 1147 4734 5³7
1170 4675 1238 4722 etc.»
1268 4673 1378 4722 Minus.
1413 4675 1540 4724 Putamus
1556 4675 1646 4723 tamen
1664 4672 1740 4722 edom

410 4751 511 4803 babere
528 4762 582 4813 quo
599 4746 705 4798 delendi
723 4749 814 4811 possit.
850 4745 1070 4796 Emendationem
1088 4745 1171 4796 obsint
1187 4747 1239 4796 iam
1257 4747 1409 4798 chsnerns
1426 4750 1452 4797 in
1470 4746 1558 4812 Eclog.
1578 4761 1603 4812 p.
1614 4747 1662 4797 ³62
1679 4759 1740 4812 pro-

410 4830 550 4893 posuerat.
575 4824 639 4873 item
658 4825 758 4872 tantm
782 4823 823 4871 est
846 4822 872 4873 in
891 4820 950 4870 cod.
970 4818 1058 4884 aliquo
1076 4822 1198 4881 Manutii,
1221 4822 1266 4885 qni
1287 4821 1383 4872 babet:
1410 4821 1491 4873 wast
1507 4836 1524 4872 a
1540 4822 1611 4873 bonis
1638 4849 1666 4860 -
1697 4820 1737 4873 te.

410 4898 597 4964 siqubV'-
621 4896 958 4960 opodmeltames10-
983 4895 1739 4961 tt.oorsru¹-siqoiac:siqoio-to.soppet-

410 4978 514 5027 tersitem
529 4973 573 5025 AV
592 4998 620 5010 —
647 4973 771 5022 ammorii
788 4972 806 5020 Β
826 4997 853 5007 -
878 4984 958 5033 neque
973 4985 1023 5020 nos
1040 4972 1060 5020 0
1079 4996 1106 5007 -
1126 4971 1360 5036 taudob01doboli
1379 4974 1475 5024 inras.
1496 4999 1524 5010 -
1551 4973 1591 5023 ti.
1610 4986 1685 5035 quom
1702 4971 1736 5020 v:

410 5063 487 5114 quom
504 5053 541 5106 Α,
567 5061 625 5097 com
641 5047 660 5096 Β
678 5049 705 5096 et
722 5047 743 5096 V
760 5059 819 5110 sup.
838 5044 883 5097 lin.
913 5070 941 5083 -
968 5046 1083 5108 petrissa
1099 5042 1129 5095 Βι
1157 5072 1184 5082 -
1217 5049 1255 5097 rt.
1274 5049 1391 5097 Ρνῑοηωη
1414 5049 1433 5098 c
1460 5046 1524 5110 (sed
1541 5049 1562 5098 V
1575 5048 1737 5110 proesumit
1769 5091 1771 5096 .

408 5126 514 5179 husen
530 5124 550 5173 0
567 5150 599 5160 -
615 5124 732 5184 coepisset
749 5122 768 5171 C
787 5149 820 5159 —
836 5120 910 5171 rebus
926 5134 1008 5171 semim
1025 5126 1185 5183 asportarent
1201 5122 1222 5172 0
1249 5149 1276 5159 -
1306 5123 1346 5172 19.
1364 5123 1453 5185 inquid
1469 5120 1499 5172 Βι
1520 5147 1549 5160 -
1575 5123 1617 5174 st.
1635 5123 1657 5172 si
1674 5123 1740 5186 quod

410 5198 533 5261 bentley:
552 5198 644 5259 siquid
661 5198 720 5248 CO.
751 5198 904 5248 lectionem
920 5197 1018 5259 siquod
1039 5198 1091 5246 iem
1106 5197 1135 5246 Η.
1149 5196 1260 5249 Woldus
1277 5196 1523 5249 commendaverat.
1539 5225 1564 5235 -
1583 5199 1624 5249 ΒΞ.
1638 5198 1739 5260 siquod

408 5280 504 5326 rectum
521 5272 598 5323 codd.
613 5274 700 5322 invitis
718 5273 747 5332 0,
766 5274 821 5322 toto
838 5271 897 5322 loco
915 5274 954 5323 sic
972 5272 1109 5321 distincto:
1128 5273 1157 5321 Si
1173 5273 1234 5334 quid
1250 5279 1314 5323 recte
1328 5275 1358 5337 pit
1374 5278 1397 5323 si
1413 5272 1511 5324 bonone
1525 5279 1548 5324 et
1563 5288 1621 5323 cum
1636 5275 1738 5335 oblau,

408 5353 435 5401 td
451 5352 510 5401 ὁοπο
524 5350 590 5412 lteri,
608 5361 666 5397 esre
683 5348 789 5405 dicitur;
807 5353 839 5408 et,
858 5349 924 5410 quod
940 5356 1036 5398 rectum
1052 5352 1105 5398 etc.
1125 5348 1161 5409 (Si
1179 5349 1239 5409 quid
1255 5352 1321 5397 recte
1336 5350 1373 5411 fit,
1392 5349 1418 5397 id
1435 5348 1492 5398 isne
1501 5349 1558 5412 fleri
1568 5362 1626 5399 uere
1637 5349 1739 5408 dictim

407 5428 487 5490 ipitrsr
504 5426 570 5488 quod
586 5429 681 5473 rectum
697 5428 732 5472 est
749 5426 800 5473 etc.
820 5425 849 5474 0.
864 5424 954 5485 ticine)
973 5420 1063 5472 -Β1,
1082 5423 1208 5471 odiosiora
1226 5424 1260 5473 C:
1279 5422 1425 5473 obscuriora
1442 5424 1472 5485 0,
1492 5426 1521 5473 ut
1537 5425 1579 5473 eat
1595 5424 1621 5473 ln
1639 5423 1661 5471 V
1676 5435 1736 5489 sup.

408 5499 454 5552 lin.
473 5514 487 5550 a
506 5513 542 5549 m.
561 5500 663 5549 recenti
695 5526 718 5536 -
750 5499 839 5549 bouus
859 5501 894 5551 C:
919 5501 1060 5562 ditipsntius
1076 5499 1248 5549 Ruhnkenius
1271 5496 1488 5561 (nscnnnden.
1507 5495 1598 5547 Philol.
1618 5497 1648 5557 V,
1663 5496 1737 5561 iot),

408 5578 514 5634 mutus,
533 5574 647 5633 munim,
665 5573 742 5622 istim
758 5572 810 5633 alil,
828 5575 916 5638 possis
934 5575 1013 5625 ctiam
1030 5574 1158 5634 nsitiiius,
1178 5586 1265 5637 neque
1283 5576 1373 5623 tamen
1391 5573 1497 5624 videtur
1513 5571 1659 5636 quidquam
1677 5584 1738 5623 mn·

408 5649 518 5700 tandum
537 5660 613 5707 esse,
636 5650 794 5712 praesertim
811 5651 931 5700 restituta
951 5648 1062 5700 lectione
1080 5649 1209 5700 librorum
1228 5650 1363 5699 odiosiora.
1399 5650 1439 5699 sit
1462 5650 1533 5699 enim
1551 5649 1659 5697 Cicero:
1685 5646 1738 5698 sed

408 5724 477 5775 baec
494 5723 578 5773 videri
596 5727 706 5788 possunt
723 5722 832 5774 auribus
850 5723 1001 5775 molestiora
1020 5724 1134 5787 (videtur
1149 5727 1220 5775 enim
1238 5725 1365 5774 οάἰοεῑονα
1376 5723 1448 5773 idem
1460 5735 1520 5772 esse
1532 5722 1604 5786 quod
1617 5725 1738 5775 nostrum

410 5805 504 5848 sstwcr
513 5798 695 5863 widsrsodrtip,
707 5800 887 5863 ionarositipsi,
905 5812 967 5849 cum
985 5800 1064 5849 nimis
1081 5799 1153 5849 lente
1170 5802 1198 5850 et
1214 5812 1309 5865 perum
1321 5812 1425 5863 presse,
1437 5802 1466 5848 nt
1480 5799 1506 5847 tn
1519 5795 1737 5863 philosophum·

410 5874 589 5938 disputatione
606 5873 690 5936 solet,
713 5874 889 5939 disputantur.
924 5874 989 5925 illud
1012 5877 1102 5926 umen
1124 5876 1150 5926 in
1173 5877 1274 5927 incerto
1295 5874 1469 5938 relinquimus
1491 5886 1591 5924 verane
1607 5874 1642 5925 sit
1658 5871 1736 5927 lectio

410 5949 537 5999 mucra
554 5962 588 5999 an
605 5948 780 6002 scribendum
796 5949 925 6013 omma,
943 5950 960 6005 t.
973 5963 999 6001 s.
1017 5963 1113 6017 perum
1131 5948 1212 6003 utilia
1232 5976 1259 5988 -
1277 5950 1415 6004 missam
1431 5950 1465 6002 c:
1483 5948 1635 6001 words
1651 5948 1680 6001 0.
