4342 7459
639 1271 706 1337 nr.
721 1273 746 1335 r.
777 1265 1496 1354 crs.xxxvu-xxx1x.s§taa-aao.
1664 1266 1728 1332 aar

408 1454 494 1508 rnus,
527 1433 560 1496 id
589 1440 637 1495 est
664 1437 768 1494 motus
797 1431 894 1493 animi
922 1431 1037 1494 nimios
1064 1430 1180 1493 rationi
1201 1449 1267 1493 nou
1289 1436 1560 1512 optemperantes,
1589 1429 1634 1493 sic
1656 1430 1725 1495 eius

408 1528 493 1590 modi
517 1527 651 1590 motibus
673 1546 775 1589 sermo
799 1525 892 1588 debet
913 1544 1039 1597 vacare,
1068 1544 1108 1586 ne
1130 1531 1184 1586 aut
1206 1524 1251 1586 ira
1274 1524 1388 1585 existat
1416 1529 1471 1586 aut
1493 1522 1647 1605 cupiditas
1669 1523 1726 1586 ali·

407 1640 469 1704 qua
491 1629 546 1683 aut
567 1618 694 1701 pigritia
715 1627 768 1681 aut
790 1618 916 1700 ignavia
938 1624 993 1680 aut
1011 1617 1073 1680 tale
1087 1617 1209 1700 aliquid
1223 1623 1385 1699 appareat,
1401 1616 1599 1700 maximeque
1614 1637 1726 1680 curan·

407 1716 481 1777 dum
503 1721 551 1777 est
572 1722 607 1776 ut
628 1733 702 1786 eos,
723 1712 912 1796 quibuscum
935 1730 1112 1774 sermonem
1135 1710 1341 1783 conferemus,
1363 1718 1395 1772 et
1416 1709 1519 1772 vereri
1540 1718 1572 1772 ει
1593 1709 1725 1792 diligere

406 1807 579 1873 videamur.
622 1805 865 1888 Obiurgationes
887 1805 980 1867 etiam
1004 1824 1068 1866 non
1092 1823 1263 1886 numquam
1285 1802 1430 1865 incidunt
1451 1803 1664 1877 necessariae,
1692 1804 1748 1866 ius

407 1900 521 1985 quibus
551 1898 702 1962 utendum
732 1906 780 1962 est
808 1898 941 1961 tortasse
969 1905 1001 1960 ει
1027 1900 1114 1961 vocis
1142 1897 1345 1960 contentione
1367 1897 1483 1958 maiore
1506 1902 1539 1959 et
1558 1898 1725 1959 verborum

406 1995 557 2077 gravitate
579 1992 716 2069 acriorc;
747 1991 779 2055 id
802 1993 958 2075 agendum
982 1992 1091 2066 etiam,
1113 2001 1149 2054 ut
1170 2011 1207 2054 ea
1228 1986 1331 2053 iacere
1354 1989 1517 2053 videamur
1537 1990 1619 2053 irati.
1663 1989 1724 2052 Sed

407 2096 442 2152 ut
463 2087 678 2151 adurendum
701 2095 734 2149 et
755 2086 933 2160 secandam,
955 2085 1001 2148 sic
1023 2085 1063 2148 ad
1085 2086 1147 2148 hoc
1169 2105 1269 2168 genus
1291 2083 1466 2166 castigandi
1488 2103 1558 2146 raro
1574 2084 1726 2166 invitique

407 2182 586 2255 veniemus,
616 2201 674 2244 nec
703 2200 852 2263 umquam
881 2180 943 2243 nisi
967 2180 1161 2254 necessario,
1191 2179 1217 2242 si
1241 2177 1326 2240 nulla
1348 2179 1523 2260 reperietur
1545 2177 1606 2241 alia
1628 2178 1726 2241 medi·

406 2276 492 2338 cina:
521 2276 577 2338 sed
599 2282 704 2337 tamen
725 2274 772 2336 ira
794 2272 904 2356 procul
927 2274 1025 2348 absit,
1053 2294 1123 2336 cum
1147 2292 1209 2356 qua
1231 2271 1310 2334 nihil
1333 2280 1418 2334 recte
1439 2271 1526 2347 fieri,
1548 2273 1628 2335 nihil
1651 2291 1763 2338 con-so

406 2368 542 2432 siderate
564 2375 680 2451 potest.
724 2365 795 2429 437.
825 2369 967 2449 Magnam
991 2375 1094 2429 autern
1117 2374 1236 2451 partem
1260 2366 1405 2429 clementi
1426 2366 1631 2449 castigatione
1653 2366 1727 2429 licet

407 2463 467 2535 uti,
490 2464 641 2544 gravitate
662 2470 768 2524 tamen
790 2459 952 2533 adiuncta,
974 2467 1008 2523 ut
1029 2463 1179 2524 severitas
1201 2456 1388 2523 adhibeatur
1414 2468 1446 2523 et
1466 2461 1656 2523 contumelia
1677 2480 1727 2523 re·

406 2555 559 2638 pellatur,
589 2562 682 2637 atque
711 2555 806 2617 etiam
834 2553 913 2617 illud
942 2554 1063 2636 ipsum,
1093 2553 1179 2639 quod
1207 2554 1386 2617 acerbitatis
1414 2554 1509 2618 babet
1537 2555 1726 2637 obiurgatio,

407 2649 651 2730 significandum
679 2656 727 2711 est
755 2648 855 2731 ipsius
886 2642 941 2730 [id]
973 2668 1084 2721 causa,
1119 2648 1174 2731 qui
1206 2647 1405 2730 obiurgetur,
1439 2667 1509 2711 esse
1536 2655 1726 2731 susceptum.

405 2744 538 2806 Rectum
560 2750 733 2806 astantem
756 2742 851 2805 etiam
873 2743 906 2804 in
930 2741 993 2804 illis
1016 2742 1283 2816 contentionibus,
1306 2761 1387 2825 quae
1410 2762 1480 2805 cum
1501 2741 1764 2808 inimicissimisss

407 2834 500 2911 fiunt,
523 2838 618 2900 etiam
640 2836 667 2899 si
689 2835 782 2898 nobis
805 2835 935 2917 indigna
956 2836 1136 2909 audiamus,
1159 2842 1261 2898 tamen
1284 2837 1467 2917 gravitatem
1490 2835 1643 2910 retinere,
1665 2836 1727 2898 ira·

407 2930 554 2994 cundiam
581 2929 718 3012 pellere:
753 2948 835 3011 quae
865 2928 948 2991 enim
978 2948 1050 2991 cum
1078 2929 1185 3011 aliqua
1212 2930 1452 3010 perturbatione
1481 2926 1576 3002 liunt,
1603 2948 1642 2991 ea
1667 2946 1728 2991 nee

407 3031 587 3088 constanter
609 3020 676 3086 fieri
696 3029 831 3106 possunt
852 3040 958 3104 neque
979 3021 1035 3096 iis,
1058 3022 1112 3104 qui
1136 3020 1262 3096 adsunt,
1284 3023 1420 3105 probari.
1463 3022 1609 3086 Deforme
1632 3022 1727 3086 etiam

407 3124 456 3180 est
476 3115 516 3180 de
537 3136 572 3180 se
593 3116 697 3199 ipsum
719 3115 917 3199 praedicare,
945 3113 1024 3177 salsa
1045 3115 1247 3197 praesertim,
1276 3124 1307 3180 et
1329 3137 1399 3179 cum
1421 3116 1576 3210 inrisiqne
1598 3115 1728 3181 audien·

407 3213 483 3276 tium
505 3211 622 3274 imitari
643 3210 774 3272 militem
797 3208 980 3291 gloriosum.
1736 3231 1766 3278 ,ο

491 3303 640 3366 XXXIX.
674 3299 745 3364 t38.
779 3303 819 3364 st
847 3302 996 3385 quoniam
1027 3301 1131 3364 omnia
1160 3302 1395 3384 persequimur,
1425 3303 1571 3366 volumus
1600 3301 1728 3387 quidem

407 3406 501 3473 certe,
524 3396 692 3460 dicendum
715 3405 763 3459 est
785 3395 889 3469 etiam,
913 3394 1039 3478 qualem
1061 3393 1200 3458 bominis
1221 3395 1369 3459 honorati
1388 3405 1420 3460 et
1435 3398 1585 3481 principis
1599 3396 1729 3460 domum

407 3492 528 3576 placeat
549 3510 637 3564 esse,
667 3490 757 3553 cuius
779 3489 852 3552 linis
874 3496 922 3552 est
945 3508 1037 3562 usus,
1067 3488 1107 3550 ad
1134 3508 1229 3571 quem
1256 3490 1520 3554 accommodanda
1547 3497 1595 3555 est
1620 3486 1730 3553 aedili·

408 3584 500 3649 caudi
523 3584 695 3667 descriptio
718 3590 749 3646 ει
771 3591 876 3646 tamen
898 3579 1076 3646 adhibenda
1100 3582 1333 3646 commoditatis
1356 3583 1581 3669 dignitatisque
1596 3586 1729 3667 diligen-

408 3682 461 3743 tia.
505 3677 561 3741 Cn.
585 3676 732 3751 Octavio,
763 3676 817 3760 qui
840 3677 962 3759 primus
985 3696 1025 3740 ex
1047 3675 1101 3737 illa
1123 3675 1244 3740 familia
1265 3678 1376 3741 consul
1398 3678 1499 3742 factus
1521 3687 1585 3755 est,
1614 3678 1767 3747 banerias

407 3775 505 3838 luisse
534 3771 730 3854 accepimus,
764 3770 849 3853 quod
878 3770 1070 3854 praeclaram
1100 3766 1295 3833 aedificasset
1326 3771 1358 3833 in
1387 3773 1507 3835 Palatio
1540 3781 1572 3836 et
1603 3774 1730 3857 plenam

408 3866 571 3951 dignitatis
593 3865 736 3927 domum:
767 3884 849 3947 quae
871 3885 943 3927 cum
965 3864 1060 3946 vulgo
1082 3865 1252 3939 viseretur,
1281 3866 1450 3948 sullragata
1472 3866 1616 3943 domino,
1645 3886 1730 3931 novo

407 3961 548 4034 bomini,
569 3960 609 4023 ad
632 3958 829 4023 consulatum
851 3959 1038 4041 putabatur:
1061 3958 1142 4021 banc
1166 3959 1302 4022 Scaurus
1324 3959 1495 4024 demolitus
1518 3962 1731 4024 accessionem

407 4054 552 4119 adiunxit
573 4052 714 4115 aedibus.
758 4053 868 4134 ltaque
889 4051 944 4114 ille
966 4053 999 4114 in
1022 4071 1111 4114 suam
1134 4051 1261 4116 domum
1283 4053 1483 4116 consulatum
1505 4055 1626 4136 primus
1648 4061 1731 4117 attu-

407 4149 460 4212 lit:
493 4149 561 4222 hic,
591 4146 706 4210 summi
730 4152 761 4208 et
783 4145 948 4207 clarissimi
971 4145 1028 4207 viri
1052 4142 1153 4220 filius,
1187 4147 1218 4208 in
1249 4146 1375 4209 domum
1404 4148 1642 4231 multiplicatam
1665 4164 1774 4213 nonae

407 4242 564 4326 repulsam
586 4240 688 4303 solum
710 4239 843 4313 rettulit,
865 4239 920 4301 sed
944 4238 1150 4321 ignominiam
1173 4240 1265 4302 etiam
1281 4247 1313 4302 et
1328 4240 1547 4303 calamitatem.
1584 4237 1655 4302 t39.
1672 4241 1731 4303 Or·

407 4336 511 4400 nanda
534 4335 617 4397 enim
640 4341 688 4397 est
710 4333 846 4416 dignitas
869 4332 974 4406 domo,
996 4351 1060 4394 non
1083 4353 1124 4395 ex
1148 4332 1242 4396 dorne
1264 4340 1329 4396 tota
1351 4334 1542 4417 quaerenda,
1560 4353 1619 4397 nec
1634 4333 1730 4397 domo

408 4432 570 4504 dominus,
594 4428 650 4492 sed
674 4428 804 4489 domino
827 4425 941 4489 domus
963 4427 1159 4489 honestanda
1181 4434 1246 4502 ast,
1269 4434 1317 4503 et,
1340 4429 1428 4491 utin
1452 4431 1565 4491 ceteris
1586 4428 1731 4491 habenda

407 4526 488 4589 ratio
511 4543 574 4587 non
597 4541 653 4585 sua
675 4521 795 4594 solum,
818 4520 874 4583 sed
897 4520 992 4582 etiam
1015 4520 1161 4597 aliorum,
1183 4522 1229 4584 sic
1251 4521 1285 4583 in
1309 4520 1404 4586 domo
1426 4522 1502 4585 clari
1524 4521 1673 4595 bominis,
1697 4522 1730 4585 iu

408 4636 502 4702 wara
535 4624 567 4679 et
592 4616 737 4698 hospites
765 4614 855 4678 multi
885 4614 1059 4697 recipiendi
1094 4625 1127 4678 ει
1155 4615 1348 4679 admittenda
1379 4616 1542 4679 bominum
1576 4615 1768 4698 cuiusqucas

408 4712 532 4794 generis
563 4709 749 4783 multitudo,
777 4705 955 4771 adhibenda
986 4729 1060 4772 cura
1091 4716 1138 4772 est
1166 4708 1316 4772 laxitatis.
1367 4709 1467 4773 Aliter
1491 4710 1596 4793 ampla
1617 4709 1730 4773 domus

408 4804 556 4868 dedecori
579 4823 675 4886 saepe
696 4802 824 4865 domino
847 4798 890 4877 lit,
914 4802 940 4866 si
959 4811 1012 4865 est
1032 4803 1066 4866 iu
1080 4823 1118 4866 ea
1133 4802 1288 4877 solitudo,
1304 4811 1336 4866 et
1350 4803 1501 4878 maxime,
1516 4804 1543 4866 si
1557 4802 1729 4886 aliquando

473 4997 496 5049 l.
515 5000 662 5048 morel
688 5023 714 5032 -
742 4996 766 5045 6.
784 4997 903 5045 eundum
918 5002 953 5046 est
967 4998 1074 5060 [maome
1090 4996 1315 5047 oocu--ccriore
1331 4996 1430 5046 Nonius
1446 5010 1473 5060 p.
1483 4995 1540 5047 244.
1561 5022 1588 5033 -
1614 4997 1638 5046 4.
1657 5001 1684 5045 ιιι
1700 5009 1731 5046 aa

407 5086 437 5124 ec
455 5085 469 5123 a
489 5099 515 5109 -
540 5073 564 5122 8.
583 5074 614 5121 stt
631 5072 665 5120 ad
681 5072 726 5121 lma
737 5096 775 5108 ·-
786 5072 916 5121 veniamus
933 5073 1032 5122 Nonius
1050 5085 1075 5135 p.
1086 5072 1143 5121 379.
1161 5097 1195 5109 -
1216 5073 1252 5121 sic
1268 5072 1341 5122 etad
1358 5083 1372 5121 a
1389 5098 1421 5108 -
1443 5072 1467 5122 9.
1486 5073 1640 5134 repperietur
1656 5072 1730 5122 ΔΒΗ

409 5173 437 5184 -
456 5147 510 5196 otio
526 5148 615 5196 omli
636 5174 662 5184 —
684 5149 721 5196 44.
741 5148 863 5210 blomans
879 5153 963 5197 amen
978 5153 1076 5209 partem
1094 5147 1249 5197 Lambinus:
1268 5150 1364 5210 Magno
1381 5152 1464 5197 ostem
1476 5152 1553 5211 porte
1569 5149 1597 5198 C.
1617 5146 1655 5197 Cl.
1666 5144 1727 5210 sat.

410 5248 436 5258 -
457 5225 497 5273 42.
510 5228 539 5271 ut
554 5229 577 5272 et
593 5224 713 5272 seueritas
729 5233 794 5283 opo
819 5248 845 5259 -
865 5221 904 5273 tl.
917 5223 944 5272 id
961 5224 986 5272 in
999 5221 1100 5284 aliquot
1111 5221 1189 5272 codd.
1201 5222 1329 5272 omissum
1341 5221 1446 5273 seclusi.
1461 5250 1488 5258 -
1509 5223 1548 5272 ts.
1567 5223 1594 5271 in
1609 5222 1657 5283 hijs
1672 5233 1726 5270 o-

407 5298 514 5346 inimicir
530 5308 544 5346 a
565 5325 589 5333 -
612 5298 650 5346 46.
665 5298 769 5360 indigna
786 5310 836 5346 esso
852 5298 987 5346 audiamus
1003 5298 1101 5347 sulla
1119 5298 1152 5360 (in
1165 5298 1184 5347 u
1196 5311 1246 5347 esse
1257 5299 1419 5361 expunctum
1431 5297 1479 5357 est)
1501 5323 1525 5332 -
1545 5297 1585 5347 48,
1598 5309 1677 5358 neque
1692 5296 1731 5345 bis

408 5374 480 5423 ΑΒΙΙ
491 5375 541 5433 ab,
565 5386 609 5422 nec
625 5373 672 5434 bijs
689 5384 718 5430 o;
742 5386 786 5422 aec
802 5372 834 5421 ab
849 5373 881 5422 its
896 5387 913 5436 p
937 5401 961 5410 -
990 5372 1030 5422 te.
1043 5374 1125 5434 ipsum
1142 5385 1276 5437 superscr.
1289 5373 1343 5434 ipso
1359 5385 1390 5431 a,
1408 5372 1488 5435 ipsum
1505 5384 1572 5421 corr.
1588 5372 1613 5420 in
1630 5372 1682 5432 ipso
1697 5370 1727 5430 ις

407 5448 460 5509 ipso
477 5451 517 5497 aa
538 5475 563 5483 -
583 5448 623 5497 23.
636 5450 693 5510 tina
704 5453 727 5497 et
739 5462 799 5498 usus
816 5449 909 5499 Bllab
930 5475 953 5485 —
976 5447 1016 5498 il.
1036 5448 1175 5497 adhibenda
1190 5453 1225 5497 ost
1241 5461 1329 5497 comm.
1348 5459 1362 5497 a
1381 5473 1407 5483 -
1427 5447 1655 5508 commoditatisque
1666 5449 1727 5502 lom.

408 5523 544 5586 dignitatis)
558 5523 586 5572 ιιι
600 5549 627 5558 -
647 5524 687 5573 26.
706 5524 878 5586 aedificasseb
898 5551 924 5560 -
943 5525 970 5573 tc
985 5524 1100 5586 palatino
1117 5537 1145 5574 a:
1163 5525 1190 5572 ln
1206 5523 1267 5573 lotio
1284 5535 1298 5573 a
1319 5549 1343 5559 -
1364 5523 1405 5572 28.
1418 5523 1452 5572 cd
1468 5521 1647 5571 consalandum
1664 5520 1729 5571 llab

410 5623 436 5633 -
452 5597 610 5659 putabantur
625 5599 641 5648 b
664 5626 686 5633 -
706 5598 771 5647 banc
787 5611 857 5648 seras
873 5599 1002 5648 danclitas
1013 5625 1049 5635 --
1060 5598 1162 5647 aedibus
1179 5598 1276 5649 Nonius
1294 5611 1319 5663 p.
1331 5598 1387 5649 343.
1402 5623 1429 5633 -
1449 5599 1616 5647 accenderem
1632 5594 1729 5645 Bllsb

410 5700 436 5710 -
465 5673 505 5722 30.
524 5675 574 5723 oiri
591 5674 673 5723 emb
696 5700 728 5711 -
753 5673 793 5722 34.
811 5676 835 5723 ει
851 5685 900 5724 aa:
921 5687 974 5723 oru.
989 5674 1058 5724 ullu
1081 5698 1108 5708 -
1136 5673 1176 5722 32.
1196 5674 1261 5723 enlm
1277 5679 1312 5722 est
1328 5673 1436 5736 dignitas
1452 5672 1524 5721 mmo
1541 5671 1645 5720 llllab:
1663 5669 1729 5719 mbas

409 5745 480 5798 derne
497 5749 703 5811 assignasse,
728 5749 843 5798 ostentm
860 5750 970 5812 agnitas
986 5750 1096 5798 domoc
1124 5775 1150 5784 -
1178 5752 1231 5798 toto
1246 5760 1281 5798 ea
1296 5749 1404 5798 domoc
1431 5773 1457 5783 -
1485 5744 1525 5796 34.
1544 5747 1570 5796 tn
1586 5758 1638 5808 quc
1659 5756 1674 5794 c
1698 5769 1726 5783 -·

409 5824 449 5873 33.
468 5828 491 5873 ει
507 5824 661 5873 admittenda
671 5852 684 5862 -
696 5850 710 5860 -
722 5824 836 5873 leuitatis
852 5824 950 5874 Nonius
969 5838 993 5888 p.
1006 5825 1053 5874 ⁴32
1071 5828 1099 5873 ει
1115 5822 1171 5874 340.
1193 5850 1219 5860 -
1242 5823 1405 5873 ammiueada
1420 5821 1507 5872 Bll¹a
1526 5848 1551 5857 -
1575 5821 1615 5872 33.
1632 5822 1730 5887 ameris

410 5913 439 5951 a:
461 5899 528 5949 modi
550 5912 613 5963 spo
635 5903 662 5950 et
683 5900 796 5960 Nonium
816 5911 869 5950 om.
884 5900 953 5950 uun
982 5927 1007 5936 -
1035 5904 1070 5950 est
1085 5912 1149 5949 carc
1166 5910 1180 5948 a
1208 5923 1236 5937 -
1263 5899 1304 5949 37.
1321 5909 1394 5962 saepe
1409 5898 1509 5948 domiso
1526 5897 1545 5948 C
1564 5896 1652 5959 (etiarn
1664 5899 1726 5963 abl:

409 5976 630 6040 ammenopes
650 6003 683 6014 -
701 5974 1099 6041 flasi--atiedcmtaeomo
1116 6000 1143 6012 -
1160 5973 1349 6041 mmllab
1366 5999 1395 6012 -
1413 5973 1668 6027 sacomexsttb.
