4342 7459
454 1232 497 1303 46
852 1250 1376 1321 ιιιιιιιιιιιιοιιιιιιιιιιοιιιιιι

453 1422 536 1479 trare
558 1416 591 1479 in
614 1417 748 1494 eaelum,
768 1425 882 1484 terram
904 1422 1022 1485 intrare
1043 1424 1162 1505 possit:
1187 1443 1320 1507 corpora
1334 1432 1441 1489 nostra
1456 1445 1521 1489 non
1536 1428 1697 1505 novimus3
1719 1431 1775 1515 qui

454 1508 519 1573 sint
545 1511 623 1573 situs
649 1514 803 1595 partium,
830 1534 924 1598 quam
951 1516 1014 1578 rim
1042 1535 1188 1599 quaeque
1209 1537 1282 1601 pars
1303 1518 1419 1581 habeat
1438 1520 1629 1601 ignoramus.
1663 1524 1775 1607 itaque

451 1602 565 1666 medici
587 1604 671 1687 ipsa,
694 1627 831 1691 qnorum
853 1609 1002 1671 intererat
1023 1628 1061 1671 ea
1074 1629 1187 1685 nosse,
1210 1619 1419 1693 apemerunt,
1439 1613 1679 1680 utviderentur.
1709 1619 1775 1680 Nec

451 1717 490 1760 eo
513 1704 619 1762 umen
640 1698 730 1764 aiunt
750 1700 894 1784 empirici
916 1703 1040 1766 notiora
1062 1723 1133 1768 esse
1154 1704 1224 1779 illa,
1255 1706 1332 1789 quia
1352 1707 1453 1789 possit
1473 1702 1541 1769 fieri
1564 1715 1600 1771 ut
1619 1708 1775 1792 patefacta

426 1798 483 1854 tet
505 1790 629 1857 detecta
650 1801 819 1857 mutentur.
850 1795 912 1858 Sed
934 1796 1051 1879 ecquid
1072 1818 1132 1861 nos
1154 1799 1266 1861 eodem
1281 1799 1375 1864 modo
1393 1820 1498 1863 rerum
1517 1808 1644 1865 naturas
1666 1823 1775 1885 persc-

449 1903 537 1960 care,
566 1887 704 1968 aperire,
733 1886 875 1952 dividere
897 1908 1080 1972 possumus,
1111 1898 1148 1955 ut
1167 1891 1346 1968 videamus,
1373 1902 1456 1956 terra
1478 1894 1647 1976 penitusne
1669 1894 1774 1960 delixa

449 1978 492 2042 sit
513 1986 545 2042 et
566 1980 656 2062 quasi
678 1980 838 2045 radicibus
860 1984 926 2046 suis
948 1984 1077 2048 haereat
1099 2005 1138 2048 an
1160 1986 1265 2049 media
1279 1987 1441 2071 pendeat?
1484 1983 1556 2050 423.
1571 1989 1715 2053 Habitari
1730 1991 1775 2053 ait

449 2072 663 2155 Xenophanes
685 2076 719 2138 in
739 2074 815 2139 luna
838 2096 974 2161 eamque
996 2097 1065 2141 esse
1088 2086 1202 2145 terram
1225 2080 1394 2143 multarum
1418 2081 1542 2145 urbium
1565 2091 1597 2145 et
1610 2084 1773 2147 montium.

448 2166 596 2231 Portenta
622 2166 785 2244 ridentur,
815 2169 871 2233 sed
898 2177 1004 2234 tamen
1026 2192 1084 2235 nec
1112 2171 1185 2245 ille,
1218 2175 1273 2257 qui
1295 2175 1391 2249 dixit,
1421 2176 1524 2239 iurare
1545 2184 1654 2259 posset
1674 2178 1716 2241 ita
1739 2197 1773 2240 se

411 2274 439 2322 to
448 2279 516 2323 rem
537 2260 670 2337 habere,
692 2282 797 2347 neque
819 2283 878 2346 ego
901 2283 964 2327 non
987 2266 1040 2328 ita.
1074 2266 1139 2328 Vos
1162 2267 1258 2329 etiam
1277 2266 1382 2331 dicitis
1403 2288 1473 2332 esse
1490 2290 1508 2333 e
1526 2272 1656 2352 regione
1670 2269 1773 2345 nobis,

448 2353 481 2416 in
507 2357 662 2419 contraria
690 2364 777 2440 parte
806 2366 925 2434 terrae,
952 2359 1009 2442 qui
1030 2358 1170 2423 adversis
1194 2361 1334 2442 vestigiis
1356 2370 1440 2425 stent
1461 2371 1570 2427 contra
1591 2370 1697 2428 nostra
1718 2384 1774 2427 re-

449 2448 557 2531 stigia,
579 2469 661 2534 qnos
682 2447 861 2528 ἀντίποδας
881 2453 1018 2517 vocatis:
1041 2472 1098 2514 cur
1118 2452 1196 2515 mibi
1218 2454 1318 2535 magis
1332 2457 1540 2530 suscensetis,
1563 2457 1617 2540 qui
1632 2456 1692 2519 ista
1707 2477 1772 2521 non

447 2564 614 2626 aspernor,
636 2566 730 2630 quam
746 2546 806 2618 eis,
828 2547 899 2629 qui,
922 2568 993 2609 cum
1007 2547 1157 2621 audinnt,
1178 2547 1323 2629 desipere
1339 2569 1396 2612 ros
1411 2549 1622 2613 arbitrantur?
1643 2551 1771 2614 Hicetas

447 2638 650 2722 Syracusius,
672 2647 708 2703 ut
728 2641 772 2702 ait
793 2640 1044 2722 Theophrastus,
1067 2639 1208 2714 caelum,
1230 2642 1343 2715 solem,
1363 2642 1485 2719 lunam,
1508 2644 1633 2718 stellas,
1654 2663 1771 2726 supera

409 2732 586 2815 rodenique
608 2734 714 2796 omnia
735 2741 817 2797 stare
839 2741 964 2808 censet,
986 2752 1091 2817 neque
1114 2742 1238 2815 praeter
1259 2742 1373 2798 terram
1395 2756 1462 2799 rem
1483 2737 1579 2801 ullam
1601 2738 1634 2800 in
1650 2737 1770 2800 mundo

447 2828 585 2890 moveri:
615 2847 697 2910 quae
726 2847 796 2889 cum
824 2828 942 2891 circum
970 2847 1062 2890 axem
1084 2847 1120 2890 se
1141 2847 1264 2891 summa
1286 2830 1446 2893 celeritate
1469 2837 1686 2895 convertnt'et
1706 2838 1771 2894 tor-

446 2929 556 3002 queat,
589 2922 700 2984 eadem
731 2919 813 2985 effici
846 2923 968 2995 omnia,
999 2942 1097 3005 quse,
1131 2922 1158 2984 si
1191 2929 1294 2985 stante
1322 2930 1406 2987 terra
1434 2924 1558 2987 caelum
1579 2932 1770 2988 moveretur.
1827 2983 1828 2986 ,

445 3014 551 3096 Atque
580 3014 641 3078 hoc
667 3016 763 3077 etiam
788 3015 951 3079 Platonem
978 3015 1010 3076 in
1041 3016 1170 3078 Timaeo
1202 3013 1307 3079 dicere
1329 3015 1457 3101 quidam
1479 3017 1684 3092 arbitrantur,
1712 3017 1769 3081 sed

444 3107 541 3189 paulo
556 3108 731 3172 obscurius.
765 3108 849 3184 Quid
867 3118 913 3183 tu,
928 3109 1086 3191 Epicurei
1109 3108 1251 3191 loquere.
1281 3111 1377 3172 Putas
1391 3109 1492 3173 solem
1508 3130 1578 3174 esse
1592 3111 1769 3174 tantulum?

400 3213 486 3275 ,to-
510 3200 664 3284 «Eponei
692 3222 733 3267 ne
753 3203 803 3266 bis
825 3202 954 3287 quidem
983 3211 1133 3266 tantum.»
1172 3204 1212 3265 Et
1233 3224 1290 3267 ros
1312 3203 1352 3266 ab
1375 3202 1430 3266 illo
1453 3203 1633 3268 inridemini
1656 3212 1688 3267 et
1708 3205 1771 3287 ipsi

444 3293 532 3358 illum
555 3296 694 3360 vicissim
716 3296 854 3361 eluditis.
887 3298 982 3360 Liber
1003 3296 1100 3378 igitur
1113 3316 1132 3359 a
1146 3295 1200 3359 tali
1216 3297 1370 3360 inrisione
1385 3297 1546 3371 Socrates,
1569 3297 1651 3361 liber
1663 3300 1769 3362 Aristo

444 3387 559 3464 Chius,
581 3392 637 3474 qui
658 3389 739 3454 nihil
761 3391 892 3455 istorum
915 3390 988 3453 sciri
1011 3397 1101 3473 putat
1121 3409 1226 3473 posse.
1268 3386 1340 3453 424.
1363 3390 1426 3454 Sed
1450 3390 1545 3454 redeo
1567 3391 1607 3455 ad
1629 3393 1768 3456 animum

443 3491 476 3547 et
496 3503 621 3567 corpus.
665 3485 788 3548 Satisne
818 3485 946 3546 tandem
975 3502 1012 3546 ea
1033 3490 1110 3545 nota
1131 3490 1206 3545 sunt
1227 3483 1333 3557 nobis,
1359 3503 1443 3567 quae
1466 3503 1633 3547 nervorum
1656 3493 1769 3547 natura

442 3578 498 3651 sit,
522 3599 604 3662 quae
627 3580 797 3642 venerumt
819 3586 1022 3651 tenemusne,
1046 3575 1125 3659 quid
1148 3576 1190 3638 sit
1209 3576 1356 3639 animus?
1378 3577 1431 3640 ubi
1447 3577 1512 3640 siti
1534 3576 1672 3660 denique
1686 3579 1769 3642 sitne

404 3682 498 3747 isan,
521 3681 557 3735 ut
576 3671 770 3736 Dicaearcho
791 3671 893 3734 visum
916 3677 980 3745 est,
1002 3691 1043 3734 ne
1065 3671 1106 3733 sit
1126 3671 1255 3753 quidem
1277 3671 1386 3734 ullust
1409 3671 1442 3734 Si
1459 3678 1523 3746 est,
1545 3671 1642 3734 trisne
1661 3680 1768 3754 partes

441 3763 572 3840 habeat,
594 3775 630 3829 ut
650 3763 773 3829 Platoni
795 3765 930 3847 placuit,
953 3764 1102 3839 rationis,
1128 3766 1208 3838 irae,
1230 3765 1428 3847 cupiditatis,
1450 3784 1491 3827 an
1513 3764 1648 3847 simplex
1669 3786 1768 3830 unus·

440 3878 504 3942 que
527 3860 593 3922 siti
615 3859 642 3923 si
665 3858 819 3941 simplex,
842 3866 946 3921 utrum
970 3860 1010 3922 sit
1031 3861 1114 3943 ignis
1137 3880 1177 3922 an
1199 3860 1304 3923 anima
1326 3879 1367 3923 an
1390 3859 1541 3941 sanguis?
1564 3878 1622 3933 an,
1644 3868 1680 3922 ut
1701 3860 1767 3924 Xe·

441 3960 596 4028 nocrates,
611 3972 760 4017 numerus
777 3952 865 4016 nullo
879 3956 1034 4036 corporei
1050 3985 1091 3997 —
1107 3954 1193 4036 quod
1208 3953 1351 4036 intellegi
1366 3952 1460 4036 quale
1475 3952 1516 4016 sit
1532 3952 1586 4016 rix
1603 3960 1710 4035 potest
1725 3986 1767 4001 —

439 4053 487 4124 et,
519 4046 675 4131 quidquid
710 4055 773 4120 est,
805 4046 938 4110 mortale
965 4047 1069 4109 sitan
1091 4050 1276 4110 aeternum?
1309 4067 1381 4110 nam
1403 4054 1568 4127 utramque
1590 4046 1623 4108 in
1645 4054 1765 4131 partem

401 4140 538 4204 somulta
565 4142 722 4204 dicuntur.
764 4141 886 4203 Horum
913 4139 1035 4224 aliquid
1057 4146 1163 4204 vestro
1186 4140 1321 4222 sapienti
1343 4147 1462 4203 certum
1485 4136 1626 4213 ridetur,
1658 4148 1766 4204 nostro

437 4254 478 4298 ne
507 4234 585 4319 quid
612 4235 749 4298 maxime
777 4231 906 4317 quidem
938 4233 1102 4317 probabile
1131 4235 1172 4297 sit
1198 4233 1352 4298 occurrit:
1385 4234 1429 4295 ita
1451 4232 1577 4296 suntin
1600 4231 1764 4316 plerisque

437 4328 664 4392 contrariarum
684 4326 842 4391 rationum
864 4326 952 4411 pario
974 4335 1143 4391 momenta.

1633 4449 1761 4459 -—..

501 4521 526 4572 ³.
542 4523 600 4585 ipss
615 4523 724 4586 scripsi:
742 4521 792 4584 ipsi
808 4520 887 4572 codd.
906 4522 934 4572 et
949 4522 970 4572 0
989 4547 1015 4557 -
1034 4525 1091 4570 utut
1107 4521 1142 4581 B;
1163 4525 1191 4570 st
1207 4533 1238 4571 eo
1253 4520 1364 4569 viderent
1379 4518 1484 4580 camb,
1503 4525 1531 4570 st
1545 4521 1656 4571 uiderem
1671 4522 1765 4573 lienu-

435 4600 487 4650 tius
505 4624 534 4637 -·
552 4598 578 4649 4.
596 4604 680 4649 tomen
695 4598 815 4653 trinch-
830 4598 850 4648 Β
870 4622 898 4634 -
921 4596 1048 4659 mrpiss‘cis
1063 4597 1134 4647 A²B²
1150 4622 1177 4631 -
1202 4597 1226 4645 5.
1245 4594 1383 4644 detector:
1406 4594 1501 4645 deiectu
1521 4596 1657 4645 ABEGv
1676 4622 1702 4632 -
1722 4599 1764 4647 red

434 4674 495 4723 hoec
511 4674 572 4737 qnid
587 4673 637 4725 AS
653 4700 687 4710 -
709 4673 734 4723 6.
751 4678 781 4722 st
799 4672 928 4722 uidemur
947 4676 1018 4721 terro
1037 4671 1187 4734 poenitsune
1211 4670 1295 4733 mitro
1310 4669 1379 4718 sitA
1400 4669 1425 4718 ln
1444 4682 1526 4733 marg.
1546 4683 1582 4720 m.
1600 4671 1616 4721 2
1633 4670 1716 4722 habet
1734 4700 1761 4709 -

435 4748 459 4797 7.
477 4748 527 4798 sint
543 4747 573 4798 m
591 4774 618 4785 -
642 4747 667 4797 9.
684 4760 764 4811 nepus
780 4746 822 4796 tlte
837 4746 888 4796 GO
906 4770 934 4782 -
958 4744 999 4795 40.
1015 4758 1061 4795 occ
1079 4745 1134 4807 (sic)
1157 4757 1201 4808 epo
1212 4742 1367 4807 --oests'pia
1388 4741 1470 4793 habet
1491 4744 1590 4795 Nonius
1609 4757 1635 4808 p.
1655 4746 1712 4796 402.
1733 4773 1761 4784 -

432 4836 483 4872 oon
498 4824 550 4885 s'tn,
573 4837 618 4874 cos
633 4824 710 4874 etism
726 4821 808 4872 dicitis
823 4821 936 4872 Nonius:
958 4833 1009 4870 nos
1029 4821 1096 4871 enirn
1117 4819 1193 4869 etiem
1209 4817 1291 4868 dicitis
1306 4818 1371 4877 AB,
1393 4831 1444 4867 con
1460 4818 1525 4868 euim
1542 4819 1622 4868 dicitis
1638 4821 1715 4869 etiem
1732 4821 1761 4882 E,

432 4910 514 4948 nonos
528 4898 605 4948 men
621 4897 703 4947 dicitis
719 4898 753 4956 G,
770 4909 822 4945 sco
837 4896 883 4944 tto.
901 4894 991 4944 Dicitis
1006 4896 1113 4945 olicino
1128 4921 1155 4930 -
1174 4895 1214 4944 44.
1232 4892 1260 4942 io
1276 4893 1409 4942 contario
1425 4893 1537 4943 Nonius:
1556 4907 1571 4944 e
1586 4901 1665 4944 contr.
1679 4895 1759 4946 codd.

432 4972 460 5021 et
476 4974 511 5032 03
533 4986 547 5023 c
567 4978 647 5024 cono.
666 4976 742 5034 porte
763 4976 847 5021 terroe
866 4966 998 5032 glossema
1020 4967 1161 5019 videbatur
1178 4965 1306 5018 lambino
1324 4993 1351 5002 -
1375 4967 1472 5033 contro]
1490 4968 1524 5017 od
1541 4968 1619 5020 codd.
1638 4971 1714 5020 Nonii
1732 4997 1759 5007 -

432 5045 473 5097 42.
492 5059 570 5111 qoem
585 5060 627 5098 ees
642 5048 723 5098 ABG
741 5046 782 5109 (ec
799 5045 825 5095 in
842 5045 862 5094 B
880 5058 912 5093 ex
930 5044 1011 5105 corr.)
1030 5069 1058 5079 -
1082 5044 1183 5093 Nicetes
1199 5041 1217 5092 b
1238 5042 1264 5091 ln
1282 5054 1365 5104 marg.
1388 5069 1416 5079 -
1438 5041 1480 5093 44.
1496 5045 1637 5103 successies
1653 5043 1712 5095 A¹B
1732 5072 1759 5081 -

431 5120 615 5184 theophrastus
636 5120 667 5171 s*
689 5148 716 5159 -
738 5120 867 5183 saepem
890 5119 917 5168 in
938 5131 990 5168 ras.
1010 5117 1080 5168 mi
1105 5144 1132 5153 -
1156 5118 1197 5167 45.
1216 5121 1284 5165 store
1300 5117 1422 5167 noiomi}
1443 5142 1471 5152 —
1495 5117 1535 5167 46.
1554 5131 1619 5180 quoe
1636 5119 1691 5168 Er:
1711 5131 1762 5180 quo

430 5196 495 5259 ΑΒ,
513 5199 580 5259 quod
596 5199 617 5247 G
636 5224 664 5235 -
684 5197 724 5246 44.
744 5209 810 5258 quoe
825 5196 847 5245 si
862 5198 943 5243 stante
959 5192 1104 5244 Manutius:
1123 5193 1196 5256 quasi
1211 5198 1291 5242 stacte
1309 5190 1387 5242 codd.
1406 5218 1429 5230 -·
1452 5192 1492 5241 49.
1511 5206 1560 5244 esse
1576 5194 1651 5244 sotem
1668 5195 1718 5243 GO
1732 5220 1759 5230 -

430 5272 471 5323 20.
490 5273 584 5336 spons?
598 5284 631 5321 ne
646 5270 683 5319 bis
698 5268 857 5321 Lambinus:
876 5281 953 5332 spone
967 5266 1038 5317 oecis
1054 5267 1148 5327 ABE,
1167 5280 1242 5331 spone
1257 5279 1302 5316 cos
1314 5269 1348 5325 G,
1366 5267 1420 5330 Epo
1436 5280 1468 5316 ce
1484 5266 1520 5315 bis
1537 5268 1570 5323 0;
1590 5267 1623 5319 cl.
1638 5266 1725 5319 Madv.
1739 5269 1759 5329 1,

430 5346 478 5397 iss
495 5359 556 5410 sqq.
583 5347 667 5396 rcum
683 5345 872 5408 interrogatum
890 5345 974 5402 esset,
993 5355 1057 5394 num
1076 5341 1206 5392 tantulum
1224 5344 1307 5406 (quasi
1322 5341 1445 5406 pedalem
1457 5343 1499 5402 26,
1518 5342 1584 5406 §Sil
1603 5340 1687 5392 solem
1701 5355 1760 5393 esse

429 5423 547 5486 putaret,
566 5421 696 5485 Epicurus
714 5431 766 5469 non
784 5418 904 5483 praecise
922 5416 1014 5467 delinit
1031 5419 1141 5480 (tantum
1159 5418 1232 5468 enim
1249 5430 1309 5467 esse
1328 5416 1467 5477 censebat,
1487 5420 1601 5480 quantus
1614 5417 1759 5479 videretur,

428 5493 471 5545 vel
494 5493 573 5559 paulo
594 5496 640 5544 aut
661 5494 790 5543 maiorem
811 5494 857 5542 aut
876 5492 1029 5554 minorem)
1053 5492 1102 5542 sed
1119 5491 1196 5542 latius
1214 5491 1423 5553 circumscribit,
1445 5506 1477 5542 oe
1492 5492 1528 5542 bis
1545 5492 1644 5556 quidem
1661 5496 1760 5541 tentoni

428 5580 491 5629 esse,
509 5568 558 5619 sed
575 5569 644 5618 inter
661 5565 784 5630 pedalem
806 5564 1015 5628 magnitudlnem
1035 5568 1063 5616 ct
1082 5565 1234 5631 bipedolem
1253 5566 1296 5628 (de
1314 5568 1367 5617 lin.
1386 5568 1410 5628 1,
1429 5566 1457 5628 6,
1475 5568 1542 5629 20).»
1568 5594 1595 5604 -
1619 5571 1642 5615 et
1662 5565 1757 5617 ABE:

428 5643 470 5692 sed
486 5645 520 5702 G,
538 5643 620 5692 sedet
636 5644 656 5692 0
674 5668 702 5678 —
725 5642 767 5692 24.
786 5642 940 5691 aristhocbsss
956 5643 986 5692 Α1
1006 5668 1032 5679 -
1055 5642 1097 5694 24.
1116 5642 1216 5691 enimus
1234 5643 1267 5691 sit
1283 5643 1303 5691 0
1322 5668 1349 5677 -
1373 5643 1414 5692 Sd.
1434 5656 1469 5691 oc
1485 5641 1592 5693 hamb:
1616 5646 1661 5691 out
1678 5640 1757 5693 codd.

430 5743 457 5753 -
472 5717 640 5768 diceweboh
660 5745 688 5755 -
706 5718 747 5769 24.
765 5718 787 5768 si
803 5717 909 5779 simpla
924 5717 1042 5768 auur:
1062 5722 1085 5767 et
1102 5718 1124 5767 si
1139 5730 1205 5767 ιιιιιι
1221 5723 1244 5768 et
1260 5717 1365 5779 simplae
1380 5718 1510 5767 sitGetv
1531 5717 1684 5781 (sedvsine
1702 5719 1757 5780 stt),

427 5792 449 5842 ι’
464 5806 530 5842 snos
545 5797 568 5843 st
583 5792 689 5855 simplem
705 5794 726 5843 0
745 5820 772 5829 -
790 5792 925 5843 Χιιιοιιιιὲ
946 5791 1056 5852 Lamb.;
1076 5795 1104 5843 at
1120 5806 1146 5843 v.
1165 5807 1192 5858 p.
1210 5791 1253 5853 49,
1270 5793 1302 5842 22
1319 5805 1379 5856 sqq.
1394 5819 1421 5831 -
1441 5793 1482 5844 28.
1500 5806 1618 5844 cumesses
1631 5793 1755 5858 Bentley:

426 5880 495 5917 mess
511 5864 590 5917 codd.
606 5892 634 5904 -
651 5868 763 5933 tctellsps
778 5869 851 5918 A1-
868 5867 910 5918 ts.
928 5868 1046 5932 coemto
1062 5869 1113 5918 AB
1127 5894 1154 5903 -
1173 5873 1307 5931 mamque
1322 5868 1350 5918 io
1364 5872 1465 5931 portem
1478 5866 1531 5934 Bal.
1546 5869 1556 5918 4
1580 5870 1608 5918 et
1619 5867 1756 5919 cantabr:

426 5941 630 6006 successuros
644 5946 696 5993 sstr.
715 5941 958 6006 opposuisse
975 5967 1003 5979 -
1021 5942 1063 5993 34.
1080 5942 1109 5992 io
1125 5954 1195 5993 corr.
1214 5956 1249 5995 ex
1264 5942 1325 5994 ecio
1342 5942 1371 5993 B.
