4342 7459
729 1260 797 1325 nu.
818 1261 872 1327 xv.
901 1259 974 1325 cn.
997 1259 1174 1328 vul-rx
1202 1256 1248 1343 §s
1270 1255 1414 1325 tr-aa.
1668 1255 1730 1324 teo

409 1433 541 1496 virtutes
564 1449 621 1513 per
641 1450 676 1493 se
700 1449 770 1493 esse
791 1429 982 1493 sumendas?
1011 1431 1061 1493 An
1083 1450 1157 1493 vero
1180 1429 1342 1512 displicuit
1362 1448 1414 1503 ea,
1442 1446 1524 1511 quae
1547 1430 1662 1519 tributa
1682 1439 1731 1495 est

408 1527 506 1589 animi
528 1525 696 1589 virtutibus
717 1531 806 1589 tanta
827 1525 1038 1608 praestantia?
1059 1545 1117 1599 an,
1140 1544 1220 1608 quae
1239 1525 1278 1587 de
1292 1523 1474 1607 prudentia,
1496 1524 1536 1588 de
1550 1527 1731 1608 cognitione

408 1639 528 1693 rerum,
557 1620 597 1682 de
624 1619 846 1688 coniunctione
875 1620 999 1701 generis
1021 1618 1168 1692 humani,
1199 1638 1345 1702 quaeque
1366 1618 1405 1682 ab
1427 1617 1528 1682 isdem
1551 1619 1591 1683 de
1613 1628 1733 1703 tempe·

407 1715 525 1786 nantia,
547 1712 587 1775 de
611 1712 782 1786 modestia,
804 1711 844 1774 de
859 1712 1075 1794 magnitudine
1090 1713 1205 1787 animi,
1228 1713 1266 1775 de
1282 1714 1367 1776 omni
1382 1713 1547 1776 honestate
1562 1713 1731 1777 dieuntori

408 1807 602 1869 Fatebuntur
627 1806 725 1869 Stoici
753 1806 958 1869 haecomnia
981 1805 1064 1869 dicta
1091 1825 1161 1870 esse
1190 1807 1351 1889 praeclare
1380 1827 1485 1891 neque
1512 1827 1583 1871 eam
1605 1820 1755 1871 mnsame

408 1900 528 1963 Zenoni
551 1900 749 1963 desciscendi
770 1899 878 1964 fuisse.
923 1895 974 1961 20.
996 1900 1066 1963 tlte
1089 1901 1245 1983 quaedam
1267 1900 1390 1976 dicent,
1412 1901 1521 1977 credo,
1542 1922 1657 1984 magna
1677 1922 1734 1965 an·
1846 1913 1848 1918 '

409 1996 569 2076 tiquorum
596 2015 667 2058 esse
694 2002 838 2078 peccata,
870 2012 950 2075 quae
972 1993 1025 2055 ille
1047 1993 1114 2057 veri
1137 1994 1349 2078 investigandi
1371 1994 1504 2077 cupidas
1526 1995 1615 2058 nullo
1637 1995 1732 2059 modo

408 2088 490 2152 serre
512 2089 659 2171 potuerit
695 2087 780 2164 Quid
802 2086 887 2150 enim
909 2089 1103 2170 perversius,
1135 2087 1211 2170 quid
1235 2089 1481 2163 intolerabilius,
1504 2089 1583 2173 quid
1604 2090 1733 2154 stultius

410 2202 504 2265 quam
532 2182 648 2245 bonam
679 2181 906 2255 valetudinem,
939 2200 1033 2265 mam
1060 2181 1208 2245 dolorum
1237 2184 1376 2247 omnium
1406 2185 1606 2257 vacuitatem,
1637 2203 1733 2267 qnam

410 2275 620 2357 integritatem
647 2277 812 2340 oculorum
841 2276 1100 2360 reliquorumque
1129 2295 1279 2339 sensuum
1305 2295 1425 2357 ponere
1448 2278 1480 2339 in
1501 2277 1594 2341 bonis
1615 2278 1771 2359 potinam

413 2388 507 2453 quarn
529 2368 672 2432 dicerent
692 2368 772 2433 nibil
795 2369 924 2432 omnino
944 2371 1027 2432 inter
1048 2389 1102 2431 eas
1123 2390 1174 2432 res
1192 2369 1297 2453 iisque
1311 2370 1483 2434 contrarias
1497 2370 1674 2435 interesset
1697 2390 1735 2436 ea

411 2464 496 2527 enim
518 2464 642 2538 omnia,
667 2482 749 2546 quae
770 2463 817 2525 illi
840 2462 924 2526 bona
945 2462 1102 2537 dicerent,
1124 2465 1304 2546 praeposita
1326 2483 1413 2539 esse,
1440 2482 1505 2528 non
1526 2464 1622 2539 bona,
1644 2464 1735 2528 item·

412 2576 474 2641 que
497 2556 569 2631 illa,
593 2576 675 2641 quae
696 2558 731 2619 in
752 2577 886 2641 corpore
909 2558 1119 2632 excellerent,
1140 2558 1235 2621 stulte
1249 2559 1395 2641 antiquos
1410 2558 1530 2621 dixisse
1544 2579 1602 2642 per
1616 2578 1650 2622 se
1665 2577 1735 2622 esse

411 2649 607 2733 expetenda,
630 2652 783 2714 sumenda
798 2651 905 2734 potius
921 2672 1015 2735 quam
1031 2653 1226 2735 expetenda,
1249 2672 1287 2716 ea
1302 2653 1440 2736 denique
1455 2652 1541 2716 omni
1556 2652 1630 2727 vita,
1653 2669 1735 2733 quae

409 2744 444 2806 in
466 2744 582 2807 virtute
603 2766 668 2807 una
689 2746 890 2820 consisteret,
919 2745 1005 2809 illam
1027 2748 1136 2822 vitam,
1163 2766 1246 2830 quae
1268 2748 1362 2812 etiam
1385 2749 1496 2811 ceteris
1517 2747 1630 2820 rebus,
1654 2758 1774 2828 quasit

411 2847 518 2902 essent
538 2840 712 2902 secundnm
734 2848 893 2915 naturam,
915 2840 1102 2916 abundaret,
1130 2841 1229 2922 magis
1252 2840 1462 2925 expetendam
1483 2860 1549 2903 non
1570 2859 1656 2912 esse,
1678 2836 1736 2901 sed

411 2934 510 3015 magia
532 2931 735 3007 sumendam,
758 2953 895 3015 cumque
917 2934 986 3017 ipsa
1007 2935 1108 2998 virtus
1130 2934 1247 2998 efficiat
1266 2935 1455 3011 itabeatam
1473 2934 1584 3007 utam,
1604 2940 1642 2995 ut
1661 2932 1736 2994 bea-

410 3028 474 3089 tior
495 3046 565 3089 esse
587 3045 650 3089 non
673 3027 791 3109 possit,
818 3035 922 3090 nmen
946 3028 1103 3110 quaedam
1125 3028 1237 3093 deesse
1259 3028 1453 3112 sapientibus
1475 3034 1557 3100 tum,
1572 3045 1649 3088 *cum
1672 3025 1737 3087 sint

410 3120 602 3184 beatissimis
635 3120 744 3203 itaque
773 3140 828 3185 eos
855 3120 887 3184 id
917 3140 1028 3203 agere,
1060 3130 1098 3185 ut
1117 3143 1136 3185 a
1156 3142 1192 3186 se
1213 3123 1353 3197 dolores,
1386 3122 1527 3197 morbos,
1559 3119 1735 3184 debilitates

411 3215 575 3299 repellant
1741 3225 1771 3275 ao

495 3310 551 3371 IX.
574 3304 626 3372 21.
647 3307 673 3371 0
690 3328 835 3391 magnam
851 3309 914 3371 vim
935 3310 1054 3391 ingenii
1069 3329 1260 3395 causamque
1275 3309 1388 3374 iustam
1404 3329 1459 3374 cur
1472 3327 1555 3372 nova
1569 3308 1737 3372 exsisteret

416 3402 602 3485 disciplina!
624 3403 722 3485 Perge
744 3423 850 3486 porro.
877 3404 1033 3467 Secuntur
1054 3405 1138 3467 enim
1159 3424 1206 3479 ea,
1229 3423 1310 3488 quae
1326 3408 1360 3466 tu
1375 3402 1582 3466 scientissime
1598 3400 1737 3484 comple·

415 3518 474 3561 xus
490 3518 536 3571 es,
557 3496 700 3560 omnium
713 3497 940 3579 insipientiam,
962 3498 1159 3572 iniustitiam,
1181 3498 1243 3560 alia
1257 3496 1335 3559 vitia
1352 3496 1467 3560 similia
1481 3516 1551 3559 esse
1565 3497 1737 3578 omniaque

413 3599 543 3674 peccata
572 3609 643 3653 esse
671 3591 773 3673 paria,
804 3610 941 3673 eosque,
968 3591 1025 3673 qui
1051 3598 1164 3654 natura
1185 3592 1389 3673 doctrinaque
1411 3588 1505 3672 longe
1526 3589 1566 3652 ad
1588 3590 1735 3652 vinctam

412 3685 657 3768 processissent,
679 3685 741 3748 nisi
763 3705 832 3749 eam
854 3684 949 3767 plane
971 3684 1132 3746 consecuti
1151 3689 1272 3757 essent,
1294 3701 1416 3746 summe
1432 3684 1659 3757 essemiseros,
1680 3692 1773 3746 ne-tt

413 3799 476 3862 que
498 3780 581 3842 inter
602 3798 713 3842 eorum
734 3780 831 3843 vitam
853 3786 886 3841 et
907 3776 1212 3860 improbissimorum
1227 3776 1399 3860 quiequam
1419 3776 1550 3841 omnino
1571 3778 1737 3853 interesse,

412 3878 447 3935 ut
469 3872 570 3946 Plato,
592 3880 697 3936 tantm
719 3872 774 3935 ille
789 3872 851 3945 vir,
873 3873 900 3935 si
921 3872 1049 3954 sapiens
1064 3890 1130 3933 non
1143 3870 1253 3944 luerit,
1275 3867 1374 3931 nihilo
1390 3868 1504 3933 melius
1522 3890 1617 3954 qnam
1633 3874 1736 3957 quivis

412 3966 664 4048 improbissimus
685 3985 745 4029 nec
766 3966 890 4030 beatius
911 3966 1036 4030 rixam.
1075 3965 1163 4029 llaec
1183 3962 1330 4028 videlicet
1351 3971 1401 4027 est
1421 3966 1572 4029 correctio
1595 3966 1738 4049 pbiloso-

413 4059 509 4142 phiae
538 4061 652 4123 veteris
676 4067 709 4122 et
731 4059 927 4132 emendatio,
957 4078 1039 4141 quae
1062 4059 1189 4121 omnino
1211 4057 1332 4121 aditum
1353 4056 1474 4121 nullum
1496 4057 1613 4122 babere
1634 4067 1739 4142 potest

412 4157 447 4217 in
469 4153 596 4227 urbem,
624 4152 658 4214 in
678 4152 798 4227 lorum,
828 4154 861 4215 in
884 4152 1012 4214 curiam.
1053 4152 1132 4227 Quis
1154 4153 1237 4214 enim
1259 4149 1340 4213 serre
1361 4142 1470 4232 posset
1490 4151 1533 4214 ita
1554 4152 1775 4235 toquentsmsc

415 4269 504 4321 eum,
535 4247 591 4328 qui
617 4266 651 4309 se
680 4254 839 4309 auctorem
861 4246 944 4308 ritae
972 4247 1162 4327 gravitaret
1187 4246 1345 4330 sapienter
1365 4244 1506 4327 agendae
1527 4240 1737 4327 profiteretur,

414 4341 542 4404 nomina
563 4358 667 4402 rerum
690 4346 947 4412 commutantem,
970 4360 1105 4423 eumque
1128 4340 1211 4402 idem
1227 4339 1358 4401 sentiret
1372 4338 1457 4421 quod
1474 4357 1599 4411 omnes,
1622 4338 1737 4421 quibus

415 4435 509 4498 rebus
532 4433 663 4496 eandem
688 4432 751 4493 vim
773 4432 940 4504 tribueret,
963 4431 1023 4494 alia
1045 4435 1173 4496 nomina
1193 4433 1423 4514 imponentem,
1445 4431 1541 4495 verba
1561 4431 1656 4494 modo
1671 4451 1739 4493 mn·

414 4537 533 4592 tantem
563 4527 603 4589 de
633 4526 840 4609 opinionibus
872 4525 949 4588 nibil
978 4526 1215 4589 detrahentem?
1260 4522 1311 4587 22.
1340 4527 1535 4588 Patronusne
1562 4543 1675 4587 causae
1704 4524 1738 4585 in

416 4621 541 4703 epilogo
565 4640 623 4702 pro
644 4639 700 4682 reo
723 4619 832 4681 dicens
854 4627 984 4701 negaret
1006 4638 1075 4682 esse
1098 4619 1215 4683 malum
1237 4618 1399 4692 exsilium,
1421 4617 1668 4699 publicationem
1681 4616 1776 4682 boen

415 4716 552 4776 norum‘t
580 4712 658 4775 baec
679 4711 841 4774 reicienda
862 4732 950 4786 esse,
979 4731 1043 4773 non
1063 4711 1236 4793 fugienda?
1266 4731 1323 4774 nec
1344 4708 1581 4774 misericordem
1603 4710 1739 4772 iudicem

418 4826 488 4869 esse
511 4810 679 4889 oporteret
712 4806 749 4867 ln
771 4805 920 4868 contione
941 4813 1047 4868 autem
1068 4807 1095 4868 si
1117 4805 1313 4889 loqueretur,
1341 4805 1369 4868 si
1390 4803 1549 4868 Hannibal
1569 4802 1610 4866 ad
1632 4811 1740 4886 portas

418 4898 559 4961 venisset
580 4918 769 4981 murumque
791 4898 896 4961 iaculo
919 4898 1110 4972 traiecisset,
1133 4905 1263 4980 negarat
1276 4916 1346 4961 esse
1361 4897 1395 4959 in
1409 4896 1502 4959 malis
1518 4898 1600 4979 capi,
1621 4899 1739 4973 venire,

417 4987 568 5066 interfici,
590 4992 725 5076 patriam
747 4992 912 5055 amitteret
935 4994 982 5052 An
1005 4999 1148 5067 senatus,
1172 5013 1241 5055 cum
1263 4991 1456 5075 triumphum
1470 4990 1617 5055 Africano
1633 4992 1741 5056 decer·

483 5271 716 5329 &obtuderam
744 5272 936 5330 odbisdemtl3
963 5269 995 5319 ab
1017 5271 1107 5320 staden
1126 5271 1180 5321 110
1204 5296 1231 5306 ·—
1258 5270 1283 5320 7.
1306 5270 1400 5320 ueroB
1424 5296 1451 5306 —
1479 5269 1738 5333 4066661613-

419 5347 459 5395 tt.
478 5347 585 5395 diem
603 5347 666 5396 BC:
685 5346 843 5396 (10660-
862 5346 948 5409 lisque]
966 5346 1057 5409 burqsw
1074 5348 1107 5407 B,
1126 5346 1280 5409 10(ωο-
1301 5344 1340 5397 tt.
1359 5358 1390 5396 eo
1406 5345 1510 5407 denique
1525 5345 1544 5395 B
1562 5348 1589 5396 et
1605 5345 1740 5395 Davisius:

418 5422 561 5483 Eodemque
580 5422 679 5472 Ecum
697 5420 905 5481 ceteriscodd.;
929 5422 1095 5484 †eodensque
1112 5421 1132 5469 0
1152 5447 1178 5457 -
1202 5422 1287 5471 omnia
1304 5420 1394 5469 uitali
1416 5445 1444 5456 -
1467 5421 1507 5469 lb.
1525 5421 1617 5469 virtute
1636 5431 1689 5468 asso
1705 5417 1739 5467 B:

418 5496 623 5546 unomrtuteO.
649 5496 688 5545 Cl.
707 5495 873 5558 sedetet.
896 5521 924 5532 -
952 5496 1097 5558 pedatiam
1119 5496 1168 5545 ΒΕ
1191 5521 1218 5532 -
1247 5494 1287 5544 to.
1308 5498 1385 5543 essem
1405 5506 1430 5543 ss
1450 5494 1612 5555 repetendam
1634 5491 1742 5555 (mediis

418 5570 531 5630 omissis)
549 5569 568 5619 Β
588 5594 614 5604 -
635 5570 675 5619 ⁴8.
692 5575 772 5632 posset
789 5571 849 5620 Β-
868 5576 950 5620 tunam
967 5571 1099 5635 quanam]
1116 5584 1173 5621 cum
1189 5571 1293 5632 quidum
1309 5569 1343 5628 B,
1362 5582 1419 5618 cam
1435 5570 1542 5631 quedem
1558 5568 1578 5617 E
1596 5591 1623 5602 -
1642 5566 1683 5615 33.
1695 5565 1742 5615 Sc-

418 5650 510 5693 ouutur
526 5643 560 5693 ll:
578 5645 718 5705 &quantur
734 5646 754 5695 0
771 5671 804 5681 -
825 5659 856 5694 ec
872 5646 905 5695 B:
928 5660 982 5697 om.
1000 5648 1054 5697 110
1073 5673 1101 5683 -
1124 5646 1166 5696 13.
1185 5645 1295 5695 mainan
1311 5644 1345 5694 B:
1364 5645 1431 5694 euml
1447 5645 1481 5703 Ε;
1501 5655 1597 5693 cumen
1613 5641 1676 5691 110.
1701 5637 1741 5690 Cl.

419 5720 493 5781 568.
514 5719 771 5783 -bbptunellffi
793 5720 980 5781 ptenebto-
1005 5714 1739 5782 27.ptcutoBE-28.bectusB-llnoc]uecb-

419 5795 548 5856 eorrepclc
565 5796 626 5845 B-
645 5795 686 5844 39.
705 5794 801 5843 nullm
817 5794 906 5845 babere
923 5797 956 5846 B:
975 5795 1064 5845 babere
1079 5795 1175 5843 nullum
1191 5795 1244 5845 110
1258 5820 1285 5829 -
1304 5794 1345 5844 31.
1363 5793 1461 5857 agendo
1477 5792 1525 5842 BE
1540 5818 1567 5828 -
1585 5790 1625 5839 32.
1640 5789 1743 5839 omniun

419 5883 504 5919 rm
520 5875 711 5919 maromontem
726 5870 816 5933 spuria
833 5871 887 5919 visa
905 5873 967 5921 sunt
983 5871 1098 5920 Manutio
1110 5868 1251 5933 multisque
1263 5870 1365 5933 postea.
1379 5893 1406 5904 -
1425 5867 1466 5918 33.
1478 5866 1559 5932 oudo]
1570 5879 1621 5916 ooo
1638 5863 1681 5929 ((ιὸ
1692 5878 1742 5931 pru

419 5942 928 6008 molti-36.tugteadc]sacicndcb
947 5969 974 5980 -
993 5944 1033 5995 30.
1051 5943 1190 5997 meua.
