4342 7459
440 1233 503 1302 tt8
727 1239 781 1302 DE
802 1237 958 1302 FINIBUS
980 1236 1178 1301 BONOIlUII
1198 1236 1252 1299 ET
1273 1235 1474 1301 MALORUII

317 1406 319 1413 ‘
442 1407 537 1472 etde
559 1407 684 1489 teipso
707 1407 792 1471 dices
814 1427 902 1470 more
924 1407 1078 1470 maiorum
1093 1440 1150 1480 -‚
1173 1406 1249 1490 quid
1271 1405 1420 1471 merearis
1441 1405 1552 1488 igitur,
1574 1414 1610 1471 ut
1630 1406 1718 1470 dicas
1735 1415 1768 1471 te

443 1503 477 1565 iu
499 1521 538 1565 eo
561 1502 744 1583 magistratu
767 1501 874 1563 omnia
888 1501 1057 1582 voluptatis
1080 1521 1174 1564 causa
1196 1499 1349 1563 facturum
1365 1520 1434 1563 esse
1449 1508 1544 1584 teque
1559 1501 1639 1564 nihil
1653 1501 1769 1566 fecisse

443 1596 477 1658 iu
499 1596 565 1658 vita
586 1596 646 1658 uisi
668 1594 840 1678 voluptatis
862 1598 978 1658 causa?
1014 1597 1062 1657 Au
1084 1615 1149 1669 me,
1180 1595 1301 1677 inquis,
1330 1601 1392 1656 tam
1414 1599 1572 1657 amentem
1594 1599 1704 1677 putas,
1732 1603 1770 1659 ut

419 1783 471 1846 cei
493 1802 640 1846 coronam
662 1783 769 1857 times,
792 1784 841 1846 dic
862 1785 895 1846 iu
917 1789 1045 1845 senatu:
1069 1799 1241 1865 numquam
1262 1776 1371 1843 facies.
1409 1781 1486 1856 Cur,
1510 1781 1572 1845 uisi
1596 1782 1684 1865 quod
1702 1789 1770 1845 tur·

442 1876 492 1960 pis
522 1874 622 1938 oratio
654 1879 723 1939 est‘l
758 1878 850 1941 Ilcue
878 1895 953 1959 ergo
982 1884 1015 1938 et
1043 1877 1200 1939 Triarium
1232 1876 1346 1957 dignos
1373 1876 1550 1950 existimas,
1579 1877 1664 1958 apud
1687 1896 1770 1960 quos

443 1970 578 2053 turpiter
599 1968 754 2054 loquare?

529 2064 647 2127 XXIII.
669 2061 720 2126 75.
742 2065 859 2128 Verum
882 2073 970 2129 esto:
995 2064 1126 2127 verbum
1148 2065 1251 2147 ipsum
1273 2063 1443 2146 voluptatis
1464 2084 1528 2128 uon
1550 2063 1645 2127 habet
1666 2063 1772 2147 digni-

443 2166 555 2233 tatem,
584 2178 644 2221 uec
674 2178 733 2222 uos
754 2158 889 2221 tortasse
911 2158 1143 2241 intellegimus:
1172 2156 1233 2220 hoc
1255 2157 1339 2220 euim
1361 2156 1533 2221 identidem
1555 2157 1675 2232 dicitis,
1705 2177 1771 2222 non

405 2253 628 2335 roiutellegere
656 2271 731 2327 uos,
762 2271 857 2335 quam
886 2253 998 2316 dicatis
1027 2252 1233 2334 voluptatem.
1277 2253 1355 2315 Item
1384 2252 1532 2317 videlicet
1554 2250 1715 2315 difficilem
1739 2260 1772 2317 et

442 2345 625 2412 obscuraml
658 2345 827 2409 Indiuidua
855 2362 926 2408 cum
956 2345 1059 2409 dicitis
1088 2354 1120 2408 et
1148 2346 1375 2420 intermundia,
1403 2366 1485 2429 quae
1513 2366 1571 2409 uec
1602 2352 1677 2409 emt
1703 2346 1771 2411 ulla

441 2447 656 2523 uecpossunt
677 2459 763 2513 esse,
784 2439 1015 2523 intellegimus:
1040 2441 1204 2524 voluptas,
1227 2459 1308 2521 quae
1329 2439 1510 2523 passeribus
1532 2445 1609 2503 uota
1630 2447 1678 2504 eet
1700 2460 1771 2503 om·

440 2534 549 2607 nibus,
571 2533 704 2596 anobis
726 2533 868 2615 intellegi
890 2554 953 2596 non
976 2536 1103 2616 potest?
1130 2532 1235 2608 Quidr
1262 2532 1289 2595 si
1310 2529 1414 2596 efficio
1436 2538 1471 2595 ut
1492 2532 1611 2597 fateare
1630 2553 1681 2597 me
1703 2554 1771 2597 uon

441 2627 538 2692 modo
560 2627 638 2711 quid
661 2628 702 2690 sit
724 2628 869 2710 voluptas
891 2628 972 2691 scire
994 2661 1035 2673 -
1057 2634 1107 2689 est
1128 2626 1212 2689 euim
1233 2625 1391 2689 lucuudus
1413 2634 1519 2689 motus
1541 2627 1575 2690 iu
1598 2647 1695 2691 seusu
1716 2660 1771 2704 -,

405 2721 498 2788 rcsed
528 2722 639 2795 etiam,
670 2722 747 2804 quid
771 2741 839 2784 eam
867 2728 900 2784 tu
923 2722 1001 2784 velis
1024 2722 1119 2784 esset
1150 2721 1230 2783 'lum
1252 2720 1337 2783 euim
1360 2739 1429 2782 eam
1452 2721 1553 2802 ipsam
1574 2722 1639 2797 ris,
1673 2741 1771 2805 quam

423 2809 537 2882 ¹modo
567 2836 626 2899 ego
656 2815 739 2889 dixi,
774 2824 805 2879 et
834 2834 951 2879 nomeu
979 2813 1131 2898 imponis,
1161 2813 1194 2875 iu
1223 2818 1311 2877 motu
1341 2821 1376 2876 ut
1398 2814 1439 2876 sit
1461 2821 1492 2877 et
1513 2814 1608 2879 faciat
1628 2815 1771 2900 aliquam

442 2912 638 2985 varietatem,
671 2919 737 2973 tum
767 2909 862 2973 aliam
890 2909 1049 2992 quandam
1078 2927 1231 2971 summam
1260 2907 1472 2989 voluptatem,
1506 2928 1572 2991 quo
1592 2908 1667 2971 addi
1688 2908 1772 2971 nihil

441 3006 561 3087 possit:
583 3025 652 3068 eam
674 3010 740 3067 tum
762 3003 889 3078 adesse,
912 3024 982 3065 cum
1006 3001 1097 3065 dolor
1117 3002 1220 3064 omuis
1240 3001 1338 3063 absit:
1361 3021 1429 3064 eam
1451 3002 1594 3065 stabilem
1616 3001 1771 3086 appellas.

441 3095 492 3159 76.
516 3097 565 3160 Sit
585 3117 661 3162 sane
683 3098 744 3160 ista
766 3097 923 3179 voluptas.
960 3097 1018 3158 Ilic
1040 3096 1073 3157 iu
1097 3098 1209 3179 quovis
1231 3101 1388 3158 conventu
1411 3101 1442 3158 te
1464 3095 1570 3159 omnia
1591 3094 1707 3170 lacere,
1728 3115 1771 3157 ue

403 3191 561 3255 redoleas.
598 3192 631 3254 Si
652 3213 693 3255 ue
714 3191 775 3254 hoc
797 3191 925 3274 quidem
948 3190 1024 3252 eatis
1045 3189 1166 3272 ample,
1197 3189 1273 3251 satie
1296 3189 1428 3252 honeste
1450 3190 1513 3252 dici
1535 3197 1642 3272 putas,
1664 3188 1717 3252 dic
1738 3198 1771 3253 te

441 3285 548 3350 omnia
576 3291 607 3348 et
633 3286 667 3349 iu
696 3286 757 3349 isto
779 3284 963 3365 maghtratu
986 3291 1018 3346 et
1040 3285 1073 3344 in
1096 3284 1181 3344 omni
1204 3284 1267 3345 vita
1289 3282 1434 3345 utilitatis
1456 3290 1529 3345 tuae
1552 3301 1648 3345 causa
1668 3281 1771 3345 lactu-

440 3398 526 3455 rum,
548 3379 628 3442 nihil
651 3380 712 3442 ulei
736 3378 823 3461 quod
846 3376 1013 3459 expedIat,
1035 3374 1116 3437 uilril
1139 3376 1278 3458 denique
1298 3376 1360 3438 nisi
1384 3386 1437 3439 tua
1459 3395 1571 3439 causa:
1594 3396 1689 3460 quem
1707 3377 1771 3441 cla·

440 3493 561 3536 morem
583 3473 740 3537 contionis
762 3480 816 3534 aut
839 3490 935 3554 quam
957 3490 1046 3551 spem
1070 3469 1253 3532 consulatue
1276 3469 1363 3543 eius,
1392 3471 1447 3554 qui
1471 3471 1528 3533 tibi
1549 3469 1771 3554 paratissimus

440 3573 504 3642 eet,
526 3566 664 3630 loturam
686 3567 803 3648 putas‘l
829 3565 948 3626 Eamne
969 3564 1126 3626 rollonem
1150 3562 1247 3643 Igitur
1268 3582 1419 3647 sequere,
1441 3586 1505 3648 qua
1526 3572 1630 3629 tecum
1652 3563 1722 3647 ipse
1738 3573 1772 3630 et

401 3676 513 3722 ascum
540 3660 602 3724 tuis
631 3667 737 3733 utare,
768 3654 906 3742 profiteri
936 3665 968 3719 et
996 3658 1028 3718 iu
1051 3654 1191 3718 medium
1211 3656 1352 3739 prolerre
1374 3676 1438 3721 uou
1460 3660 1599 3723 audoasl
1631 3661 1673 3722 At
1694 3678 1771 3723 vero

440 3751 511 3825 illa,
534 3772 615 3835 quae
636 3752 854 3835 Peripatetici,
878 3770 960 3835 quae
983 3750 1079 3813 Stoici
1102 3750 1226 3825 dicunt,
1259 3771 1383 3834 semper
1406 3752 1462 3814 tibi
1486 3753 1518 3815 in
1541 3774 1595 3816 ore
1617 3760 1708 3827 suut,
1735 3755 1770 3817 iu

363 3877 368 3887 ·
438 3845 582 3920 iudiciis,
602 3846 637 3909 iu
659 3854 789 3908 senatu:
820 3842 974 3917 officium,
997 3844 1207 3926 aequitatem,
1231 3844 1430 3928 dIguitatcm,
1453 3844 1564 3921 tidem,
1585 3855 1687 3921 recta,
1709 3848 1770 3911 lto·

438 3948 544 4012 neam,
578 3938 672 4022 digna
706 3940 857 4022 imperio,
889 3938 985 4020 digna
1014 3939 1134 4022 populo
1163 3940 1321 4012 Ilomauo,
1356 3940 1461 4002 omnia
1491 3940 1632 4023 pericula
1653 3960 1712 4024 pro
1733 3962 1770 4005 re

437 4032 581 4116 publica,
603 4035 683 4097 mori
705 4055 763 4117 pro
786 4034 902 4115 patria,
924 4032 1002 4095 haec
1024 4054 1094 4095 cum
1118 4033 1273 4113 loqueris,
1296 4052 1355 4094 nos
1377 4032 1513 4095 barones
1536 4042 1710 4116 stupemus,
1734 4042 1770 4099 tu

400 4126 587 4190 aovidelicet
609 4136 712 4191 tecum
734 4128 803 4212 ipse
825 4127 918 4189 rides.
955 4124 1005 4188 77.
1027 4129 1106 4189 Nam
1130 4128 1211 4187 luter
1233 4126 1293 4187 ista
1316 4134 1379 4189 tam
1399 4124 1564 4208 magnilica
1578 4127 1674 4191 verba
1689 4135 1770 4191 tam·

438 4240 500 4301 que
531 4221 693 4303 praeclara
721 4241 787 4284 uon
808 4221 903 4283 habet
924 4220 1025 4283 ullum
1047 4221 1196 4302 voluptas
1218 4219 1338 4294 locum,
1367 4241 1431 4283 uou
1455 4222 1548 4283 modo
1571 4221 1644 4295 illa,
1671 4241 1769 4305 quam

436 4316 469 4377 ln
494 4322 581 4378 motu
604 4336 674 4379 esse
698 4314 818 4388 dicitis,
844 4334 938 4397 quam
962 4334 1072 4376 omues
1095 4314 1224 4385 urbanI,
1246 4314 1369 4387 rustici,
1393 4334 1519 4388 omnes,
1542 4315 1687 4398 inquam,
1711 4319 1769 4400 qui

338 4421 343 4432 '
437 4409 548 4472 Latine
570 4410 733 4482 locuntur,
756 4408 948 4490 voluptatem
971 4414 1100 4480 vocant,
1125 4407 1180 4468 sed
1203 4425 1243 4468 ne
1264 4407 1345 4469 haec
1361 4408 1489 4489 quidem
1512 4407 1647 4483 stabilIs,
1670 4428 1768 4492 quam

437 4509 563 4585 praeter
583 4523 640 4566 vos
662 4522 755 4565 nemo
778 4502 916 4585 appellat
937 4503 1141 4583 voluptatem.

400 4621 428 4667 35
522 4596 637 4659 XXIV.
662 4595 741 4660 Vide
763 4596 861 4677 igitur
883 4615 923 4658 ue
946 4616 1011 4657 uon
1033 4594 1149 4657 debeas
1169 4594 1273 4657 verbis
1296 4596 1412 4657 uostris
1426 4596 1489 4669 uti,
1512 4596 1677 4672 sententiis
1693 4598 1768 4662 tuis.

438 4690 532 4766 Quod
563 4690 589 4753 si
622 4691 742 4754 vultum
765 4690 841 4763 tibi,
871 4691 896 4752 si
917 4691 1075 4752 incessum
1099 4687 1249 4771 fingeres,
1281 4709 1344 4770 quo
1367 4692 1492 4770 gravior
1513 4689 1671 4765 viderere,
1701 4712 1768 4756 nou

438 4803 525 4847 esses
552 4785 597 4846 tui
628 4784 756 4847 similis:
785 4783 880 4846 verba
907 4791 942 4846 tu
969 4780 1068 4866 liugas
1099 4792 1131 4844 et
1160 4802 1198 4845 ea
1219 4783 1322 4855 dicae,
1353 4804 1435 4866 quae
1457 4805 1521 4847 nou
1544 4788 1683 4848 sentias?
1712 4796 1768 4852 aut

439 4880 550 4952 etiam,
573 4885 610 4940 ut
630 4878 796 4949 vestitum,
819 4878 864 4939 sic
887 4878 1077 4939 seutentiam
1099 4876 1216 4939 habeas
1239 4876 1333 4938 aliam
1355 4877 1575 4952 domesticam,
1602 4880 1696 4943 aliam
1718 4880 1767 4944 fo·

439 4991 574 5045 murem,
596 4978 632 5034 ut
647 4971 681 5033 iu
696 4970 799 5033 lronte
815 4970 984 5033 ostentatio
999 4971 1050 5045 rit,
1072 4972 1157 5034 intus
1172 4971 1287 5034 veritas
1303 4971 1497 5034 occultetur?
1520 4973 1611 5046 Vide,
1635 4994 1768 5057 quaeso,

504 5187 527 5235 t.
546 5187 615 5235 duos
631 5192 654 5235 te
670 5186 731 5236 llll:
756 5190 779 5235 tc
796 5186 865 5234 dicos
881 5185 901 5233 0
921 5212 948 5222 -
972 5188 996 5234 5.
1017 5188 1081 5246 quod
1098 5191 1134 5236 A:
1154 5200 1206 5236 orn.
1226 5189 1244 5236 Β
1265 5214 1291 5221 -
1313 5188 1337 5236 6.
1356 5187 1485 5236 masmar
1501 5188 1535 5236 B:
1554 5189 1679 5239 caietimcs
1696 5193 1717 5241 Α
1737 5218 1764 5227 —

439 5260 507 5325 quos]
522 5261 588 5323 quod
604 5261 623 5310 Β
637 5261 698 5323 (non
710 5260 738 5321 Β)
753 5287 779 5295 -
799 5261 823 5310 7.
836 5261 940 5322 loquore
955 5274 1053 5311 uenam.
1072 5268 1122 5310 esto
1135 5266 1169 5320 rt;
1188 5263 1288 5323 loquere
1303 5276 1390 5312 omum
1406 5268 1456 5313 esto
1468 5264 1516 5313 BE
1531 5290 1557 5298 —
1578 5265 1617 5313 ⁴0.
1631 5265 1769 5328 voluptaris

438 5337 498 5387 Β-
517 5334 627 5384 oidettcet
643 5335 787 5385 Manutius:
806 5336 875 5384 uides
891 5334 970 5384 codd.
990 5337 1016 5384 et
1033 5336 1052 5385 0
1071 5362 1097 5371 -
1118 5338 1158 5385 tt.
1176 5350 1233 5385 cum
1250 5339 1330 5386 dialis
1347 5350 1399 5386 orn.
1414 5339 1435 5387 D
1450 5364 1476 5373 -
1497 5338 1536 5388 tt.
1556 5343 1616 5387 noto
1631 5343 1667 5388 cst
1683 5343 1768 5391 omoi-

438 5410 482 5459 bur
499 5411 531 5459 A:
550 5408 663 5458 ostroldus
677 5416 738 5459 noto
755 5414 789 5460 est
805 5411 889 5460 Bllo
907 5437 934 5446 -
954 5411 994 5461 43,
1013 5418 1040 5460 ot
1057 5425 1109 5461 om.
1130 5414 1148 5461 Β
1168 5416 1228 5475 (non
1246 5413 1273 5474 Ε)
1293 5437 1320 5447 -
1339 5413 1386 5476 me]
1404 5425 1435 5461 ne
1451 5413 1499 5462 BE
1518 5438 1545 5448 -
1566 5412 1606 5463 ll.
1624 5414 1696 5479 scin]
1715 5418 1768 5466 sci-

437 5491 509 5535 retur
524 5484 544 5534 Β
559 5485 642 5533 -ta
661 5496 717 5533 com
733 5489 760 5533 tu
775 5485 882 5535 uelut:
901 5485 961 5535 coln
976 5490 1003 5534 tu
1020 5499 1075 5535 com
1094 5488 1146 5536 ΒΜ
1162 5510 1187 5522 -
1210 5489 1250 5537 ld.
1270 5488 1324 5537 dtcr'
1341 5501 1385 5550 epo
1402 5488 1488 5537 BE·
1507 5490 1686 5550 sumpno
1702 5491 1766 5541 Β-

439 5561 594 5621 aanor:
613 5559 866 5621 qouBE3colt10
886 5588 912 5596 -
934 5561 972 5609 48.
991 5562 1128 5610 ossitB-
1149 5563 1285 5612 comAB:
1304 5563 1517 5624 comqaello—
1537 5564 1623 5613 aaa
1639 5578 1687 5627 quo
1704 5579 1768 5616 con-

437 5640 513 5683 ventu
527 5634 565 5683 vir
581 5634 601 5684 Β
615 5659 642 5669 -
661 5640 684 5684 tc
700 5634 793 5697 ornato]
811 5636 895 5685 monio
912 5642 935 5685 te
947 5639 981 5694 Λ;
1001 5637 1049 5686 sed
1068 5639 1197 5687 incertum
1215 5639 1257 5687 cst
1274 5639 1361 5686 utrum
1374 5637 1400 5685 h.
1415 5634 1431 5685 l.
1444 5650 1477 5685 en
1490 5651 1515 5686 v.
1528 5639 1570 5687 ΒΟ.
1584 5663 1611 5673 -
1629 5640 1670 5689 ao.
1683 5641 1713 5690 Sl
1726 5641 1767 5707 aa]

439 5711 501 5758 Stoa
517 5710 537 5759 E
548 5735 581 5745 -
598 5709 696 5770 onmem
708 5711 742 5759 ll:
762 5710 821 5772 quid
837 5716 872 5760 eat
888 5712 936 5761 BE
950 5735 976 5747 -
996 5714 1037 5761 ἥ.
1050 5718 1097 5761 toa
1108 5716 1142 5763 A:
1162 5714 1199 5761 tot
1215 5714 1234 5762 Β
1250 5739 1275 5748 -
1295 5710 1335 5761 al.
1352 5717 1428 5773 putus
1440 5712 1499 5761 cod.
1514 5714 1679 5766 Monacensis
1690 5716 1767 5766 ltad-

440 5785 499 5847 vIgil
510 5797 515 5832 ε
531 5790 603 5847 putes
618 5786 667 5836 ΑΒ
677 5787 697 5835 0
716 5811 743 5821 -
761 5799 862 5847 aequm
873 5789 908 5837 rt:
926 5800 1031 5851 sequare
1047 5790 1066 5837 Β
1077 5790 1100 5837 M
1110 5789 1130 5837 0
1142 5813 1169 5822 -
1189 5789 1230 5836 25.
1246 5788 1359 5849 profiteri
1374 5788 1433 5837 AB:
1451 5790 1563 5851 profiteri
1579 5796 1664 5841 omero
1674 5792 1726 5841 alo
1738 5819 1765 5831 -

441 5858 481 5908 30.
494 5861 658 5967 opopnr'flceto
671 5860 749 5912 cubo
764 5861 815 5912 Β-
833 5861 874 5911 3⁶.
892 5861 987 5925 mosas]
1004 5861 1097 5912 dubins
1113 5864 1134 5912 D
1149 5889 1175 5897 -
1195 5863 1235 5912 36.
1252 5864 1375 5927 srtnpcres
1390 5864 1455 5914 A-
1472 5862 1512 5914 ³7.
1530 5877 1580 5916 esse
1595 5866 1656 5916 B·
1675 5866 1716 5918 38.
1729 5868 1766 5933 ut]

441 5933 619 6000 mmmm
