<?xml version="1.0" encoding="UTF-8"?>
<!DOCTYPE html PUBLIC "-//W3C//DTD XHTML 1.0 Transitional//EN"
    "http://www.w3.org/TR/xhtml1/DTD/xhtml1-transitional.dtd">
<html xmlns="http://www.w3.org/1999/xhtml" xml:lang="en" lang="en">
 <head>
  <title>
</title>
<meta http-equiv="Content-Type" content="text/html;charset=utf-8" />
  <meta name='ocr-system' content='tesseract 3.04.00' />
  <meta name='ocr-capabilities' content='ocr_page ocr_carea ocr_par ocr_line ocrx_word'/>
</head>
<body>
  <div class='ocr_page' id='page_1' title='image "./operaquaesupers00halmgoog/operaquaesupers00halmgoog_0458.png"; bbox 0 0 4342 7459; ppageno 0'>
   <div class='ocr_carea' id='block_1_1' title="bbox 442 1233 1318 1306">
    <p class='ocr_par' dir='ltr' id='par_1_1' title="bbox 442 1233 1318 1306">
     <span class='ocr_line' id='line_1_1' title="bbox 442 1233 1318 1306; baseline 0.001 -2"><span class='ocrx_word' id='word_1_1' title='bbox 442 1233 504 1305; x_wconf 66' lang='lat' dir='ltr'><strong>lli</strong></span> <span class='ocrx_word' id='word_1_2' title='bbox 889 1242 942 1305; x_wconf 86' lang='lat' dir='ltr'><strong>DE</strong></span> <span class='ocrx_word' id='word_1_3' title='bbox 963 1239 1135 1306; x_wconf 80' lang='lat' dir='ltr'>DEORUM</span> <span class='ocrx_word' id='word_1_4' title='bbox 1155 1239 1318 1305; x_wconf 75' lang='lat' dir='ltr'>NATURA</span> 
     </span>
    </p>
   </div>
   <div class='ocr_carea' id='block_1_2' title="bbox 399 1400 1771 4865">
    <p class='ocr_par' dir='ltr' id='par_1_2' title="bbox 399 1400 1771 4865">
     <span class='ocr_line' id='line_1_2' title="bbox 441 1400 1767 1485; baseline 0.005 -21"><span class='ocrx_word' id='word_1_5' title='bbox 441 1400 579 1483; x_wconf 72' lang='lat' dir='ltr'><strong>legatur,</strong></span> <span class='ocrx_word' id='word_1_6' title='bbox 612 1406 749 1484; x_wconf 87' lang='lat' dir='ltr'><strong>quantae</strong></span> <span class='ocrx_word' id='word_1_7' title='bbox 776 1421 827 1465; x_wconf 89' lang='lat' dir='ltr'><strong>res</strong></span> <span class='ocrx_word' id='word_1_8' title='bbox 854 1402 1035 1466; x_wconf 87' lang='lat' dir='ltr'><strong>bominibus</strong></span> <span class='ocrx_word' id='word_1_9' title='bbox 1065 1421 1084 1465; x_wconf 91' lang='lat' dir='ltr'><strong>a</strong></span> <span class='ocrx_word' id='word_1_10' title='bbox 1111 1401 1161 1465; x_wconf 92' lang='lat' dir='ltr'><strong>dis</strong></span> <span class='ocrx_word' id='word_1_11' title='bbox 1189 1422 1351 1485; x_wconf 84' lang='lat' dir='ltr'><strong>quamque</strong></span> <span class='ocrx_word' id='word_1_12' title='bbox 1373 1402 1506 1467; x_wconf 84' lang='lat' dir='ltr'><strong>eximias</strong></span> <span class='ocrx_word' id='word_1_13' title='bbox 1534 1403 1672 1469; x_wconf 83' lang='lat' dir='ltr'><strong>tributae</strong></span> <span class='ocrx_word' id='word_1_14' title='bbox 1692 1406 1767 1470; x_wconf 70' lang='lat' dir='ltr'><strong>sins</strong></span> 
     </span>
     <span class='ocr_line' id='line_1_3' title="bbox 441 1494 1767 1578; baseline 0.005 -21"><span class='ocrx_word' id='word_1_15' title='bbox 441 1494 530 1570; x_wconf 84' lang='lat' dir='ltr'><strong>Quae</strong></span> <span class='ocrx_word' id='word_1_16' title='bbox 552 1495 687 1578; x_wconf 87' lang='lat' dir='ltr'><strong>primum</strong></span> <span class='ocrx_word' id='word_1_17' title='bbox 707 1515 764 1559; x_wconf 87' lang='lat' dir='ltr'><strong>eos</strong></span> <span class='ocrx_word' id='word_1_18' title='bbox 784 1496 882 1560; x_wconf 89' lang='lat' dir='ltr'><strong>burno</strong></span> <span class='ocrx_word' id='word_1_19' title='bbox 904 1496 1058 1560; x_wconf 87' lang='lat' dir='ltr'><strong>excitatos</strong></span> <span class='ocrx_word' id='word_1_20' title='bbox 1080 1495 1182 1558; x_wconf 89' lang='lat' dir='ltr'><strong>celsos</strong></span> <span class='ocrx_word' id='word_1_21' title='bbox 1203 1503 1235 1558; x_wconf 93' lang='lat' dir='ltr'><strong>et</strong></span> <span class='ocrx_word' id='word_1_22' title='bbox 1249 1503 1369 1559; x_wconf 78' lang='lat' dir='ltr'><strong>moetos</strong></span> <span class='ocrx_word' id='word_1_23' title='bbox 1384 1498 1562 1573; x_wconf 87' lang='lat' dir='ltr'><strong>constitnit,</strong></span> <span class='ocrx_word' id='word_1_24' title='bbox 1583 1506 1619 1561; x_wconf 90' lang='lat' dir='ltr'><strong>ul</strong></span> <span class='ocrx_word' id='word_1_25' title='bbox 1633 1499 1767 1570; x_wconf 74' lang='lat' dir='ltr'><strong>deorum</strong></span> 
     </span>
     <span class='ocr_line' id='line_1_4' title="bbox 440 1588 1768 1672; baseline 0.004 -20"><span class='ocrx_word' id='word_1_26' title='bbox 440 1588 652 1670; x_wconf 71' lang='lat' dir='ltr'><strong>cognitionem</strong></span> <span class='ocrx_word' id='word_1_27' title='bbox 673 1589 796 1655; x_wconf 90' lang='lat' dir='ltr'><strong>caelum</strong></span> <span class='ocrx_word' id='word_1_28' title='bbox 817 1590 977 1654; x_wconf 88' lang='lat' dir='ltr'><strong>intuentes</strong></span> <span class='ocrx_word' id='word_1_29' title='bbox 998 1607 1112 1670; x_wconf 84' lang='lat' dir='ltr'><strong>capere</strong></span> <span class='ocrx_word' id='word_1_30' title='bbox 1132 1596 1281 1672; x_wconf 88' lang='lat' dir='ltr'><strong>possant;</strong></span> <span class='ocrx_word' id='word_1_31' title='bbox 1302 1597 1378 1653; x_wconf 91' lang='lat' dir='ltr'><strong>sunt</strong></span> <span class='ocrx_word' id='word_1_32' title='bbox 1399 1591 1483 1653; x_wconf 86' lang='lat' dir='ltr'><strong>enim</strong></span> <span class='ocrx_word' id='word_1_33' title='bbox 1504 1611 1546 1656; x_wconf 83' lang='lat' dir='ltr'><strong>ex</strong></span> <span class='ocrx_word' id='word_1_34' title='bbox 1566 1599 1651 1655; x_wconf 82' lang='lat' dir='ltr'><strong>terra</strong></span> <span class='ocrx_word' id='word_1_35' title='bbox 1665 1592 1768 1657; x_wconf 72' lang='lat' dir='ltr'><strong>boni·</strong></span> 
     </span>
     <span class='ocr_line' id='line_1_5' title="bbox 440 1682 1767 1769; baseline 0.007 -26"><span class='ocrx_word' id='word_1_36' title='bbox 440 1700 498 1744; x_wconf 88' lang='lat' dir='ltr'><strong>nes</strong></span> <span class='ocrx_word' id='word_1_37' title='bbox 520 1701 584 1744; x_wconf 92' lang='lat' dir='ltr'><strong>non</strong></span> <span class='ocrx_word' id='word_1_38' title='bbox 606 1691 642 1745; x_wconf 88' lang='lat' dir='ltr'><strong>nt</strong></span> <span class='ocrx_word' id='word_1_39' title='bbox 661 1682 786 1748; x_wconf 87' lang='lat' dir='ltr'><strong>incolae</strong></span> <span class='ocrx_word' id='word_1_40' title='bbox 807 1692 902 1767; x_wconf 87' lang='lat' dir='ltr'><strong>atque</strong></span> <span class='ocrx_word' id='word_1_41' title='bbox 922 1683 1129 1757; x_wconf 74' lang='lat' dir='ltr'><strong>habitatores,</strong></span> <span class='ocrx_word' id='word_1_42' title='bbox 1159 1682 1215 1746; x_wconf 89' lang='lat' dir='ltr'><strong>sed</strong></span> <span class='ocrx_word' id='word_1_43' title='bbox 1246 1684 1338 1766; x_wconf 80' lang='lat' dir='ltr'>quasi</span> <span class='ocrx_word' id='word_1_44' title='bbox 1363 1691 1558 1767; x_wconf 72' lang='lat' dir='ltr'><strong>spectatores</strong></span> <span class='ocrx_word' id='word_1_45' title='bbox 1580 1704 1767 1769; x_wconf 79' lang='lat' dir='ltr'><strong>superarum</strong></span> 
     </span>
     <span class='ocr_line' id='line_1_6' title="bbox 416 1774 1768 1862; baseline 0.007 -25"><span class='ocrx_word' id='word_1_46' title='bbox 416 1789 545 1838; x_wconf 81' lang='lat' dir='ltr'><strong>ererum</strong></span> <span class='ocrx_word' id='word_1_47' title='bbox 568 1784 662 1859; x_wconf 88' lang='lat' dir='ltr'><strong>atque</strong></span> <span class='ocrx_word' id='word_1_48' title='bbox 685 1778 883 1853; x_wconf 88' lang='lat' dir='ltr'><strong>caelestium,</strong></span> <span class='ocrx_word' id='word_1_49' title='bbox 905 1796 1039 1861; x_wconf 62' lang='lat' dir='ltr'><strong>waram</strong></span> <span class='ocrx_word' id='word_1_50' title='bbox 1060 1776 1276 1859; x_wconf 84' lang='lat' dir='ltr'><strong>spectaculum</strong></span> <span class='ocrx_word' id='word_1_51' title='bbox 1291 1774 1331 1839; x_wconf 86' lang='lat' dir='ltr'><strong>ad</strong></span> <span class='ocrx_word' id='word_1_52' title='bbox 1346 1777 1470 1841; x_wconf 86' lang='lat' dir='ltr'><strong>nullum</strong></span> <span class='ocrx_word' id='word_1_53' title='bbox 1485 1778 1571 1842; x_wconf 88' lang='lat' dir='ltr'><strong>aliud</strong></span> <span class='ocrx_word' id='word_1_54' title='bbox 1585 1799 1686 1862; x_wconf 74' lang='lat' dir='ltr'><strong>genus</strong></span> <span class='ocrx_word' id='word_1_55' title='bbox 1700 1781 1768 1846; x_wconf 83' lang='lat' dir='ltr'><strong>ani·</strong></span> 
     </span>
     <span class='ocr_line' id='line_1_7' title="bbox 439 1868 1767 1959; baseline 0.005 -28"><span class='ocrx_word' id='word_1_56' title='bbox 439 1868 590 1932; x_wconf 86' lang='lat' dir='ltr'><strong>mantiam</strong></span> <span class='ocrx_word' id='word_1_57' title='bbox 618 1870 766 1951; x_wconf 81' lang='lat' dir='ltr'><strong>pertinet.</strong></span> <span class='ocrx_word' id='word_1_58' title='bbox 806 1871 925 1934; x_wconf 88' lang='lat' dir='ltr'><strong>Sensus</strong></span> <span class='ocrx_word' id='word_1_59' title='bbox 953 1877 1058 1933; x_wconf 86' lang='lat' dir='ltr'><strong>autem</strong></span> <span class='ocrx_word' id='word_1_60' title='bbox 1087 1870 1274 1951; x_wconf 84' lang='lat' dir='ltr'><strong>interpretes</strong></span> <span class='ocrx_word' id='word_1_61' title='bbox 1300 1888 1337 1932; x_wconf 91' lang='lat' dir='ltr'><strong>ac</strong></span> <span class='ocrx_word' id='word_1_62' title='bbox 1359 1870 1462 1933; x_wconf 88' lang='lat' dir='ltr'><strong>nuntii</strong></span> <span class='ocrx_word' id='word_1_63' title='bbox 1482 1890 1587 1935; x_wconf 89' lang='lat' dir='ltr'><strong>rerum</strong></span> <span class='ocrx_word' id='word_1_64' title='bbox 1609 1873 1643 1935; x_wconf 92' lang='lat' dir='ltr'><strong>in</strong></span> <span class='ocrx_word' id='word_1_65' title='bbox 1666 1875 1767 1959; x_wconf 84' lang='lat' dir='ltr'><strong>capito</strong></span> 
     </span>
     <span class='ocr_line' id='line_1_8' title="bbox 439 1961 1767 2045; baseline 0.005 -21"><span class='ocrx_word' id='word_1_66' title='bbox 439 1969 598 2045; x_wconf 90' lang='lat' dir='ltr'><strong>tamquam</strong></span> <span class='ocrx_word' id='word_1_67' title='bbox 620 1964 654 2024; x_wconf 94' lang='lat' dir='ltr'><strong>in</strong></span> <span class='ocrx_word' id='word_1_68' title='bbox 675 1983 748 2026; x_wconf 90' lang='lat' dir='ltr'><strong>arce</strong></span> <span class='ocrx_word' id='word_1_69' title='bbox 771 1961 898 2027; x_wconf 84' lang='lat' dir='ltr'><strong>mirifice</strong></span> <span class='ocrx_word' id='word_1_70' title='bbox 920 1963 961 2026; x_wconf 90' lang='lat' dir='ltr'><strong>ad</strong></span> <span class='ocrx_word' id='word_1_71' title='bbox 982 1984 1060 2026; x_wconf 89' lang='lat' dir='ltr'><strong>usus</strong></span> <span class='ocrx_word' id='word_1_72' title='bbox 1081 1963 1277 2026; x_wconf 85' lang='lat' dir='ltr'><strong>necessarios</strong></span> <span class='ocrx_word' id='word_1_73' title='bbox 1300 1971 1332 2024; x_wconf 91' lang='lat' dir='ltr'><strong>et</strong></span> <span class='ocrx_word' id='word_1_74' title='bbox 1352 1963 1426 2025; x_wconf 82' lang='lat' dir='ltr'><strong>lacti</strong></span> <span class='ocrx_word' id='word_1_75' title='bbox 1448 1971 1480 2027; x_wconf 91' lang='lat' dir='ltr'><strong>et</strong></span> <span class='ocrx_word' id='word_1_76' title='bbox 1501 1965 1657 2030; x_wconf 88' lang='lat' dir='ltr'><strong>conlocati</strong></span> <span class='ocrx_word' id='word_1_77' title='bbox 1679 1975 1767 2044; x_wconf 67' lang='lat' dir='ltr'><strong>sunta</strong></span> 
     </span>
     <span class='ocr_line' id='line_1_9' title="bbox 438 2055 1766 2143; baseline 0.006 -25"><span class='ocrx_word' id='word_1_78' title='bbox 438 2075 512 2119; x_wconf 91' lang='lat' dir='ltr'><strong>nam</strong></span> <span class='ocrx_word' id='word_1_79' title='bbox 540 2055 625 2120; x_wconf 90' lang='lat' dir='ltr'><strong>oculi</strong></span> <span class='ocrx_word' id='word_1_80' title='bbox 656 2064 816 2139; x_wconf 85' lang='lat' dir='ltr'><strong>tamqnam</strong></span> <span class='ocrx_word' id='word_1_81' title='bbox 850 2057 1067 2139; x_wconf 86' lang='lat' dir='ltr'><strong>speculatores</strong></span> <span class='ocrx_word' id='word_1_82' title='bbox 1096 2056 1285 2120; x_wconf 89' lang='lat' dir='ltr'><strong>altissimum</strong></span> <span class='ocrx_word' id='word_1_83' title='bbox 1314 2057 1419 2120; x_wconf 89' lang='lat' dir='ltr'><strong>locum</strong></span> <span class='ocrx_word' id='word_1_84' title='bbox 1445 2059 1606 2140; x_wconf 87' lang='lat' dir='ltr'><strong>optinent,</strong></span> <span class='ocrx_word' id='word_1_85' title='bbox 1639 2079 1682 2125; x_wconf 83' lang='lat' dir='ltr'><strong>ex</strong></span> <span class='ocrx_word' id='word_1_86' title='bbox 1703 2080 1766 2143; x_wconf 88' lang='lat' dir='ltr'><strong>quo</strong></span> 
     </span>
     <span class='ocr_line' id='line_1_10' title="bbox 438 2145 1768 2233; baseline 0.007 -22"><span class='ocrx_word' id='word_1_87' title='bbox 438 2149 575 2232; x_wconf 89' lang='lat' dir='ltr'><strong>plurima</strong></span> <span class='ocrx_word' id='word_1_88' title='bbox 596 2151 828 2233; x_wconf 84' lang='lat' dir='ltr'><strong>conspicientes</strong></span> <span class='ocrx_word' id='word_1_89' title='bbox 850 2151 1022 2232; x_wconf 73' lang='lat' dir='ltr'><strong>iungantur</strong></span> <span class='ocrx_word' id='word_1_90' title='bbox 1042 2170 1101 2213; x_wconf 91' lang='lat' dir='ltr'><strong>suo</strong></span> <span class='ocrx_word' id='word_1_91' title='bbox 1123 2169 1273 2224; x_wconf 91' lang='lat' dir='ltr'><strong>munere,</strong></span> <span class='ocrx_word' id='word_1_92' title='bbox 1295 2145 1367 2228; x_wconf 76' lang='lat' dir='ltr'><strong>lli,</strong></span> <span class='ocrx_word' id='word_1_93' title='bbox 1390 2158 1422 2213; x_wconf 89' lang='grc'><strong>44</strong></span> <span class='ocrx_word' id='word_1_94' title='bbox 1436 2172 1544 2226; x_wconf 89' lang='lat' dir='ltr'><strong>aures,</strong></span> <span class='ocrx_word' id='word_1_95' title='bbox 1567 2173 1640 2216; x_wconf 89' lang='lat' dir='ltr'><strong>cum</strong></span> <span class='ocrx_word' id='word_1_96' title='bbox 1655 2173 1768 2220; x_wconf 88' lang='lat' dir='ltr'><strong>sonum</strong></span> 
     </span>
     <span class='ocr_line' id='line_1_11' title="bbox 401 2236 1767 2331; baseline 0.005 -26"><span class='ocrx_word' id='word_1_97' title='bbox 401 2243 604 2327; x_wconf 75' lang='lat' dir='ltr'><strong>toparcipcre</strong></span> <span class='ocrx_word' id='word_1_98' title='bbox 631 2236 782 2319; x_wconf 82' lang='lat' dir='ltr'><strong>debeant,</strong></span> <span class='ocrx_word' id='word_1_99' title='bbox 812 2246 867 2329; x_wconf 92' lang='lat' dir='ltr'><strong>qui</strong></span> <span class='ocrx_word' id='word_1_100' title='bbox 898 2254 1008 2309; x_wconf 89' lang='lat' dir='ltr'><strong>natura</strong></span> <span class='ocrx_word' id='word_1_101' title='bbox 1038 2244 1171 2307; x_wconf 91' lang='lat' dir='ltr'><strong>sublime</strong></span> <span class='ocrx_word' id='word_1_102' title='bbox 1199 2243 1313 2317; x_wconf 81' lang='lat' dir='ltr'><strong>fertur,</strong></span> <span class='ocrx_word' id='word_1_103' title='bbox 1342 2252 1428 2306; x_wconf 89' lang='lat' dir='ltr'><strong>recte</strong></span> <span class='ocrx_word' id='word_1_104' title='bbox 1450 2245 1483 2306; x_wconf 90' lang='lat' dir='ltr'><strong>in</strong></span> <span class='ocrx_word' id='word_1_105' title='bbox 1506 2246 1578 2308; x_wconf 90' lang='lat' dir='ltr'><strong>altis</strong></span> <span class='ocrx_word' id='word_1_106' title='bbox 1600 2266 1767 2331; x_wconf 84' lang='lat' dir='ltr'><strong>corporum</strong></span> 
     </span>
     <span class='ocr_line' id='line_1_12' title="bbox 438 2337 1769 2423; baseline 0.004 -22"><span class='ocrx_word' id='word_1_107' title='bbox 438 2337 581 2420; x_wconf 88' lang='lat' dir='ltr'><strong>partibus</strong></span> <span class='ocrx_word' id='word_1_108' title='bbox 603 2338 775 2402; x_wconf 88' lang='lat' dir='ltr'><strong>collocatae</strong></span> <span class='ocrx_word' id='word_1_109' title='bbox 797 2348 887 2414; x_wconf 88' lang='lat' dir='ltr'><strong>sunt,</strong></span> <span class='ocrx_word' id='word_1_110' title='bbox 909 2339 1048 2422; x_wconf 89' lang='lat' dir='ltr'><strong>itemque</strong></span> <span class='ocrx_word' id='word_1_111' title='bbox 1071 2356 1164 2400; x_wconf 88' lang='lat' dir='ltr'><strong>nares</strong></span> <span class='ocrx_word' id='word_1_112' title='bbox 1187 2344 1233 2411; x_wconf 89' lang='lat' dir='ltr'><strong>et,</strong></span> <span class='ocrx_word' id='word_1_113' title='bbox 1256 2337 1342 2420; x_wconf 93' lang='lat' dir='ltr'><strong>quod</strong></span> <span class='ocrx_word' id='word_1_114' title='bbox 1366 2338 1469 2401; x_wconf 85' lang='lat' dir='ltr'><strong>omnis</strong></span> <span class='ocrx_word' id='word_1_115' title='bbox 1488 2338 1569 2401; x_wconf 91' lang='lat' dir='ltr'><strong>odor</strong></span> <span class='ocrx_word' id='word_1_116' title='bbox 1590 2340 1630 2403; x_wconf 93' lang='lat' dir='ltr'><strong>ad</strong></span> <span class='ocrx_word' id='word_1_117' title='bbox 1653 2360 1769 2423; x_wconf 83' lang='lat' dir='ltr'><strong>supera</strong></span> 
     </span>
     <span class='ocr_line' id='line_1_13' title="bbox 438 2430 1768 2518; baseline 0.005 -25"><span class='ocrx_word' id='word_1_118' title='bbox 438 2430 551 2506; x_wconf 83' lang='lat' dir='ltr'><strong>iertnr,</strong></span> <span class='ocrx_word' id='word_1_119' title='bbox 580 2439 666 2495; x_wconf 89' lang='lat' dir='ltr'><strong>recte</strong></span> <span class='ocrx_word' id='word_1_120' title='bbox 696 2452 821 2495; x_wconf 89' lang='lat' dir='ltr'><strong>sursum</strong></span> <span class='ocrx_word' id='word_1_121' title='bbox 850 2440 925 2495; x_wconf 91' lang='lat' dir='ltr'><strong>sunt</strong></span> <span class='ocrx_word' id='word_1_122' title='bbox 952 2440 1001 2506; x_wconf 88' lang='lat' dir='ltr'><strong>et,</strong></span> <span class='ocrx_word' id='word_1_123' title='bbox 1030 2432 1117 2515; x_wconf 91' lang='lat' dir='ltr'><strong>quod</strong></span> <span class='ocrx_word' id='word_1_124' title='bbox 1139 2431 1201 2494; x_wconf 90' lang='lat' dir='ltr'><strong>cibi</strong></span> <span class='ocrx_word' id='word_1_125' title='bbox 1224 2439 1256 2493; x_wconf 92' lang='lat' dir='ltr'><strong>et</strong></span> <span class='ocrx_word' id='word_1_126' title='bbox 1282 2432 1422 2513; x_wconf 90' lang='lat' dir='ltr'><strong>potionis</strong></span> <span class='ocrx_word' id='word_1_127' title='bbox 1443 2432 1596 2495; x_wconf 88' lang='lat' dir='ltr'><strong>iudicium</strong></span> <span class='ocrx_word' id='word_1_128' title='bbox 1619 2454 1768 2518; x_wconf 73' lang='lat' dir='ltr'><strong>magnum</strong></span> 
     </span>
     <span class='ocr_line' id='line_1_14' title="bbox 439 2526 1768 2612; baseline 0.005 -25"><span class='ocrx_word' id='word_1_129' title='bbox 439 2543 547 2587; x_wconf 86' lang='lat' dir='ltr'><strong>earum</strong></span> <span class='ocrx_word' id='word_1_130' title='bbox 569 2534 632 2600; x_wconf 90' lang='lat' dir='ltr'><strong>est,</strong></span> <span class='ocrx_word' id='word_1_131' title='bbox 656 2545 719 2588; x_wconf 93' lang='lat' dir='ltr'><strong>non</strong></span> <span class='ocrx_word' id='word_1_132' title='bbox 742 2526 812 2589; x_wconf 92' lang='lat' dir='ltr'><strong>sine</strong></span> <span class='ocrx_word' id='word_1_133' title='bbox 833 2546 927 2589; x_wconf 87' lang='lat' dir='ltr'><strong>causa</strong></span> <span class='ocrx_word' id='word_1_134' title='bbox 948 2526 1140 2592; x_wconf 80' lang='lat' dir='ltr'><strong>vicinitatem</strong></span> <span class='ocrx_word' id='word_1_135' title='bbox 1164 2526 1227 2588; x_wconf 90' lang='lat' dir='ltr'><strong>oris</strong></span> <span class='ocrx_word' id='word_1_136' title='bbox 1250 2537 1375 2589; x_wconf 88' lang='lat' dir='ltr'><strong>secutae</strong></span> <span class='ocrx_word' id='word_1_137' title='bbox 1397 2534 1480 2589; x_wconf 88' lang='lat' dir='ltr'><strong>sunt.</strong></span> <span class='ocrx_word' id='word_1_138' title='bbox 1526 2527 1591 2591; x_wconf 87' lang='lat' dir='ltr'><strong>lam</strong></span> <span class='ocrx_word' id='word_1_139' title='bbox 1612 2538 1768 2612; x_wconf 56' lang='lat' dir='ltr'><strong>metatus,</strong></span> 
     </span>
     <span class='ocr_line' id='line_1_15' title="bbox 439 2619 1768 2706; baseline 0.002 -25"><span class='ocrx_word' id='word_1_140' title='bbox 439 2619 495 2702; x_wconf 93' lang='lat' dir='ltr'><strong>qni</strong></span> <span class='ocrx_word' id='word_1_141' title='bbox 518 2620 636 2682; x_wconf 90' lang='lat' dir='ltr'><strong>sentire</strong></span> <span class='ocrx_word' id='word_1_142' title='bbox 658 2638 782 2694; x_wconf 91' lang='lat' dir='ltr'><strong>eorum,</strong></span> <span class='ocrx_word' id='word_1_143' title='bbox 805 2619 920 2703; x_wconf 90' lang='lat' dir='ltr'><strong>quibus</strong></span> <span class='ocrx_word' id='word_1_144' title='bbox 942 2620 1116 2694; x_wconf 70' lang='lat' dir='ltr'><strong>wsdmur,</strong></span> <span class='ocrx_word' id='word_1_145' title='bbox 1145 2639 1261 2701; x_wconf 77' lang='lat' dir='ltr'><strong>genera</strong></span> <span class='ocrx_word' id='word_1_146' title='bbox 1283 2620 1393 2694; x_wconf 88' lang='lat' dir='ltr'><strong>debet,</strong></span> <span class='ocrx_word' id='word_1_147' title='bbox 1423 2619 1544 2684; x_wconf 89' lang='lat' dir='ltr'><strong>babitat</strong></span> <span class='ocrx_word' id='word_1_148' title='bbox 1564 2621 1599 2683; x_wconf 92' lang='lat' dir='ltr'><strong>in</strong></span> <span class='ocrx_word' id='word_1_149' title='bbox 1621 2641 1660 2684; x_wconf 88' lang='lat' dir='ltr'><strong>ea</strong></span> <span class='ocrx_word' id='word_1_150' title='bbox 1679 2630 1768 2706; x_wconf 85' lang='lat' dir='ltr'><strong>parts</strong></span> 
     </span>
     <span class='ocr_line' id='line_1_16' title="bbox 401 2712 1769 2797; baseline 0.003 -21"><span class='ocrx_word' id='word_1_151' title='bbox 401 2715 521 2788; x_wconf 77' lang='lat' dir='ltr'><strong>aroris,</strong></span> <span class='ocrx_word' id='word_1_152' title='bbox 544 2734 606 2797; x_wconf 86' lang='lat' dir='ltr'><strong>qna</strong></span> <span class='ocrx_word' id='word_1_153' title='bbox 627 2714 797 2778; x_wconf 90' lang='lat' dir='ltr'><strong>esculentis</strong></span> <span class='ocrx_word' id='word_1_154' title='bbox 820 2723 852 2776; x_wconf 91' lang='lat' dir='ltr'><strong>et</strong></span> <span class='ocrx_word' id='word_1_155' title='bbox 872 2712 1044 2794; x_wconf 84' lang='lat' dir='ltr'><strong>petulantis</strong></span> <span class='ocrx_word' id='word_1_156' title='bbox 1067 2715 1128 2776; x_wconf 90' lang='lat' dir='ltr'><strong>iter</strong></span> <span class='ocrx_word' id='word_1_157' title='bbox 1148 2723 1260 2776; x_wconf 89' lang='lat' dir='ltr'><strong>natura</strong></span> <span class='ocrx_word' id='word_1_158' title='bbox 1274 2714 1440 2797; x_wconf 82' lang='lat' dir='ltr'><strong>patciacit3</strong></span> <span class='ocrx_word' id='word_1_159' title='bbox 1463 2723 1566 2777; x_wconf 89' lang='lat' dir='ltr'><strong>tactus</strong></span> <span class='ocrx_word' id='word_1_160' title='bbox 1580 2723 1687 2780; x_wconf 79' lang='lat' dir='ltr'><strong>autem</strong></span> <span class='ocrx_word' id='word_1_161' title='bbox 1702 2725 1769 2781; x_wconf 90' lang='lat' dir='ltr'><strong>toto</strong></span> 
     </span>
     <span class='ocr_line' id='line_1_17' title="bbox 439 2807 1770 2892; baseline 0.002 -22"><span class='ocrx_word' id='word_1_162' title='bbox 439 2827 572 2892; x_wconf 90' lang='lat' dir='ltr'><strong>corpore</strong></span> <span class='ocrx_word' id='word_1_163' title='bbox 600 2808 811 2891; x_wconf 86' lang='lat' dir='ltr'><strong>aequabiliter</strong></span> <span class='ocrx_word' id='word_1_164' title='bbox 839 2807 928 2870; x_wconf 82' lang='lat' dir='ltr'><strong>tusus</strong></span> <span class='ocrx_word' id='word_1_165' title='bbox 959 2814 1022 2881; x_wconf 88' lang='lat' dir='ltr'><strong>est,</strong></span> <span class='ocrx_word' id='word_1_166' title='bbox 1055 2816 1092 2870; x_wconf 90' lang='lat' dir='ltr'><strong>ut</strong></span> <span class='ocrx_word' id='word_1_167' title='bbox 1119 2825 1230 2869; x_wconf 86' lang='lat' dir='ltr'><strong>ornnes</strong></span> <span class='ocrx_word' id='word_1_168' title='bbox 1260 2810 1341 2870; x_wconf 90' lang='lat' dir='ltr'><strong>ictus</strong></span> <span class='ocrx_word' id='word_1_169' title='bbox 1370 2827 1545 2891; x_wconf 89' lang='lat' dir='ltr'><strong>omnesque</strong></span> <span class='ocrx_word' id='word_1_170' title='bbox 1567 2809 1717 2872; x_wconf 88' lang='lat' dir='ltr'><strong>minimos</strong></span> <span class='ocrx_word' id='word_1_171' title='bbox 1737 2818 1770 2873; x_wconf 87' lang='lat' dir='ltr'><strong>st</strong></span> 
     </span>
     <span class='ocr_line' id='line_1_18' title="bbox 437 2898 1770 2984; baseline 0.002 -20"><span class='ocrx_word' id='word_1_172' title='bbox 437 2901 565 2984; x_wconf 77' lang='lat' dir='ltr'><strong>frigoris</strong></span> <span class='ocrx_word' id='word_1_173' title='bbox 594 2909 626 2964; x_wconf 91' lang='lat' dir='ltr'><strong>et</strong></span> <span class='ocrx_word' id='word_1_174' title='bbox 648 2901 761 2965; x_wconf 89' lang='lat' dir='ltr'><strong>caloris</strong></span> <span class='ocrx_word' id='word_1_175' title='bbox 782 2900 936 2983; x_wconf 88' lang='lat' dir='ltr'><strong>adpulsus</strong></span> <span class='ocrx_word' id='word_1_176' title='bbox 958 2902 1077 2965; x_wconf 90' lang='lat' dir='ltr'><strong>sentire</strong></span> <span class='ocrx_word' id='word_1_177' title='bbox 1100 2902 1268 2984; x_wconf 87' lang='lat' dir='ltr'><strong>possimus.</strong></span> <span class='ocrx_word' id='word_1_178' title='bbox 1305 2904 1407 2983; x_wconf 77' lang='lat' dir='ltr'><strong>Atque</strong></span> <span class='ocrx_word' id='word_1_179' title='bbox 1430 2910 1466 2964; x_wconf 89' lang='lat' dir='ltr'><strong>ut</strong></span> <span class='ocrx_word' id='word_1_180' title='bbox 1493 2903 1526 2963; x_wconf 90' lang='lat' dir='ltr'><strong>in</strong></span> <span class='ocrx_word' id='word_1_181' title='bbox 1548 2898 1699 2965; x_wconf 85' lang='lat' dir='ltr'><strong>aediliciis</strong></span> <span class='ocrx_word' id='word_1_182' title='bbox 1719 2921 1770 2966; x_wconf 78' lang='lat' dir='ltr'><strong>ar·</strong></span> 
     </span>
     <span class='ocr_line' id='line_1_19' title="bbox 439 2994 1770 3078; baseline 0 -18"><span class='ocrx_word' id='word_1_183' title='bbox 439 2996 565 3060; x_wconf 84' lang='lat' dir='ltr'><strong>cbitecti</strong></span> <span class='ocrx_word' id='word_1_184' title='bbox 595 3004 740 3059; x_wconf 86' lang='lat' dir='ltr'><strong>avertunt</strong></span> <span class='ocrx_word' id='word_1_185' title='bbox 766 2996 805 3058; x_wconf 90' lang='lat' dir='ltr'><strong>ab</strong></span> <span class='ocrx_word' id='word_1_186' title='bbox 833 2994 931 3057; x_wconf 89' lang='lat' dir='ltr'><strong>oculis</strong></span> <span class='ocrx_word' id='word_1_187' title='bbox 961 2995 1154 3077; x_wconf 90' lang='lat' dir='ltr'><strong>naribusque</strong></span> <span class='ocrx_word' id='word_1_188' title='bbox 1176 2994 1376 3057; x_wconf 91' lang='lat' dir='ltr'><strong>dominorum</strong></span> <span class='ocrx_word' id='word_1_189' title='bbox 1398 3014 1451 3069; x_wconf 87' lang='lat' dir='ltr'><strong>ea,</strong></span> <span class='ocrx_word' id='word_1_190' title='bbox 1474 3013 1556 3077; x_wconf 90' lang='lat' dir='ltr'><strong>quae</strong></span> <span class='ocrx_word' id='word_1_191' title='bbox 1578 2996 1770 3078; x_wconf 80' lang='lat' dir='ltr'><strong>prolluentis</strong></span> 
     </span>
     <span class='ocr_line' id='line_1_20' title="bbox 439 3088 1770 3174; baseline 0 -20"><span class='ocrx_word' id='word_1_192' title='bbox 439 3090 619 3154; x_wconf 87' lang='lat' dir='ltr'><strong>necessario</strong></span> <span class='ocrx_word' id='word_1_193' title='bbox 646 3089 738 3153; x_wconf 86' lang='lat' dir='ltr'><strong>taetri</strong></span> <span class='ocrx_word' id='word_1_194' title='bbox 767 3097 875 3152; x_wconf 87' lang='lat' dir='ltr'><strong>essent</strong></span> <span class='ocrx_word' id='word_1_195' title='bbox 900 3088 1022 3172; x_wconf 91' lang='lat' dir='ltr'><strong>aliquid</strong></span> <span class='ocrx_word' id='word_1_196' title='bbox 1052 3089 1215 3161; x_wconf 89' lang='lat' dir='ltr'><strong>habitura,</strong></span> <span class='ocrx_word' id='word_1_197' title='bbox 1245 3090 1291 3151; x_wconf 88' lang='lat' dir='ltr'><strong>sic</strong></span> <span class='ocrx_word' id='word_1_198' title='bbox 1314 3098 1425 3152; x_wconf 87' lang='lat' dir='ltr'><strong>natura</strong></span> <span class='ocrx_word' id='word_1_199' title='bbox 1447 3109 1498 3151; x_wconf 92' lang='lat' dir='ltr'><strong>res</strong></span> <span class='ocrx_word' id='word_1_200' title='bbox 1522 3090 1637 3153; x_wconf 89' lang='lat' dir='ltr'><strong>similis</strong></span> <span class='ocrx_word' id='word_1_201' title='bbox 1658 3090 1770 3174; x_wconf 86' lang='lat' dir='ltr'><strong>procul</strong></span> 
     </span>
     <span class='ocr_line' id='line_1_21' title="bbox 399 3179 1770 3264; baseline 0.001 -19"><span class='ocrx_word' id='word_1_202' title='bbox 399 3183 618 3249; x_wconf 71' lang='lat' dir='ltr'><strong>conmendavit</strong></span> <span class='ocrx_word' id='word_1_203' title='bbox 644 3202 664 3245; x_wconf 83' lang='lat' dir='ltr'><strong>a</strong></span> <span class='ocrx_word' id='word_1_204' title='bbox 693 3181 849 3247; x_wconf 88' lang='lat' dir='ltr'><strong>sensibus.</strong></span> <span class='ocrx_word' id='word_1_205' title='bbox 892 3184 985 3246; x_wconf 86' lang='lat' dir='ltr'><strong>Lvtt.</strong></span> <span class='ocrx_word' id='word_1_206' title='bbox 1016 3179 1089 3243; x_wconf 72' lang='lat' dir='ltr'><strong>tta.</strong></span> <span class='ocrx_word' id='word_1_207' title='bbox 1119 3182 1198 3258; x_wconf 83' lang='lat' dir='ltr'><strong>Quis</strong></span> <span class='ocrx_word' id='word_1_208' title='bbox 1226 3201 1301 3244; x_wconf 83' lang='lat' dir='ltr'><strong>vero</strong></span> <span class='ocrx_word' id='word_1_209' title='bbox 1328 3182 1437 3264; x_wconf 76' lang='lat' dir='ltr'><strong>opifex</strong></span> <span class='ocrx_word' id='word_1_210' title='bbox 1468 3191 1593 3264; x_wconf 88' lang='lat' dir='ltr'><strong>praeter</strong></span> <span class='ocrx_word' id='word_1_211' title='bbox 1615 3191 1770 3259; x_wconf 67' lang='lat' dir='ltr'><strong>naturam,</strong></span> 
     </span>
     <span class='ocr_line' id='line_1_22' title="bbox 438 3275 1768 3364; baseline 0 -22"><span class='ocrx_word' id='word_1_212' title='bbox 438 3298 502 3364; x_wconf 91' lang='lat' dir='ltr'><strong>qua</strong></span> <span class='ocrx_word' id='word_1_213' title='bbox 524 3277 607 3342; x_wconf 92' lang='lat' dir='ltr'><strong>nibil</strong></span> <span class='ocrx_word' id='word_1_214' title='bbox 627 3285 733 3360; x_wconf 88' lang='lat' dir='ltr'><strong>potest</strong></span> <span class='ocrx_word' id='word_1_215' title='bbox 755 3297 824 3340; x_wconf 87' lang='lat' dir='ltr'><strong>esse</strong></span> <span class='ocrx_word' id='word_1_216' title='bbox 848 3276 1012 3351; x_wconf 89' lang='lat' dir='ltr'><strong>callidius,</strong></span> <span class='ocrx_word' id='word_1_217' title='bbox 1039 3284 1157 3340; x_wconf 88' lang='lat' dir='ltr'><strong>tantam</strong></span> <span class='ocrx_word' id='word_1_218' title='bbox 1181 3275 1355 3338; x_wconf 87' lang='lat' dir='ltr'><strong>sollertiam</strong></span> <span class='ocrx_word' id='word_1_219' title='bbox 1383 3277 1533 3359; x_wconf 88' lang='lat' dir='ltr'><strong>persequi</strong></span> <span class='ocrx_word' id='word_1_220' title='bbox 1555 3278 1717 3359; x_wconf 88' lang='lat' dir='ltr'><strong>potuisset</strong></span> <span class='ocrx_word' id='word_1_221' title='bbox 1735 3279 1768 3342; x_wconf 92' lang='lat' dir='ltr'><strong>in</strong></span> 
     </span>
     <span class='ocr_line' id='line_1_23' title="bbox 438 3370 1768 3456; baseline -0.002 -19"><span class='ocrx_word' id='word_1_222' title='bbox 438 3372 609 3438; x_wconf 75' lang='lat' dir='ltr'><strong>sensibus?</strong></span> <span class='ocrx_word' id='word_1_223' title='bbox 632 3391 714 3455; x_wconf 86' lang='lat' dir='ltr'><strong>qnae</strong></span> <span class='ocrx_word' id='word_1_224' title='bbox 736 3372 873 3452; x_wconf 90' lang='lat' dir='ltr'><strong>primum</strong></span> <span class='ocrx_word' id='word_1_225' title='bbox 895 3370 1005 3433; x_wconf 90' lang='lat' dir='ltr'><strong>oculos</strong></span> <span class='ocrx_word' id='word_1_226' title='bbox 1028 3371 1218 3432; x_wconf 87' lang='lat' dir='ltr'><strong>membranis</strong></span> <span class='ocrx_word' id='word_1_227' title='bbox 1241 3370 1435 3432; x_wconf 87' lang='lat' dir='ltr'><strong>tenuissimis</strong></span> <span class='ocrx_word' id='word_1_228' title='bbox 1450 3370 1577 3433; x_wconf 82' lang='lat' dir='ltr'><strong>vestivit</strong></span> <span class='ocrx_word' id='word_1_229' title='bbox 1595 3380 1627 3432; x_wconf 89' lang='lat' dir='ltr'><strong>et</strong></span> <span class='ocrx_word' id='word_1_230' title='bbox 1642 3373 1768 3456; x_wconf 84' lang='lat' dir='ltr'><strong>saepsit,</strong></span> 
     </span>
     <span class='ocr_line' id='line_1_24' title="bbox 440 3460 1771 3550; baseline -0.002 -21"><span class='ocrx_word' id='word_1_231' title='bbox 440 3486 520 3550; x_wconf 87' lang='lat' dir='ltr'><strong>quas</strong></span> <span class='ocrx_word' id='word_1_232' title='bbox 535 3460 693 3549; x_wconf 88' lang='lat' dir='ltr'><strong>[primum]</strong></span> <span class='ocrx_word' id='word_1_233' title='bbox 710 3464 889 3548; x_wconf 89' lang='lat' dir='ltr'><strong>perlucidas</strong></span> <span class='ocrx_word' id='word_1_234' title='bbox 908 3463 998 3537; x_wconf 83' lang='lat' dir='ltr'><strong>fecit,</strong></span> <span class='ocrx_word' id='word_1_235' title='bbox 1021 3474 1055 3527; x_wconf 91' lang='lat' dir='ltr'><strong>ut</strong></span> <span class='ocrx_word' id='word_1_236' title='bbox 1069 3484 1125 3546; x_wconf 91' lang='lat' dir='ltr'><strong>per</strong></span> <span class='ocrx_word' id='word_1_237' title='bbox 1140 3484 1193 3526; x_wconf 87' lang='lat' dir='ltr'><strong>aas</strong></span> <span class='ocrx_word' id='word_1_238' title='bbox 1208 3463 1294 3526; x_wconf 91' lang='lat' dir='ltr'><strong>cerni</strong></span> <span class='ocrx_word' id='word_1_239' title='bbox 1315 3471 1437 3545; x_wconf 88' lang='lat' dir='ltr'><strong>posset,</strong></span> <span class='ocrx_word' id='word_1_240' title='bbox 1459 3463 1565 3526; x_wconf 88' lang='lat' dir='ltr'><strong>firmas</strong></span> <span class='ocrx_word' id='word_1_241' title='bbox 1588 3472 1712 3533; x_wconf 64' lang='lat' dir='ltr'><strong>auum,</strong></span> <span class='ocrx_word' id='word_1_242' title='bbox 1736 3472 1771 3527; x_wconf 85' lang='lat' dir='ltr'><strong>ut</strong></span> 
     </span>
     <span class='ocr_line' id='line_1_25' title="bbox 438 3555 1770 3633; baseline -0.002 -10"><span class='ocrx_word' id='word_1_243' title='bbox 438 3560 686 3624; x_wconf 88' lang='lat' dir='ltr'><strong>continerentur.</strong></span> <span class='ocrx_word' id='word_1_244' title='bbox 723 3558 784 3621; x_wconf 91' lang='lat' dir='ltr'><strong>Sed</strong></span> <span class='ocrx_word' id='word_1_245' title='bbox 814 3558 951 3621; x_wconf 88' lang='lat' dir='ltr'><strong>lubricos</strong></span> <span class='ocrx_word' id='word_1_246' title='bbox 981 3559 1093 3620; x_wconf 90' lang='lat' dir='ltr'><strong>oculos</strong></span> <span class='ocrx_word' id='word_1_247' title='bbox 1120 3557 1195 3619; x_wconf 82' lang='lat' dir='ltr'><strong>t&#39;ecit</strong></span> <span class='ocrx_word' id='word_1_248' title='bbox 1221 3566 1251 3619; x_wconf 91' lang='lat' dir='ltr'><strong>et</strong></span> <span class='ocrx_word' id='word_1_249' title='bbox 1273 3557 1423 3632; x_wconf 84' lang='lat' dir='ltr'><strong>mobiles,</strong></span> <span class='ocrx_word' id='word_1_250' title='bbox 1452 3566 1487 3619; x_wconf 93' lang='lat' dir='ltr'><strong>ut</strong></span> <span class='ocrx_word' id='word_1_251' title='bbox 1509 3565 1541 3619; x_wconf 92' lang='lat' dir='ltr'><strong>et</strong></span> <span class='ocrx_word' id='word_1_252' title='bbox 1560 3555 1770 3633; x_wconf 85' lang='lat' dir='ltr'><strong>declinarant,</strong></span> 
     </span>
     <span class='ocr_line' id='line_1_26' title="bbox 400 3650 1767 3737; baseline 0 -22"><span class='ocrx_word' id='word_1_253' title='bbox 400 3655 466 3717; x_wconf 79' lang='lat' dir='ltr'><strong>susi</strong></span> <span class='ocrx_word' id='word_1_254' title='bbox 488 3652 565 3737; x_wconf 90' lang='lat' dir='ltr'><strong>quid</strong></span> <span class='ocrx_word' id='word_1_255' title='bbox 586 3660 728 3725; x_wconf 86' lang='lat' dir='ltr'><strong>noceret,</strong></span> <span class='ocrx_word' id='word_1_256' title='bbox 751 3661 782 3714; x_wconf 92' lang='lat' dir='ltr'><strong>et</strong></span> <span class='ocrx_word' id='word_1_257' title='bbox 803 3659 981 3733; x_wconf 90' lang='lat' dir='ltr'><strong>aspectum,</strong></span> <span class='ocrx_word' id='word_1_258' title='bbox 1004 3672 1067 3733; x_wconf 93' lang='lat' dir='ltr'><strong>quo</strong></span> <span class='ocrx_word' id='word_1_259' title='bbox 1091 3650 1222 3723; x_wconf 87' lang='lat' dir='ltr'><strong>vellent,</strong></span> <span class='ocrx_word' id='word_1_260' title='bbox 1245 3650 1335 3713; x_wconf 83' lang='lat' dir='ltr'><strong>t&#39;acile</strong></span> <span class='ocrx_word' id='word_1_261' title='bbox 1358 3657 1597 3723; x_wconf 85' lang='lat' dir='ltr'><strong>converterent,</strong></span> <span class='ocrx_word' id='word_1_262' title='bbox 1618 3651 1767 3735; x_wconf 83' lang='lat' dir='ltr'><strong>aciesque</strong></span> 
     </span>
     <span class='ocr_line' id='line_1_27' title="bbox 437 3744 1768 3830; baseline -0.002 -20"><span class='ocrx_word' id='word_1_263' title='bbox 437 3748 524 3830; x_wconf 89' lang='lat' dir='ltr'><strong>ipsa,</strong></span> <span class='ocrx_word' id='word_1_264' title='bbox 551 3765 614 3829; x_wconf 89' lang='lat' dir='ltr'><strong>qua</strong></span> <span class='ocrx_word' id='word_1_265' title='bbox 641 3746 817 3818; x_wconf 88' lang='lat' dir='ltr'><strong>cernimus,</strong></span> <span class='ocrx_word' id='word_1_266' title='bbox 846 3764 927 3827; x_wconf 90' lang='lat' dir='ltr'><strong>quac</strong></span> <span class='ocrx_word' id='word_1_267' title='bbox 954 3745 1072 3826; x_wconf 91' lang='lat' dir='ltr'><strong>pupula</strong></span> <span class='ocrx_word' id='word_1_268' title='bbox 1094 3752 1240 3816; x_wconf 85' lang='lat' dir='ltr'><strong>vocatur,</strong></span> <span class='ocrx_word' id='word_1_269' title='bbox 1269 3744 1312 3805; x_wconf 88' lang='lat' dir='ltr'><strong>ita</strong></span> <span class='ocrx_word' id='word_1_270' title='bbox 1336 3763 1432 3826; x_wconf 89' lang='lat' dir='ltr'><strong>parva</strong></span> <span class='ocrx_word' id='word_1_271' title='bbox 1454 3752 1515 3817; x_wconf 89' lang='lat' dir='ltr'><strong>est,</strong></span> <span class='ocrx_word' id='word_1_272' title='bbox 1544 3753 1580 3805; x_wconf 88' lang='lat' dir='ltr'><strong>ut</strong></span> <span class='ocrx_word' id='word_1_273' title='bbox 1601 3762 1656 3818; x_wconf 91' lang='lat' dir='ltr'><strong>ea,</strong></span> <span class='ocrx_word' id='word_1_274' title='bbox 1684 3763 1768 3829; x_wconf 83' lang='lat' dir='ltr'><strong>quaa</strong></span> 
     </span>
     <span class='ocr_line' id='line_1_28' title="bbox 437 3837 1767 3921; baseline -0.001 -18"><span class='ocrx_word' id='word_1_275' title='bbox 437 3859 552 3903; x_wconf 90' lang='lat' dir='ltr'><strong>nocere</strong></span> <span class='ocrx_word' id='word_1_276' title='bbox 574 3839 710 3921; x_wconf 85' lang='lat' dir='ltr'><strong>possint,</strong></span> <span class='ocrx_word' id='word_1_277' title='bbox 732 3837 825 3900; x_wconf 83' lang='lat' dir='ltr'><strong>facile</strong></span> <span class='ocrx_word' id='word_1_278' title='bbox 840 3840 933 3910; x_wconf 86' lang='lat' dir='ltr'><strong>vitet,</strong></span> <span class='ocrx_word' id='word_1_279' title='bbox 960 3837 1208 3919; x_wconf 88' lang='lat' dir='ltr'><strong>palpebraeque,</strong></span> <span class='ocrx_word' id='word_1_280' title='bbox 1231 3857 1313 3919; x_wconf 92' lang='lat' dir='ltr'><strong>quae</strong></span> <span class='ocrx_word' id='word_1_281' title='bbox 1329 3847 1402 3899; x_wconf 90' lang='lat' dir='ltr'><strong>sunt</strong></span> <span class='ocrx_word' id='word_1_282' title='bbox 1416 3845 1575 3920; x_wconf 83' lang='lat' dir='ltr'><strong>tegmenta</strong></span> <span class='ocrx_word' id='word_1_283' title='bbox 1591 3839 1767 3911; x_wconf 86' lang='lat' dir='ltr'><strong>oculorum,</strong></span> 
     </span>
     <span class='ocr_line' id='line_1_29' title="bbox 436 3930 1767 4013; baseline -0.001 -17"><span class='ocrx_word' id='word_1_284' title='bbox 436 3934 642 3997; x_wconf 88' lang='lat' dir='ltr'><strong>mollissimae</strong></span> <span class='ocrx_word' id='word_1_285' title='bbox 663 3939 763 4003; x_wconf 84' lang='grc'>44444,</span> <span class='ocrx_word' id='word_1_286' title='bbox 785 3951 825 3994; x_wconf 92' lang='lat' dir='ltr'><strong>ne</strong></span> <span class='ocrx_word' id='word_1_287' title='bbox 848 3930 1011 3993; x_wconf 89' lang='lat' dir='ltr'><strong>laederent</strong></span> <span class='ocrx_word' id='word_1_288' title='bbox 1032 3931 1149 4003; x_wconf 90' lang='lat' dir='ltr'><strong>aciem,</strong></span> <span class='ocrx_word' id='word_1_289' title='bbox 1173 3931 1336 4013; x_wconf 89' lang='lat' dir='ltr'><strong>aptissime</strong></span> <span class='ocrx_word' id='word_1_290' title='bbox 1357 3930 1458 3994; x_wconf 82' lang='lat' dir='ltr'><strong>iactae</strong></span> <span class='ocrx_word' id='word_1_291' title='bbox 1473 3940 1505 3994; x_wconf 90' lang='lat' dir='ltr'><strong>et</strong></span> <span class='ocrx_word' id='word_1_292' title='bbox 1518 3930 1558 3994; x_wconf 90' lang='lat' dir='ltr'><strong>ad</strong></span> <span class='ocrx_word' id='word_1_293' title='bbox 1574 3931 1767 3995; x_wconf 83' lang='lat' dir='ltr'><strong>claudendas</strong></span> 
     </span>
     <span class='ocr_line' id='line_1_30' title="bbox 437 4024 1770 4111; baseline -0.001 -21"><span class='ocrx_word' id='word_1_294' title='bbox 437 4028 589 4111; x_wconf 90' lang='lat' dir='ltr'><strong>pupulas,</strong></span> <span class='ocrx_word' id='word_1_295' title='bbox 616 4024 756 4109; x_wconf 88' lang='lat' dir='ltr'><strong>nequid</strong></span> <span class='ocrx_word' id='word_1_296' title='bbox 779 4026 948 4098; x_wconf 88' lang='lat' dir='ltr'><strong>incideret,</strong></span> <span class='ocrx_word' id='word_1_297' title='bbox 972 4033 1003 4087; x_wconf 89' lang='lat' dir='ltr'><strong>et</strong></span> <span class='ocrx_word' id='word_1_298' title='bbox 1024 4025 1064 4087; x_wconf 91' lang='lat' dir='ltr'><strong>ad</strong></span> <span class='ocrx_word' id='word_1_299' title='bbox 1088 4024 1291 4106; x_wconf 89' lang='lat' dir='ltr'><strong>aperiendas,</strong></span> <span class='ocrx_word' id='word_1_300' title='bbox 1321 4024 1419 4107; x_wconf 91' lang='lat' dir='ltr'><strong>idque</strong></span> <span class='ocrx_word' id='word_1_301' title='bbox 1443 4024 1600 4107; x_wconf 85' lang='lat' dir='ltr'><strong>providit,</strong></span> <span class='ocrx_word' id='word_1_302' title='bbox 1621 4035 1657 4089; x_wconf 92' lang='lat' dir='ltr'><strong>ut</strong></span> <span class='ocrx_word' id='word_1_303' title='bbox 1678 4027 1770 4090; x_wconf 86' lang='lat' dir='ltr'><strong>iden·</strong></span> 
     </span>
     <span class='ocr_line' id='line_1_31' title="bbox 399 4114 1768 4202; baseline -0.001 -18"><span class='ocrx_word' id='word_1_304' title='bbox 399 4122 533 4185; x_wconf 81' lang='lat' dir='ltr'><strong>actidem</strong></span> <span class='ocrx_word' id='word_1_305' title='bbox 556 4120 625 4183; x_wconf 85' lang='lat' dir='ltr'><strong>fieri</strong></span> <span class='ocrx_word' id='word_1_306' title='bbox 647 4128 755 4202; x_wconf 92' lang='lat' dir='ltr'><strong>posset</strong></span> <span class='ocrx_word' id='word_1_307' title='bbox 777 4141 847 4181; x_wconf 92' lang='lat' dir='ltr'><strong>cum</strong></span> <span class='ocrx_word' id='word_1_308' title='bbox 871 4120 1006 4181; x_wconf 83' lang='lat' dir='ltr'><strong>maxima</strong></span> <span class='ocrx_word' id='word_1_309' title='bbox 1026 4119 1194 4181; x_wconf 86' lang='lat' dir='ltr'><strong>celeritate.</strong></span> <span class='ocrx_word' id='word_1_310' title='bbox 1240 4114 1311 4179; x_wconf 77' lang='grc'>443.</span> <span class='ocrx_word' id='word_1_311' title='bbox 1334 4120 1540 4202; x_wconf 89' lang='lat' dir='ltr'><strong>Munitaeque</strong></span> <span class='ocrx_word' id='word_1_312' title='bbox 1563 4128 1636 4181; x_wconf 90' lang='lat' dir='ltr'><strong>sunt</strong></span> <span class='ocrx_word' id='word_1_313' title='bbox 1659 4120 1768 4202; x_wconf 87' lang='lat' dir='ltr'><strong>palpe-</strong></span> 
     </span>
     <span class='ocr_line' id='line_1_32' title="bbox 436 4213 1768 4297; baseline -0.002 -19"><span class='ocrx_word' id='word_1_314' title='bbox 436 4217 512 4278; x_wconf 86' lang='lat' dir='ltr'><strong>brae</strong></span> <span class='ocrx_word' id='word_1_315' title='bbox 534 4224 692 4297; x_wconf 90' lang='lat' dir='ltr'><strong>tamquam</strong></span> <span class='ocrx_word' id='word_1_316' title='bbox 716 4214 798 4277; x_wconf 85' lang='lat' dir='ltr'><strong>vallo</strong></span> <span class='ocrx_word' id='word_1_317' title='bbox 822 4214 972 4295; x_wconf 90' lang='lat' dir='ltr'><strong>pilorum,</strong></span> <span class='ocrx_word' id='word_1_318' title='bbox 997 4213 1112 4293; x_wconf 89' lang='lat' dir='ltr'><strong>quibus</strong></span> <span class='ocrx_word' id='word_1_319' title='bbox 1135 4219 1167 4274; x_wconf 88' lang='lat' dir='ltr'><strong>et</strong></span> <span class='ocrx_word' id='word_1_320' title='bbox 1187 4214 1304 4293; x_wconf 87' lang='lat' dir='ltr'><strong>apertis</strong></span> <span class='ocrx_word' id='word_1_321' title='bbox 1321 4213 1436 4284; x_wconf 91' lang='lat' dir='ltr'><strong>oculis,</strong></span> <span class='ocrx_word' id='word_1_322' title='bbox 1460 4213 1579 4294; x_wconf 90' lang='lat' dir='ltr'><strong>siquid</strong></span> <span class='ocrx_word' id='word_1_323' title='bbox 1602 4213 1768 4289; x_wconf 87' lang='lat' dir='ltr'><strong>incideret,</strong></span> 
     </span>
     <span class='ocr_line' id='line_1_33' title="bbox 436 4305 1771 4392; baseline -0.001 -20"><span class='ocrx_word' id='word_1_324' title='bbox 436 4309 657 4392; x_wconf 85' lang='lat' dir='ltr'><strong>repelleretur,</strong></span> <span class='ocrx_word' id='word_1_325' title='bbox 680 4315 712 4370; x_wconf 89' lang='lat' dir='ltr'><strong>et</strong></span> <span class='ocrx_word' id='word_1_326' title='bbox 734 4327 845 4369; x_wconf 91' lang='lat' dir='ltr'><strong>somno</strong></span> <span class='ocrx_word' id='word_1_327' title='bbox 867 4306 1102 4378; x_wconf 83' lang='lat' dir='ltr'><strong>coniventibus,</strong></span> <span class='ocrx_word' id='word_1_328' title='bbox 1126 4327 1196 4366; x_wconf 91' lang='lat' dir='ltr'><strong>cum</strong></span> <span class='ocrx_word' id='word_1_329' title='bbox 1221 4307 1320 4367; x_wconf 88' lang='lat' dir='ltr'><strong>oculis</strong></span> <span class='ocrx_word' id='word_1_330' title='bbox 1343 4305 1381 4367; x_wconf 86' lang='lat' dir='ltr'><strong>ad</strong></span> <span class='ocrx_word' id='word_1_331' title='bbox 1405 4307 1596 4369; x_wconf 89' lang='lat' dir='ltr'><strong>cernendum</strong></span> <span class='ocrx_word' id='word_1_332' title='bbox 1619 4327 1682 4369; x_wconf 89' lang='lat' dir='ltr'><strong>non</strong></span> <span class='ocrx_word' id='word_1_333' title='bbox 1699 4327 1771 4389; x_wconf 74' lang='lat' dir='ltr'><strong>ege·</strong></span> 
     </span>
     <span class='ocr_line' id='line_1_34' title="bbox 436 4400 1770 4484; baseline 0 -18"><span class='ocrx_word' id='word_1_334' title='bbox 436 4423 560 4475; x_wconf 88' lang='lat' dir='ltr'><strong>remus,</strong></span> <span class='ocrx_word' id='word_1_335' title='bbox 589 4411 624 4464; x_wconf 90' lang='lat' dir='ltr'><strong>ut</strong></span> <span class='ocrx_word' id='word_1_336' title='bbox 655 4402 708 4484; x_wconf 91' lang='lat' dir='ltr'><strong>qni</strong></span> <span class='ocrx_word' id='word_1_337' title='bbox 740 4410 899 4483; x_wconf 91' lang='lat' dir='ltr'><strong>tamquam</strong></span> <span class='ocrx_word' id='word_1_338' title='bbox 921 4401 1053 4462; x_wconf 89' lang='lat' dir='ltr'><strong>involuti</strong></span> <span class='ocrx_word' id='word_1_339' title='bbox 1077 4401 1286 4482; x_wconf 86' lang='lat' dir='ltr'><strong>quiescerent.</strong></span> <span class='ocrx_word' id='word_1_340' title='bbox 1327 4400 1438 4461; x_wconf 77' lang='lat' dir='ltr'><strong>latent</strong></span> <span class='ocrx_word' id='word_1_341' title='bbox 1461 4410 1625 4482; x_wconf 89' lang='lat' dir='ltr'><strong>praeterea</strong></span> <span class='ocrx_word' id='word_1_342' title='bbox 1649 4401 1770 4466; x_wconf 88' lang='lat' dir='ltr'><strong>utiliter</strong></span> 
     </span>
     <span class='ocr_line' id='line_1_35' title="bbox 438 4494 1768 4579; baseline -0.002 -20"><span class='ocrx_word' id='word_1_343' title='bbox 438 4505 470 4560; x_wconf 87' lang='lat' dir='ltr'><strong>et</strong></span> <span class='ocrx_word' id='word_1_344' title='bbox 491 4496 625 4558; x_wconf 85' lang='lat' dir='ltr'><strong>excelsis</strong></span> <span class='ocrx_word' id='word_1_345' title='bbox 647 4496 786 4577; x_wconf 87' lang='lat' dir='ltr'><strong>undique</strong></span> <span class='ocrx_word' id='word_1_346' title='bbox 807 4495 946 4577; x_wconf 89' lang='lat' dir='ltr'><strong>partibus</strong></span> <span class='ocrx_word' id='word_1_347' title='bbox 970 4494 1162 4577; x_wconf 87' lang='lat' dir='ltr'><strong>saepiuntur.</strong></span> <span class='ocrx_word' id='word_1_348' title='bbox 1200 4494 1339 4554; x_wconf 90' lang='lat' dir='ltr'><strong>Primum</strong></span> <span class='ocrx_word' id='word_1_349' title='bbox 1363 4495 1446 4554; x_wconf 88' lang='lat' dir='ltr'><strong>enirn</strong></span> <span class='ocrx_word' id='word_1_350' title='bbox 1471 4494 1636 4575; x_wconf 89' lang='lat' dir='ltr'><strong>superiora</strong></span> <span class='ocrx_word' id='word_1_351' title='bbox 1658 4516 1768 4579; x_wconf 88' lang='lat' dir='ltr'><strong>super-</strong></span> 
     </span>
     <span class='ocr_line' id='line_1_36' title="bbox 400 4586 1768 4671; baseline -0.001 -16"><span class='ocrx_word' id='word_1_352' title='bbox 400 4592 516 4655; x_wconf 81' lang='lat' dir='ltr'><strong>utciliis</strong></span> <span class='ocrx_word' id='word_1_353' title='bbox 545 4590 680 4652; x_wconf 90' lang='lat' dir='ltr'><strong>obducta</strong></span> <span class='ocrx_word' id='word_1_354' title='bbox 709 4589 857 4651; x_wconf 91' lang='lat' dir='ltr'><strong>sudorem</strong></span> <span class='ocrx_word' id='word_1_355' title='bbox 886 4609 904 4651; x_wconf 92' lang='lat' dir='ltr'><strong>a</strong></span> <span class='ocrx_word' id='word_1_356' title='bbox 934 4590 1037 4670; x_wconf 89' lang='lat' dir='ltr'><strong>capite</strong></span> <span class='ocrx_word' id='word_1_357' title='bbox 1065 4596 1097 4649; x_wconf 91' lang='lat' dir='ltr'><strong>et</strong></span> <span class='ocrx_word' id='word_1_358' title='bbox 1125 4586 1227 4649; x_wconf 85' lang='lat' dir='ltr'><strong>fronte</strong></span> <span class='ocrx_word' id='word_1_359' title='bbox 1251 4587 1441 4648; x_wconf 90' lang='lat' dir='ltr'><strong>dclluentcm</strong></span> <span class='ocrx_word' id='word_1_360' title='bbox 1466 4588 1640 4668; x_wconf 90' lang='lat' dir='ltr'><strong>repellunt;</strong></span> <span class='ocrx_word' id='word_1_361' title='bbox 1669 4610 1768 4671; x_wconf 75' lang='lat' dir='ltr'><strong>genae</strong></span> 
     </span>
     <span class='ocr_line' id='line_1_37' title="bbox 438 4680 1769 4764; baseline -0.002 -17"><span class='ocrx_word' id='word_1_362' title='bbox 438 4684 553 4747; x_wconf 90' lang='lat' dir='ltr'><strong>deinde</strong></span> <span class='ocrx_word' id='word_1_363' title='bbox 575 4685 613 4746; x_wconf 91' lang='lat' dir='ltr'><strong>ab</strong></span> <span class='ocrx_word' id='word_1_364' title='bbox 636 4682 784 4745; x_wconf 80' lang='lat' dir='ltr'><strong>interiore</strong></span> <span class='ocrx_word' id='word_1_365' title='bbox 807 4694 894 4764; x_wconf 91' lang='lat' dir='ltr'><strong>parte</strong></span> <span class='ocrx_word' id='word_1_366' title='bbox 911 4691 1052 4744; x_wconf 90' lang='lat' dir='ltr'><strong>tutantur</strong></span> <span class='ocrx_word' id='word_1_367' title='bbox 1066 4683 1228 4744; x_wconf 90' lang='lat' dir='ltr'><strong>subiectae</strong></span> <span class='ocrx_word' id='word_1_368' title='bbox 1246 4680 1422 4762; x_wconf 89' lang='lat' dir='ltr'><strong>leniterque</strong></span> <span class='ocrx_word' id='word_1_369' title='bbox 1440 4682 1634 4756; x_wconf 89' lang='lat' dir='ltr'><strong>eminentes,</strong></span> <span class='ocrx_word' id='word_1_370' title='bbox 1658 4703 1769 4745; x_wconf 89' lang='lat' dir='ltr'><strong>nasus-</strong></span> 
     </span>
     <span class='ocr_line' id='line_1_38' title="bbox 438 4775 1766 4865; baseline -0.002 -23"><span class='ocrx_word' id='word_1_371' title='bbox 438 4799 499 4865; x_wconf 91' lang='lat' dir='ltr'><strong>que</strong></span> <span class='ocrx_word' id='word_1_372' title='bbox 532 4781 575 4842; x_wconf 88' lang='lat' dir='ltr'><strong>ita</strong></span> <span class='ocrx_word' id='word_1_373' title='bbox 604 4778 726 4840; x_wconf 89' lang='lat' dir='ltr'><strong>locatus</strong></span> <span class='ocrx_word' id='word_1_374' title='bbox 756 4784 819 4850; x_wconf 89' lang='lat' dir='ltr'><strong>cst,</strong></span> <span class='ocrx_word' id='word_1_375' title='bbox 852 4786 887 4839; x_wconf 91' lang='lat' dir='ltr'><strong>ut</strong></span> <span class='ocrx_word' id='word_1_376' title='bbox 915 4776 1005 4859; x_wconf 92' lang='lat' dir='ltr'><strong>quasi</strong></span> <span class='ocrx_word' id='word_1_377' title='bbox 1036 4797 1143 4838; x_wconf 90' lang='lat' dir='ltr'><strong>murus</strong></span> <span class='ocrx_word' id='word_1_378' title='bbox 1175 4775 1274 4836; x_wconf 89' lang='lat' dir='ltr'><strong>oculis</strong></span> <span class='ocrx_word' id='word_1_379' title='bbox 1304 4775 1487 4836; x_wconf 90' lang='lat' dir='ltr'><strong>interiectus</strong></span> <span class='ocrx_word' id='word_1_380' title='bbox 1520 4794 1590 4837; x_wconf 89' lang='lat' dir='ltr'><strong>esse</strong></span> <span class='ocrx_word' id='word_1_381' title='bbox 1614 4776 1766 4839; x_wconf 89' lang='lat' dir='ltr'><strong>videatur.</strong></span> 
     </span>
    </p>
   </div>
   <div class='ocr_carea' id='block_1_3' title="bbox 1591 4897 1768 4910">
    <p class='ocr_par' dir='ltr' id='par_1_3' title="bbox 1591 4897 1768 4910">
     <span class='ocr_line' id='line_1_39' title="bbox 1591 4897 1768 4910; baseline 0.011 -5"><span class='ocrx_word' id='word_1_382' title='bbox 1591 4897 1768 4910; x_wconf 74' lang='grc'><strong>--.-.</strong></span> 
     </span>
    </p>
   </div>
   <div class='ocr_carea' id='block_1_4' title="bbox 435 4967 1770 6010">
    <p class='ocr_par' dir='ltr' id='par_1_4' title="bbox 435 4967 1770 6010">
     <span class='ocr_line' id='line_1_40' title="bbox 505 4967 1769 5036; baseline -0.001 -13"><span class='ocrx_word' id='word_1_383' title='bbox 505 4976 528 5024; x_wconf 91' lang='lat' dir='ltr'><strong>t.</strong></span> <span class='ocrx_word' id='word_1_384' title='bbox 546 4978 643 5036; x_wconf 85' lang='lat' dir='ltr'><strong>quanto</strong></span> <span class='ocrx_word' id='word_1_385' title='bbox 659 4967 690 5020; x_wconf 93' lang='lat' dir='ltr'><strong>V¹</strong></span> <span class='ocrx_word' id='word_1_386' title='bbox 711 4999 737 5007; x_wconf 91' lang='lat'><em>-</em></span> <span class='ocrx_word' id='word_1_387' title='bbox 757 4986 774 5020; x_wconf 89' lang='lat' dir='ltr'><strong>a</strong></span> <span class='ocrx_word' id='word_1_388' title='bbox 790 4972 828 5018; x_wconf 84' lang='lat' dir='ltr'><strong>dtr</strong></span> <span class='ocrx_word' id='word_1_389' title='bbox 845 4969 916 5018; x_wconf 81' lang='lat' dir='ltr'><strong>delet</strong></span> <span class='ocrx_word' id='word_1_390' title='bbox 933 4969 1142 5019; x_wconf 81' lang='lat' dir='ltr'><strong>Schoernnnnns.</strong></span> <span class='ocrx_word' id='word_1_391' title='bbox 1162 4996 1189 5005; x_wconf 91' lang='lat'><em>-</em></span> <span class='ocrx_word' id='word_1_392' title='bbox 1209 4971 1233 5019; x_wconf 68' lang='lat'><strong>2.</strong></span> <span class='ocrx_word' id='word_1_393' title='bbox 1253 4982 1318 5030; x_wconf 84' lang='lat' dir='ltr'><strong>quac</strong></span> <span class='ocrx_word' id='word_1_394' title='bbox 1330 4969 1512 5031; x_wconf 73' lang='lat' dir='ltr'><strong>(providentia)</strong></span> <span class='ocrx_word' id='word_1_395' title='bbox 1527 4970 1672 5019; x_wconf 86' lang='lat' dir='ltr'><strong>Victortns:</strong></span> <span class='ocrx_word' id='word_1_396' title='bbox 1693 4969 1769 5032; x_wconf 55' lang='lat' dir='ltr'><strong>aaut&amp;</strong></span> 
     </span>
     <span class='ocr_line' id='line_1_41' title="bbox 441 5044 1769 5108; baseline -0.004 -8"><span class='ocrx_word' id='word_1_397' title='bbox 441 5079 467 5088; x_wconf 91' lang='lat'>-</span> <span class='ocrx_word' id='word_1_398' title='bbox 487 5056 510 5100; x_wconf 88' lang='lat' dir='ltr'><strong>et</strong></span> <span class='ocrx_word' id='word_1_399' title='bbox 531 5056 610 5099; x_wconf 85' lang='lat' dir='ltr'><strong>rector</strong></span> <span class='ocrx_word' id='word_1_400' title='bbox 632 5049 652 5096; x_wconf 91' lang='lat' dir='ltr'>V</span> <span class='ocrx_word' id='word_1_401' title='bbox 678 5076 703 5084; x_wconf 93' lang='lat'>-</span> <span class='ocrx_word' id='word_1_402' title='bbox 730 5048 856 5096; x_wconf 84' lang='lat' dir='ltr'><strong>constituit</strong></span> <span class='ocrx_word' id='word_1_403' title='bbox 877 5058 1013 5108; x_wconf 86' lang='lat' dir='ltr'><strong>superscr.</strong></span> <span class='ocrx_word' id='word_1_404' title='bbox 1033 5059 1087 5093; x_wconf 84' lang='lat' dir='ltr'><strong>sec.</strong></span> <span class='ocrx_word' id='word_1_405' title='bbox 1108 5060 1142 5094; x_wconf 88' lang='lat' dir='ltr'><strong>m.</strong></span> <span class='ocrx_word' id='word_1_406' title='bbox 1162 5051 1234 5093; x_wconf 87' lang='lat' dir='ltr'><strong>erunt</strong></span> <span class='ocrx_word' id='word_1_407' title='bbox 1258 5047 1276 5092; x_wconf 77' lang='lat' dir='ltr'><strong>t}</strong></span> <span class='ocrx_word' id='word_1_408' title='bbox 1302 5070 1328 5079; x_wconf 88' lang='lat'><em>-</em></span> <span class='ocrx_word' id='word_1_409' title='bbox 1357 5044 1380 5092; x_wconf 87' lang='grc'><strong>3.</strong></span> <span class='ocrx_word' id='word_1_410' title='bbox 1397 5051 1495 5105; x_wconf 81' lang='lat' dir='ltr'><strong>possent</strong></span> <span class='ocrx_word' id='word_1_411' title='bbox 1512 5058 1581 5093; x_wconf 83' lang='lat' dir='ltr'><strong>corr.</strong></span> <span class='ocrx_word' id='word_1_412' title='bbox 1602 5045 1661 5093; x_wconf 88' lang='lat' dir='ltr'><strong>ead.</strong></span> <span class='ocrx_word' id='word_1_413' title='bbox 1682 5058 1718 5095; x_wconf 83' lang='lat' dir='ltr'><strong>m.</strong></span> <span class='ocrx_word' id='word_1_414' title='bbox 1737 5058 1769 5095; x_wconf 84' lang='lat' dir='ltr'><strong>ex</strong></span> 
     </span>
     <span class='ocr_line' id='line_1_42' title="bbox 435 5118 1767 5189; baseline -0.002 -16"><span class='ocrx_word' id='word_1_415' title='bbox 435 5129 539 5189; x_wconf 81' lang='lat' dir='ltr'><strong>possunt</strong></span> <span class='ocrx_word' id='word_1_416' title='bbox 555 5126 575 5173; x_wconf 81' lang='grc' dir='ltr'>Α</span> <span class='ocrx_word' id='word_1_417' title='bbox 594 5148 620 5158; x_wconf 89' lang='grc'>-</span> <span class='ocrx_word' id='word_1_418' title='bbox 641 5137 674 5171; x_wconf 77' lang='lat' dir='ltr'><strong>cx</strong></span> <span class='ocrx_word' id='word_1_419' title='bbox 691 5122 730 5172; x_wconf 78' lang='lat' dir='ltr'><strong>tt:</strong></span> <span class='ocrx_word' id='word_1_420' title='bbox 754 5122 804 5170; x_wconf 84' lang='grc'><strong>40</strong></span> <span class='ocrx_word' id='word_1_421' title='bbox 823 5147 849 5156; x_wconf 88' lang='grc'>-</span> <span class='ocrx_word' id='word_1_422' title='bbox 869 5123 893 5170; x_wconf 83' lang='grc'><strong>5.</strong></span> <span class='ocrx_word' id='word_1_423' title='bbox 913 5124 1070 5169; x_wconf 81' lang='lat' dir='ltr'><strong>animantum</strong></span> <span class='ocrx_word' id='word_1_424' title='bbox 1089 5122 1107 5168; x_wconf 79' lang='lat' dir='ltr'><strong>t:</strong></span> <span class='ocrx_word' id='word_1_425' title='bbox 1128 5147 1155 5156; x_wconf 89' lang='lat'>—</span> <span class='ocrx_word' id='word_1_426' title='bbox 1176 5122 1206 5169; x_wconf 85' lang='lat' dir='ltr'><strong>ttt</strong></span> <span class='ocrx_word' id='word_1_427' title='bbox 1235 5119 1337 5167; x_wconf 79' lang='lat' dir='ltr'><strong>srrbltme</strong></span> <span class='ocrx_word' id='word_1_428' title='bbox 1355 5120 1491 5167; x_wconf 75' lang='lat' dir='ltr'><strong>norisius:</strong></span> <span class='ocrx_word' id='word_1_429' title='bbox 1517 5126 1542 5168; x_wconf 82' lang='lat' dir='ltr'><strong>tn</strong></span> <span class='ocrx_word' id='word_1_430' title='bbox 1559 5119 1661 5168; x_wconf 77' lang='lat' dir='ltr'><strong>sublime</strong></span> <span class='ocrx_word' id='word_1_431' title='bbox 1678 5118 1709 5170; x_wconf 74' lang='lat' dir='ltr'><strong>ll.</strong></span> <span class='ocrx_word' id='word_1_432' title='bbox 1729 5120 1767 5170; x_wconf 85' lang='lat' dir='ltr'><strong>Cl.</strong></span> 
     </span>
     <span class='ocr_line' id='line_1_43' title="bbox 439 5196 1767 5263; baseline -0.002 -15"><span class='ocrx_word' id='word_1_433' title='bbox 439 5201 470 5263; x_wconf 55' lang='grc' dir='ltr'><strong>ἐξ</strong></span> <span class='ocrx_word' id='word_1_434' title='bbox 488 5198 527 5248; x_wconf 77' lang='lat' dir='ltr'><strong>il.</strong></span> <span class='ocrx_word' id='word_1_435' title='bbox 549 5199 604 5247; x_wconf 91' lang='lat' dir='ltr'><strong>t0t.</strong></span> <span class='ocrx_word' id='word_1_436' title='bbox 624 5198 679 5246; x_wconf 81' lang='grc'>445.</span> <span class='ocrx_word' id='word_1_437' title='bbox 700 5223 727 5233; x_wconf 93' lang='lat'><strong>·-</strong></span> <span class='ocrx_word' id='word_1_438' title='bbox 748 5198 788 5245; x_wconf 86' lang='lat' dir='ltr'><strong>ll.</strong></span> <span class='ocrx_word' id='word_1_439' title='bbox 807 5210 881 5244; x_wconf 74' lang='lat' dir='ltr'><strong>narce</strong></span> <span class='ocrx_word' id='word_1_440' title='bbox 898 5201 920 5244; x_wconf 86' lang='lat' dir='ltr'><strong>ct</strong></span> <span class='ocrx_word' id='word_1_441' title='bbox 938 5198 1003 5256; x_wconf 86' lang='lat' dir='ltr'><strong>quod</strong></span> <span class='ocrx_word' id='word_1_442' title='bbox 1020 5197 1175 5245; x_wconf 71' lang='lat' dir='ltr'><strong>Attttt‘v:</strong></span> <span class='ocrx_word' id='word_1_443' title='bbox 1194 5209 1268 5243; x_wconf 82' lang='lat' dir='ltr'><strong>nares</strong></span> <span class='ocrx_word' id='word_1_444' title='bbox 1285 5209 1312 5244; x_wconf 89' lang='lat' dir='ltr'><strong>eo</strong></span> <span class='ocrx_word' id='word_1_445' title='bbox 1331 5197 1396 5255; x_wconf 75' lang='lat' dir='ltr'><strong>qarod</strong></span> <span class='ocrx_word' id='word_1_446' title='bbox 1414 5196 1461 5243; x_wconf 76' lang='lat' dir='ltr'><strong>Et)</strong></span> <span class='ocrx_word' id='word_1_447' title='bbox 1483 5220 1507 5229; x_wconf 89' lang='lat'>-</span> <span class='ocrx_word' id='word_1_448' title='bbox 1528 5196 1567 5244; x_wconf 75' lang='lat' dir='ltr'><strong>tt.</strong></span> <span class='ocrx_word' id='word_1_449' title='bbox 1581 5197 1691 5256; x_wconf 70' lang='lat' dir='ltr'><strong>refertur</strong></span> <span class='ocrx_word' id='word_1_450' title='bbox 1707 5199 1767 5246; x_wconf 78' lang='lat' dir='ltr'><strong>t&gt;-</strong></span> 
     </span>
     <span class='ocr_line' id='line_1_44' title="bbox 439 5267 1770 5334; baseline -0.003 -11"><span class='ocrx_word' id='word_1_451' title='bbox 439 5275 479 5323; x_wconf 84' lang='grc'><strong>44.</strong></span> <span class='ocrx_word' id='word_1_452' title='bbox 498 5272 593 5321; x_wconf 81' lang='lat' dir='ltr'><strong>deberet</strong></span> <span class='ocrx_word' id='word_1_453' title='bbox 611 5270 632 5321; x_wconf 77' lang='grc'><strong>44</strong></span> <span class='ocrx_word' id='word_1_454' title='bbox 653 5300 679 5309; x_wconf 90' lang='grc'><strong>-</strong></span> <span class='ocrx_word' id='word_1_455' title='bbox 695 5278 768 5334; x_wconf 87' lang='lat' dir='ltr'><strong>parte</strong></span> <span class='ocrx_word' id='word_1_456' title='bbox 785 5284 853 5320; x_wconf 88' lang='lat' dir='ltr'><strong>corr.</strong></span> <span class='ocrx_word' id='word_1_457' title='bbox 874 5285 908 5321; x_wconf 86' lang='lat' dir='ltr'><strong>nr.</strong></span> <span class='ocrx_word' id='word_1_458' title='bbox 929 5286 982 5320; x_wconf 85' lang='lat' dir='ltr'><strong>sec.</strong></span> <span class='ocrx_word' id='word_1_459' title='bbox 1002 5276 1142 5331; x_wconf 76' lang='lat' dir='ltr'><strong>crapario</strong></span> <span class='ocrx_word' id='word_1_460' title='bbox 1161 5270 1179 5315; x_wconf 90' lang='lat' dir='ltr'>V</span> <span class='ocrx_word' id='word_1_461' title='bbox 1201 5297 1225 5304; x_wconf 91' lang='lat'><em>-</em></span> <span class='ocrx_word' id='word_1_462' title='bbox 1247 5272 1285 5318; x_wconf 81' lang='grc'><strong>45.</strong></span> <span class='ocrx_word' id='word_1_463' title='bbox 1306 5276 1400 5317; x_wconf 85' lang='lat' dir='ltr'><strong>aerata</strong></span> <span class='ocrx_word' id='word_1_464' title='bbox 1419 5267 1478 5317; x_wconf 72' lang='lat' dir='ltr'><strong>aV¹</strong></span> <span class='ocrx_word' id='word_1_465' title='bbox 1498 5295 1524 5303; x_wconf 93' lang='lat'><em>-</em></span> <span class='ocrx_word' id='word_1_466' title='bbox 1546 5271 1704 5330; x_wconf 68' lang='lat' dir='ltr'><strong>lucornara</strong></span> <span class='ocrx_word' id='word_1_467' title='bbox 1720 5276 1770 5319; x_wconf 89' lang='lat' dir='ltr'><strong>teto</strong></span> 
     </span>
     <span class='ocr_line' id='line_1_45' title="bbox 438 5343 1768 5409; baseline -0.006 -10"><span class='ocrx_word' id='word_1_468' title='bbox 438 5350 459 5399; x_wconf 88' lang='lat' dir='ltr'>E</span> <span class='ocrx_word' id='word_1_469' title='bbox 479 5376 505 5385; x_wconf 94' lang='lat'><em>-</em></span> <span class='ocrx_word' id='word_1_470' title='bbox 526 5349 564 5397; x_wconf 90' lang='grc'><strong>46.</strong></span> <span class='ocrx_word' id='word_1_471' title='bbox 583 5348 699 5396; x_wconf 86' lang='lat' dir='ltr'><strong>minimos</strong></span> <span class='ocrx_word' id='word_1_472' title='bbox 716 5347 826 5409; x_wconf 74' lang='lat' dir='ltr'><strong>(minias)</strong></span> <span class='ocrx_word' id='word_1_473' title='bbox 845 5348 880 5395; x_wconf 85' lang='lat' dir='ltr'><strong>E:</strong></span> <span class='ocrx_word' id='word_1_474' title='bbox 905 5349 994 5394; x_wconf 83' lang='lat' dir='ltr'><strong>ntnrtos</strong></span> <span class='ocrx_word' id='word_1_475' title='bbox 1011 5346 1150 5395; x_wconf 71' lang='lat' dir='ltr'><strong>Alttlt&#39;V</strong></span> <span class='ocrx_word' id='word_1_476' title='bbox 1170 5371 1195 5378; x_wconf 94' lang='lat'>-</span> <span class='ocrx_word' id='word_1_477' title='bbox 1222 5343 1261 5391; x_wconf 74' lang='lat' dir='ltr'><strong>id.</strong></span> <span class='ocrx_word' id='word_1_478' title='bbox 1282 5345 1429 5391; x_wconf 85' lang='lat' dir='ltr'><strong>amandautt</strong></span> <span class='ocrx_word' id='word_1_479' title='bbox 1448 5357 1516 5392; x_wconf 88' lang='lat' dir='ltr'><strong>corr.</strong></span> <span class='ocrx_word' id='word_1_480' title='bbox 1538 5345 1562 5392; x_wconf 88' lang='lat' dir='ltr'><strong>in</strong></span> <span class='ocrx_word' id='word_1_481' title='bbox 1585 5345 1768 5393; x_wconf 87' lang='lat' dir='ltr'><strong>emcndauitV</strong></span> 
     </span>
     <span class='ocr_line' id='line_1_46' title="bbox 441 5418 1769 5484; baseline -0.004 -11"><span class='ocrx_word' id='word_1_482' title='bbox 441 5450 468 5460; x_wconf 92' lang='lat'><strong>-·</strong></span> <span class='ocrx_word' id='word_1_483' title='bbox 482 5423 522 5473; x_wconf 76' lang='lat'><strong>23.</strong></span> <span class='ocrx_word' id='word_1_484' title='bbox 540 5427 651 5484; x_wconf 62' lang='lat' dir='ltr'><strong>nmmum</strong></span> <span class='ocrx_word' id='word_1_485' title='bbox 668 5420 718 5471; x_wconf 91' lang='lat' dir='ltr'><strong>del.</strong></span> <span class='ocrx_word' id='word_1_486' title='bbox 735 5421 885 5470; x_wconf 84' lang='lat' dir='ltr'><strong>Lambinus.</strong></span> <span class='ocrx_word' id='word_1_487' title='bbox 902 5448 928 5456; x_wconf 94' lang='lat'>-</span> <span class='ocrx_word' id='word_1_488' title='bbox 947 5421 987 5471; x_wconf 76' lang='lat' dir='ltr'><strong>at.</strong></span> <span class='ocrx_word' id='word_1_489' title='bbox 1001 5422 1153 5468; x_wconf 82' lang='lat' dir='ltr'><strong>continerent</strong></span> <span class='ocrx_word' id='word_1_490' title='bbox 1166 5418 1316 5466; x_wconf 83' lang='lat' dir='ltr'><strong>Lambinus.</strong></span> <span class='ocrx_word' id='word_1_491' title='bbox 1335 5446 1356 5453; x_wconf 83' lang='lat'><em>-</em></span> <span class='ocrx_word' id='word_1_492' title='bbox 1374 5421 1414 5467; x_wconf 71' lang='lat' dir='ltr'><strong>td.</strong></span> <span class='ocrx_word' id='word_1_493' title='bbox 1429 5420 1521 5480; x_wconf 83' lang='lat' dir='ltr'><strong>popule</strong></span> <span class='ocrx_word' id='word_1_494' title='bbox 1534 5419 1602 5468; x_wconf 86' lang='lat' dir='ltr'><strong>B¹C¹</strong></span> <span class='ocrx_word' id='word_1_495' title='bbox 1618 5445 1643 5455; x_wconf 90' lang='lat'><em>-</em></span> <span class='ocrx_word' id='word_1_496' title='bbox 1657 5420 1697 5468; x_wconf 72' lang='lat' dir='ltr'><strong>i‘l.</strong></span> <span class='ocrx_word' id='word_1_497' title='bbox 1708 5431 1769 5480; x_wconf 82' lang='lat' dir='ltr'><strong>pos-</strong></span> 
     </span>
     <span class='ocr_line' id='line_1_47' title="bbox 439 5494 1769 5557; baseline -0.005 -8"><span class='ocrx_word' id='word_1_498' title='bbox 439 5506 495 5550; x_wconf 84' lang='lat' dir='ltr'><strong>sunt</strong></span> <span class='ocrx_word' id='word_1_499' title='bbox 513 5499 562 5549; x_wconf 84' lang='lat' dir='ltr'><strong>CE</strong></span> <span class='ocrx_word' id='word_1_500' title='bbox 582 5524 610 5535; x_wconf 89' lang='lat'><em>-</em></span> <span class='ocrx_word' id='word_1_501' title='bbox 628 5498 669 5547; x_wconf 70' lang='lat'><strong>28.</strong></span> <span class='ocrx_word' id='word_1_502' title='bbox 689 5498 832 5557; x_wconf 77' lang='lat' dir='ltr'><strong>aptissimae</strong></span> <span class='ocrx_word' id='word_1_503' title='bbox 849 5497 897 5545; x_wconf 79' lang='lat' dir='ltr'><strong>AC</strong></span> <span class='ocrx_word' id='word_1_504' title='bbox 916 5523 948 5531; x_wconf 94' lang='lat'>—</span> <span class='ocrx_word' id='word_1_505' title='bbox 970 5497 1010 5544; x_wconf 71' lang='lat'><strong>29.</strong></span> <span class='ocrx_word' id='word_1_506' title='bbox 1027 5497 1136 5556; x_wconf 82' lang='lat' dir='ltr'><strong>pupulas</strong></span> <span class='ocrx_word' id='word_1_507' title='bbox 1153 5506 1221 5542; x_wconf 88' lang='lat' dir='ltr'><strong>corr.</strong></span> <span class='ocrx_word' id='word_1_508' title='bbox 1241 5506 1272 5540; x_wconf 84' lang='lat' dir='ltr'><strong>er</strong></span> <span class='ocrx_word' id='word_1_509' title='bbox 1289 5495 1423 5554; x_wconf 80' lang='lat' dir='ltr'><strong>populares</strong></span> <span class='ocrx_word' id='word_1_510' title='bbox 1441 5496 1459 5541; x_wconf 79' lang='lat' dir='ltr'><strong>t:</strong></span> <span class='ocrx_word' id='word_1_511' title='bbox 1480 5519 1507 5528; x_wconf 89' lang='lat'><em>-</em></span> <span class='ocrx_word' id='word_1_512' title='bbox 1531 5507 1562 5541; x_wconf 88' lang='lat' dir='ltr'><strong>nc</strong></span> <span class='ocrx_word' id='word_1_513' title='bbox 1579 5495 1632 5554; x_wconf 85' lang='lat' dir='ltr'><strong>quit</strong></span> <span class='ocrx_word' id='word_1_514' title='bbox 1650 5494 1669 5542; x_wconf 88' lang='lat' dir='ltr'>C</span> <span class='ocrx_word' id='word_1_515' title='bbox 1689 5519 1716 5529; x_wconf 95' lang='lat'>—</span> <span class='ocrx_word' id='word_1_516' title='bbox 1736 5494 1769 5541; x_wconf 88' lang='lat' dir='ltr'><strong>ud</strong></span> 
     </span>
     <span class='ocr_line' id='line_1_48' title="bbox 440 5568 1765 5633; baseline -0.005 -9"><span class='ocrx_word' id='word_1_517' title='bbox 440 5589 493 5625; x_wconf 88' lang='lat' dir='ltr'><strong>orn.</strong></span> <span class='ocrx_word' id='word_1_518' title='bbox 514 5575 533 5624; x_wconf 88' lang='lat' dir='ltr'>C</span> <span class='ocrx_word' id='word_1_519' title='bbox 554 5600 579 5609; x_wconf 95' lang='lat'><em>—</em></span> <span class='ocrx_word' id='word_1_520' title='bbox 602 5572 643 5621; x_wconf 85' lang='grc'><strong>30.</strong></span> <span class='ocrx_word' id='word_1_521' title='bbox 661 5574 820 5633; x_wconf 82' lang='lat' dir='ltr'><strong>munitaeque</strong></span> <span class='ocrx_word' id='word_1_522' title='bbox 836 5578 891 5619; x_wconf 85' lang='lat' dir='ltr'><strong>sunt</strong></span> <span class='ocrx_word' id='word_1_523' title='bbox 911 5571 1047 5632; x_wconf 75' lang='lat' dir='ltr'><strong>palbebrae</strong></span> <span class='ocrx_word' id='word_1_524' title='bbox 1063 5583 1128 5631; x_wconf 85' lang='lat' dir='ltr'><strong>qnae</strong></span> <span class='ocrx_word' id='word_1_525' title='bbox 1145 5574 1274 5627; x_wconf 74' lang='lat' dir='ltr'><strong>tanlquam</strong></span> <span class='ocrx_word' id='word_1_526' title='bbox 1291 5569 1357 5616; x_wconf 78' lang='lat' dir='ltr'><strong>vallo</strong></span> <span class='ocrx_word' id='word_1_527' title='bbox 1373 5570 1483 5629; x_wconf 84' lang='lat' dir='ltr'><strong>pitaram</strong></span> <span class='ocrx_word' id='word_1_528' title='bbox 1501 5569 1599 5617; x_wconf 85' lang='lat' dir='ltr'><strong>Nonius</strong></span> <span class='ocrx_word' id='word_1_529' title='bbox 1617 5582 1642 5631; x_wconf 94' lang='lat' dir='ltr'><strong>p.</strong></span> <span class='ocrx_word' id='word_1_530' title='bbox 1660 5568 1718 5618; x_wconf 73' lang='lat' dir='ltr'><strong>its.</strong></span> <span class='ocrx_word' id='word_1_531' title='bbox 1739 5592 1765 5604; x_wconf 91' lang='lat'><em>-</em></span> 
     </span>
     <span class='ocr_line' id='line_1_49' title="bbox 440 5640 1767 5707; baseline -0.005 -7"><span class='ocrx_word' id='word_1_532' title='bbox 440 5651 479 5700; x_wconf 88' lang='grc'><strong>34.</strong></span> <span class='ocrx_word' id='word_1_533' title='bbox 499 5651 521 5698; x_wconf 81' lang='lat' dir='ltr'><strong>st</strong></span> <span class='ocrx_word' id='word_1_534' title='bbox 538 5649 590 5707; x_wconf 82' lang='lat' dir='ltr'><strong>qntt</strong></span> <span class='ocrx_word' id='word_1_535' title='bbox 607 5647 655 5696; x_wconf 81' lang='grc' dir='ltr'><strong>ΑΒ</strong></span> <span class='ocrx_word' id='word_1_536' title='bbox 676 5671 703 5682; x_wconf 92' lang='grc'><strong>-</strong></span> <span class='ocrx_word' id='word_1_537' title='bbox 723 5647 762 5693; x_wconf 72' lang='lat'><strong>32.</strong></span> <span class='ocrx_word' id='word_1_538' title='bbox 781 5646 949 5694; x_wconf 82' lang='lat' dir='ltr'><strong>contuentibus</strong></span> <span class='ocrx_word' id='word_1_539' title='bbox 965 5646 1071 5695; x_wconf 74' lang='lat' dir='ltr'><strong>nect:</strong></span> <span class='ocrx_word' id='word_1_540' title='bbox 1093 5671 1117 5679; x_wconf 95' lang='lat'>-</span> <span class='ocrx_word' id='word_1_541' title='bbox 1138 5655 1281 5703; x_wconf 71' lang='lat' dir='ltr'><strong>separemus</strong></span> <span class='ocrx_word' id='word_1_542' title='bbox 1300 5640 1329 5688; x_wconf 91' lang='lat' dir='ltr'><strong>V¹</strong></span> <span class='ocrx_word' id='word_1_543' title='bbox 1344 5668 1369 5678; x_wconf 94' lang='lat'>-</span> <span class='ocrx_word' id='word_1_544' title='bbox 1390 5642 1429 5690; x_wconf 77' lang='lat'><strong>33.</strong></span> <span class='ocrx_word' id='word_1_545' title='bbox 1448 5649 1523 5701; x_wconf 86' lang='lat' dir='ltr'><strong>utque</strong></span> <span class='ocrx_word' id='word_1_546' title='bbox 1540 5648 1663 5703; x_wconf 84' lang='lat' dir='ltr'><strong>tanquam</strong></span> <span class='ocrx_word' id='word_1_547' title='bbox 1681 5645 1708 5694; x_wconf 88' lang='lat' dir='ltr'><strong>C.</strong></span> <span class='ocrx_word' id='word_1_548' title='bbox 1729 5644 1767 5693; x_wconf 83' lang='lat' dir='ltr'><strong>De</strong></span> 
     </span>
     <span class='ocr_line' id='line_1_50' title="bbox 440 5716 1767 5783; baseline -0.004 -9"><span class='ocrx_word' id='word_1_549' title='bbox 440 5722 599 5774; x_wconf 90' lang='lat' dir='ltr'><strong>anacolntbo</strong></span> <span class='ocrx_word' id='word_1_550' title='bbox 617 5719 650 5770; x_wconf 90' lang='lat' dir='ltr'><strong>cl.</strong></span> <span class='ocrx_word' id='word_1_551' title='bbox 669 5720 789 5769; x_wconf 84' lang='lat' dir='ltr'><strong>chsner</strong></span> <span class='ocrx_word' id='word_1_552' title='bbox 807 5719 859 5769; x_wconf 82' lang='lat' dir='ltr'><strong>Ecl.</strong></span> <span class='ocrx_word' id='word_1_553' title='bbox 879 5722 932 5769; x_wconf 88' lang='lat' dir='ltr'><strong>Cic.</strong></span> <span class='ocrx_word' id='word_1_554' title='bbox 952 5734 978 5783; x_wconf 92' lang='lat' dir='ltr'><strong>p.</strong></span> <span class='ocrx_word' id='word_1_555' title='bbox 998 5719 1038 5769; x_wconf 78' lang='grc'><strong>58.</strong></span> <span class='ocrx_word' id='word_1_556' title='bbox 1061 5746 1087 5754; x_wconf 96' lang='grc'>-</span> <span class='ocrx_word' id='word_1_557' title='bbox 1106 5718 1199 5765; x_wconf 83' lang='lat' dir='ltr'><strong>uttlner</strong></span> <span class='ocrx_word' id='word_1_558' title='bbox 1214 5720 1234 5765; x_wconf 75' lang='grc'>,4</span> <span class='ocrx_word' id='word_1_559' title='bbox 1250 5743 1276 5751; x_wconf 93' lang='grc'><strong>-</strong></span> <span class='ocrx_word' id='word_1_560' title='bbox 1296 5716 1336 5766; x_wconf 73' lang='lat' dir='ltr'><strong>il.</strong></span> <span class='ocrx_word' id='word_1_561' title='bbox 1356 5724 1377 5766; x_wconf 86' lang='lat' dir='ltr'><strong>ct</strong></span> <span class='ocrx_word' id='word_1_562' title='bbox 1395 5731 1447 5767; x_wconf 83' lang='lat' dir='ltr'><strong>om.</strong></span> <span class='ocrx_word' id='word_1_563' title='bbox 1466 5720 1484 5767; x_wconf 83' lang='lat' dir='ltr'>C</span> <span class='ocrx_word' id='word_1_564' title='bbox 1506 5744 1531 5752; x_wconf 90' lang='lat'><em>-</em></span> <span class='ocrx_word' id='word_1_565' title='bbox 1552 5719 1592 5768; x_wconf 80' lang='lat'><strong>35.</strong></span> <span class='ocrx_word' id='word_1_566' title='bbox 1609 5721 1692 5779; x_wconf 71' lang='lat' dir='ltr'><strong>fronte</strong></span> <span class='ocrx_word' id='word_1_567' title='bbox 1709 5720 1767 5769; x_wconf 77' lang='lat' dir='ltr'><strong>Alit</strong></span> 
     </span>
     <span class='ocr_line' id='line_1_51' title="bbox 441 5791 1767 5857; baseline -0.002 -11"><span class='ocrx_word' id='word_1_568' title='bbox 441 5798 566 5849; x_wconf 75' lang='lat' dir='ltr'>CEPV:</span> <span class='ocrx_word' id='word_1_569' title='bbox 585 5811 602 5846; x_wconf 87' lang='grc' dir='ltr'><em>α</em></span> <span class='ocrx_word' id='word_1_570' title='bbox 617 5796 700 5856; x_wconf 75' lang='lat' dir='ltr'><strong>fronte</strong></span> <span class='ocrx_word' id='word_1_571' title='bbox 716 5794 772 5845; x_wconf 76' lang='lat'><strong>13²0</strong></span> <span class='ocrx_word' id='word_1_572' title='bbox 792 5822 818 5831; x_wconf 88' lang='lat'><em>—</em></span> <span class='ocrx_word' id='word_1_573' title='bbox 838 5796 877 5844; x_wconf 77' lang='lat'><strong>36.</strong></span> <span class='ocrx_word' id='word_1_574' title='bbox 898 5797 1031 5856; x_wconf 81' lang='lat' dir='ltr'><strong>leniterque</strong></span> <span class='ocrx_word' id='word_1_575' title='bbox 1049 5792 1203 5841; x_wconf 86' lang='lat' dir='ltr'><strong>Wnlkcrus:</strong></span> <span class='ocrx_word' id='word_1_576' title='bbox 1222 5792 1358 5855; x_wconf 82' lang='lat' dir='ltr'><strong>leuiterque</strong></span> <span class='ocrx_word' id='word_1_577' title='bbox 1375 5791 1396 5843; x_wconf 78' lang='lat' dir='ltr'><strong>‘ll</strong></span> <span class='ocrx_word' id='word_1_578' title='bbox 1415 5820 1440 5829; x_wconf 97' lang='lat'>-</span> <span class='ocrx_word' id='word_1_579' title='bbox 1460 5806 1537 5842; x_wconf 75' lang='lat' dir='ltr'><strong>numa</strong></span> <span class='ocrx_word' id='word_1_580' title='bbox 1552 5796 1648 5857; x_wconf 79' lang='lat' dir='ltr'><strong>itaque,</strong></span> <span class='ocrx_word' id='word_1_581' title='bbox 1668 5796 1711 5857; x_wconf 84' lang='lat' dir='ltr'><strong>qut</strong></span> <span class='ocrx_word' id='word_1_582' title='bbox 1727 5796 1767 5844; x_wconf 81' lang='lat' dir='ltr'><strong>di·</strong></span> 
     </span>
     <span class='ocr_line' id='line_1_52' title="bbox 440 5868 1764 5935; baseline -0.003 -12"><span class='ocrx_word' id='word_1_583' title='bbox 440 5876 528 5923; x_wconf 76' lang='grc'>444444</span> <span class='ocrx_word' id='word_1_584' title='bbox 544 5877 592 5932; x_wconf 81' lang='lat' dir='ltr'><strong>est,</strong></span> <span class='ocrx_word' id='word_1_585' title='bbox 614 5873 687 5932; x_wconf 71' lang='lat' dir='ltr'><strong>qumi</strong></span> <span class='ocrx_word' id='word_1_586' title='bbox 703 5884 791 5919; x_wconf 81' lang='lat' dir='ltr'><strong>murus</strong></span> <span class='ocrx_word' id='word_1_587' title='bbox 807 5872 884 5919; x_wconf 87' lang='lat' dir='ltr'><strong>ocutis</strong></span> <span class='ocrx_word' id='word_1_588' title='bbox 900 5872 1042 5919; x_wconf 78' lang='lat' dir='ltr'><strong>interiectus</strong></span> <span class='ocrx_word' id='word_1_589' title='bbox 1058 5882 1109 5918; x_wconf 77' lang='lat' dir='ltr'><strong>esre</strong></span> <span class='ocrx_word' id='word_1_590' title='bbox 1124 5870 1240 5917; x_wconf 61' lang='lat' dir='ltr'><strong>ratdeatnr</strong></span> <span class='ocrx_word' id='word_1_591' title='bbox 1258 5869 1375 5917; x_wconf 83' lang='lat' dir='ltr'><strong>Valerius</strong></span> <span class='ocrx_word' id='word_1_592' title='bbox 1394 5868 1495 5920; x_wconf 81' lang='lat' dir='ltr'><strong>Probus</strong></span> <span class='ocrx_word' id='word_1_593' title='bbox 1513 5870 1546 5920; x_wconf 88' lang='lat' dir='ltr'><strong>de</strong></span> <span class='ocrx_word' id='word_1_594' title='bbox 1565 5872 1673 5921; x_wconf 86' lang='lat' dir='ltr'><strong>nomine</strong></span> <span class='ocrx_word' id='word_1_595' title='bbox 1690 5872 1707 5935; x_wconf 70' lang='lat' dir='ltr'>s</span> <span class='ocrx_word' id='word_1_596' title='bbox 1723 5869 1764 5921; x_wconf 83' lang='lat' dir='ltr'><strong>ld.</strong></span> 
     </span>
     <span class='ocr_line' id='line_1_53' title="bbox 443 5943 1437 6010; baseline -0.003 -13"><span class='ocrx_word' id='word_1_597' title='bbox 443 5974 469 5985; x_wconf 95' lang='lat'>-</span> <span class='ocrx_word' id='word_1_598' title='bbox 489 5960 613 6010; x_wconf 62' lang='lat' dir='ltr'><strong>nauaque</strong></span> <span class='ocrx_word' id='word_1_599' title='bbox 628 5949 665 5996; x_wconf 86' lang='lat' dir='ltr'><strong>tta</strong></span> <span class='ocrx_word' id='word_1_600' title='bbox 682 5947 719 5998; x_wconf 85' lang='lat' dir='ltr'><strong>C:</strong></span> <span class='ocrx_word' id='word_1_601' title='bbox 738 5959 815 5997; x_wconf 76' lang='grc'>44444</span> <span class='ocrx_word' id='word_1_602' title='bbox 830 5948 916 6009; x_wconf 86' lang='lat' dir='ltr'><strong>itaque</strong></span> <span class='ocrx_word' id='word_1_603' title='bbox 932 5948 981 5996; x_wconf 81' lang='grc' dir='ltr'><strong>ΑΒ</strong></span> <span class='ocrx_word' id='word_1_604' title='bbox 992 5947 1010 5996; x_wconf 83' lang='grc' dir='ltr'>Ε</span> <span class='ocrx_word' id='word_1_605' title='bbox 1021 5946 1070 5995; x_wconf 85' lang='lat' dir='ltr'><strong>PV</strong></span> <span class='ocrx_word' id='word_1_606' title='bbox 1088 5945 1124 6007; x_wconf 81' lang='lat' dir='ltr'><strong>(tn</strong></span> <span class='ocrx_word' id='word_1_607' title='bbox 1143 5944 1163 5991; x_wconf 88' lang='lat' dir='ltr'>V</span> <span class='ocrx_word' id='word_1_608' title='bbox 1181 5957 1228 6007; x_wconf 84' lang='lat' dir='ltr'><strong>quo</strong></span> <span class='ocrx_word' id='word_1_609' title='bbox 1245 5943 1362 5996; x_wconf 82' lang='lat' dir='ltr'><strong>deletum</strong></span> <span class='ocrx_word' id='word_1_610' title='bbox 1380 5946 1437 6007; x_wconf 77' lang='lat' dir='ltr'><strong>est).</strong></span> 
     </span>
    </p>
   </div>
   <div class='ocr_carea' id='block_1_5' title="bbox 0 0 2181 7459">
    <p class='ocr_par' dir='ltr' id='par_1_5' title="bbox 0 0 2181 7459">
     <span class='ocr_line' id='line_1_54' title="bbox 0 0 2181 7459; baseline 0 0"><span class='ocrx_word' id='word_1_611' title='bbox 0 0 2181 7459; x_wconf 95' lang='lat' dir='ltr'><strong> </strong></span> 
     </span>
    </p>
   </div>
  </div>
 </body>
</html>
