4342 7459
657 1245 725 1311 ιιι.
747 1244 786 1309 u
815 1217 1400 1327 cn.xx1-xxrv.ggsr-‘se.
1625 1236 1690 1306 sar

360 1428 426 1473 neo
449 1405 616 1492 potuisset,
638 1405 720 1471 iacta
742 1425 807 1470 non
830 1412 925 1470 esset.
959 1404 1064 1489 Atque
1084 1404 1148 1469 hoc
1168 1412 1276 1470 contra
1297 1406 1404 1469 omnia
1425 1411 1548 1469 ostenta
1569 1403 1688 1471 valeat:

361 1521 533 1585 numquam
562 1501 648 1584 quod
676 1497 745 1564 lieri
772 1520 835 1564 non
859 1500 998 1583 potuerit
1018 1519 1090 1563 esse
1111 1498 1246 1573 iactum,
1275 1500 1324 1562 sin
1346 1499 1502 1583 potuerit,
1530 1518 1594 1562 non
1616 1518 1688 1561 esse

360 1595 549 1661 mirandum.
593 1594 764 1658 Causarum
792 1596 878 1658 enim
902 1593 1059 1675 ignoratio
1080 1592 1115 1656 in
1136 1612 1172 1656 re
1192 1613 1277 1658 nove
1298 1593 1495 1657 mintionem
1516 1591 1606 1667 iscii;
1636 1611 1689 1656 ea-

360 1691 432 1754 dem
456 1689 612 1771 ignoratio
640 1688 667 1751 si
693 1690 726 1752 in
749 1684 844 1751 rebus
866 1687 990 1750 usitatis
1012 1694 1076 1761 est,
1105 1707 1169 1750 non
1191 1688 1349 1751 miramur.
1393 1689 1470 1751 Na·
1493 1687 1548 1770 qui
1571 1685 1688 1749 mulam

358 1783 521 1869 peperisse
544 1783 689 1857 miratur,
718 1784 745 1845 is
774 1802 840 1866 quo
866 1780 961 1844 modo
987 1799 1070 1864 equa
1097 1782 1214 1865 pariat,
1242 1789 1300 1844 aut
1320 1782 1449 1845 omnino
1470 1799 1553 1864 quae
1576 1788 1712 1844 naturae

357 1888 483 1965 partim
512 1877 682 1941 animantis
711 1875 808 1940 iaciat
833 1876 968 1959 ignorat.
1014 1875 1077 1938 Sed
1106 1875 1191 1958 quod
1218 1874 1331 1938 crebro
1353 1875 1441 1940 videt
1462 1894 1525 1938 non
1546 1874 1687 1948 miratur,

358 1972 453 2036 etiam
480 1972 507 2035 si
536 1990 593 2034 eur
617 1967 671 2033 fiat
698 1970 819 2045 nescit;
853 1968 941 2053 quod
964 1976 1037 2031 ante
1059 1988 1125 2031 non
1146 1967 1242 2043 vidit,
1270 1967 1304 2033 id
1325 1969 1351 2032 si
1374 1969 1497 2043 evenit,
1526 1975 1686 2032 ostentum

357 2086 429 2131 esse
450 2072 567 2130 censet.
612 2066 718 2128 Utrum
739 2064 851 2146 igitur,
878 2083 949 2126 cum
971 2064 1117 2145 concapit
1137 2063 1241 2139 mule,
1263 2083 1303 2127 sn
1326 2083 1398 2127 cum
1420 2062 1558 2146 peperit,
1580 2070 1688 2125 osten·

263 2198 265 2200 ·
357 2168 423 2224 tum
453 2162 527 2223 esti
576 2155 628 2221 50.
658 2157 831 2241 Conceptio
862 2164 973 2219 contra
1002 2165 1147 2220 naturam
1176 2156 1331 2233 sortasse,
1363 2157 1419 2221 sed
1451 2165 1558 2242 partus
1587 2174 1686 2239 prope

356 2253 567 2317 necessarius.
1694 2263 1723 2312 to

444 2347 562 2409 xxiii.
586 2345 647 2410 Sed
671 2344 747 2430 quid
770 2346 884 2428 plural
912 2344 1024 2409 Ortum
1038 2345 1204 2409 videamus
1219 2346 1455 2428 haruspicinae,
1470 2345 1514 2407 sic
1528 2341 1687 2407 facillume

356 2534 592 2618 Tarquiniensi,
618 2555 689 2597 cum
713 2542 795 2597 terra
817 2542 961 2597 araretur
987 2542 1020 2597 et
1041 2534 1149 2598 sulcus
1170 2535 1267 2598 altius
1289 2542 1375 2598 esset
1395 2534 1583 2616 impressus,
1606 2531 1688 2593 exti-

355 2629 432 2693 tisse
461 2635 593 2711 repente
622 2636 654 2692 et
674 2648 746 2692 eom
769 2625 894 2691 adlatus
916 2647 1003 2701 esse,
1031 2628 1085 2711 qui
1108 2628 1225 2691 arabst.
1268 2629 1299 2691 ls
1322 2635 1426 2691 autem
1449 2628 1568 2706 Tages,
1596 2632 1632 2687 ut
1653 2624 1686 2688 in

355 2721 446 2786 libris
467 2729 517 2783 eet
530 2721 754 2794 Etruscorum,
776 2722 890 2804 puerili
914 2721 1021 2805 speeie
1043 2722 1160 2785 dicitur
1180 2722 1283 2796 risus,
1305 2722 1362 2787 seri
1384 2721 1476 2787 senili
1498 2720 1598 2784 inisse
1612 2732 1725 2804 pru-se

356 2816 474 2880 dantia.
504 2814 583 2878 Eius
604 2816 757 2899 adspectu
781 2836 851 2879 cum
874 2815 1082 2897 obstipuisset
1103 2815 1260 2880 bubulcus
1281 2817 1513 2899 clamoremque
1535 2814 1686 2878 maiorem

356 2930 425 2974 cum
448 2908 658 2973 admiratione
681 2908 848 2983 edidisset,
871 2928 1059 2972 concursum
1083 2928 1154 2972 esse
1175 2908 1293 2973 iactum
1315 2918 1480 2993 totamque
1499 2905 1587 2972 brevi
1609 2918 1688 2972 tam·

355 3023 435 3088 pore
456 3004 489 3067 in
511 3023 584 3067 eum
607 3003 711 3067 iocum
726 3004 886 3067 Etruriam
902 3004 1106 3075 convenisse;
1130 3011 1196 3065 tum
1210 3003 1300 3067 ilium
1315 3004 1407 3086 plura
1423 3004 1562 3067 locutum
1578 3001 1686 3066 multis

354 3097 569 3170 audientibus,
591 3097 645 3179 qui
668 3098 775 3160 omnia
799 3097 894 3161 verba
916 3097 986 3161 eius
1008 3098 1195 3178 exceperint
1209 3097 1387 3182 litterisque
1401 3095 1597 3172 mandarint;
1619 3116 1687 3160 om-

355 3210 426 3255 nem
449 3198 556 3255 autem
578 3191 756 3253 orationem
777 3189 876 3254 inissa
900 3210 988 3265 sem,
1017 3210 1081 3275 qus
1108 3190 1326 3275 haruspicinae
1352 3191 1520 3275 discipline
1545 3192 1724 3254 contine-so

354 3293 459 3358 retur;
489 3304 557 3350 eam
586 3294 698 3366 postea
724 3285 861 3349 crevisse
887 3284 983 3348 rebus
1009 3284 1100 3349 novis
1129 3285 1358 3368 cognoscendis
1380 3294 1412 3350 et
1433 3283 1473 3348 sd
1497 3285 1607 3349 eadem
1631 3285 1686 3348 illa

354 3378 512 3464 principia
534 3376 719 3442 referendis.
762 3379 850 3442 llaec
870 3378 1051 3461 accepimus
1072 3376 1113 3444 sb
1134 3380 1227 3463 ipsis,
1248 3381 1327 3444 haec
1348 3381 1465 3461 scripta
1487 3387 1687 3447 conservant,

354 3473 441 3536 hunc
462 3471 580 3534 iontem
604 3471 722 3536 habent
744 3471 942 3555 disciplinae.
978 3469 1030 3536 bt.
1051 3476 1133 3536 Num
1155 3492 1232 3555 ergo
1253 3494 1336 3556 opus
1359 3473 1468 3537 estad
1491 3474 1570 3537 haec
1592 3473 1686 3536 reiel·

355 3565 449 3630 lenda
465 3565 647 3629 Carneade?
670 3585 745 3629 nom
760 3567 922 3649 Epicuro?
945 3576 1035 3630 estne
1057 3567 1228 3650 quisquam
1247 3568 1288 3630 ita
1311 3567 1489 3651 desipiens,
1506 3568 1561 3650 qui
1577 3565 1686 3631 credat

355 3667 518 3723 exaratum
548 3677 637 3732 esse,
670 3657 765 3722 deum
794 3659 896 3723 dicam
926 3681 966 3724 an
994 3660 1181 3723 hominem?
1225 3662 1258 3726 Si
1286 3661 1399 3735 deum,
1428 3680 1485 3724 cur
1513 3682 1548 3725 se
1576 3669 1723 3725 contrait

354 3763 498 3816 naturam
528 3752 561 3814 in
592 3761 707 3815 terram
735 3752 909 3828 abdiderit,
942 3762 977 3818 nt
1004 3752 1182 3836 patefactus
1210 3765 1317 3820 aratro
1349 3753 1453 3819 lucem
1485 3754 1684 3837 adspiceret?

355 3847 462 3924 Ouidi
484 3844 568 3909 idem
592 3865 699 3910 nonne
721 3856 848 3928 poterat
870 3849 950 3911 deus
970 3846 1158 3910 hominibus
1180 3847 1379 3931 disciplinam
1401 3849 1565 3932 superiore
1581 3869 1599 3912 e
1613 3848 1684 3911 ioco

353 3940 499 4005 tradere?
543 3939 578 4002 Si
607 3948 712 4004 autem
740 3941 836 4005 bomo
863 3941 918 4005 ille
947 3942 1050 4023 Tages
1077 3939 1153 4015 tuit,
1185 3962 1322 4025 quonum
1352 3942 1447 4006 modo
1478 3943 1580 4025 potuit
1601 3950 1685 4006 terra

352 4053 526 4119 oppressus
548 4033 675 4096 viveret
697 4032 781 4097 unde
804 4055 900 4118 porro
922 4034 976 4099 ilia
999 4035 1217 4118 potuitquae
1239 4036 1374 4099 docebat
1394 4037 1493 4110 aiios,
1515 4037 1585 4120 ipse
1603 4035 1685 4100 didi·

353 4131 459 4194 eissei
503 4126 564 4189 Sed
588 4147 648 4210 ego
669 4129 890 4210 insipientior,
914 4150 1009 4212 quam
1032 4130 1079 4194 ilii
1102 4132 1180 4214 ipsi,
1202 4134 1258 4215 qui
1281 4134 1341 4198 ista
1363 4131 1511 4207 credunt,
1535 4132 1590 4215 qui
1613 4130 1721 4214 qut-ss

353 4222 425 4286 dem
448 4231 558 4284 contra
579 4242 634 4284 eos
657 4229 719 4284 iam
743 4222 798 4284 dio
817 4223 987 4305 disputem.

437 4316 552 4378 XXlV.
576 4320 674 4379 Vetus
696 4324 800 4378 autem
823 4316 902 4379 iliud
928 4319 1055 4381 Catonis
1078 4318 1248 4382 admodum
1272 4320 1385 4383 scitum
1407 4329 1473 4395 est,
1502 4320 1555 4405 qui
1578 4318 1684 4382 mirari

352 4429 386 4473 se
400 4409 519 4482 aiebat,
535 4410 622 4494 quod
638 4430 700 4472 non
717 4409 833 4473 rideret
847 4411 1023 4493 haruspex,
1039 4412 1240 4492 haruspicem
1257 4434 1327 4476 cum
1345 4415 1483 4477 vidisset.
1511 4411 1562 4475 52.
1578 4412 1684 4487 Quota

352 4506 436 4569 enim
460 4523 605 4588 quaeque
628 4524 677 4566 rea
699 4505 806 4566 evenit
827 4507 988 4587 praedicta
1007 4507 1046 4568 ab
1063 4507 1156 4569 istis?
1178 4513 1233 4570 aui
1247 4508 1273 4569 si
1290 4509 1395 4570 evenit
1411 4509 1588 4591 quippiam,
1605 4504 1682 4589 quid

335 4599 468 4663 ‘adferri
492 4607 611 4681 potest,
642 4618 698 4661 cur
722 4618 785 4659 non
808 4618 883 4661 casn
908 4599 939 4662 id
963 4600 1129 4662 evenerit?
1166 4602 1233 4662 lies
1255 4603 1397 4674 Prusias,
1420 4621 1490 4665 cum
1512 4600 1720 4665 Hannibalise

351 4692 434 4775 apud
458 4713 530 4756 eom
553 4692 711 4756 exsulanti
736 4691 911 4775 depugnari
936 4693 1089 4775 placeret,
1120 4694 1256 4777 negabat
1277 4716 1311 4757 se
1334 4696 1466 4770 andere,
1498 4694 1584 4779 quod
1608 4704 1682 4758 exta

351 4787 565 4871 prohiberent.
611 4786 690 4848 udin
713 4789 768 4849 tul
791 4787 903 4870 inquit,
925 4788 1113 4850 carunculae
1136 4788 1286 4851 vitulinae
1309 4791 1408 4853 mavis
1430 4810 1524 4873 quem
1548 4789 1679 4870 impera·

350 4882 410 4968 tori
430 4883 529 4946 veteri
550 4880 720 4943 credereir
753 4882 859 4957 Quidi
882 4882 951 4964 ipse
967 4881 1099 4956 Caesar,
1121 4903 1192 4945 cum
1207 4901 1225 4944 a
1241 4902 1365 4945 summo
1385 4884 1553 4966 haruspice
1574 4902 1681 4947 mone·

350 4984 436 5038 retur
465 4994 504 5037 ne
527 4975 560 5036 in
579 4973 718 5038 Africam
740 4985 813 5039 ante
835 4976 977 5039 brumam
999 4976 1239 5050 transmitteret,
1256 4996 1361 5040 nonne
1377 4979 1570 5041 transmisit?
1593 4974 1679 5060 quod

412 5285 437 5334 b.
455 5278 646 5345 rispotsritB¹
674 5308 701 5319 -
731 5283 755 5332 3.
775 5284 968 5334 reserationem
986 5282 1082 5332 belrius
1111 5307 1138 5318 -
1167 5281 1192 5331 6.
1210 5283 1384 5334 rrvirssorssrii¹
1411 5309 1439 5321 -
1468 5285 1493 5335 i.
1512 5284 1579 5347 asts]
1596 5288 1681 5334 oeten

348 5357 442 5409 Ssitsb.
463 5385 491 5396 -
519 5360 558 5409 ta.
576 5358 667 5407 moses
683 5357 801 5422 briseg:
820 5359 931 5410 bobdc
958 5383 984 5394 -
1015 5364 1073 5421 tage
1091 5356 1121 5407 Α*
1145 5382 1173 5393 -
1202 5358 1242 5409 ta.
1260 5359 1378 5409 emissit
1402 5385 1429 5396 -
1461 5360 1501 5411 te.
1519 5360 1681 5421 obstupuisset

347 5432 432 5483 Bv¹0
451 5458 478 5469 -
505 5434 543 5482 i'i.
562 5434 715 5483 ededioetd
743 5460 769 5470 -
804 5433 843 5483 ts.
860 5434 1007 5483 verbosius
1024 5434 1061 5484 C:
1088 5431 1270 5483 denomino
1297 5458 1324 5469 -
1351 5435 1529 5484 mesesusrtst
1546 5435 1566 5485 0
1586 5458 1612 5470 -
1637 5434 1679 5485 to.

348 5509 492 5572 duciptieee
504 5506 534 5555 V¹
549 5534 575 5544 -
594 5507 774 5570 senceum
788 5533 813 5545 -
833 5511 895 5569 ipss's
906 5510 1061 5571 ectheses,
1075 5506 1123 5558 sed
1136 5508 1179 5568 qui
1196 5520 1256 5573 sup.
1269 5506 1313 5559 lin.
1328 5522 1362 5559 ur.
1377 5521 1433 5560 sec.
1449 5534 1476 5546 -
1495 5507 1537 5560 ii.
1550 5509 1681 5574 eoszoe

348 5586 370 5633 Α
392 5610 419 5620 -
446 5583 487 5632 se.
507 5583 589 5631 αἰοαοι
605 5597 640 5631 es
656 5584 779 5634 hominem
794 5585 816 5633 si
832 5585 905 5634 decos
925 5586 951 5635 in
973 5596 1056 5646 marg.
1077 5584 1159 5633 babet
1181 5585 1200 5633 e
1228 5611 1255 5621 -
1281 5586 1380 5635 sidsus
1402 5599 1433 5636 es
1457 5584 1515 5636 cod.
1542 5584 1680 5638 baiioieusi

348 5658 469 5708 Davisius
487 5684 519 5694 -
536 5660 577 5708 26.
597 5658 730 5709 obdidmet
747 5658 906 5717 Lambinus,
930 5659 1026 5709 obdidit
1042 5658 1157 5709 iiiotrius
1176 5685 1204 5695 -
1227 5661 1349 5720 aspiceret
1366 5661 1409 5711 iiii
1430 5687 1455 5697 -
1475 5661 1517 5711 29.
1535 5674 1590 5722 opr.
1609 5664 1629 5711 Α
1649 5687 1676 5701 -

348 5731 388 5782 at.
407 5734 493 5783 mein
512 5747 562 5784 ras.
582 5732 702 5784 habeti
728 5761 754 5771 -
782 5734 822 5786 ii.
842 5736 973 5798 quippiam
989 5734 1046 5785 av:
1071 5735 1201 5797 essidpiess
1217 5735 1263 5785 ΒΟ
1290 5762 1317 5773 -
1344 5736 1384 5787 35.
1403 5735 1556 5787 lantberto
1580 5761 1607 5773 -
1636 5736 1678 5789 36.

348 5813 447 5870 epistt
468 5835 494 5846 -
520 5810 561 5859 st.
580 5810 718 5860 aieleth:
744 5824 779 5859 os
795 5816 824 5859 tss
840 5810 923 5868 AVO,
941 5812 985 5861 oie
1002 5816 1029 5859 trs
1045 5808 1156 5864 &bsh-t
1182 5810 1216 5861 cl.
1236 5812 1272 5866 ii,
1292 5810 1367 5875 stit
1387 5836 1412 5848 -
1439 5812 1564 5875 inquies
1584 5837 1611 5847 -
1636 5811 1677 5865 38.

348 5895 366 5931 o
381 5884 511 5943 specim
526 5883 659 5947 tsnoptce
680 5886 816 5949 ingeniose
838 5886 959 5937 Davisius
981 5886 1096 5937 coniecit
1122 5910 1149 5924 -
1180 5885 1221 5937 te.
1244 5889 1394 5939 ventumst
1410 5885 1504 5948 ibid,
1527 5886 1577 5938 seri
1597 5887 1679 5941 iidem

348 5957 445 6011 deiude
461 5961 599 6011 ambit
617 5985 646 5999 -·
668 5974 719 6010 ses
735 5962 775 6013 iit
