4342 7459
778 1229 845 1297 un.
861 1232 900 1295 n.
930 1231 1174 1298 cu.u1-1v.
1196 1230 1370 1318 ppo-a.
1673 1230 1735 1298 aaa

493 1397 554 1463 lv.
587 1394 625 1462 7.
660 1396 724 1462 Est
746 1400 855 1462 autem
878 1397 1047 1462 maritimis
1069 1397 1207 1464 urbibus
1236 1401 1333 1463 etlam
1361 1397 1521 1485 quaedam
1544 1403 1736 1486 corruptela

407 1523 448 1569 ac
472 1502 653 1569 demutatio
675 1520 815 1566 morum:
844 1501 1070 1568 admiscentur
1098 1504 1183 1567 enim
1214 1506 1312 1569 novis
1338 1506 1547 1571 sermonibus
1568 1522 1609 1572 ac
1631 1504 1736 1575 disci.

408 1609 509 1692 plinis
531 1610 566 1671 et
587 1607 801 1689 inportantur
821 1625 889 1669 nun
911 1623 1041 1671 merces
1062 1607 1167 1671 solum
1191 1606 1414 1692 adventiciae,
1427 1607 1488 1674 sed
1504 1610 1602 1675 etlam
1618 1629 1736 1695 mures,

409 1717 445 1775 ut
468 1710 549 1774 nibil
573 1710 679 1793 possit
703 1710 736 1771 in
758 1709 865 1793 patris
886 1710 1050 1774 institutis
1071 1728 1204 1775 manere
1226 1702 1406 1797 iultegrum.
1442 1711 1511 1777 lam
1535 1714 1589 1798 qul
1613 1712 1655 1795 [p.
1664 1706 1736 1775 408.

409 1815 557 1880 incolunt
580 1832 639 1879 cas
660 1813 772 1894 urbes,
792 1833 859 1877 non
883 1811 1023 1879 haerent
1045 1815 1078 1878 in
1101 1815 1172 1879 suis
1193 1815 1348 1899 sedibus,
1370 1815 1430 1881 sed
1453 1817 1583 1883 volucri
1606 1822 1761 1905 semperl

408 1938 469 2004 spe
491 1923 526 1985 et
548 1919 755 2007 cognatione
777 1919 952 2002 rapiuntur
973 1936 993 1982 a
1015 1917 1113 1982 domu
1136 1918 1287 2008 longius,
1317 1919 1427 2004 adque
1448 1921 1546 1985 etiam
1569 1940 1642 1987 cum
1665 1942 1738 1987 ma-

409 2026 491 2088 nent
512 2040 672 2108 corpure,
693 2024 801 2087 animo
823 2025 933 2088 tamen
958 2023 1096 2087 exulant
1120 2026 1154 2087 et
1172 2026 1351 2112 vagantur.
1394 2021 1466 2090 Nec
1488 2043 1570 2090 vero
1594 2027 1739 2093 uliares

407 2126 515 2214 magis
543 2125 781 2192 labefactatam
812 2125 867 2189 diu
897 2132 931 2191 et
953 2124 1190 2213 Carthaginem
1214 2130 1248 2191 et
1270 2125 1463 2193 Corinthum
1486 2131 1652 2212 pervertit
1673 2131 1739 2195 ali-

408 2228 541 2314 quando
564 2247 659 2314 quam
682 2227 736 2295 bie
759 2248 852 2293 error
874 2246 915 2295 ac
937 2228 1112 2313 dissipatio
1135 2230 1274 2307 civium,
1305 2228 1392 2315 qnod
1416 2230 1582 2297 mercandi
1605 2232 1739 2319 cupidl-

408 2338 478 2399 tate
501 2337 536 2399 ei
557 2325 746 2419 navilgandi
769 2339 802 2399 el
825 2353 981 2423 agrorum
1004 2339 1038 2399 et
1054 2352 1216 2398 armorum
1232 2334 1356 2400 cultum
1371 2335 1584 2420 reliquerant.
1610 2328 1776 2417 [pmii

408 2438 445 2502 0.
470 2436 582 2502 Multa
604 2440 702 2503 etiam
724 2436 767 2502 ad
790 2439 950 2503 luxuriam
974 2439 1194 2502 invitamenta
1222 2439 1412 2522 perniciosa
1439 2440 1633 2506 civitatibus
1654 2441 1739 2506 sub-

407 2539 601 2627 peditantur
628 2544 724 2622 mari,
756 2561 841 2626 quae
871 2544 926 2608 vel
956 2546 1137 2620 capiuntur
1164 2543 1220 2607 vel
1254 2544 1483 2627 inportantur,
1514 2548 1615 2628 utque
1636 2542 1739 2610 babet

407 2647 472 2710 lam
500 2647 686 2710 amoenitas
714 2647 788 2732 ipsa
810 2646 865 2710 vel
887 2650 1101 2731 sumptuosas
1123 2646 1179 2709 vel
1201 2643 1387 2711 desidiosas
1409 2646 1598 2713 inlecebras
1618 2649 1739 2713 multus

408 2748 636 2835 cupiditatum.
679 2750 724 2815 at
753 2750 841 2834 quud
872 2750 914 2815 de
943 2748 1105 2817 Corintho
1136 2748 1223 2831 dixi,
1254 2748 1288 2815 ld
1310 2749 1392 2815 baut
1413 2752 1483 2815 scio
1506 2769 1550 2815 an
1573 2752 1673 2817 liceat
1696 2749 1738 2815 de

408 2858 529 2920 cuncta
558 2851 702 2922 Graecia
731 2856 906 2921 verissime
937 2852 1061 2921 dicere.
1107 2853 1190 2920 Nam
1220 2858 1255 2920 et
1284 2857 1360 2939 ipsa
1382 2853 1638 2938 Peloponnesus
1665 2854 1776 2919 iereii

407 2961 481 3023 tuta
510 2960 544 3022 ln
567 2961 647 3023 marl
670 2963 737 3036 cst,
756 2952 763 3035 Ι
782 2977 844 3024 nec
867 2964 1003 3042 praeter
1024 2957 1214 3023 Phliuntios
1237 2958 1294 3022 ulii
1316 2961 1413 3039 suni,
1441 2976 1576 3043 quorum
1609 2950 1738 3039 [p.228·

407 3063 481 3151 agri
504 3080 571 3125 non
593 3063 793 3150 contingant
815 3079 914 3146 mare,
938 3065 971 3126 et
995 3064 1091 3126 extra
1108 3059 1376 3145 Peloponnesum
1392 3061 1565 3128 Aenianes
1587 3066 1622 3127 et
1638 3061 1738 3126 llorls

409 3172 444 3231 et
466 3165 617 3250 Dolopes
638 3167 701 3230 suli
723 3167 845 3231 absunt
867 3185 888 3230 a
910 3169 1001 3231 mari.
1046 3163 1133 3246 Quid
1156 3164 1263 3231 dicam
1286 3166 1414 3230 insulas
1436 3157 1628 3233 Graeciae?
1653 3182 1738 3249 quae

407 3268 563 3336 lucibus
592 3272 723 3336 cinciae
752 3273 870 3334 nutant
901 3287 1007 3354 paene
1033 3270 1129 3351 ipsae
1156 3269 1252 3333 simul
1274 3286 1346 3334 cum
1370 3270 1553 3334 eivitatium
1577 3270 1738 3334 institutis

408 3377 443 3438 et
472 3374 629 3439 muribus.
686 3367 721 3438 9.
754 3372 869 3457 Atque
896 3372 980 3439 baec
1011 3373 1163 3458 quidem,
1196 3377 1232 3437 ut
1261 3392 1363 3458 supra
1386 3372 1475 3453 dixi,
1510 3375 1637 3437 veteris
1659 3376 1775 3436 sunt²⁰

408 3477 582 3544 Graeciae.
631 3477 843 3543 Coloniarum
877 3496 959 3542 vero
994 3496 1079 3561 quae
1113 3481 1166 3543 est
1196 3475 1341 3543 deducta
1370 3494 1391 3541 a
1419 3476 1520 3544 Grais
1547 3477 1581 3540 ln
1608 3468 1737 3553 Asiam,

410 3579 585 3664 Thracam,
607 3581 748 3670 ltaliam,
770 3578 928 3665 Siciliam,
951 3582 1102 3647 Africam
1127 3590 1262 3664 praeter
1283 3600 1380 3646 unam
1395 3580 1618 3666 Magnesiam,
1641 3597 1736 3664 quam

407 3683 497 3748 unda
515 3704 582 3749 non
598 3676 740 3749 adluat?
770 3685 823 3749 lia
846 3685 1061 3751 barbarorum
1083 3688 1177 3773 agris
1199 3688 1292 3769 quasi
1315 3675 1588 3768 adtexialquue·
1611 3675 1734 3762 [paea.

409 3786 483 3852 dam
505 3784 640 3852 uidetur
663 3806 722 3853 ora
744 3807 820 3853 esse
842 3787 1016 3856 Graeciae.
1059 3789 1142 3855 Nam
1172 3807 1192 3854 e
1221 3788 1373 3854 barbaris
1399 3786 1529 3871 quidem
1553 3789 1635 3871 ipsis
1657 3787 1736 3851 nulli

408 3892 505 3955 erant
534 3896 635 3956 antea
665 3893 826 3957 maritumi
853 3896 989 3976 praeter
1018 3893 1183 3958 Etruscus
1211 3897 1245 3957 et
1267 3890 1421 3971 Poenos,
1449 3890 1546 3955 alieri
1569 3888 1774 3956 mercandlii

408 4013 522 4075 causa,
544 3992 765 4059 latrocinandi
787 3994 897 4058 alieri.
943 3993 1037 4076 Quae
1060 4013 1163 4062 causa
1186 3997 1364 4079 perspicua
1386 3997 1438 4059 est
1463 3995 1620 4059 malorum
1642 4012 1737 4059 com-

408 4100 689 4183 mutationumque
711 4096 876 4165 Graeciae
898 4104 1037 4183 propter
1059 4117 1100 4163 ea
1122 4100 1205 4162 viiia
1227 4099 1458 4162 maritimarum
1483 4097 1628 4181 urbium,
1652 4115 1737 4181 quae

407 4206 486 4269 aute
521 4204 620 4287 pauiu
655 4204 865 4286 perbreviter
896 4201 1013 4290 adtigi.
1067 4199 1131 4268 Set
1161 4205 1271 4266 iumen
1299 4202 1332 4265 in
1362 4201 1414 4266 bis
1441 4202 1534 4264 vitiis
1563 4201 1650 4263 inest
1680 4201 1737 4264 lliu

408 4324 530 4392 magna
553 4305 783 4390 commoditas,
804 4311 838 4372 ei
861 4305 950 4392 quud
972 4308 1092 4392 ubique
1114 4301 1285 4396 gentium!
1307 4309 1359 4370 est
1380 4308 1417 4369 ut
1439 4302 1483 4370 ad
1505 4322 1576 4370 eam
1602 4294 1646 4383 [p.
1662 4297 1735 4364 230.

484 4547 508 4596 2.
529 4547 725 4608 nummariae,
751 4545 798 4596 sed
816 4545 918 4608 syllaba
936 4560 968 4596 uu
987 4547 1128 4610 parietate,
1156 4550 1231 4608 utque
1247 4547 1354 4595 mutatio
1377 4545 1445 4596 cuni.
1464 4542 1559 4595 Krebs.
1580 4570 1607 4580 -
1637 4557 1737 4595 murum

408 4621 532 4673 Dubraeo
550 4620 669 4684 (iduare.
683 4621 783 4684 44,370)
801 4634 817 4672 e
834 4633 911 4685 seqq.
930 4623 1017 4673 urium
1035 4621 1148 4674 videtur.
1175 4648 1202 4660 —
1229 4620 1254 4671 3.
1272 4621 1461 4671 adramittiuoo
1489 4646 1518 4657 -
1545 4618 1570 4671 l.
1588 4621 1734 4683 comuste,

408 4743 455 4795 iiii.
474 4759 490 4794 ιι
508 4745 633 4809 puuctata
661 4770 688 4781 -
716 4756 799 4793 urrais
816 4744 851 4793 C:
867 4745 997 4807 poetico
1025 4770 1052 4780 -
1079 4746 1104 4795 5.
1123 4756 1239 4794 susumus
1258 4740 1288 4794 C*
1307 4768 1335 4780 -
1358 4742 1383 4792 7.
1403 4704 1544 4794 uxc'mii‘m
1562 4743 1596 4803 C,
1614 4743 1669 4793 l.e.
1689 4756 1737 4792 οω-

406 4820 481 4869 olooi
503 4831 535 4869 eu
559 4831 643 4881 corn,
667 4821 696 4869 ut
716 4822 790 4869 recte
812 4817 875 4883 legit
898 4820 937 4869 Du
950 4820 1014 4870 liisu
1036 4818 1123 4882 (coni.
1147 4820 1205 4871 eius
1222 4818 1315 4870 sebed.
1334 4818 1391 4868 vm.
1410 4832 1436 4883 p.
1449 4818 1511 4883 43);
1540 4825 1680 4869 camasi
1703 4819 1733 4879 0,

407 4947 544 4993 marruci
561 4942 649 4993 Osauu
675 4969 708 4979 -
733 4954 812 4992 ιιιιιιι
830 4942 860 5004 0,
879 4940 927 4992 sed
946 4955 960 4991 ι
978 4945 1069 5007 punct.
1097 4969 1130 4979 -
1154 4942 1179 4993 8.
1198 4903 1354 4992 enricum
1373 4942 1392 4992 c
1412 4967 1438 4977 -
1459 4902 1654 4993 ocumanius:
1666 4941 1685 4992 C
1705 4968 1733 4979 -

523 5042 530 5055 .
540 5038 546 5049 ·
563 5025 576 5052 ο
588 5040 594 5052 ·

408 5064 432 5114 9.
445 5066 495 5127 iic]
512 5069 592 5128 aluric
610 5067 630 5116 c
651 5092 676 5102 -
704 5066 744 5115 40.
762 5066 889 5115 warum
905 5065 1019 5115 Schuetz
1039 5091 1065 5100 -
1086 5065 1126 5116 43.
1146 5078 1189 5116 rau
1207 5066 1241 5116 C:
1259 5065 1335 5116 etium
1352 5065 1372 5114 0
1390 5077 1451 5115 cum
1468 5064 1536 5115 bluio
1554 5089 1582 5100 -
1602 5063 1642 5115 ii.
1662 5076 1735 5114 runnu

408 5143 438 5201 C,
456 5141 483 5191 td
498 5141 566 5190 ioud
583 5142 603 5191 0
621 5168 649 5178 -
669 5142 709 5191 iii.
722 5142 923 5191 Grmcioum
939 5140 1040 5200 Chusa
1059 5139 1093 5190 ci.
1106 5139 1173 5190 inira
1191 5153 1216 5190 v.
1226 5141 1258 5192 20
1275 5166 1309 5178 -
1326 5151 1511 5190 uoaurounesuu
1529 5139 1559 5191 0¹
1578 5162 1605 5175 ··
1625 5139 1666 5188 40.
1680 5151 1735 5187 uur-

408 5230 510 5270 uunnos
528 5217 562 5275 C;
583 5217 675 5267 Cicero
693 5218 750 5281 ipse
767 5215 860 5267 scribit
875 5215 909 5266 ud
923 5218 1035 5267 Atticum
1053 5216 1095 5272 vi.
1108 5216 1133 5275 t,
1144 5216 1168 5275 3,
1187 5214 1237 5265 sibi
1249 5215 1367 5265 Pbiiouim
1383 5213 1526 5265 dicendum
1544 5213 1625 5265 luisse
1646 5239 1671 5249 -
1691 5214 1732 5262 47.

408 5306 615 5345 aaruuuusuesua
628 5293 659 5343 C¹
671 5318 697 5328 -
719 5293 854 5344 urraussc
873 5316 901 5330 -
920 5305 992 5342 uoms
1003 5293 1035 5343 C:
1051 5292 1130 5341 Dorso
1141 5291 1174 5349 0;
1188 5304 1213 5341 v.
1223 5291 1331 5342 Lacbm.
1347 5288 1734 5353 cummeni.in1.ucrei.p.280

1593 5372 1624 5398 471

410 5443 437 5456 -
458 5415 497 5465 it.
517 5427 582 5471 uuas
601 5414 620 5464 C
639 5427 707 5464 corr.
727 5427 758 5463 ex
777 5427 826 5471 pus
854 5440 881 5449 -
909 5414 949 5463 ie.
969 5425 1144 5463 aurasiensis
1161 5412 1191 5472 C,
1210 5412 1258 5462 sed
1276 5426 1300 5462 ιιι
1318 5414 1408 5477 punct.
1437 5438 1465 5449 -
1493 5424 1613 5461 cumrans
1631 5411 1661 5470 C,
1679 5409 1732 5460 del.

408 5487 466 5551 syll.
486 5502 508 5536 rs
525 5515 558 5524 -
574 5489 615 5538 ao.
636 5502 744 5538 uererus
762 5491 781 5540 c
801 5516 828 5526 -
847 5489 888 5540 εἰ,
904 5490 1083 5539 lbrucium·-
1095 5488 1253 5551 liupnooium
1269 5487 1332 5538 add.
1352 5500 1388 5538 m.
1407 5500 1462 5538 sec.
1481 5487 1506 5536 in
1525 5487 1544 5536 c
1565 5513 1591 5523 -
1613 5486 1736 5535 leucum

407 5562 516 5611 Servius
533 5560 566 5611 ad
583 5564 649 5613 ileu.
668 5563 722 5623 llll,
735 5563 797 5613 335:
818 5563 949 5614 modurn
965 5565 985 5615 0
1003 5575 1065 5613 cum
1082 5559 1127 5620 C²;
1151 5565 1193 5613 asi
1209 5561 1279 5626 apud
1297 5564 1432 5613 Servium:
1457 5561 1569 5610 lbrocu:
1587 5560 1622 5609 ric
1640 5560 1690 5610 Cic.
1708 5560 1735 5609 iu

408 5637 438 5685 do
453 5649 482 5685 rc
496 5636 581 5698 pubi:
601 5638 699 5686 colonio
714 5650 774 5687 vcro
790 5650 855 5702 quus
870 5642 907 5687 ost
922 5639 1027 5687 deductu
1044 5651 1061 5686 u
1078 5637 1182 5687 Graecia
1198 5639 1225 5686 in
1240 5637 1338 5699 Mum,
1359 5638 1494 5697 sirmam,
1511 5625 1628 5696 liuiiur'n,
1646 5640 1669 5684 ot
1685 5649 1735 5685 ooo

909 5722 935 5747 n

409 5759 475 5807 dieii
492 5758 631 5807 Thracium.
658 5784 685 5794 -
710 5759 1018 5810 25.uiu1rnuiusermc
1038 5785 1065 5796 -
1084 5760 1126 5809 sl.
1144 5772 1249 5809 casuras
1267 5760 1287 5811 C
1307 5786 1334 5796 -
1353 5760 1394 5810 28.
1412 5732 1735 5809 euaurrsmruuurruissur

410 5834 440 5890 C,
459 5832 546 5884 delete
563 5835 651 5898 priore
670 5847 685 5884 u
705 5860 732 5870 -
752 5833 838 5883 unsc
866 5859 893 5870 -
920 5834 962 5885 2⁹.
979 5839 1004 5885 ct
1021 5834 1101 5884 Ballio
1119 5832 1264 5886 tollendum
1282 5834 1387 5884 videtur
1405 5860 1432 5869 -
1452 5833 1517 5895 quod
1533 5833 1560 5883 in
1578 5832 1597 5883 C
1615 5844 1673 5896 sup.
1687 5830 1732 5883 liu.

410 5983 443 5996 -
458 5919 566 6008 carmus
584 5954 636 6007 del.
657 5958 742 6007 lauto
760 5968 794 6006 ua
812 5956 848 6017 Gi
870 5958 982 6021 amitam
996 5961 1032 6009 ort
1053 5955 1190 6021 praelarus
1212 5954 1307 6020 nolim,
1330 5968 1393 6008 cum
1412 5955 1573 6022 praesertim
1594 5955 1653 6007 eius
1674 5951 1734 6008 luco
