4342 7459
731 1250 799 1314 nn.
815 1250 854 1313 11.
885 1248 958 1314 cn.
973 1250 1189 1318 xus-xm.
1211 1247 1258 1334 §s
1272 1248 1416 1315 30-35.
1676 1242 1734 1313 aar

415 1407 553 1476 efficitur
579 1416 612 1472 et
639 1412 773 1492 cogitur.
816 1411 881 1475 lam
908 1429 983 1474 vero
1011 1411 1244 1493 permultorum
1269 1400 1490 1495 exemplorum
1509 1418 1544 1475 et
1560 1418 1668 1475 nostm
1690 1418 1739 1474 ast

415 1504 510 1586 piena
539 1524 590 1567 res
618 1505 743 1589 publica
770 1512 801 1567 et
823 1505 930 1568 omnia
950 1524 1048 1585 regna
1069 1525 1246 1589 omnesque
1268 1506 1380 1588 populi
1402 1512 1597 1588 cunctaeque
1617 1512 1737 1585 gentes,

413 1617 570 1680 augurum
591 1599 761 1682 praedictis
782 1599 880 1663 multa
900 1599 1128 1663 incredibiliter
1150 1619 1224 1662 vera
1246 1599 1415 1673 cecidisse;
1445 1617 1550 1682 neque
1572 1599 1656 1663 enirn
1678 1599 1738 1660 Po·

413 1691 491 1775 lyidi
514 1712 618 1776 nequa
639 1691 847 1776 Melampodis
869 1713 974 1777 neque
989 1695 1092 1776 Mopsi
1114 1714 1220 1778 neque
1235 1693 1415 1777 Amphiarai
1439 1712 1544 1776 nequa
1560 1691 1737 1754 Calchantis

413 1807 517 1869 neque
539 1788 652 1852 Heleni
675 1796 794 1851 tantum
816 1807 930 1851 nomen
952 1787 1077 1863 suisset,
1099 1809 1204 1873 neque
1226 1797 1272 1851 tot
1292 1789 1437 1852 nationes
1459 1786 1493 1851 id
1514 1786 1555 1850 ad
1575 1786 1638 1850 hoc
1658 1793 1760 1850 tem-l

413 1907 472 1969 pus
500 1884 719 1956 retinuissent,
742 1881 918 1966 Phrygum,
941 1884 1139 1966 Lycaonum,
1162 1882 1292 1946 Cilicum
1321 1882 1523 1963 maximeque
1550 1878 1738 1952 Pisidarum,

412 1980 474 2043 nisi
504 1985 643 2041 vetustas
672 1984 815 2039 escaria
837 1994 908 2039 esse
930 1977 1101 2040 docuisset.
1144 1979 1208 2039 Nec
1231 1996 1306 2039 vero
1330 1975 1480 2040 Romulus
1501 1983 1609 2038 noster
1630 1973 1738 2056 auspi·

412 2081 482 2139 cato
511 2072 623 2136 urbem
651 2069 862 2145 condidisset,
894 2090 998 2154 neque
1020 2071 1084 2134 arti
1106 2071 1185 2133 llari
1214 2090 1330 2134 nomen
1352 2069 1506 2133 memoria
1526 2070 1653 2132 floreret
1673 2076 1737 2130 tam

412 2168 477 2243 diu,
499 2167 562 2230 nisi
585 2185 695 2228 omnes
717 2165 740 2227 ii
764 2165 862 2227 molta
883 2164 921 2227 ad
939 2166 1104 2228 veritatem
1118 2163 1314 2228 admirabilia
1330 2164 1494 2229 dixissent.
1528 2162 1592 2226 Sed
1606 2162 1737 2225 dubium

412 2282 478 2328 non
500 2272 549 2326 est
572 2262 649 2346 quin
671 2259 750 2323 haec
772 2259 940 2343 disciplina
963 2268 993 2322 et
1016 2279 1066 2323 ars
1089 2278 1244 2343 augurum
1268 2260 1433 2322 evanuerit
1453 2260 1515 2322 iam
1536 2267 1569 2322 el
1582 2263 1775 2319 vetustatem

412 2367 444 2422 et
465 2354 673 2439 neglegentia.
717 2354 763 2414 lta
784 2372 890 2436 neque
912 2354 958 2417 illi
981 2352 1157 2424 adsentior,
1187 2354 1242 2437 qui
1264 2353 1345 2417 hanc
1368 2353 1533 2417 scientiam
1554 2358 1649 2434 negat
1668 2370 1738 2413 um-

411 2472 508 2537 quam
530 2452 564 2513 in
586 2457 695 2512 nostro
718 2447 854 2530 collegio
875 2446 991 2521 fuisse,
1020 2467 1125 2531 neque
1146 2446 1210 2520 illi,
1238 2449 1292 2530 qui
1315 2467 1384 2511 esse
1407 2448 1501 2512 etiarn
1523 2466 1608 2510 nnnc
1630 2450 1735 2527 putat:

412 2564 495 2630 quaa
517 2543 593 2609 mihi
615 2542 741 2605 ridetur
760 2542 844 2623 apud
868 2542 1004 2604 maiores
1025 2540 1125 2604 luisse
1147 2540 1281 2623 duplex,
1305 2551 1340 2605 ut
1361 2542 1400 2605 ad
1422 2544 1468 2605 rei
1491 2541 1637 2624 publicae
1659 2546 1737 2600 tem·

411 2660 472 2724 pus
494 2658 556 2702 non
579 2654 762 2720 numquam,
784 2634 824 2698 ad
847 2634 962 2717 agendi
986 2635 1152 2699 consilium
1175 2638 1360 2718 saepissime
1378 2637 1559 2720 pertineret
1602 2629 1653 2696 sl.
1675 2634 1736 2695 Atl.

413 2731 516 2797 Credo
543 2730 650 2795 hercle
677 2729 721 2793 ita
749 2748 820 2794 esse
847 2731 966 2813 istique
988 2730 1101 2793 rationi
1123 2729 1323 2812 potissimum
1345 2731 1526 2806 adsentior;
1559 2728 1616 2793 sed
1639 2726 1774 2791 reddero

413 2834 528 2891 cetera.

500 2920 583 2985 xlv.
611 2920 655 2982 tl.
685 2917 826 2982 Reddam
849 2938 924 2982 vero
948 2926 980 2981 et
1001 2914 1051 2989 id,
1075 2916 1102 2981 si
1125 2924 1253 2997 potero,
1273 2917 1372 2980 brevi.
1416 2918 1569 2999 Sequitur
1590 2916 1672 2980 enim
1696 2915 1736 2980 de

412 3015 481 3079 iure
502 3013 593 3076 belli:
623 3011 742 3095 inquo
765 3019 797 3075 et
818 3010 1019 3095 suscipiendo
1049 3017 1080 3073 et
1108 3010 1248 3092 gerendo
1271 3018 1302 3074 et
1325 3011 1516 3094 deponendo
1538 3012 1588 3075 ins
1611 3020 1646 3074 ut
1665 3010 1737 3093 plu·

411 3108 526 3171 rimum
548 3106 669 3169 valeret
690 3112 723 3168 et
743 3102 822 3168 tides
843 3124 1017 3187 eorumque
1040 3112 1076 3166 ut
1098 3102 1223 3185 publici,
1238 3105 1425 3188 interpretes
1446 3113 1562 3179 essent,
1580 3106 1651 3188 lega
1665 3124 1737 3168 san-

410 3202 524 3265 ximus.
567 3201 633 3263 lam
655 3198 695 3263 de
718 3199 897 3281 aruspicum
919 3198 1083 3278 religione,
1106 3198 1146 3259 de
1169 3199 1401 3280 expiationibus
1415 3209 1448 3263 et
1462 3199 1774 3282 procurationibusao

411 3296 488 3358 satis
510 3313 581 3357 esse
602 3294 664 3357 iam
687 3295 722 3356 in
744 3293 812 3377 ipsa
834 3291 904 3374 lege
927 3292 1046 3354 dictum
1069 3300 1157 3373 puto.
1201 3296 1262 3355 Art.
1283 3291 1468 3367 Adsentior,
1496 3295 1646 3377 quoniam
1669 3313 1737 3357 orn·

411 3388 460 3452 nis
489 3387 568 3451 baec
597 3388 629 3449 in
659 3387 813 3469 religione
836 3394 978 3450 versatur
999 3385 1111 3448 oratio.
1162 3385 1205 3448 M.
1234 3387 1274 3450 at
1295 3406 1372 3450 raro
1396 3386 1482 3470 quod
1505 3388 1735 3471 sequiturque

412 3481 506 3544 modo
541 3490 596 3544 aut
631 3490 666 3544 tu
702 3480 877 3545 adsentiare
914 3488 970 3542 aut
1005 3498 1063 3560 ego
1100 3478 1330 3559 reprehendam
1366 3500 1443 3544 sane
1480 3501 1620 3564 quaero,
1657 3478 1735 3544 Tite.

411 3578 473 3639 All.
505 3575 593 3652 Quid
623 3576 750 3641 tandem
778 3574 810 3636 id
842 3576 912 3636 esti
964 3569 1016 3635 35.
1049 3575 1092 3636 M.
1118 3573 1166 3636 De
1188 3575 1351 3639 nocturnis
1373 3575 1538 3639 sacrificiis
1559 3573 1736 3637 mulierum.

411 3672 472 3733 Alt.
495 3669 562 3750 ligo
585 3688 659 3732 vero
680 3669 854 3742 adsentior,
876 3676 1011 3750 excepto
1035 3669 1220 3750 praesertim
1243 3668 1275 3731 in
1299 3669 1369 3751 ipsa
1390 3669 1461 3753 lege
1478 3669 1625 3732 sollemni
1640 3667 1774 3731 sacri-n

412 3758 482 3826 licio
511 3781 548 3825 ac
576 3758 715 3845 publico.
757 3763 801 3826 M.
831 3760 918 3838 Quid
947 3781 1023 3842 ergo
1046 3770 1119 3843 aget
1141 3759 1272 3826 iacchus
1290 3762 1561 3847 Eumolpidaeque
1583 3762 1683 3825 nostri
1705 3769 1738 3824 et

411 3864 545 3939 augusta
573 3855 628 3919 illa
658 3856 825 3939 mysteria,
854 3855 881 3917 si
910 3855 1039 3940 quidem
1068 3875 1158 3919 sacra
1178 3865 1331 3921 nocturna
1353 3857 1516 3920 tollimus?
1558 3853 1630 3920 Non
1652 3856 1735 3919 enim

410 3949 532 4036 populo
562 3952 724 4023 Romano,
757 3948 812 4012 sed
846 3950 993 4015 omnibus
1024 3949 1118 4013 bonis
1149 3948 1314 4034 firmisque
1343 3951 1472 4034 populis
1499 3951 1586 4032 leges
1615 3948 1736 4014 damus.

475 4229 500 4280 3.
519 4243 552 4279 ex
567 4242 627 4292 cup.
644 4226 780 4290 praedictis
796 4226 861 4277 lieth
887 4253 920 4263 -
943 4226 1059 4289 pollideip
1076 4230 1096 4277 Α
1115 4228 1275 4291 (extremap
1293 4229 1436 4295 punctata),
1452 4227 1585 4290 polpldeip.
1604 4229 1633 4288 a,
1654 4228 1736 4290 polide

408 4309 435 4371 lp
453 4308 474 4358 il
494 4332 520 4343 -
540 4304 564 4354 l.
582 4303 738 4365 melospodis
752 4303 803 4353 ΑΒ
824 4328 847 4339 -
869 4302 960 4364 moipri
977 4301 1014 4360 8¹,
1033 4302 1087 4366 opsi
1104 4299 1135 4352 44Ι
1154 4329 1181 4338 -
1205 4304 1229 4353 a.
1247 4303 1325 4354 beleel
1342 4306 1362 4353 Α
1381 4316 1450 4353 corr.
1469 4316 1501 4353 ex
1518 4303 1566 4353 bell
1583 4328 1610 4339 -
1630 4303 1654 4353 6.
1673 4305 1734 4353 4444

408 4382 535 4444 Plappum
556 4382 598 4429 est
620 4379 685 4429 ina
707 4376 861 4440 opporipom
882 4369 981 4440 (prima
998 4389 1017 4426 o
1033 4391 1066 4427 ex
1083 4377 1100 4425 d
1117 4379 1211 4439 corn),
1237 4378 1263 4428 in
1280 4380 1300 4429 B
1318 4378 1352 4427 od
1364 4391 1432 4441 perp
1449 4390 1518 4436 cum,
1545 4379 1570 4428 in
1588 4378 1610 4428 H
1628 4378 1735 4440 adport-

408 4469 481 4520 pom;
499 4454 619 4514 Arabim,
631 4454 756 4515 clrppem
773 4453 792 4501 0
810 4465 842 4501 ex
860 4452 929 4501 coni.
948 4451 1051 4516 pridem
1069 4450 1183 4514 vulgata.
1217 4454 1251 4503 At
1268 4450 1430 4516 probabilior
1446 4451 1550 4502 videtur
1567 4453 1735 4504 biommaenii

410 4531 476 4579 ratio
498 4541 580 4593 quam
603 4541 652 4580 nos
672 4529 758 4578 secuti
779 4539 887 4587 sumus,
910 4527 953 4576 cui
974 4524 1036 4576 illud
1058 4528 1213 4591 cpporiptrn
1234 4540 1267 4578 ex
1289 4528 1464 4592 dlllograpbla
1487 4528 1542 4578 sive
1560 4530 1646 4592 potius
1663 4530 1734 4579 varia

409 4603 523 4655 lectione
540 4604 704 4665 [caelove
720 4617 755 4652 ce
769 4604 896 4665 pcripurrrl
914 4605 1003 4652 ortum
1021 4602 1134 4653 ridetur.
1162 4630 1187 4640 -
1215 4603 1351 4667 lppoeoum
1368 4605 1398 4663 Α,
1415 4603 1565 4665 lpcboorrom
1581 4604 1600 4653 il
1618 4628 1645 4639 -
1663 4606 1735 4666 ppo·-

409 4679 501 4728 dorum
517 4681 544 4728 Α.
558 4705 583 4716 -
604 4680 629 4729 l.
647 4683 717 4731 cerlo
733 4690 783 4727 esre
799 4675 864 4726 dett.
878 4677 970 4742 pauci:
989 4683 1054 4728 certe
1069 4682 1130 4727 eret
1147 4677 1177 4738 C,
1195 4677 1243 4728 sed
1261 4680 1288 4729 in
1305 4678 1353 4729 ilii
1369 4690 1421 4729 esse
1437 4691 1506 4728 corr.
1527 4705 1555 4717 -
1573 4679 1597 4730 8.
1616 4682 1736 4730 mederet

409 4754 476 4804 il-
495 4754 622 4804 44444444
639 4754 675 4804 c:
694 4753 878 4803 AlliiNoeiiO
907 4778 932 4788 -
959 4754 1050 4817 plorem
1067 4753 1089 4804 ii
1108 4778 1134 4788 -
1154 4754 1244 4803 toedio
1260 4753 1309 4804 sil
1334 4780 1367 4791 -
1394 4754 1418 4804 8.
1437 4754 1555 4805 eneae
1571 4765 1634 4804 nos:
1653 4768 1736 4805 omres

409 4828 502 4891 saa,
521 4830 572 4878 orl
591 4830 621 4889 li,
638 4830 664 4877 er·
680 4840 763 4879 omnes
779 4827 799 4877 0
818 4852 845 4864 -
866 4826 1049 4878 admirabilili
1072 4853 1100 4864 -
1128 4829 1168 4879 44.
1187 4829 1348 4892 espleelioi
1367 4853 1394 4870 -
1414 4830 1527 4879 44444444
1543 4829 1573 4889 C,
1591 4828 1639 4881 sed
1657 4829 1735 4895 paulo

410 4905 470 4968 post
486 4902 568 4953 iidem
586 4903 712 4953 odremor
737 4929 770 4939 -·
796 4904 835 4953 44.
855 4916 934 4967 oeque
948 4903 999 4952 illis
1014 4904 1222 4967 qe--nepoer,
1240 4916 1318 4965 oeque
1333 4903 1383 4953 iliis
1399 4904 1444 4967 qui
1458 4910 1601 4967 --paloet
1615 4906 1685 4957 Bake
1705 4934 1732 4946 -

410 4977 450 5027 43.
468 4977 562 5039 duplae
580 4977 613 5027 C:
632 4978 766 5039 dupliciter
782 4978 802 5027 0
820 5003 848 5012 -
868 4976 908 5028 tl.
926 4990 1064 5039 rumosam
1080 4978 1100 5028 B
1119 4980 1281 5043 (comuptum
1299 4991 1332 5029 ex
1347 4976 1516 5042 senopem)
1534 5007 1563 5020 -
1585 4983 1621 5032 od
1636 4981 1735 5046 werdt]

408 5057 432 5103 el
448 5054 539 5116 opendi
556 5054 586 5114 C,
605 5053 677 5104 unde
696 5051 797 5103 Vahlen
816 5051 1003 5117 probabiliter:
1021 5058 1049 5103 ul
1065 5059 1089 5104 el
1105 5055 1139 5104 od
1154 5069 1178 5105 r.
1194 5068 1222 5118 p.
1241 5060 1259 5105 4.
1277 5066 1327 5105 eor
1343 5068 1490 5118 numquam,
1507 5060 1530 5107 el
1546 5056 1581 5106 od
1596 5056 1687 5120 opeedi
1705 5081 1730 5094 -

410 5129 449 5179 tl.
467 5134 491 5179 el
507 5130 534 5177 ld
550 5130 571 5178 si
589 5128 629 5185 H’.
649 5132 677 5180 ut
695 5142 764 5179 corr.
784 5126 944 5180 Guilelmus:
967 5134 990 5179 el
1006 5130 1055 5191 lprl
1072 5125 1105 5181 li¹
1122 5132 1149 5179 44
1165 5130 1212 5180 ΑΒ
1230 5132 1292 5180 anta
1309 5143 1440 5192 rasuram,
1463 5137 1486 5181 el
1502 5133 1524 5181 st
1539 5127 1622 5187 A²B²;
1641 5136 1664 5181 el
1680 5132 1736 5193 ipro

409 5202 429 5252 0
447 5230 480 5241 -
497 5203 538 5254 48.
557 5202 739 5265 utplurimum
754 5204 850 5253 4444444
867 5204 902 5253 C:
930 5202 974 5267 [ul]
990 5204 1061 5266 plur.
1076 5204 1179 5255 caleto
1207 5229 1233 5240 -
1263 5204 1304 5256 48.
1322 5211 1346 5256 el
1362 5204 1407 5257 ll¹:
1425 5210 1454 5255 ul
1470 5205 1516 5256 AB
1534 5209 1561 5256 et
1579 5206 1599 5256 il
1616 5218 1666 5270 sup
1688 5204 1733 5256 lin.

411 5302 438 5313 -
458 5291 593 5340 eorumque
610 5278 727 5341 iladvig:
745 5278 878 5341 {crusque
894 5278 924 5338 (2,
942 5279 1079 5342 mnusque
1095 5279 1115 5329 0
1135 5305 1162 5316 -
1180 5280 1221 5331 20.
1239 5281 1398 5343 dompierre
1415 5280 1463 5331 llo
1482 5306 1508 5319 -
1528 5282 1651 5345 relegiosus
1667 5282 1686 5332 a
1705 5308 1733 5319 -

406 5354 625 5415 procubolr'erlibm
641 5352 701 5404 ll¹ll
730 5380 757 5388 -
784 5352 826 5403 84.
845 5354 906 5403 sotis
922 5366 973 5403 esse
988 5356 1042 5404 lons
1057 5354 1085 5404 ie
1103 5352 1243 5418 Feidhiigai
1262 5356 1286 5405 in
1305 5354 1409 5406 adnot:
1427 5358 1515 5406 solim
1531 5357 1606 5405 illone
1622 5357 1648 5405 in
1664 5351 1733 5418 Α’Β,

407 5429 535 5478 rolucus
556 5432 621 5491 (erse
637 5432 663 5479 in
682 5429 745 5488 ras.)
767 5429 813 5478 illo
835 5442 865 5478 rsa
885 5430 912 5477 is
934 5430 970 5491 li,
993 5431 1055 5480 amir
1071 5443 1199 5492 supraque
1214 5433 1243 5481 lo
1258 5429 1291 5481 Αι
1306 5444 1376 5482 corr.
1395 5444 1431 5482 nr.
1451 5434 1648 5492 recentissima,
1674 5435 1736 5483 44444

406 5516 528 5567 superque
543 5506 570 5553 irs
587 5506 621 5560 0;
648 5501 773 5553 Vahlenio
789 5504 865 5553 444444
881 5502 967 5566 glossa
986 5504 1136 5567 marginalis
1152 5505 1258 5556 videtur
1272 5506 1427 5557 admirantis
1443 5505 1542 5558 librarii
1558 5506 1629 5571 quod
1642 5508 1735 5558 cicero

407 5579 472 5628 satis
490 5578 540 5629 sibi
558 5579 655 5629 dixisse
672 5578 803 5628 videatur.
824 5604 846 5613 -
870 5581 951 5630 444444
966 5579 1014 5629 boe
1031 5581 1050 5630 C
1067 5607 1102 5618 -
1124 5579 1165 5630 ii.
1183 5580 1257 5646 quod]
1276 5582 1408 5644 quoquae
1428 5608 1453 5618 -
1479 5582 1519 5633 83.
1538 5583 1662 5634 adserere
1678 5583 1733 5644 ΑΒ,

407 5659 452 5702 out
468 5656 558 5704 sentire
575 5655 595 5704 Η
616 5680 643 5691 -
662 5658 707 5703 out
723 5656 784 5703 ante
801 5667 846 5718 epo
863 5655 950 5705 cmc
970 5681 997 5691 -
1015 5656 1053 5705 rei
1066 5654 1237 5718 praebendam
1254 5656 1275 5705 ll
1295 5681 1322 5692 -
1342 5655 1382 5708 ti.
1400 5657 1534 5706 mulierum
1551 5657 1639 5707 Christ
1655 5656 1733 5709 obelo

408 5732 482 5778 notat
502 5756 527 5765 -
546 5730 586 5779 ab.
606 5733 709 5791 eccepto
725 5730 794 5779 coni.
814 5731 995 5793 nescioquis:
1013 5736 1144 5793 superlato
1161 5732 1180 5781 C
1201 5758 1228 5768 -
1255 5731 1356 5781 solemni
1374 5733 1394 5783 c
1421 5758 1448 5768 -
1475 5732 1516 5783 26.
1534 5732 1735 5798 eunolpbideque

409 5807 439 5863 Α,
457 5801 488 5854 eis
503 5803 671 5867 olplpeequ
695 5829 722 5839 -
749 5805 1734 5872 ocrlriC:oertri(immo,slquidmutandum,ooslri1Car.Steph.et

409 5878 539 5929 ltanutios
564 5904 590 5914 -
618 5879 658 5929 87.
677 5883 786 5942 asporto
802 5880 832 5930 ll¹
851 5906 875 5917 -
897 5881 918 5929 sl
935 5880 978 5932 iit:
998 5880 1037 5930 rid
1053 5878 1084 5931 ll¹
1102 5883 1130 5930 et
1145 5882 1167 5933 Α
1184 5884 1246 5932 ante
1263 5893 1394 5944 rasuram,
1412 5880 1439 5934 id
1455 5880 1511 5936 a²tl
1530 5906 1557 5920 -
1576 5885 1651 5935 enies
1663 5885 1692 5935 li.
1704 5884 1732 5936 P.

407 5954 450 6003 aod
465 5954 488 6004 lt
512 5979 539 5989 -
567 5954 607 6006 88.
626 5953 695 6005 boris
709 5956 827 6019 44444444
842 5956 911 6007 coni.
924 5954 1012 6017 Orelli,
1029 5954 1200 6020 biberimus
1214 5956 1325 6013 lirense.
