4342 7459
444 1213 506 1284 tot
895 1218 950 1284 DE
970 1216 1143 1282 DEORUM
1163 1216 1327 1286 NATURA

444 1376 499 1440 illa
520 1374 669 1441 tollenda.
706 1375 819 1437 XVIII.
839 1372 891 1437 lt.
915 1376 1024 1451 Quid?
1046 1375 1238 1459 Apollinem,
1261 1375 1447 1452 Volcanum,
1469 1375 1672 1451 Mercurium,
1695 1381 1780 1442 oete-

443 1490 494 1533 ros
517 1470 594 1532 deos
616 1488 686 1531 esse
709 1468 812 1531 dices:
844 1470 884 1532 de
907 1469 1059 1545 Hercule,
1082 1471 1292 1553 Aesculapio,
1313 1471 1443 1547 Libero,
1473 1471 1621 1545 Castore,
1649 1470 1779 1535 Polluce

444 1562 624 1625 dubitabis?
646 1564 687 1624 At
708 1563 740 1624 hi
764 1563 892 1644 quidem
915 1563 1065 1627 coluntur
1086 1584 1188 1647 aeque
1211 1573 1306 1648 atque
1329 1565 1390 1637 illi,
1412 1566 1498 1647 apud
1513 1563 1666 1648 quosdam
1682 1563 1779 1626 etiam

443 1656 542 1719 multo
559 1657 666 1739 magis.
699 1657 783 1738 Ergo
799 1656 832 1719 hi
849 1656 899 1719 dei
916 1666 990 1722 suot
1006 1657 1159 1732 habendi,
1182 1658 1367 1722 mortalibus
1383 1657 1448 1721 nati
1467 1658 1644 1721 matribus?
1668 1656 1778 1734 Quidl

417 1748 621 1823 eAristaeos,
642 1749 698 1834 qui
721 1750 825 1813 olivae
847 1749 963 1814 dicitur
984 1751 1147 1826 inventor,
1170 1751 1328 1833 Apollinis
1352 1749 1453 1825 lilius,
1475 1752 1616 1814 Theseus
1630 1750 1779 1836 Neptuni,

442 1841 572 1925 reliqui,
595 1862 728 1926 quorum
752 1852 857 1926 patres
877 1844 924 1917 di,
947 1865 1010 1908 nou
1027 1853 1120 1908 erunt
1134 1846 1168 1908 in
1187 1845 1320 1908 deorum
1334 1847 1494 1908 numerol
1518 1843 1618 1920 Quid,
1642 1861 1779 1927 quorum

442 1938 584 2000 matresl
614 1935 749 2020 Opiuor,
773 1937 866 2000 etiam
891 1938 1001 2021 magis.
1039 1940 1078 2002 Ut
1100 1939 1184 2001 enim
1207 1939 1276 2001 iure
1299 1937 1385 2002 civili
1407 1939 1463 2022 qui
1486 1948 1534 2002 est
1555 1946 1656 2002 melre
1678 1935 1779 2001 libera

441 2030 523 2093 liher
545 2038 608 2104 est,
631 2029 705 2091 item
729 2030 797 2093 inre
820 2039 950 2093 naturae
973 2033 1029 2116 qui
1051 2032 1111 2095 dea
1135 2041 1233 2096 matre
1256 2041 1305 2096 est
1326 2032 1404 2094 deus
1427 2032 1470 2095 sit
1483 2051 1615 2095 necesse
1629 2039 1689 2096 est.
1717 2032 1780 2096 Ita·

441 2143 505 2206 que
527 2121 682 2185 Achillem
697 2122 961 2205 Astypalaceuses
984 2124 1124 2188 insulani
1143 2127 1350 2191 sanctissume
1365 2124 1491 2198 comum
1513 2126 1610 2208 quisi
1627 2126 1707 2189 deus
1721 2133 1779 2200 eal,

404 2224 473 2280 leet
504 2215 651 2300 Orpheus
678 2224 710 2278 et
736 2215 860 2279 Rhesus
887 2216 919 2278 di
942 2226 1030 2292 sunt,
1058 2220 1149 2282 hlusa
1171 2227 1270 2282 matre
1293 2219 1376 2293 nati,
1406 2218 1468 2283 nisi
1489 2217 1570 2281 loric
1593 2218 1778 2282 maritumae

440 2310 569 2396 nuptiae
591 2311 725 2373 terrenis
748 2319 993 2394 anteponuntur.
1026 2312 1058 2375 Si
1081 2309 1115 2374 hi
1139 2312 1171 2374 di
1194 2333 1257 2375 non
1280 2321 1368 2388 sunt,
1391 2313 1468 2396 quia
1489 2332 1647 2394 nusquam
1667 2310 1779 2376 colun·

440 2412 507 2479 tur,
538 2422 603 2488 quo
632 2402 725 2466 modo
753 2402 798 2466 illi
830 2406 930 2468 suutl
973 2401 1026 2466 to.
1050 2405 1131 2468 Vide
1157 2407 1255 2487 igitur
1281 2427 1323 2470 ne
1345 2406 1515 2471 virtutibus
1536 2404 1703 2470 homiuum
1725 2403 1779 2470 isli

440 2497 579 2562 honores
599 2494 791 2570 habeantur,
814 2516 878 2559 uon
901 2496 1207 2562 immortalitatibus:
1231 2500 1318 2584 quod
1334 2510 1367 2564 tu
1384 2520 1531 2585 quoque,
1554 2499 1667 2574 Balbe,
1690 2498 1778 2562 visus

441 2610 475 2655 es
505 2590 622 2653 dicere.
659 2588 731 2665 Quo
759 2587 853 2654 modo
879 2599 983 2654 autem
1013 2601 1121 2675 potes,
1151 2595 1177 2656 si
1202 2594 1353 2658 Latonam
1378 2594 1468 2659 deam
1492 2602 1598 2674 putas,
1625 2592 1778 2656 Hecatam

403 2695 505 2748 tlnou
527 2692 652 2767 putare,
682 2702 762 2766 quae
785 2690 885 2747 matre
907 2686 1030 2749 Asteria
1052 2694 1116 2761 est,
1147 2707 1256 2753 sorore
1279 2689 1445 2752 Latonae?
1476 2689 1525 2750 An
1547 2689 1625 2750 haec
1646 2703 1777 2770 quoque

441 2778 501 2843 dea
529 2780 602 2841 esti
631 2775 767 2840 vidimus
794 2777 878 2840 enim
905 2779 973 2843 eius
996 2799 1066 2843 aras
1090 2780 1285 2865 delubraque
1309 2781 1343 2844 in
1365 2779 1514 2846 Graecia:
1543 2778 1593 2844 sin
1615 2777 1695 2844 baec
1716 2773 1778 2842 dea

441 2880 503 2947 est,
525 2893 582 2934 cur
603 2891 667 2934 non
689 2870 898 2945 Eumenides,
925 2892 1058 2954 quarum
1081 2881 1113 2937 et
1134 2873 1266 2938 Athenis
1288 2873 1397 2940 lanum
1420 2882 1469 2938 est
1491 2882 1522 2937 et
1543 2871 1627 2957 apud
1650 2892 1719 2946 nos,
1740 2875 1777 2934 ul

441 2987 500 3050 eqo
522 2966 728 3049 interpretor,
751 2964 841 3027 lucus
863 2965 1012 3040 Furinae,
1034 2965 1114 3031 deae
1137 2978 1226 3039 sunt.
1256 2968 1500 3053 speculatrices,
1520 2965 1633 3042 credo,
1655 2975 1689 3028 et
1708 2965 1777 3030 riu·

440 3062 527 3124 dices
549 3059 725 3123 facinorum
748 3066 780 3121 et
810 3056 963 3121 sceleris?
1007 3056 1059 3123 t7.
1082 3058 1178 3136 Quod
1201 3062 1227 3124 si
1251 3062 1329 3126 tales
1352 3061 1402 3125 dei
1425 3070 1512 3136 sunt,
1544 3070 1579 3125 ut
1599 3056 1696 3123 rebus
1717 3055 1776 3124 hu·

400 3155 541 3218 romanii
562 3152 726 3226 intersint,
748 3153 841 3214 Natio
866 3171 995 3234 quoquo
1017 3153 1077 3216 dea
1099 3153 1239 3236 putanda
1260 3164 1324 3229 est,
1347 3157 1415 3231 cui,
1439 3177 1510 3220 cum
1532 3154 1604 3219 iana
1628 3151 1776 3218 circumi-

440 3265 510 3312 mus
542 3247 574 3309 in
608 3265 684 3327 agro
715 3243 859 3319 Ardeati,
891 3266 956 3306 rem
991 3244 1129 3310 divinam
1152 3248 1256 3311 lacera
1278 3248 1433 3324 solemus3
1465 3268 1546 3330 quae
1569 3246 1644 3332 quia
1664 3252 1775 3332 partus

439 3349 654 3405 matronarum
677 3346 813 3410 tueatur,
836 3340 1072 3403 enascentibus
1087 3342 1179 3404 Natio
1202 3342 1361 3406 nominata
1384 3351 1441 3406 est.
1474 3343 1519 3405 Ea
1541 3343 1568 3406 si
1583 3339 1642 3406 dea
1658 3347 1717 3416 est,
1739 3336 1774 3404 di

439 3451 550 3498 omncs
573 3433 635 3507 illi,
656 3432 712 3516 qui
736 3432 1064 3496 commemorabantur
1084 3455 1103 3498 a
1125 3444 1167 3509 te,
1189 3435 1308 3510 Honos,
1330 3435 1434 3512 Fides,
1456 3437 1556 3510 Meus,
1580 3432 1773 3509 Concordia;

438 3546 514 3609 erqo
537 3526 631 3588 etiam
655 3526 748 3611 Spes,
770 3525 897 3587 Moneta
920 3526 1102 3608 omniaque,
1126 3548 1207 3610 quae
1230 3529 1421 3612 cogitatione
1444 3529 1602 3594 nobismet
1615 3528 1679 3612 ipsi
1700 3547 1774 3614 pos·

400 3632 547 3685 assumus
564 3614 689 3701 lingere.
718 3616 811 3693 Quod
828 3618 855 3680 si
870 3618 936 3680 veri
953 3618 1057 3682 simile
1072 3639 1136 3681 non
1153 3630 1211 3696 est,
1226 3642 1266 3684 ne
1281 3621 1359 3685 illud
1377 3619 1503 3705 quidem
1519 3630 1578 3697 est,
1593 3625 1671 3686 haec
1687 3620 1772 3686 uude

438 3711 609 3777 fluxerunt.
652 3711 740 3774 xlx.
762 3709 847 3785 Quid
869 3719 973 3775 aulem
996 3710 1090 3786 dicis,
1113 3715 1139 3776 si
1155 3714 1187 3776 di
1203 3723 1277 3777 suut
1291 3716 1353 3790 illi,
1376 3735 1458 3799 quos
1474 3715 1607 3780 colimus
1630 3724 1663 3780 el
1682 3734 1772 3781 acce-
1806 3721 1810 3730 '

439 3809 552 3894 pimus,
573 3826 630 3869 cur
651 3824 716 3868 non
739 3803 850 3866 eodem
873 3803 905 3865 io
928 3824 1044 3886 genere
1061 3805 1203 3889 Serapim
1228 3809 1366 3892 Isimque
1384 3809 1611 3873 numeremus?
1633 3807 1721 3893 quod
1743 3808 1772 3873 si

436 3902 585 3974 facimus,
613 3919 669 3962 cur
689 3897 893 3960 harbarorum
916 3896 994 3961 deos
1016 3899 1244 3981 repudiemus?
1272 3902 1369 3966 hores
1391 3902 1486 3986 igitur
1507 3911 1539 3965 et
1560 3921 1677 3985 equos,
1700 3901 1772 3977 ibis,

437 3995 614 4078 accipitres,
630 3990 769 4076 aspidas,
786 3989 973 4065 crocodilos,
990 3991 1103 4074 pisces,
1119 4014 1223 4069 canes,
1239 3996 1343 4080 lupos,
1357 3995 1458 4072 laelis,
1474 3996 1589 4059 multas
1604 4002 1771 4079 praeterea

502 4259 527 4306 ἱ.
545 4257 654 4317 asclepio
671 4255 817 4317 (superscr.
836 4253 990 4314 oermtupto)
1006 4254 1034 4301 C.
1053 4252 1094 4302 Cl.
1113 4253 1128 4314 5
1146 4252 1186 4302 39.
1203 4280 1228 4290 -
1249 4255 1272 4302 ὅ.
1287 4254 1527 4303 oristessACV-
1541 4254 1607 4305 oliuo
1623 4256 1692 4314 Ac:
1711 4256 1771 4306 ollol

436 4331 560 4386 Olivatus.
582 4358 610 4369 -
635 4333 729 4383 theam
752 4330 855 4392 septem
877 4328 937 4379 cod.
958 4327 1027 4378 lled.
1048 4330 1162 4378 Davisii:
1188 4330 1280 4379 theseus
1297 4331 1340 4390 qui
1354 4332 1459 4391 septeni
1476 4328 1529 4381 llo
1547 4332 1583 4390 (in
1600 4333 1621 4380 A
1638 4331 1684 4392 qui
1699 4343 1770 4391 corr.

436 4413 462 4462 in
480 4410 554 4472 qaid,
573 4410 598 4458 in
617 4409 637 4455 V
656 4408 698 4469 qui
716 4418 785 4455 corr.
806 4419 838 4454 er
855 4408 911 4468 quc)
931 4429 958 4440 -
978 4403 1003 4451 7.
1022 4404 1087 4451 enim
1105 4405 1131 4451 io
1147 4405 1203 4452 iure
1219 4403 1241 4454 tl
1259 4430 1291 4439 -
1308 4405 1332 4454 8.
1353 4407 1399 4454 dec
1416 4408 1476 4455 ante
1494 4418 1615 4456 rasuram
1633 4406 1711 4456 unius
1729 4404 1771 4456 lit·

436 4491 509 4537 terae
527 4485 560 4549 (e)
579 4485 644 4540 AB;
672 4482 719 4529 deo
736 4493 749 4529 e
765 4480 802 4530 E:
829 4481 889 4529 deoc
912 4490 981 4527 corr.
1002 4478 1026 4525 ln
1050 4478 1097 4525 dea
1115 4478 1135 4524 V
1160 4503 1187 4514 -
1216 4478 1239 4525 9.
1259 4479 1423 4539 astypolimsc
1440 4482 1503 4537 ΑΡ,
1530 4478 1690 4541 mtipolinses
1706 4480 1769 4540 BE,

436 4562 556 4623 ortopolis
572 4556 589 4608 ri
604 4572 631 4607 se
649 4557 683 4615 C,
709 4555 875 4615 ustipullisusc
893 4553 949 4616 (litt.
968 4567 985 4599 o
1003 4551 1142 4614 expuncta)
1162 4552 1182 4598 V
1203 4578 1229 4586 -
1253 4553 1414 4602 sanctissume
1429 4553 1512 4601 colunt
1529 4556 1600 4615 (ante
1618 4555 1703 4604 colunt
1717 4567 1772 4605 una

436 4636 521 4686 littera
533 4633 618 4693 arasa)
633 4632 667 4680 V:
685 4625 843 4679 soncdmimii
860 4631 957 4679 ceolrmt
974 4629 1013 4680 A:
1031 4629 1213 4677 sanctissimum
1229 4628 1312 4675 colent
1325 4628 1361 4680 E:
1379 4628 1549 4677 sanctissimos
1559 4629 1643 4678 colunt
1654 4630 1691 4688 P;
1709 4643 1772 4679 sou·

435 4712 541 4761 ctissime
557 4708 641 4758 mimi
657 4706 736 4755 BCO
751 4731 777 4742 -
792 4706 832 4754 to.
845 4710 867 4752 st
884 4706 954 4752 herus
972 4705 989 4750 A
1002 4707 1021 4757 C
1032 4703 1063 4752 V¹
1076 4705 1111 4766 (in
1129 4706 1149 4752 A
1166 4718 1184 4751 o
1202 4715 1270 4751 corr.
1286 4716 1316 4751 er
1335 4703 1369 4763 i);
1388 4708 1411 4753 et
1427 4704 1521 4752 theseus
1532 4701 1564 4750 V’
1578 4731 1601 4740 -
1616 4705 1772 4755 maritumas

436 4786 504 4836 AV:
522 4782 747 4837 omittemloeP3
767 4781 911 4829 maritimos
927 4781 1036 4832 BCEO
1051 4806 1077 4815 -
1093 4779 1133 4827 ts.
1152 4777 1253 4826 horroris
1265 4778 1371 4827 ABEP
1386 4803 1411 4813 —
1430 4777 1613 4827 immortalibus
1625 4781 1768 4844 (superscr.

435 4861 490 4921 talrl
508 4863 527 4911 A
547 4884 574 4895 -
600 4857 640 4908 tt.
658 4858 791 4906 burotam
808 4855 919 4905 ABCV
937 4858 975 4919 (ln
995 4860 1014 4908 C
1032 4871 1058 4905 m
1075 4868 1144 4905 corr.
1164 4854 1189 4902 in
1207 4855 1251 4912 ol,
1276 4850 1359 4902 heroti
1378 4853 1397 4901 E
1418 4878 1443 4889 -
1468 4853 1507 4902 ts.
1526 4858 1608 4904 matre
1624 4860 1659 4903 est
1675 4857 1771 4905 artemo

434 4949 507 4985 soror·
524 4936 544 4985 P
563 4959 589 4969 -
612 4931 652 4980 ll.
671 4943 718 4979 cur
734 4944 784 4978 sors
802 4930 962 4993 Eumenides,
986 4944 1096 4994 quorum
1109 4928 1228 4976 --lucus
1245 4928 1368 4987 Furinae,
1386 4929 1447 4976 dece
1462 4933 1520 4976 suut
1536 4927 1700 4991 bladviglus:
1724 4942 1772 4980 cass·

435 5024 486 5060 uon
504 5008 664 5066 limaeaides,
683 5018 748 5068 quoe
764 5006 785 5053 si
802 5006 863 5053 deae
879 5011 949 5066 sunt,
969 5021 1076 5069 quorum
1088 5032 1101 5042 -
1112 5030 1125 5040 ·
1137 5004 1207 5051 tucos
1224 5003 1345 5060 Furinae,
1372 5003 1466 5052 Furios
1483 5004 1543 5052 dece
1559 5009 1616 5053 sunt
1633 5003 1695 5056 llo.
1720 5006 1770 5056 ·1n

434 5084 538 5147 volgata
556 5083 686 5144 scriptura
704 5093 814 5141 querum
831 5081 882 5128 cet.
901 5093 983 5144 prave
996 5080 1129 5131 divellitur
1140 5077 1173 5126 ab
1186 5077 1235 5126 Illis
1248 5091 1293 5125 cur
1303 5091 1352 5125 ooo
1366 5077 1524 5136 Emuenides,
1545 5082 1585 5141 et,
1605 5080 1678 5143 quod
1690 5083 1772 5145 capul

435 5163 490 5219 est,
514 5155 676 5208 Eumenides
698 5159 725 5203 et
748 5154 829 5203 iuriae
853 5160 1036 5218 separantur·
1057 5183 1084 5192 -
1107 5156 1196 5216 scissim
1213 5166 1282 5202 corr.
1302 5165 1334 5202 ex
1351 5154 1428 5216 sonas
1445 5154 1482 5211 V;
1506 5155 1582 5215 {orm
1598 5155 1648 5205 AC
1668 5155 1703 5217 (ln
1720 5158 1741 5205 A
1758 5167 1772 5205 s

435 5236 535 5293 erasa),
558 5234 652 5293 {mass
669 5231 688 5280 E
706 5256 734 5267 -
757 5234 855 5291 oputA
876 5257 904 5267 -
927 5232 967 5281 te.
986 5233 1056 5281 lucris
1072 5244 1142 5280 corr.
1162 5243 1193 5278 er
1209 5230 1272 5277 locis
1289 5229 1325 5282 B;
1351 5230 1419 5277 locro
1436 5230 1474 5288 C;
1494 5230 1596 5280 lucosP
1617 5254 1643 5266 -
1668 5230 1773 5291 luricae

436 5309 460 5359 ln
474 5306 623 5358 edoletum
634 5309 685 5355 est.
700 5330 727 5340 -
749 5306 787 5354 ts.
802 5306 898 5353 sceleris
910 5303 946 5355 tt:
965 5308 1117 5356 scclcrmmO
1132 5332 1157 5341 -
1172 5305 1211 5353 td.
1225 5305 1296 5353 metio
1308 5305 1449 5354 ABCEI’:
1467 5307 1535 5353 rotie
1546 5304 1585 5360 V;
1604 5304 1726 5354 NosctoO
1741 5329 1769 5343 ·-

433 5378 1772 5442 emensumaecthrcmmmuro.ct.1529.11§tss.-ci·rcotmmsmor-2t.oreeott

434 5462 452 5521 ll
469 5472 502 5509 ex
520 5456 696 5514 correctione)
715 5455 735 5502 V
755 5480 782 5491 -
799 5455 912 5516 {semme
929 5459 949 5504 A
970 5481 996 5491 -
1016 5457 1057 5505 22.
1076 5461 1162 5503 tuetur
1177 5455 1226 5503 BE
1245 5456 1278 5515 (in
1297 5455 1315 5502 Β
1334 5468 1351 5504 a
1367 5468 1502 5518 superscr.
1522 5455 1570 5515 estl
1590 5480 1617 5490 -
1637 5457 1708 5505 actio
1724 5452 1768 5505 ss:

433 5536 525 5585 Nescio
536 5534 557 5582 0
570 5558 598 5568 -
616 5531 657 5580 2³.
669 5530 876 5581 memoraboqu
887 5532 1029 5593 (superscr.
1044 5528 1080 5589 cd)
1094 5532 1127 5585 B;
1146 5530 1407 5578 commemorarentur
1420 5534 1437 5581 P
1451 5556 1477 5566 -
1491 5530 1600 5580 looorll
1616 5558 1641 5567 -
1656 5531 1699 5582 tl.
1713 5545 1771 5581 oot-

433 5612 478 5660 sis
494 5620 607 5671 quosque
622 5608 772 5669 copitotiooe
788 5606 837 5655 AC
858 5632 885 5642 -
903 5607 962 5667 ipsis
978 5604 1001 5657 ‘ll
1022 5632 1048 5642 —
1072 5606 1114 5654 26.
1132 5605 1267 5666 accipimus
1284 5603 1315 5655 tt.
1335 5605 1373 5654 Cl.
1393 5605 1459 5668 fili.
1482 5632 1508 5641 -
1532 5607 1572 5655 il.
1592 5606 1619 5655 in
1636 5619 1690 5658 om.
1705 5607 1725 5657 Ε
1739 5633 1768 5644 -

434 5687 474 5736 28.
493 5686 573 5747 iqiter
595 5688 679 5744 etqeos
701 5683 778 5741 linter
794 5686 803 5729 t
821 5684 848 5729 et
864 5695 879 5742 q
896 5695 1031 5744 superscr.
1050 5680 1071 5740 el
1097 5684 1134 5736 A;
1157 5681 1248 5742 iqitur,
1271 5694 1346 5741 equos
1364 5680 1540 5731 Heindortlus.
1562 5708 1589 5717 -
1608 5683 1656 5732 ibis
1673 5685 1710 5732 B:
1735 5683 1770 5733 ibl

435 5764 454 5810 A
465 5760 484 5809 E
494 5759 524 5806 V¹
535 5773 541 5817 ;
565 5757 604 5806 itt
618 5759 638 5807 C
650 5772 656 5812 ;
679 5756 729 5805 lbcs
746 5754 805 5805 V‘0
830 5781 856 5792 -
875 5756 915 5805 ts.
934 5758 1067 5818 accipitres
1085 5758 1102 5804 A
1115 5757 1133 5804 Ρ
1158 5755 1184 5802 el
1202 5754 1313 5804 sortasse
1333 5756 1377 5815 Vl,
1402 5756 1447 5817 qui
1465 5754 1565 5805 litteras
1582 5770 1623 5805 res
1641 5756 1723 5806 behel
1741 5759 1769 5808 to

435 5847 535 5886 rasura.
556 5860 583 5872 -
603 5833 735 5895 espidesc
755 5856 782 5869 -
802 5832 937 5881 crocodilos
954 5834 990 5881 B:
1013 5829 1159 5881 crocodillos
1174 5830 1303 5889 ACEV',
1325 5831 1485 5879 crocodillos
1502 5828 1541 5892 V²,
1559 5833 1720 5882 corcodrillos
1738 5833 1766 5884 P.

435 5909 493 5960 Vld.
511 5908 547 5959 ad
563 5908 716 5973 plecte
736 5933 763 5943 -·
780 5907 854 5971 seclis
870 5907 947 5957 Ave:
966 5907 1022 5970 {elis
1038 5907 1113 5968 BV¹,
1129 5906 1206 5970 sceler
1223 5906 1258 5969 C,
1274 5906 1409 5968 labello·
