4342 7459
862 1237 1273 1328 mmmmm
1667 1237 1724 1305 m

408 1406 460 1471 Sic
486 1406 570 1472 enim
599 1412 840 1488 percontantur,
868 1411 904 1469 ut
928 1413 979 1469 est
1002 1405 1036 1468 in
1057 1404 1167 1468 Naevii
1194 1410 1307 1488 poetae
1333 1399 1467 1482 †ludot
1499 1400 1732 1484 respondentur

408 1510 441 1564 et
461 1500 525 1563 alia
547 1508 579 1562 et
599 1500 661 1564 hoc
683 1498 715 1561 in
738 1498 866 1581 primis:

535 1594 835 1658 proveniebant
861 1602 1036 1656 oratores
1065 1594 1176 1667 novi,
1203 1592 1318 1656 stulti
1340 1590 1647 1654 adulescentuli.

408 1688 583 1751 Temeritas
606 1696 654 1751 est
676 1688 825 1752 videlicet
847 1688 987 1751 florentis
1009 1689 1137 1760 aetatis,
1161 1687 1330 1769 prudentia
1352 1685 1556 1749 senescentis.

492 1783 560 1844 Vll.
582 1776 635 1843 44.
656 1782 698 1843 At
719 1781 869 1844 memoria
891 1781 1053 1844 minuitur.
1087 1780 1204 1854 Credo,
1226 1781 1289 1843 nisi
1311 1800 1380 1843 eam
1402 1797 1552 1843 exerceas
1567 1788 1622 1842 ant
1636 1779 1755 1843 etiamr

407 1876 435 1939 si
457 1876 502 1940 sis
524 1883 636 1939 natura
659 1875 790 1939 tardior.
833 1875 1062 1938 Themistocles
1084 1874 1226 1937 omnium
1248 1873 1364 1936 uirium
1385 1881 1572 1955 perceperat
1586 1873 1731 1936 nomina:

407 1988 484 2032 num
507 1969 603 2051 igitur
624 1970 761 2033 censetis
782 1988 872 2041 eum,
901 1988 972 2032 cum
994 1977 1099 2031 aetate
1122 1968 1346 2050 processisset,
1379 1967 1434 2049 qui
1456 1966 1610 2030 Aristides
1637 1975 1732 2041 emet,

407 2062 631 2146 Lysimachum
653 2063 794 2126 salutare
814 2062 970 2125 solitumt
1003 2062 1159 2146 Equidem
1181 2080 1248 2123 non
1270 2059 1364 2123 modo
1386 2079 1443 2123 eos
1464 2060 1550 2132 nori,
1571 2060 1627 2143 qui
1650 2067 1732 2133 sunt,

408 2155 463 2218 sed
486 2175 597 2219 eorum
620 2166 724 2240 patres
746 2156 840 2219 etiam
863 2164 896 2218 et
915 2175 1011 2229 avos;
1035 2176 1094 2218 nec
1108 2156 1253 2237 sepulcra
1268 2154 1377 2236 legens
1393 2174 1514 2226 vereor,
1531 2154 1617 2237 quod
1632 2155 1732 2230 aiunt,

407 2269 447 2313 ne
470 2252 655 2314 memoriam
678 2251 825 2333 perdam:
847 2250 896 2312 bis
919 2251 1003 2313 anim
1026 2250 1104 2334 ipsis
1124 2247 1267 2330 legendis
1289 2249 1322 2310 in
1338 2248 1521 2312 memoriam
1536 2247 1633 2311 redeo
1649 2260 1770 2311 mor-so

408 2349 544 2405 tuorum.
589 2345 653 2405 Nec
676 2364 749 2407 vero
773 2363 964 2427 quemquam
987 2363 1095 2406 senem
1118 2342 1225 2405 audivi
1247 2341 1396 2416 oblitum,
1424 2362 1488 2425 quo
1511 2342 1582 2405 loco
1604 2341 1732 2407 thesau-

408 2455 477 2499 rum
499 2436 668 2500 obruisset.
712 2436 827 2501 Omnia
849 2457 931 2518 quae
953 2445 1064 2500 curant
1086 2437 1315 2509 meminerunt,
1346 2435 1529 2500 vadimonia
1553 2438 1733 2511 constituta,

410 2530 464 2612 qni
487 2529 559 2602 sibi,
582 2530 633 2592 cui
653 2530 715 2612 ipsi
739 2530 884 2594 debeant
927 2527 979 2592 22.
1002 2530 1085 2605 Quid
1102 2531 1180 2593 iuris
1199 2528 1349 2604 consulti,
1365 2530 1443 2613 quid
1459 2526 1639 2612 pontifices,
1656 2532 1733 2615 quid

409 2641 555 2704 augures,
577 2624 656 2705 quid
679 2624 860 2707 philosophi
884 2627 1002 2687 senes?
1033 2623 1251 2707 quammulta
1272 2624 1504 2688 memineruntl
1535 2626 1665 2689 ldanent
1687 2627 1735 2688 in·

409 2718 501 2799 genia
523 2717 663 2790 senibus,
685 2716 780 2780 modo
802 2726 986 2799 permaneat
1006 2717 1146 2781 studium
1168 2725 1201 2780 et
1222 2716 1386 2789 industria,
1409 2736 1513 2800 neque
1528 2737 1566 2781 ea
1581 2720 1683 2783 solum
1701 2719 1773 2781 ints

410 2810 502 2874 claris
525 2820 558 2875 et
579 2812 745 2875 honoratis
766 2811 853 2884 viris,
875 2812 931 2874 sed
953 2814 986 2875 in
1009 2812 1072 2874 vita
1096 2811 1190 2875 etiam
1213 2811 1335 2893 privata
1357 2818 1390 2873 et
1404 2812 1522 2894 quieta.
1558 2812 1735 2895 Sophocles

409 2904 448 2966 ad
470 2924 624 2968 summam
647 2912 843 2968 senectutem
865 2904 1041 2986 tragoedias
1063 2904 1156 2968 fecit:
1180 2906 1266 2987 quod
1284 2913 1413 2988 propter
1426 2904 1566 2968 studium
1581 2925 1653 2969 cum
1668 2927 1735 2969 rem

410 2997 577 3081 neglegere
600 2997 786 3063 familiarem
808 2997 981 3072 rideretur,
1003 3018 1023 3061 a
1043 2996 1116 3062 filiis
1134 3002 1167 3060 in
1183 2998 1335 3062 iudicium
1350 3007 1480 3062 vocatus
1495 3005 1557 3072 est,
1574 3008 1622 3072 ut,
1640 3019 1735 3082 quem

409 3092 449 3154 ad
478 3092 607 3155 modum
635 3102 745 3158 nostro
776 3111 861 3156 more
889 3092 971 3155 male
999 3112 1067 3156 rem
1096 3092 1279 3174 gerentibus
1306 3092 1446 3175 patribus
1469 3093 1566 3155 'bonis
1588 3092 1733 3157 interdici

409 3185 508 3258 solet,
537 3185 583 3249 sic
613 3187 702 3250 illum
732 3187 823 3269 qnasi
853 3185 1064 3267 desipientem
1095 3205 1113 3248 a
1142 3205 1176 3248 re
1203 3185 1349 3249 familiari
1376 3194 1578 3249 removerent
1601 3185 1772 3250 iudicasti)
1888 3241 1890 3246 ,

409 3281 490 3343 'l'um
512 3300 612 3343 senex
634 3281 750 3343 dicitur
771 3299 841 3343 eam
864 3279 1013 3353 tabulam,
1036 3300 1132 3363 quam
1154 3280 1185 3342 in
1208 3279 1353 3342 manibus
1374 3279 1512 3343 habebat
1534 3289 1566 3343 et
1587 3280 1734 3362 proxime

409 3376 595 3456 scripserat,
614 3374 782 3456 ‚Oedipum
806 3374 998 3447 Coloneum,
1027 3375 1180 3441 recitasse
1201 3373 1360 3437 iudicibus
1382 3375 1629 3457 quaesisseque,
1658 3393 1734 3436 num

408 3468 486 3531 illud
510 3488 635 3532 carmen
657 3467 844 3549 desipientis
869 3467 1037 3531 videratur.
1087 3466 1162 3542 Quo
1183 3469 1315 3531 recitato
1336 3467 1503 3532 sententiis
1525 3467 1666 3531 iudicum
1687 3475 1736 3532 est
1788 3484 1791 3490 ·

409 3562 572 3626 liberatus.
616 3558 668 3623 23.
690 3563 774 3624 llum
796 3561 892 3643 igitur
913 3561 1014 3633 hunc,
1036 3580 1111 3623 num
1126 3559 1316 3633 Hesiodum,
1339 3560 1550 3634 Simoniden,
1573 3561 1735 3626 Stesicho-

409 3675 497 3729 rum,
525 3675 602 3719 nnm
630 3676 713 3740 quos
740 3663 815 3718 ante
844 3655 929 3727 diri,
966 3656 1145 3729 Isocraten,
1176 3654 1332 3738 Gorgian,
1366 3675 1442 3719 num
1470 3655 1773 3738 philosophorumus

410 3748 589 3832 principes,
611 3750 840 3833 Pythagoram,
861 3749 1095 3822 Democritum,
1117 3768 1193 3812 num
1216 3749 1396 3822 Platonem,
1426 3768 1503 3812 num
1525 3749 1735 3821 Xenocraten,

409 3861 486 3906 num
517 3852 628 3925 postea
655 3846 836 3917 Zenonem,
866 3843 1050 3906 Cleanthem
1080 3850 1137 3905 aut
1166 3862 1257 3914 eum,
1287 3863 1383 3925 quem
1410 3862 1467 3907 ros
1492 3843 1587 3906 etiam
1610 3842 1735 3907 vidistis

409 3937 544 4011 Romae,
566 3939 738 4019 Diogenem
761 3936 899 4000 Stoicum
922 3937 1025 4018 coegit
1046 3937 1079 3998 in
1102 3935 1169 3999 suis
1190 3936 1304 3999 studiis
1326 3936 1544 4002 obmutescere
1565 3940 1735 4001 senectus?

410 4049 450 4093 an
471 4030 505 4094 in
526 4032 675 4095 omuibus
695 4030 745 4094 his
767 4031 943 4095 studiorum
964 4030 1094 4111 agitatio
1116 4029 1200 4092 ritae
1221 4028 1365 4112 aequalis
1386 4028 1472 4094 iuit‘t
1521 4026 1573 4093 44.
1595 4033 1679 4113 Age,
1700 4038 1737 4093 ut

409 4124 469 4188 ista
491 4122 597 4187 divina
618 4124 724 4188 studia
746 4125 942 4195 omittamus,
964 4143 1091 4206 possum
1114 4123 1278 4186 nominare
1300 4142 1342 4185 ex
1362 4142 1439 4204 agro
1462 4123 1581 4187 Sabino
1602 4125 1774 4187 rusticos³⁰

409 4216 586 4292 Romanos,
609 4218 730 4282 viciuos
753 4226 785 4282 et
805 4217 977 4280 familiares
999 4236 1106 4289 meos,
1128 4217 1244 4299 quibus
1266 4216 1452 4280 absentibus
1474 4237 1647 4301 numquam
1669 4217 1736 4282 iere

475 4526 499 4574 4.
516 4529 715 4587 percunctantur
732 4526 751 4575 lt
771 4553 798 4562 -
822 4525 890 4575 seuit
904 4529 993 4586 poetas
1009 4524 1067 4574 lado
1084 4524 1197 4575 BlllS:
1224 4524 1293 4574 osuii
1307 4525 1440 4588 posteriori
1457 4525 1607 4588 (posteriore
1625 4526 1656 4588 El
1674 4526 1737 4577 libro

410 4598 472 4657 ΕΡ,
494 4600 584 4649 Naevii
601 4600 670 4649 Ludo
691 4601 711 4648 0
735 4600 817 4661 (Ludo
834 4600 914 4649 edam
932 4598 1051 4650 Ribbeck
1067 4600 1175 4663 scripsit
1191 4599 1219 4649 in
1235 4600 1310 4649 Com.
1325 4600 1379 4649 hat.
1399 4598 1446 4649 rel.
1467 4598 1551 4663 pil)
1578 4626 1606 4638 -
1633 4603 1657 4653 3.
1673 4616 1737 4666 pru-

409 4674 541 4723 micatis
557 4676 585 4730 P,
608 4674 657 4724 ssd
672 4688 706 4722 ar
721 4674 839 4724 deletum
863 4699 890 4711 -
916 4675 978 4723 noui
993 4678 1017 4724 et
1032 4674 1100 4723 stulti
1119 4674 1162 4725 ΕΡ
1184 4699 1212 4711 -
1240 4674 1265 4724 d.
1282 4674 1359 4726 etiarn
1376 4675 1414 4725 C:
1432 4675 1520 4726 om.0
1543 4700 1571 4713 ·-
1599 4677 1625 4727 6.
1641 4678 1738 4730 meu

409 4748 723 4811 meapemperatn.
740 4750 980 4811 perc.nom.ciu.l
1004 4776 1031 4787 -
1055 4748 1313 4800 tumemus-
1331 4750 1532 4801 isrmsmoriull
1551 4778 1579 4787 —
1598 4752 1638 4804 44.
1655 4765 1738 4804 mem

410 4823 518 4875 lllilPS
535 4823 598 4884 (sed
616 4825 626 4873 4
643 4825 732 4874 audiui
748 4826 858 4885 mensi:
876 4838 962 4875 aarum
979 4824 1024 4874 ltO
1043 4849 1071 4860 -
1090 4826 1131 4874 44.
1149 4825 1283 4887 omniaque
1298 4837 1391 4875 surm
1406 4826 1427 4877 ll
1443 4852 1478 4863 -·
1494 4829 1687 4880 uomuisse
1707 4849 1735 4866 ··

411 4899 450 4950 43.
469 4901 561 4963 quen
585 4924 619 4936 -
644 4900 944 4963 patientissimi
972 4926 999 4937 -
1028 4901 1068 4950 45.
1085 4900 1256 4951 oudoettam
1275 4902 1303 4961 P,
1327 4900 1420 4951 sedin
1438 4914 1521 4965 marg.
1541 4913 1577 4952 rn.
1596 4903 1612 4954 4
1629 4903 1689 4953 dara
1707 4929 1734 4940 —

408 4986 488 5035 aeque
504 4974 539 5023 C:
557 4974 638 5024 neco
659 4999 685 5009 -
704 4976 850 5025 εο4νηοα4
871 5001 898 5013 -
918 4974 1047 5039 idatius
1064 4976 1084 5027 li
1104 5001 1131 5011 -
1150 4975 1290 5037 Sophoclea]
1307 4976 1341 5026 cl.
1355 4977 1504 5028 charisium
1521 4991 1547 5041 p.
1560 4978 1646 5034 44449
1664 4979 1692 5028 il.
1707 5003 1735 5015 -

410 5048 450 5099 tr.
468 5050 615 5112 namatius
633 5047 661 5100 4)ι
679 5075 707 5089 -
729 5057 834 5113 propter
850 5052 917 5113 quod
933 5051 1026 5100 lilils
1047 5077 1072 5087 -
1096 5063 1151 5101 ram
1165 5051 1228 5110 tum.
1246 5052 1375 5115 mulsam
1391 5052 1401 5100 4
1422 5077 1447 5087 -
1473 5052 1512 5103 49.
1530 5053 1670 5117 gerentibus
1685 5067 1739 5105 reru

409 5123 420 5172 4
439 5148 466 5159 -
486 5123 552 5173 bono
567 5126 682 5175 inradiet
698 5126 775 5177 mimi
791 5126 810 5176 li
829 5131 857 5176 et
873 5140 905 5177 ex
923 5138 992 5176 corr.
1011 5127 1028 5175 S
1048 5151 1075 5162 —
1100 5127 1141 5175 44.
1162 5126 1228 5175 Tuis
1243 5139 1264 5175 s.
1282 5128 1375 5177 dimini
1392 5126 1473 5178 babet
1489 5128 1510 5179 44
1526 5128 1553 5180 in
1570 5141 1653 5193 marg.
1673 5129 1734 5180 nit

412 5222 439 5234 —
458 5199 499 5247 44.
518 5200 650 5262 oedippoor
667 5202 760 5251 lillis
785 5228 812 5239 -
839 5198 975 5252 Οἰδίπουν
991 5200 1039 5251 ἐπὶ
1056 5198 1181 5268 Κολωνῷ
1204 5201 1413 5253 chariatarbe.
1440 5229 1466 5241 -
1494 5202 1670 5254 404404414-
1694 5204 1735 5255 43.

408 5272 530 5323 iudicium
547 5278 573 5334 P,
592 5276 642 5326 sed
659 5280 668 5324 i
685 5280 746 5326 ante
762 5291 806 5326 surr
823 5291 901 5327 erasa
921 5304 947 5314 -
966 5276 1006 5327 44.
1025 5276 1145 5327 abemus
1162 5283 1197 5327 eat
1212 5278 1282 5328 BES
1301 5304 1329 5316 -
1352 5278 1418 5328 iwsc
1434 5279 1471 5329 C:
1489 5280 1565 5339 bunc,
1576 5291 1638 5327 aun
1646 5278 1738 5329 Homo-

408 5351 503 5399 rano
532 5376 558 5387 -
589 5352 736 5401 moduine
762 5378 795 5389 -
820 5353 966 5402 mucidam
987 5354 1134 5402 suricorum
1160 5353 1333 5414 (sermonem
1350 5354 1376 5413 4,
1398 5355 1540 5404 turicorum
1557 5354 1592 5415 ll)
1613 5354 1650 5405 C:
1677 5366 1739 5404 arms

409 5424 576 5485 Simonidem,
595 5439 655 5474 num
671 5426 838 5477 Stesichorum
854 5429 891 5485 0;
917 5440 941 5476 v.
960 5426 1048 5476 Madv.
1067 5428 1163 5491 opusc.
1182 5427 1280 5486 44,4Ί4
1305 5454 1338 5466 -
1362 5430 1404 5480 aa.
1421 5430 1548 5480 Isocrateo
1565 5432 1600 5480 P:
1624 5433 1739 5479 sacrm

409 5498 551 5558 ustas,
574 5501 745 5550 lwcrutunO
772 5526 799 5537 -
827 5500 940 5565 Gorgim
955 5515 1017 5551 sum
1034 5503 1180 5565 (gorgiades
1198 5503 1227 5552 lit
1244 5504 1302 5553 siue
1318 5505 1392 5563 oua)
1409 5505 1537 5554 bonum
1553 5505 1590 5563 C;
1617 5504 1739 5567 waiam

410 5575 443 5632 0;
461 5578 661 5625 „mammeam
678 5574 769 5625 delere
786 5588 866 5639 quam
884 5589 946 5626 curn
964 5578 1061 5627 ceteris
1080 5583 1254 5641 transponere
1271 5577 1427 5636 maluimus;
1447 5593 1479 5629 er
1490 5578 1549 5630 loco
1565 5581 1647 5637 enirn,
1666 5579 1739 5643 quod

411 5663 510 5702 nomen
532 5654 557 5702 in
576 5651 656 5703 codd.
676 5650 792 5710 obtinet,
815 5654 927 5716 apparet
943 5651 977 5700 ab
995 5652 1103 5703 homine
1121 5654 1227 5703 cortou
1244 5653 1363 5704 additum
1381 5668 1449 5705 esse.
1475 5681 1502 5690 -
1529 5654 1568 5704 46.
1585 5659 1739 5716 pytagoreis

412 5726 718 5777 C-oumantePtat.
737 5727 824 5776 omli
844 5733 1024 5777 -saescruten
1041 5727 1585 5786 armamento-aratorumne
1606 5751 1632 5763 -
1651 5741 1739 5779 romae

410 5803 509 5851 asoto
526 5804 557 5852 ts
576 5829 600 5840 -
622 5802 662 5851 48.
682 5802 1059 5864 camusnanesre,
1078 5801 1211 5865 diogtsilt
1231 5827 1259 5839 -
1277 5802 1438 5852 obeuntium
1455 5805 1473 5853 P
1488 5828 1514 5838 ·-
1533 5802 1624 5853 rouo
1639 5814 1694 5853 orn.
1708 5805 1736 5862 P,

412 5876 439 5926 ln
456 5890 510 5940 quo
527 5876 633 5928 videtur
648 5879 692 5937 iis,
716 5876 788 5939 quod
806 5876 878 5926 haud
894 5879 951 5927 scio
967 5890 1002 5927 an
1018 5877 1227 5942 praeterendum
1244 5878 1292 5939 sit,
1314 5880 1375 5942 post
1396 5890 1426 5928 as
1446 5876 1625 5929 intercidisse.
1644 5903 1669 5915 -
1695 5877 1737 5928 tu.

411 5952 600 6007 munuli
619 5978 647 5991 —
666 5953 706 6003 34.
724 5950 826 6015 ucho]
843 5953 951 6003 cama.
