<?xml version="1.0" encoding="UTF-8"?>
<!DOCTYPE html PUBLIC "-//W3C//DTD XHTML 1.0 Transitional//EN"
    "http://www.w3.org/TR/xhtml1/DTD/xhtml1-transitional.dtd">
<html xmlns="http://www.w3.org/1999/xhtml" xml:lang="en" lang="en">
 <head>
  <title>
</title>
<meta http-equiv="Content-Type" content="text/html;charset=utf-8" />
  <meta name='ocr-system' content='tesseract 3.04.00' />
  <meta name='ocr-capabilities' content='ocr_page ocr_carea ocr_par ocr_line ocrx_word'/>
</head>
<body>
  <div class='ocr_page' id='page_1' title='image "./operaquaesupers00halmgoog/operaquaesupers00halmgoog_0897.png"; bbox 0 0 4342 7459; ppageno 0'>
   <div class='ocr_carea' id='block_1_1' title="bbox 785 1252 1727 1343">
    <p class='ocr_par' dir='ltr' id='par_1_1' title="bbox 785 1252 1727 1343">
     <span class='ocr_line' id='line_1_1' title="bbox 785 1252 1727 1343; baseline 0 -22"><span class='ocrx_word' id='word_1_1' title='bbox 785 1258 854 1322; x_wconf 73' lang='lat' dir='ltr'>so,</span> <span class='ocrx_word' id='word_1_2' title='bbox 868 1258 909 1321; x_wconf 92' lang='lat' dir='ltr'>n.</span> <span class='ocrx_word' id='word_1_3' title='bbox 937 1255 1011 1323; x_wconf 72' lang='lat' dir='ltr'>cn.</span> <span class='ocrx_word' id='word_1_4' title='bbox 1026 1256 1149 1326; x_wconf 83' lang='lat' dir='ltr'>sv-v.</span> <span class='ocrx_word' id='word_1_5' title='bbox 1179 1254 1227 1343; x_wconf 72' lang='lat' dir='ltr'>ss</span> <span class='ocrx_word' id='word_1_6' title='bbox 1247 1256 1375 1324; x_wconf 81' lang='lat' dir='ltr'>s-sa.</span> <span class='ocrx_word' id='word_1_7' title='bbox 1670 1252 1727 1321; x_wconf 80' lang='lat' dir='ltr'>ssi</span> 
     </span>
    </p>
   </div>
   <div class='ocr_carea' id='block_1_2' title="bbox 409 1416 1775 3941">
    <p class='ocr_par' dir='ltr' id='par_1_2' title="bbox 409 1416 1775 3941">
     <span class='ocr_line' id='line_1_2' title="bbox 411 1416 1731 1501; baseline -0.003 -17"><span class='ocrx_word' id='word_1_8' title='bbox 411 1420 494 1484; x_wconf 77' lang='lat' dir='ltr'>fecta</span> <span class='ocrx_word' id='word_1_9' title='bbox 522 1439 542 1483; x_wconf 90' lang='lat' dir='ltr'>a</span> <span class='ocrx_word' id='word_1_10' title='bbox 569 1438 674 1483; x_wconf 87' lang='lat' dir='ltr'>rernm</span> <span class='ocrx_word' id='word_1_11' title='bbox 704 1422 835 1492; x_wconf 89' lang='lat' dir='ltr'>natura,</span> <span class='ocrx_word' id='word_1_12' title='bbox 870 1425 902 1482; x_wconf 93' lang='lat' dir='ltr'>et</span> <span class='ocrx_word' id='word_1_13' title='bbox 929 1417 968 1481; x_wconf 89' lang='lat' dir='ltr'>ad</span> <span class='ocrx_word' id='word_1_14' title='bbox 998 1423 1083 1482; x_wconf 88' lang='lat' dir='ltr'>recte</span> <span class='ocrx_word' id='word_1_15' title='bbox 1112 1418 1291 1483; x_wconf 88' lang='lat' dir='ltr'>laciendum</span> <span class='ocrx_word' id='word_1_16' title='bbox 1319 1417 1486 1501; x_wconf 88' lang='lat' dir='ltr'>impellens</span> <span class='ocrx_word' id='word_1_17' title='bbox 1515 1426 1548 1481; x_wconf 92' lang='lat' dir='ltr'>et</span> <span class='ocrx_word' id='word_1_18' title='bbox 1574 1416 1731 1481; x_wconf 80' lang='lat' dir='ltr'>adelicto</span> 
     </span>
     <span class='ocr_line' id='line_1_3' title="bbox 411 1510 1731 1597; baseline -0.003 -19"><span class='ocrx_word' id='word_1_19' title='bbox 411 1533 559 1588; x_wconf 83' lang='lat' dir='ltr'>avocans,</span> <span class='ocrx_word' id='word_1_20' title='bbox 581 1531 664 1597; x_wconf 90' lang='lat' dir='ltr'>quae</span> <span class='ocrx_word' id='word_1_21' title='bbox 686 1532 750 1575; x_wconf 94' lang='lat' dir='ltr'>non</span> <span class='ocrx_word' id='word_1_22' title='bbox 771 1519 840 1574; x_wconf 92' lang='lat' dir='ltr'>tum</span> <span class='ocrx_word' id='word_1_23' title='bbox 862 1512 1001 1596; x_wconf 91' lang='lat' dir='ltr'>denique</span> <span class='ocrx_word' id='word_1_24' title='bbox 1022 1512 1136 1595; x_wconf 79' lang='lat' dir='ltr'>incipit</span> <span class='ocrx_word' id='word_1_25' title='bbox 1155 1512 1209 1576; x_wconf 85' lang='lat' dir='ltr'>lex</span> <span class='ocrx_word' id='word_1_26' title='bbox 1231 1532 1311 1587; x_wconf 88' lang='lat' dir='ltr'>esse,</span> <span class='ocrx_word' id='word_1_27' title='bbox 1334 1532 1433 1595; x_wconf 89' lang='lat' dir='ltr'>quom</span> <span class='ocrx_word' id='word_1_28' title='bbox 1455 1512 1573 1595; x_wconf 90' lang='lat' dir='ltr'>scripta</span> <span class='ocrx_word' id='word_1_29' title='bbox 1594 1521 1652 1587; x_wconf 88' lang='lat' dir='ltr'>est,</span> <span class='ocrx_word' id='word_1_30' title='bbox 1674 1510 1731 1575; x_wconf 89' lang='lat' dir='ltr'>sed</span> 
     </span>
     <span class='ocr_line' id='line_1_4' title="bbox 411 1605 1732 1684; baseline -0.004 -12"><span class='ocrx_word' id='word_1_31' title='bbox 411 1615 487 1684; x_wconf 86' lang='grc'><strong>444444,</strong></span> <span class='ocrx_word' id='word_1_32' title='bbox 510 1628 582 1671; x_wconf 91' lang='lat' dir='ltr'>cnm</span> <span class='ocrx_word' id='word_1_33' title='bbox 604 1614 673 1669; x_wconf 89' lang='lat' dir='ltr'>orta</span> <span class='ocrx_word' id='word_1_34' title='bbox 696 1612 759 1679; x_wconf 83' lang='lat' dir='ltr'>est3</span> <span class='ocrx_word' id='word_1_35' title='bbox 782 1613 850 1668; x_wconf 88' lang='lat' dir='ltr'>orta</span> <span class='ocrx_word' id='word_1_36' title='bbox 871 1613 977 1668; x_wconf 89' lang='lat' dir='ltr'>autem</span> <span class='ocrx_word' id='word_1_37' title='bbox 999 1613 1049 1668; x_wconf 91' lang='lat' dir='ltr'>est</span> <span class='ocrx_word' id='word_1_38' title='bbox 1069 1606 1162 1670; x_wconf 90' lang='lat' dir='ltr'>simul</span> <span class='ocrx_word' id='word_1_39' title='bbox 1185 1627 1256 1670; x_wconf 91' lang='lat' dir='ltr'>curn</span> <span class='ocrx_word' id='word_1_40' title='bbox 1279 1615 1384 1669; x_wconf 88' lang='lat' dir='ltr'>mente</span> <span class='ocrx_word' id='word_1_41' title='bbox 1406 1605 1521 1669; x_wconf 81' lang='lat' dir='ltr'>divina.</span> <span class='ocrx_word' id='word_1_42' title='bbox 1565 1606 1668 1681; x_wconf 88' lang='lat' dir='ltr'>Quam</span> <span class='ocrx_word' id='word_1_43' title='bbox 1691 1605 1732 1668; x_wconf 92' lang='lat' dir='ltr'>ob</span> 
     </span>
     <span class='ocr_line' id='line_1_5' title="bbox 409 1698 1732 1782; baseline -0.004 -16"><span class='ocrx_word' id='word_1_44' title='bbox 409 1721 476 1766; x_wconf 90' lang='lat' dir='ltr'>rem</span> <span class='ocrx_word' id='word_1_45' title='bbox 505 1702 559 1764; x_wconf 76' lang='lat' dir='ltr'>lex</span> <span class='ocrx_word' id='word_1_46' title='bbox 586 1718 662 1763; x_wconf 83' lang='lat' dir='ltr'>vera</span> <span class='ocrx_word' id='word_1_47' title='bbox 688 1705 785 1781; x_wconf 83' lang='lat' dir='ltr'>atque</span> <span class='ocrx_word' id='word_1_48' title='bbox 815 1698 963 1782; x_wconf 90' lang='lat' dir='ltr'>princeps</span> <span class='ocrx_word' id='word_1_49' title='bbox 992 1706 1066 1781; x_wconf 89' lang='lat' dir='ltr'>apta</span> <span class='ocrx_word' id='word_1_50' title='bbox 1087 1700 1127 1762; x_wconf 92' lang='lat' dir='ltr'>ad</span> <span class='ocrx_word' id='word_1_51' title='bbox 1150 1700 1324 1765; x_wconf 88' lang='lat' dir='ltr'>iubendum</span> <span class='ocrx_word' id='word_1_52' title='bbox 1347 1708 1379 1764; x_wconf 89' lang='lat' dir='ltr'>et</span> <span class='ocrx_word' id='word_1_53' title='bbox 1399 1699 1440 1763; x_wconf 86' lang='lat' dir='ltr'>ad</span> <span class='ocrx_word' id='word_1_54' title='bbox 1463 1698 1631 1765; x_wconf 82' lang='lat' dir='ltr'>rotandum</span> <span class='ocrx_word' id='word_1_55' title='bbox 1651 1699 1732 1762; x_wconf 90' lang='lat' dir='ltr'>ratio</span> 
     </span>
     <span class='ocr_line' id='line_1_6' title="bbox 411 1792 1757 1860; baseline -0.005 0"><span class='ocrx_word' id='word_1_56' title='bbox 411 1804 461 1860; x_wconf 84' lang='lat' dir='ltr'>est</span> <span class='ocrx_word' id='word_1_57' title='bbox 482 1802 569 1859; x_wconf 89' lang='lat' dir='ltr'>recta</span> <span class='ocrx_word' id='word_1_58' title='bbox 590 1793 704 1858; x_wconf 90' lang='lat' dir='ltr'>summi</span> <span class='ocrx_word' id='word_1_59' title='bbox 726 1792 822 1855; x_wconf 85' lang='lat' dir='ltr'>loris.</span> <span class='ocrx_word' id='word_1_60' title='bbox 1742 1798 1757 1844; x_wconf 76' lang='grc'>4</span> 
     </span>
     <span class='ocr_line' id='line_1_7' title="bbox 496 1884 1733 1971; baseline -0.003 -19"><span class='ocrx_word' id='word_1_61' title='bbox 496 1889 533 1952; x_wconf 85' lang='lat' dir='ltr'>V.</span> <span class='ocrx_word' id='word_1_62' title='bbox 562 1884 613 1949; x_wconf 91' lang='lat' dir='ltr'>ll.</span> <span class='ocrx_word' id='word_1_63' title='bbox 646 1886 685 1964; x_wconf 79' lang='lat' dir='ltr'>(i.</span> <span class='ocrx_word' id='word_1_64' title='bbox 710 1886 894 1960; x_wconf 71' lang='lat' dir='ltr'>Adsentior,</span> <span class='ocrx_word' id='word_1_65' title='bbox 921 1884 1035 1961; x_wconf 82' lang='lat' dir='ltr'>irater,</span> <span class='ocrx_word' id='word_1_66' title='bbox 1056 1894 1109 1962; x_wconf 92' lang='lat' dir='ltr'>ut,</span> <span class='ocrx_word' id='word_1_67' title='bbox 1132 1888 1218 1971; x_wconf 92' lang='lat' dir='ltr'>quod</span> <span class='ocrx_word' id='word_1_68' title='bbox 1242 1894 1292 1951; x_wconf 89' lang='lat' dir='ltr'>est</span> <span class='ocrx_word' id='word_1_69' title='bbox 1312 1896 1450 1964; x_wconf 90' lang='lat' dir='ltr'>rectum,</span> <span class='ocrx_word' id='word_1_70' title='bbox 1471 1907 1581 1952; x_wconf 80' lang='lat' dir='ltr'>verum</span> <span class='ocrx_word' id='word_1_71' title='bbox 1602 1905 1733 1971; x_wconf 90' lang='lat' dir='ltr'>quoqne</span> 
     </span>
     <span class='ocr_line' id='line_1_8' title="bbox 411 1979 1735 2066; baseline -0.004 -19"><span class='ocrx_word' id='word_1_72' title='bbox 411 1984 452 2047; x_wconf 91' lang='lat' dir='ltr'>sit</span> <span class='ocrx_word' id='word_1_73' title='bbox 473 2002 580 2066; x_wconf 88' lang='lat' dir='ltr'>neque</span> <span class='ocrx_word' id='word_1_74' title='bbox 602 2001 674 2045; x_wconf 89' lang='lat' dir='ltr'>cum</span> <span class='ocrx_word' id='word_1_75' title='bbox 696 1979 825 2055; x_wconf 88' lang='lat' dir='ltr'>litteris,</span> <span class='ocrx_word' id='word_1_76' title='bbox 853 1980 969 2063; x_wconf 90' lang='lat' dir='ltr'>quibus</span> <span class='ocrx_word' id='word_1_77' title='bbox 991 1981 1069 2043; x_wconf 90' lang='lat' dir='ltr'>scita</span> <span class='ocrx_word' id='word_1_78' title='bbox 1094 1980 1329 2056; x_wconf 89' lang='lat' dir='ltr'>deseribuntur,</span> <span class='ocrx_word' id='word_1_79' title='bbox 1358 1989 1413 2044; x_wconf 89' lang='lat' dir='ltr'>ant</span> <span class='ocrx_word' id='word_1_80' title='bbox 1433 1982 1555 2044; x_wconf 89' lang='lat' dir='ltr'>oriatur</span> <span class='ocrx_word' id='word_1_81' title='bbox 1574 1988 1629 2044; x_wconf 89' lang='lat' dir='ltr'>ant</span> <span class='ocrx_word' id='word_1_82' title='bbox 1651 1979 1735 2043; x_wconf 91' lang='lat' dir='ltr'>occi-</span> 
     </span>
     <span class='ocr_line' id='line_1_9' title="bbox 410 2073 1734 2160; baseline -0.005 -19"><span class='ocrx_word' id='word_1_83' title='bbox 410 2077 475 2141; x_wconf 87' lang='lat' dir='ltr'>dat.</span> <span class='ocrx_word' id='word_1_84' title='bbox 518 2078 560 2139; x_wconf 98' lang='grc' dir='ltr'><strong>Μ.</strong></span> <span class='ocrx_word' id='word_1_85' title='bbox 588 2077 671 2157; x_wconf 88' lang='lat' dir='ltr'>Ergo</span> <span class='ocrx_word' id='word_1_86' title='bbox 694 2082 730 2137; x_wconf 91' lang='lat' dir='ltr'>nt</span> <span class='ocrx_word' id='word_1_87' title='bbox 751 2074 806 2136; x_wconf 91' lang='lat' dir='ltr'>illa</span> <span class='ocrx_word' id='word_1_88' title='bbox 828 2074 934 2137; x_wconf 83' lang='lat' dir='ltr'>divina</span> <span class='ocrx_word' id='word_1_89' title='bbox 956 2094 1046 2137; x_wconf 90' lang='lat' dir='ltr'>mens</span> <span class='ocrx_word' id='word_1_90' title='bbox 1068 2095 1192 2139; x_wconf 89' lang='lat' dir='ltr'>summa</span> <span class='ocrx_word' id='word_1_91' title='bbox 1213 2075 1265 2138; x_wconf 85' lang='lat' dir='ltr'>lex</span> <span class='ocrx_word' id='word_1_92' title='bbox 1287 2084 1351 2151; x_wconf 88' lang='lat' dir='ltr'>est,</span> <span class='ocrx_word' id='word_1_93' title='bbox 1379 2077 1472 2151; x_wconf 89' lang='lat' dir='ltr'>ilem,</span> <span class='ocrx_word' id='word_1_94' title='bbox 1502 2095 1598 2160; x_wconf 89' lang='lat' dir='ltr'>quom</span> <span class='ocrx_word' id='word_1_95' title='bbox 1620 2074 1653 2136; x_wconf 91' lang='lat' dir='ltr'>iu</span> <span class='ocrx_word' id='word_1_96' title='bbox 1675 2073 1734 2136; x_wconf 90' lang='lat' dir='ltr'>bo·</span> 
     </span>
     <span class='ocr_line' id='line_1_10' title="bbox 409 2166 1734 2252; baseline -0.005 -18"><span class='ocrx_word' id='word_1_97' title='bbox 409 2170 497 2234; x_wconf 90' lang='lat' dir='ltr'>mine</span> <span class='ocrx_word' id='word_1_98' title='bbox 525 2177 575 2232; x_wconf 90' lang='lat' dir='ltr'>est</span> <span class='ocrx_word' id='word_1_99' title='bbox 603 2168 759 2251; x_wconf 83' lang='lat' dir='ltr'>perfecta,</span> <span class='ocrx_word' id='word_1_100' title='bbox 788 2167 821 2229; x_wconf 89' lang='lat' dir='ltr'>in</span> <span class='ocrx_word' id='word_1_101' title='bbox 850 2175 955 2230; x_wconf 90' lang='lat' dir='ltr'>mente</span> <span class='ocrx_word' id='word_1_102' title='bbox 983 2177 1026 2230; x_wconf 83' lang='lat' dir='ltr'>cst</span> <span class='ocrx_word' id='word_1_103' title='bbox 1054 2170 1215 2252; x_wconf 89' lang='lat' dir='ltr'>sapientis.</span> <span class='ocrx_word' id='word_1_104' title='bbox 1259 2167 1350 2245; x_wconf 87' lang='lat' dir='ltr'>Quae</span> <span class='ocrx_word' id='word_1_105' title='bbox 1372 2178 1446 2232; x_wconf 90' lang='lat' dir='ltr'>sunt</span> <span class='ocrx_word' id='word_1_106' title='bbox 1466 2178 1570 2232; x_wconf 89' lang='lat' dir='ltr'>autem</span> <span class='ocrx_word' id='word_1_107' title='bbox 1593 2166 1680 2231; x_wconf 83' lang='lat' dir='ltr'>varie</span> <span class='ocrx_word' id='word_1_108' title='bbox 1702 2174 1734 2229; x_wconf 89' lang='lat' dir='ltr'>et</span> 
     </span>
     <span class='ocr_line' id='line_1_11' title="bbox 409 2261 1773 2347; baseline -0.007 -19"><span class='ocrx_word' id='word_1_109' title='bbox 409 2263 450 2328; x_wconf 90' lang='lat' dir='ltr'>ad</span> <span class='ocrx_word' id='word_1_110' title='bbox 478 2272 603 2346; x_wconf 92' lang='lat' dir='ltr'>tempus</span> <span class='ocrx_word' id='word_1_111' title='bbox 632 2261 807 2345; x_wconf 79' lang='lat' dir='ltr'>descriptae</span> <span class='ocrx_word' id='word_1_112' title='bbox 837 2261 984 2344; x_wconf 88' lang='lat' dir='ltr'>populis,</span> <span class='ocrx_word' id='word_1_113' title='bbox 1016 2261 1124 2325; x_wconf 81' lang='lat' dir='ltr'>favore</span> <span class='ocrx_word' id='word_1_114' title='bbox 1157 2262 1256 2345; x_wconf 91' lang='lat' dir='ltr'>magis</span> <span class='ocrx_word' id='word_1_115' title='bbox 1289 2283 1383 2347; x_wconf 91' lang='lat' dir='ltr'>quam</span> <span class='ocrx_word' id='word_1_116' title='bbox 1415 2283 1450 2326; x_wconf 90' lang='lat' dir='ltr'>re</span> <span class='ocrx_word' id='word_1_117' title='bbox 1484 2262 1588 2345; x_wconf 88' lang='lat' dir='ltr'>legum</span> <span class='ocrx_word' id='word_1_118' title='bbox 1617 2264 1773 2324; x_wconf 80' lang='lat' dir='ltr'>nomento</span> 
     </span>
     <span class='ocr_line' id='line_1_12' title="bbox 410 2355 1733 2441; baseline -0.003 -19"><span class='ocrx_word' id='word_1_119' title='bbox 410 2366 529 2422; x_wconf 78' lang='grc'><strong>44444444</strong></span> <span class='ocrx_word' id='word_1_120' title='bbox 573 2356 705 2419; x_wconf 84' lang='lat' dir='ltr'>Omnem</span> <span class='ocrx_word' id='word_1_121' title='bbox 729 2357 813 2418; x_wconf 91' lang='lat' dir='ltr'>enim</span> <span class='ocrx_word' id='word_1_122' title='bbox 835 2355 955 2438; x_wconf 90' lang='lat' dir='ltr'>legem,</span> <span class='ocrx_word' id='word_1_123' title='bbox 985 2375 1067 2438; x_wconf 92' lang='lat' dir='ltr'>quae</span> <span class='ocrx_word' id='word_1_124' title='bbox 1097 2357 1225 2440; x_wconf 91' lang='lat' dir='ltr'>quidem</span> <span class='ocrx_word' id='word_1_125' title='bbox 1255 2365 1340 2420; x_wconf 89' lang='lat' dir='ltr'>recte</span> <span class='ocrx_word' id='word_1_126' title='bbox 1367 2358 1421 2421; x_wconf 81' lang='lat' dir='ltr'>lex</span> <span class='ocrx_word' id='word_1_127' title='bbox 1449 2356 1601 2441; x_wconf 82' lang='lat' dir='ltr'>appellari</span> <span class='ocrx_word' id='word_1_128' title='bbox 1622 2356 1733 2440; x_wconf 90' lang='lat' dir='ltr'>possit,</span> 
     </span>
     <span class='ocr_line' id='line_1_13' title="bbox 409 2446 1733 2533; baseline -0.005 -17"><span class='ocrx_word' id='word_1_129' title='bbox 409 2471 480 2516; x_wconf 87' lang='lat' dir='ltr'>esse</span> <span class='ocrx_word' id='word_1_130' title='bbox 503 2450 693 2515; x_wconf 77' lang='lat' dir='ltr'>laudabilem</span> <span class='ocrx_word' id='word_1_131' title='bbox 715 2448 905 2533; x_wconf 80' lang='lat' dir='ltr'>quibusdem</span> <span class='ocrx_word' id='word_1_132' title='bbox 927 2449 1042 2512; x_wconf 90' lang='lat' dir='ltr'>talibus</span> <span class='ocrx_word' id='word_1_133' title='bbox 1064 2450 1258 2532; x_wconf 75' lang='lat' dir='ltr'>argumentis</span> <span class='ocrx_word' id='word_1_134' title='bbox 1280 2450 1405 2515; x_wconf 90' lang='lat' dir='ltr'>docent.</span> <span class='ocrx_word' id='word_1_135' title='bbox 1439 2450 1570 2513; x_wconf 84' lang='lat' dir='ltr'>Constat</span> <span class='ocrx_word' id='word_1_136' title='bbox 1591 2446 1733 2531; x_wconf 85' lang='lat' dir='ltr'>profecto</span> 
     </span>
     <span class='ocr_line' id='line_1_14' title="bbox 410 2542 1735 2629; baseline -0.005 -19"><span class='ocrx_word' id='word_1_137' title='bbox 410 2543 450 2610; x_wconf 86' lang='lat' dir='ltr'>ad</span> <span class='ocrx_word' id='word_1_138' title='bbox 471 2545 605 2609; x_wconf 86' lang='lat' dir='ltr'>salutem</span> <span class='ocrx_word' id='word_1_139' title='bbox 627 2543 742 2606; x_wconf 84' lang='lat' dir='ltr'>civium</span> <span class='ocrx_word' id='word_1_140' title='bbox 765 2543 990 2626; x_wconf 86' lang='lat' dir='ltr'>civitatumque</span> <span class='ocrx_word' id='word_1_141' title='bbox 1011 2543 1260 2607; x_wconf 86' lang='lat' dir='ltr'>incolumitatem</span> <span class='ocrx_word' id='word_1_142' title='bbox 1282 2545 1444 2629; x_wconf 84' lang='lat' dir='ltr'>vitamque</span> <span class='ocrx_word' id='word_1_143' title='bbox 1465 2543 1628 2606; x_wconf 91' lang='lat' dir='ltr'>bominum</span> <span class='ocrx_word' id='word_1_144' title='bbox 1644 2542 1735 2625; x_wconf 91' lang='lat' dir='ltr'>quie·</span> 
     </span>
     <span class='ocr_line' id='line_1_15' title="bbox 410 2635 1735 2722; baseline -0.002 -20"><span class='ocrx_word' id='word_1_145' title='bbox 410 2646 474 2703; x_wconf 80' lang='lat' dir='ltr'>tam</span> <span class='ocrx_word' id='word_1_146' title='bbox 496 2645 529 2702; x_wconf 90' lang='grc'>44</span> <span class='ocrx_word' id='word_1_147' title='bbox 550 2638 673 2700; x_wconf 85' lang='lat' dir='ltr'>beatam</span> <span class='ocrx_word' id='word_1_148' title='bbox 696 2637 842 2700; x_wconf 78' lang='lat' dir='ltr'>inventes</span> <span class='ocrx_word' id='word_1_149' title='bbox 865 2655 935 2699; x_wconf 88' lang='lat' dir='ltr'>esse</span> <span class='ocrx_word' id='word_1_150' title='bbox 958 2635 1055 2719; x_wconf 87' lang='lat' dir='ltr'>leges,</span> <span class='ocrx_word' id='word_1_151' title='bbox 1077 2656 1209 2721; x_wconf 88' lang='lat' dir='ltr'>eosque,</span> <span class='ocrx_word' id='word_1_152' title='bbox 1232 2639 1286 2722; x_wconf 93' lang='lat' dir='ltr'>qui</span> <span class='ocrx_word' id='word_1_153' title='bbox 1308 2639 1443 2721; x_wconf 90' lang='lat' dir='ltr'>primurn</span> <span class='ocrx_word' id='word_1_154' title='bbox 1465 2635 1634 2701; x_wconf 87' lang='lat' dir='ltr'>eiusmodi</span> <span class='ocrx_word' id='word_1_155' title='bbox 1656 2636 1735 2699; x_wconf 87' lang='lat' dir='ltr'>scita</span> 
     </span>
     <span class='ocr_line' id='line_1_16' title="bbox 410 2728 1772 2815; baseline -0.004 -19"><span class='ocrx_word' id='word_1_156' title='bbox 410 2731 588 2805; x_wconf 84' lang='lat' dir='ltr'>sanxerint,</span> <span class='ocrx_word' id='word_1_157' title='bbox 611 2730 739 2815; x_wconf 92' lang='lat' dir='ltr'>populis</span> <span class='ocrx_word' id='word_1_158' title='bbox 761 2728 939 2792; x_wconf 85' lang='lat' dir='ltr'>ostendisse</span> <span class='ocrx_word' id='word_1_159' title='bbox 960 2750 998 2792; x_wconf 89' lang='lat' dir='ltr'>ea</span> <span class='ocrx_word' id='word_1_160' title='bbox 1020 2751 1054 2793; x_wconf 91' lang='lat' dir='ltr'>se</span> <span class='ocrx_word' id='word_1_161' title='bbox 1078 2731 1252 2814; x_wconf 87' lang='lat' dir='ltr'>scripturos</span> <span class='ocrx_word' id='word_1_162' title='bbox 1274 2739 1371 2813; x_wconf 92' lang='lat' dir='ltr'>atque</span> <span class='ocrx_word' id='word_1_163' title='bbox 1393 2732 1527 2805; x_wconf 91' lang='lat' dir='ltr'>laturos,</span> <span class='ocrx_word' id='word_1_164' title='bbox 1548 2730 1664 2814; x_wconf 88' lang='lat' dir='ltr'>quibus</span> <span class='ocrx_word' id='word_1_165' title='bbox 1687 2729 1772 2792; x_wconf 79' lang='lat' dir='ltr'>iilic</span> 
     </span>
     <span class='ocr_line' id='line_1_17' title="bbox 410 2822 1735 2908; baseline -0.001 -19"><span class='ocrx_word' id='word_1_166' title='bbox 410 2825 538 2890; x_wconf 84' lang='lat' dir='ltr'>adscitis</span> <span class='ocrx_word' id='word_1_167' title='bbox 560 2824 780 2907; x_wconf 82' lang='lat' dir='ltr'>susceptisque</span> <span class='ocrx_word' id='word_1_168' title='bbox 801 2822 935 2886; x_wconf 90' lang='lat' dir='ltr'>honeste</span> <span class='ocrx_word' id='word_1_169' title='bbox 957 2823 1115 2908; x_wconf 86' lang='lat' dir='ltr'>beateque</span> <span class='ocrx_word' id='word_1_170' title='bbox 1137 2826 1298 2900; x_wconf 83' lang='lat' dir='ltr'>viverent,</span> <span class='ocrx_word' id='word_1_171' title='bbox 1328 2844 1474 2908; x_wconf 87' lang='lat' dir='ltr'>quaeque</span> <span class='ocrx_word' id='word_1_172' title='bbox 1501 2826 1546 2888; x_wconf 92' lang='lat' dir='ltr'>ita</span> <span class='ocrx_word' id='word_1_173' title='bbox 1569 2827 1735 2908; x_wconf 88' lang='lat' dir='ltr'>conposita</span> 
     </span>
     <span class='ocr_line' id='line_1_18' title="bbox 410 2916 1737 3002; baseline -0.001 -20"><span class='ocrx_word' id='word_1_174' title='bbox 410 2926 582 3000; x_wconf 86' lang='lat' dir='ltr'>sanctaque</span> <span class='ocrx_word' id='word_1_175' title='bbox 604 2925 719 2993; x_wconf 88' lang='lat' dir='ltr'>essent,</span> <span class='ocrx_word' id='word_1_176' title='bbox 742 2936 796 2980; x_wconf 90' lang='lat' dir='ltr'>eas</span> <span class='ocrx_word' id='word_1_177' title='bbox 819 2917 905 3000; x_wconf 92' lang='lat' dir='ltr'>leges</span> <span class='ocrx_word' id='word_1_178' title='bbox 921 2916 1068 2980; x_wconf 82' lang='lat' dir='ltr'>videlicet</span> <span class='ocrx_word' id='word_1_179' title='bbox 1083 2918 1327 2999; x_wconf 80' lang='lat' dir='ltr'>†nominarent.</span> <span class='ocrx_word' id='word_1_180' title='bbox 1358 2918 1407 2981; x_wconf 85' lang='lat' dir='ltr'>Ex</span> <span class='ocrx_word' id='word_1_181' title='bbox 1430 2938 1494 3002; x_wconf 89' lang='lat' dir='ltr'>quo</span> <span class='ocrx_word' id='word_1_182' title='bbox 1516 2918 1657 3002; x_wconf 78' lang='lat' dir='ltr'>intellegi</span> <span class='ocrx_word' id='word_1_183' title='bbox 1680 2939 1737 3002; x_wconf 90' lang='lat' dir='ltr'>par</span> 
     </span>
     <span class='ocr_line' id='line_1_19' title="bbox 410 3010 1735 3096; baseline 0 -21"><span class='ocrx_word' id='word_1_184' title='bbox 410 3020 459 3075; x_wconf 89' lang='lat' dir='ltr'>est</span> <span class='ocrx_word' id='word_1_185' title='bbox 487 3031 563 3085; x_wconf 88' lang='lat' dir='ltr'>eos,</span> <span class='ocrx_word' id='word_1_186' title='bbox 595 3012 650 3095; x_wconf 94' lang='lat' dir='ltr'>qui</span> <span class='ocrx_word' id='word_1_187' title='bbox 679 3012 857 3094; x_wconf 89' lang='lat' dir='ltr'>peruiciosa</span> <span class='ocrx_word' id='word_1_188' title='bbox 886 3019 917 3072; x_wconf 90' lang='lat' dir='ltr'>et</span> <span class='ocrx_word' id='word_1_189' title='bbox 944 3010 1062 3073; x_wconf 81' lang='lat' dir='ltr'>iniusta</span> <span class='ocrx_word' id='word_1_190' title='bbox 1094 3011 1218 3096; x_wconf 89' lang='lat' dir='ltr'>populis</span> <span class='ocrx_word' id='word_1_191' title='bbox 1245 3013 1331 3076; x_wconf 86' lang='lat' dir='ltr'>iussa</span> <span class='ocrx_word' id='word_1_192' title='bbox 1359 3012 1605 3094; x_wconf 86' lang='lat' dir='ltr'>descripserint,</span> <span class='ocrx_word' id='word_1_193' title='bbox 1637 3032 1735 3095; x_wconf 90' lang='lat' dir='ltr'>quom</span> 
     </span>
     <span class='ocr_line' id='line_1_20' title="bbox 412 3103 1735 3190; baseline -0.002 -20"><span class='ocrx_word' id='word_1_194' title='bbox 412 3114 520 3171; x_wconf 84' lang='grc'><strong>4444444</strong></span> <span class='ocrx_word' id='word_1_195' title='bbox 547 3103 681 3169; x_wconf 85' lang='lat' dir='ltr'>iecerint</span> <span class='ocrx_word' id='word_1_196' title='bbox 708 3124 802 3190; x_wconf 91' lang='lat' dir='ltr'>qnam</span> <span class='ocrx_word' id='word_1_197' title='bbox 830 3104 964 3186; x_wconf 89' lang='lat' dir='ltr'>polliciti</span> <span class='ocrx_word' id='word_1_198' title='bbox 994 3103 1195 3187; x_wconf 83' lang='lat' dir='ltr'>professique</span> <span class='ocrx_word' id='word_1_199' title='bbox 1222 3106 1301 3180; x_wconf 88' lang='lat' dir='ltr'>sint,</span> <span class='ocrx_word' id='word_1_200' title='bbox 1335 3104 1462 3190; x_wconf 84' lang='lat' dir='ltr'>quidvis</span> <span class='ocrx_word' id='word_1_201' title='bbox 1489 3106 1595 3187; x_wconf 91' lang='lat' dir='ltr'>potius</span> <span class='ocrx_word' id='word_1_202' title='bbox 1624 3106 1735 3168; x_wconf 88' lang='lat' dir='ltr'>tulisse</span> 
     </span>
     <span class='ocr_line' id='line_1_21' title="bbox 411 3198 1773 3285; baseline -0.001 -22"><span class='ocrx_word' id='word_1_203' title='bbox 411 3219 506 3285; x_wconf 92' lang='lat' dir='ltr'>quam</span> <span class='ocrx_word' id='word_1_204' title='bbox 534 3199 639 3282; x_wconf 87' lang='lat' dir='ltr'>leges,</span> <span class='ocrx_word' id='word_1_205' title='bbox 666 3206 702 3261; x_wconf 92' lang='lat' dir='ltr'>ut</span> <span class='ocrx_word' id='word_1_206' title='bbox 733 3199 935 3282; x_wconf 90' lang='lat' dir='ltr'>perspicuum</span> <span class='ocrx_word' id='word_1_207' title='bbox 965 3216 1035 3261; x_wconf 89' lang='lat' dir='ltr'>esse</span> <span class='ocrx_word' id='word_1_208' title='bbox 1058 3198 1161 3279; x_wconf 90' lang='lat' dir='ltr'>possit</span> <span class='ocrx_word' id='word_1_209' title='bbox 1182 3200 1215 3262; x_wconf 94' lang='lat' dir='ltr'>in</span> <span class='ocrx_word' id='word_1_210' title='bbox 1237 3201 1309 3282; x_wconf 90' lang='lat' dir='ltr'>ipso</span> <span class='ocrx_word' id='word_1_211' title='bbox 1330 3199 1457 3262; x_wconf 90' lang='lat' dir='ltr'>nomine</span> <span class='ocrx_word' id='word_1_212' title='bbox 1481 3198 1560 3280; x_wconf 91' lang='lat' dir='ltr'>legis</span> <span class='ocrx_word' id='word_1_213' title='bbox 1581 3199 1773 3282; x_wconf 68' lang='lat' dir='ltr'>interpreti</span> 
     </span>
     <span class='ocr_line' id='line_1_22' title="bbox 410 3288 1738 3376; baseline 0 -18"><span class='ocrx_word' id='word_1_214' title='bbox 410 3293 507 3358; x_wconf 87' lang='lat' dir='ltr'>tando</span> <span class='ocrx_word' id='word_1_215' title='bbox 529 3292 633 3357; x_wconf 83' lang='lat' dir='ltr'>inesse</span> <span class='ocrx_word' id='word_1_216' title='bbox 654 3294 717 3356; x_wconf 80' lang='lat' dir='ltr'>rim</span> <span class='ocrx_word' id='word_1_217' title='bbox 739 3301 772 3356; x_wconf 90' lang='lat' dir='ltr'>et</span> <span class='ocrx_word' id='word_1_218' title='bbox 793 3293 980 3356; x_wconf 88' lang='lat' dir='ltr'>senteutiam</span> <span class='ocrx_word' id='word_1_219' title='bbox 1002 3291 1076 3355; x_wconf 88' lang='lat' dir='ltr'>iusti</span> <span class='ocrx_word' id='word_1_220' title='bbox 1100 3299 1132 3355; x_wconf 92' lang='lat' dir='ltr'>et</span> <span class='ocrx_word' id='word_1_221' title='bbox 1152 3293 1218 3355; x_wconf 86' lang='lat' dir='ltr'>veri</span> <span class='ocrx_word' id='word_1_222' title='bbox 1241 3293 1378 3375; x_wconf 87' lang='lat' dir='ltr'>legendi.</span> <span class='ocrx_word' id='word_1_223' title='bbox 1422 3288 1473 3354; x_wconf 64' lang='lat' dir='ltr'>li.</span> <span class='ocrx_word' id='word_1_224' title='bbox 1496 3292 1622 3367; x_wconf 86' lang='lat' dir='ltr'>Quaero</span> <span class='ocrx_word' id='word_1_225' title='bbox 1640 3293 1738 3376; x_wconf 85' lang='lat' dir='ltr'>igitur</span> 
     </span>
     <span class='ocr_line' id='line_1_23' title="bbox 409 3384 1736 3472; baseline 0 -22"><span class='ocrx_word' id='word_1_226' title='bbox 409 3395 499 3462; x_wconf 89' lang='lat' dir='ltr'>ate,</span> <span class='ocrx_word' id='word_1_227' title='bbox 529 3386 666 3463; x_wconf 83' lang='lat' dir='ltr'>Quinte,</span> <span class='ocrx_word' id='word_1_228' title='bbox 695 3387 776 3450; x_wconf 91' lang='lat' dir='ltr'>sicut</span> <span class='ocrx_word' id='word_1_229' title='bbox 797 3386 843 3450; x_wconf 91' lang='lat' dir='ltr'>illi</span> <span class='ocrx_word' id='word_1_230' title='bbox 866 3385 987 3449; x_wconf 84' lang='lat' dir='ltr'>solent:</span> <span class='ocrx_word' id='word_1_231' title='bbox 1026 3384 1096 3460; x_wconf 86' lang='lat' dir='ltr'>Quo</span> <span class='ocrx_word' id='word_1_232' title='bbox 1125 3386 1152 3448; x_wconf 90' lang='lat' dir='ltr'>si</span> <span class='ocrx_word' id='word_1_233' title='bbox 1185 3385 1296 3450; x_wconf 78' lang='lat' dir='ltr'>civitas</span> <span class='ocrx_word' id='word_1_234' title='bbox 1323 3395 1444 3460; x_wconf 91' lang='lat' dir='ltr'>careat,</span> <span class='ocrx_word' id='word_1_235' title='bbox 1472 3385 1513 3448; x_wconf 94' lang='lat' dir='ltr'>ob</span> <span class='ocrx_word' id='word_1_236' title='bbox 1543 3405 1612 3449; x_wconf 88' lang='lat' dir='ltr'>eam</span> <span class='ocrx_word' id='word_1_237' title='bbox 1635 3387 1736 3472; x_wconf 91' lang='lat' dir='ltr'>ipsam</span> 
     </span>
     <span class='ocr_line' id='line_1_24' title="bbox 409 3479 1735 3565; baseline -0.001 -21"><span class='ocrx_word' id='word_1_238' title='bbox 409 3500 548 3556; x_wconf 87' lang='lat' dir='ltr'>causam,</span> <span class='ocrx_word' id='word_1_239' title='bbox 572 3480 659 3565; x_wconf 91' lang='lat' dir='ltr'>quod</span> <span class='ocrx_word' id='word_1_240' title='bbox 682 3500 722 3544; x_wconf 94' lang='lat' dir='ltr'>eo</span> <span class='ocrx_word' id='word_1_241' title='bbox 744 3488 866 3553; x_wconf 88' lang='lat' dir='ltr'>careat,</span> <span class='ocrx_word' id='word_1_242' title='bbox 889 3499 948 3564; x_wconf 92' lang='lat' dir='ltr'>pro</span> <span class='ocrx_word' id='word_1_243' title='bbox 970 3479 1071 3541; x_wconf 85' lang='lat' dir='ltr'>nihilo</span> <span class='ocrx_word' id='word_1_244' title='bbox 1094 3479 1241 3543; x_wconf 90' lang='lat' dir='ltr'>babeuda</span> <span class='ocrx_word' id='word_1_245' title='bbox 1262 3480 1318 3553; x_wconf 88' lang='lat' dir='ltr'>sit,</span> <span class='ocrx_word' id='word_1_246' title='bbox 1339 3479 1372 3542; x_wconf 94' lang='lat' dir='ltr'>id</span> <span class='ocrx_word' id='word_1_247' title='bbox 1394 3488 1484 3542; x_wconf 90' lang='lat' dir='ltr'>estne</span> <span class='ocrx_word' id='word_1_248' title='bbox 1506 3479 1735 3543; x_wconf 88' lang='lat' dir='ltr'>numerandum</span> 
     </span>
     <span class='ocr_line' id='line_1_25' title="bbox 409 3570 1736 3657; baseline -0.002 -18"><span class='ocrx_word' id='word_1_249' title='bbox 409 3574 445 3639; x_wconf 91' lang='lat' dir='ltr'>in</span> <span class='ocrx_word' id='word_1_250' title='bbox 465 3575 580 3638; x_wconf 70' lang='lat' dir='ltr'>bonis?</span> <span class='ocrx_word' id='word_1_251' title='bbox 616 3574 652 3652; x_wconf 85' lang='lat' dir='ltr'>Q.</span> <span class='ocrx_word' id='word_1_252' title='bbox 674 3577 719 3638; x_wconf 91' lang='lat' dir='ltr'>Ac</span> <span class='ocrx_word' id='word_1_253' title='bbox 740 3574 897 3638; x_wconf 78' lang='lat' dir='ltr'>maxumis</span> <span class='ocrx_word' id='word_1_254' title='bbox 912 3573 1048 3657; x_wconf 91' lang='lat' dir='ltr'>quidem.</span> <span class='ocrx_word' id='word_1_255' title='bbox 1083 3575 1124 3636; x_wconf 94' lang='grc' dir='ltr'><strong>Μ.</strong></span> <span class='ocrx_word' id='word_1_256' title='bbox 1148 3573 1231 3656; x_wconf 87' lang='lat' dir='ltr'>Lege</span> <span class='ocrx_word' id='word_1_257' title='bbox 1253 3581 1360 3637; x_wconf 88' lang='lat' dir='ltr'>autem</span> <span class='ocrx_word' id='word_1_258' title='bbox 1383 3592 1493 3635; x_wconf 90' lang='lat' dir='ltr'>carens</span> <span class='ocrx_word' id='word_1_259' title='bbox 1514 3570 1624 3636; x_wconf 83' lang='lat' dir='ltr'>civitas</span> <span class='ocrx_word' id='word_1_260' title='bbox 1645 3581 1736 3638; x_wconf 87' lang='lat' dir='ltr'>estne</span> 
     </span>
     <span class='ocr_line' id='line_1_26' title="bbox 411 3666 1775 3751; baseline -0.004 -19"><span class='ocrx_word' id='word_1_261' title='bbox 411 3668 452 3732; x_wconf 94' lang='lat' dir='ltr'>ob</span> <span class='ocrx_word' id='word_1_262' title='bbox 474 3668 579 3751; x_wconf 91' lang='lat' dir='ltr'>ipsum</span> <span class='ocrx_word' id='word_1_263' title='bbox 600 3667 747 3732; x_wconf 81' lang='lat' dir='ltr'>habenda</span> <span class='ocrx_word' id='word_1_264' title='bbox 768 3667 857 3731; x_wconf 92' lang='lat' dir='ltr'>nullo</span> <span class='ocrx_word' id='word_1_265' title='bbox 880 3668 972 3730; x_wconf 85' lang='lat' dir='ltr'>locoi</span> <span class='ocrx_word' id='word_1_266' title='bbox 1018 3666 1055 3744; x_wconf 86' lang='lat' dir='ltr'>Q.</span> <span class='ocrx_word' id='word_1_267' title='bbox 1082 3667 1153 3730; x_wconf 89' lang='lat' dir='ltr'>Dici</span> <span class='ocrx_word' id='word_1_268' title='bbox 1174 3667 1267 3730; x_wconf 88' lang='lat' dir='ltr'>aliter</span> <span class='ocrx_word' id='word_1_269' title='bbox 1287 3686 1353 3730; x_wconf 92' lang='lat' dir='ltr'>non</span> <span class='ocrx_word' id='word_1_270' title='bbox 1374 3673 1490 3750; x_wconf 85' lang='lat' dir='ltr'>potest.</span> <span class='ocrx_word' id='word_1_271' title='bbox 1533 3667 1575 3730; x_wconf 93' lang='grc' dir='ltr'><strong>Μ.</strong></span> <span class='ocrx_word' id='word_1_272' title='bbox 1597 3667 1775 3731; x_wconf 77' lang='grc'><strong>4444444444</strong></span> 
     </span>
     <span class='ocr_line' id='line_1_27' title="bbox 415 3757 1736 3844; baseline 0 -18"><span class='ocrx_word' id='word_1_273' title='bbox 415 3767 463 3826; x_wconf 83' lang='lat' dir='ltr'>est</span> <span class='ocrx_word' id='word_1_274' title='bbox 483 3762 582 3844; x_wconf 92' lang='lat' dir='ltr'>igitur</span> <span class='ocrx_word' id='word_1_275' title='bbox 602 3762 705 3844; x_wconf 85' lang='lat' dir='ltr'>legem</span> <span class='ocrx_word' id='word_1_276' title='bbox 726 3761 837 3825; x_wconf 88' lang='lat' dir='ltr'>baberi</span> <span class='ocrx_word' id='word_1_277' title='bbox 858 3761 891 3823; x_wconf 89' lang='lat' dir='ltr'>in</span> <span class='ocrx_word' id='word_1_278' title='bbox 913 3763 1008 3825; x_wconf 89' lang='lat' dir='ltr'>rebus</span> <span class='ocrx_word' id='word_1_279' title='bbox 1031 3760 1169 3844; x_wconf 90' lang='lat' dir='ltr'>optimis.</span> <span class='ocrx_word' id='word_1_280' title='bbox 1205 3760 1241 3838; x_wconf 85' lang='lat' dir='ltr'>Q.</span> <span class='ocrx_word' id='word_1_281' title='bbox 1264 3761 1380 3824; x_wconf 89' lang='lat' dir='ltr'>Prosus</span> <span class='ocrx_word' id='word_1_282' title='bbox 1402 3758 1574 3823; x_wconf 88' lang='lat' dir='ltr'>adsentior.</span> <span class='ocrx_word' id='word_1_283' title='bbox 1620 3757 1671 3824; x_wconf 85' lang='grc'>43.</span> <span class='ocrx_word' id='word_1_284' title='bbox 1692 3763 1736 3826; x_wconf 92' lang='grc' dir='ltr'><strong>Μ.</strong></span> 
     </span>
     <span class='ocr_line' id='line_1_28' title="bbox 410 3854 1736 3941; baseline 0 -22"><span class='ocrx_word' id='word_1_285' title='bbox 410 3854 522 3931; x_wconf 81' lang='lat' dir='ltr'>Quidi</span> <span class='ocrx_word' id='word_1_286' title='bbox 555 3855 640 3939; x_wconf 90' lang='lat' dir='ltr'>quod</span> <span class='ocrx_word' id='word_1_287' title='bbox 671 3854 769 3919; x_wconf 92' lang='lat' dir='ltr'>multa</span> <span class='ocrx_word' id='word_1_288' title='bbox 794 3855 993 3940; x_wconf 90' lang='lat' dir='ltr'>perniciose,</span> <span class='ocrx_word' id='word_1_289' title='bbox 1027 3854 1126 3918; x_wconf 90' lang='lat' dir='ltr'>multa</span> <span class='ocrx_word' id='word_1_290' title='bbox 1155 3854 1304 3937; x_wconf 82' lang='lat' dir='ltr'>pestifere</span> <span class='ocrx_word' id='word_1_291' title='bbox 1334 3854 1512 3918; x_wconf 87' lang='lat' dir='ltr'>sciscuntur</span> <span class='ocrx_word' id='word_1_292' title='bbox 1539 3856 1573 3918; x_wconf 90' lang='lat' dir='ltr'>in</span> <span class='ocrx_word' id='word_1_293' title='bbox 1596 3856 1736 3941; x_wconf 90' lang='lat' dir='ltr'>populis,</span> 
     </span>
    </p>
   </div>
   <div class='ocr_carea' id='block_1_3' title="bbox 363 4010 1739 6032">
    <p class='ocr_par' dir='ltr' id='par_1_3' title="bbox 363 4010 1739 6032">
     <span class='ocr_line' id='line_1_29' title="bbox 363 4010 1737 4078; baseline 0.001 -13"><span class='ocrx_word' id='word_1_294' title='bbox 363 4058 367 4065; x_wconf 94' lang='lat'>.</span> <span class='ocrx_word' id='word_1_295' title='bbox 475 4016 500 4063; x_wconf 94' lang='grc'>4.</span> <span class='ocrx_word' id='word_1_296' title='bbox 518 4018 542 4065; x_wconf 86' lang='lat' dir='ltr'>ct</span> <span class='ocrx_word' id='word_1_297' title='bbox 558 4014 659 4078; x_wconf 76' lang='grc'><strong>4444144444</strong></span> <span class='ocrx_word' id='word_1_298' title='bbox 676 4010 736 4064; x_wconf 87' lang='lat' dir='ltr'>B¹li</span> <span class='ocrx_word' id='word_1_299' title='bbox 753 4040 786 4050; x_wconf 92' lang='lat'><em>-</em></span> <span class='ocrx_word' id='word_1_300' title='bbox 803 4013 827 4063; x_wconf 84' lang='grc'>4.</span> <span class='ocrx_word' id='word_1_301' title='bbox 846 4026 958 4062; x_wconf 79' lang='grc'><strong>4444444444</strong></span> <span class='ocrx_word' id='word_1_302' title='bbox 973 4012 993 4061; x_wconf 92' lang='grc' dir='ltr'><strong>Β</strong></span> <span class='ocrx_word' id='word_1_303' title='bbox 1010 4024 1070 4076; x_wconf 87' lang='lat' dir='ltr'>sup.</span> <span class='ocrx_word' id='word_1_304' title='bbox 1083 4010 1141 4072; x_wconf 77' lang='lat' dir='ltr'>ltu..</span> <span class='ocrx_word' id='word_1_305' title='bbox 1158 4010 1330 4063; x_wconf 63' lang='grc'>4444444444444441</span> <span class='ocrx_word' id='word_1_306' title='bbox 1350 4039 1374 4051; x_wconf 89' lang='lat'><em>-</em></span> <span class='ocrx_word' id='word_1_307' title='bbox 1396 4015 1516 4076; x_wconf 85' lang='lat' dir='ltr'>quomA:</span> <span class='ocrx_word' id='word_1_308' title='bbox 1534 4016 1648 4077; x_wconf 77' lang='lat' dir='ltr'>queruli</span> <span class='ocrx_word' id='word_1_309' title='bbox 1665 4030 1737 4067; x_wconf 86' lang='grc'><strong>4444.</strong></span> 
     </span>
     <span class='ocr_line' id='line_1_30' title="bbox 409 4086 1739 4151; baseline 0.002 -12"><span class='ocrx_word' id='word_1_310' title='bbox 409 4089 436 4139; x_wconf 91' lang='lat' dir='ltr'>in</span> <span class='ocrx_word' id='word_1_311' title='bbox 455 4101 513 4139; x_wconf 80' lang='grc'><strong>444444</strong></span> <span class='ocrx_word' id='word_1_312' title='bbox 531 4113 559 4123; x_wconf 91' lang='grc'><strong>-</strong></span> <span class='ocrx_word' id='word_1_313' title='bbox 577 4087 602 4138; x_wconf 80' lang='grc'><strong>3.</strong></span> <span class='ocrx_word' id='word_1_314' title='bbox 620 4091 656 4138; x_wconf 80' lang='lat' dir='ltr'>est</span> <span class='ocrx_word' id='word_1_315' title='bbox 671 4092 756 4137; x_wconf 82' lang='grc'><strong>44444444</strong></span> <span class='ocrx_word' id='word_1_316' title='bbox 772 4086 793 4136; x_wconf 92' lang='lat'>0</span> <span class='ocrx_word' id='word_1_317' title='bbox 812 4113 840 4123; x_wconf 96' lang='lat'>-</span> <span class='ocrx_word' id='word_1_318' title='bbox 859 4088 883 4137; x_wconf 84' lang='lat'>6.</span> <span class='ocrx_word' id='word_1_319' title='bbox 900 4100 1038 4149; x_wconf 75' lang='lat' dir='ltr'>uerumque</span> <span class='ocrx_word' id='word_1_320' title='bbox 1054 4087 1084 4148; x_wconf 85' lang='lat' dir='ltr'>C,</span> <span class='ocrx_word' id='word_1_321' title='bbox 1102 4093 1231 4138; x_wconf 79' lang='lat' dir='ltr'>ueternum</span> <span class='ocrx_word' id='word_1_322' title='bbox 1246 4100 1344 4151; x_wconf 79' lang='lat' dir='ltr'>quoquc</span> <span class='ocrx_word' id='word_1_323' title='bbox 1359 4089 1456 4139; x_wconf 85' lang='lat' dir='ltr'>Devics</span> <span class='ocrx_word' id='word_1_324' title='bbox 1474 4115 1502 4126; x_wconf 95' lang='lat'><em>-</em></span> <span class='ocrx_word' id='word_1_325' title='bbox 1529 4089 1554 4140; x_wconf 80' lang='lat' dir='ltr'>i.</span> <span class='ocrx_word' id='word_1_326' title='bbox 1566 4090 1739 4141; x_wconf 78' lang='grc'><strong>44444444444444</strong></span> 
     </span>
     <span class='ocr_line' id='line_1_31' title="bbox 409 4160 1733 4224; baseline 0.002 -10"><span class='ocrx_word' id='word_1_327' title='bbox 409 4162 457 4214; x_wconf 79' lang='lat' dir='ltr'>ll²z</span> <span class='ocrx_word' id='word_1_328' title='bbox 476 4162 653 4213; x_wconf 66' lang='lat' dir='ltr'>moiuntur</span> <span class='ocrx_word' id='word_1_329' title='bbox 670 4161 710 4222; x_wconf 70' lang='lat'>11¹,</span> <span class='ocrx_word' id='word_1_330' title='bbox 737 4162 894 4211; x_wconf 68' lang='lat' dir='ltr'>omittentur</span> <span class='ocrx_word' id='word_1_331' title='bbox 910 4165 941 4222; x_wconf 87' lang='lat' dir='ltr'>A,</span> <span class='ocrx_word' id='word_1_332' title='bbox 958 4161 1102 4211; x_wconf 74' lang='grc'><strong>4444444444</strong></span> <span class='ocrx_word' id='word_1_333' title='bbox 1118 4162 1164 4212; x_wconf 88' lang='grc' dir='ltr'>ΒΟ</span> <span class='ocrx_word' id='word_1_334' title='bbox 1183 4189 1210 4199; x_wconf 93' lang='lat'><em>-</em></span> <span class='ocrx_word' id='word_1_335' title='bbox 1229 4163 1253 4213; x_wconf 86' lang='lat'>8.</span> <span class='ocrx_word' id='word_1_336' title='bbox 1273 4174 1348 4224; x_wconf 77' lang='lat' dir='ltr'>quom</span> <span class='ocrx_word' id='word_1_337' title='bbox 1363 4160 1434 4212; x_wconf 87' lang='lat' dir='ltr'>AB¹:</span> <span class='ocrx_word' id='word_1_338' title='bbox 1454 4164 1520 4224; x_wconf 81' lang='lat' dir='ltr'>quod</span> <span class='ocrx_word' id='word_1_339' title='bbox 1536 4165 1567 4223; x_wconf 84' lang='lat' dir='ltr'>il,</span> <span class='ocrx_word' id='word_1_340' title='bbox 1586 4179 1643 4215; x_wconf 84' lang='grc'><strong>444444</strong></span> <span class='ocrx_word' id='word_1_341' title='bbox 1659 4160 1689 4216; x_wconf 73' lang='grc' dir='ltr'>Β’</span> <span class='ocrx_word' id='word_1_342' title='bbox 1706 4190 1733 4202; x_wconf 92' lang='grc'><strong>-</strong></span> 
     </span>
     <span class='ocr_line' id='line_1_32' title="bbox 409 4235 1739 4302; baseline 0.001 -13"><span class='ocrx_word' id='word_1_343' title='bbox 409 4238 435 4289; x_wconf 84' lang='grc'><strong>9.</strong></span> <span class='ocrx_word' id='word_1_344' title='bbox 453 4243 488 4288; x_wconf 82' lang='lat' dir='ltr'>cst</span> <span class='ocrx_word' id='word_1_345' title='bbox 505 4250 559 4289; x_wconf 74' lang='lat' dir='ltr'>om,</span> <span class='ocrx_word' id='word_1_346' title='bbox 573 4238 608 4299; x_wconf 87' lang='lat' dir='ltr'>C,</span> <span class='ocrx_word' id='word_1_347' title='bbox 631 4236 703 4301; x_wconf 91' lang='lat' dir='ltr'>quod</span> <span class='ocrx_word' id='word_1_348' title='bbox 721 4235 762 4287; x_wconf 92' lang='lat' dir='ltr'>alii</span> <span class='ocrx_word' id='word_1_349' title='bbox 780 4235 831 4287; x_wconf 93' lang='lat' dir='ltr'>alio</span> <span class='ocrx_word' id='word_1_350' title='bbox 848 4235 907 4287; x_wconf 90' lang='lat' dir='ltr'>loco</span> <span class='ocrx_word' id='word_1_351' title='bbox 925 4238 1156 4301; x_wconf 75' lang='lat' dir='ltr'>interposueruut3</span> <span class='ocrx_word' id='word_1_352' title='bbox 1179 4250 1257 4299; x_wconf 78' lang='lat' dir='ltr'>quien</span> <span class='ocrx_word' id='word_1_353' title='bbox 1272 4238 1299 4287; x_wconf 85' lang='grc'>444</span> <span class='ocrx_word' id='word_1_354' title='bbox 1315 4238 1414 4288; x_wconf 81' lang='lat' dir='ltr'>tomice</span> <span class='ocrx_word' id='word_1_355' title='bbox 1429 4243 1472 4300; x_wconf 85' lang='lat' dir='ltr'>cst,</span> <span class='ocrx_word' id='word_1_356' title='bbox 1487 4239 1599 4302; x_wconf 74' lang='lat' dir='ltr'>profecto</span> <span class='ocrx_word' id='word_1_357' title='bbox 1615 4240 1642 4288; x_wconf 83' lang='grc'>444</span> <span class='ocrx_word' id='word_1_358' title='bbox 1658 4246 1739 4291; x_wconf 79' lang='lat' dir='ltr'>ments</span> 
     </span>
     <span class='ocr_line' id='line_1_33' title="bbox 408 4312 1737 4378; baseline 0.003 -14"><span class='ocrx_word' id='word_1_359' title='bbox 408 4314 528 4377; x_wconf 79' lang='lat' dir='ltr'>sepientis</span> <span class='ocrx_word' id='word_1_360' title='bbox 543 4319 578 4364; x_wconf 87' lang='lat' dir='ltr'>cst</span> <span class='ocrx_word' id='word_1_361' title='bbox 594 4314 663 4364; x_wconf 91' lang='lat' dir='ltr'>coni.</span> <span class='ocrx_word' id='word_1_362' title='bbox 676 4313 760 4371; x_wconf 79' lang='lat' dir='ltr'>Bake;</span> <span class='ocrx_word' id='word_1_363' title='bbox 779 4326 856 4375; x_wconf 72' lang='lat' dir='ltr'>quasis</span> <span class='ocrx_word' id='word_1_364' title='bbox 871 4313 898 4362; x_wconf 84' lang='grc'>444</span> <span class='ocrx_word' id='word_1_365' title='bbox 914 4312 1011 4362; x_wconf 75' lang='lat' dir='ltr'>tomice</span> <span class='ocrx_word' id='word_1_366' title='bbox 1027 4318 1062 4362; x_wconf 81' lang='lat' dir='ltr'>cst</span> <span class='ocrx_word' id='word_1_367' title='bbox 1076 4313 1197 4375; x_wconf 71' lang='lat' dir='ltr'>perfecto,</span> <span class='ocrx_word' id='word_1_368' title='bbox 1215 4319 1250 4363; x_wconf 84' lang='lat' dir='ltr'>cst</span> <span class='ocrx_word' id='word_1_369' title='bbox 1265 4314 1292 4363; x_wconf 84' lang='lat' dir='ltr'>ic</span> <span class='ocrx_word' id='word_1_370' title='bbox 1308 4320 1389 4364; x_wconf 85' lang='lat' dir='ltr'>ments</span> <span class='ocrx_word' id='word_1_371' title='bbox 1404 4325 1425 4362; x_wconf 84' lang='grc'>4.</span> <span class='ocrx_word' id='word_1_372' title='bbox 1444 4314 1474 4371; x_wconf 90' lang='grc'>0,</span> <span class='ocrx_word' id='word_1_373' title='bbox 1493 4327 1573 4378; x_wconf 89' lang='lat' dir='ltr'>quem</span> <span class='ocrx_word' id='word_1_374' title='bbox 1591 4315 1737 4368; x_wconf 84' lang='lat' dir='ltr'>verborum</span> 
     </span>
     <span class='ocr_line' id='line_1_34' title="bbox 409 4386 1738 4455; baseline 0.003 -16"><span class='ocrx_word' id='word_1_375' title='bbox 409 4389 606 4440; x_wconf 83' lang='lat' dir='ltr'>distinctionem</span> <span class='ocrx_word' id='word_1_376' title='bbox 624 4390 688 4439; x_wconf 88' lang='lat' dir='ltr'>itern</span> <span class='ocrx_word' id='word_1_377' title='bbox 700 4388 844 4452; x_wconf 76' lang='lat' dir='ltr'>Madvigius</span> <span class='ocrx_word' id='word_1_378' title='bbox 861 4386 983 4452; x_wconf 81' lang='lat' dir='ltr'>probavit</span> <span class='ocrx_word' id='word_1_379' title='bbox 998 4389 1024 4437; x_wconf 93' lang='lat' dir='ltr'>in</span> <span class='ocrx_word' id='word_1_380' title='bbox 1036 4386 1187 4439; x_wconf 82' lang='lat' dir='ltr'>Emendatt.</span> <span class='ocrx_word' id='word_1_381' title='bbox 1201 4388 1227 4439; x_wconf 89' lang='lat' dir='ltr'>iu</span> <span class='ocrx_word' id='word_1_382' title='bbox 1240 4389 1294 4440; x_wconf 85' lang='lat' dir='ltr'>Cic.</span> <span class='ocrx_word' id='word_1_383' title='bbox 1312 4386 1329 4438; x_wconf 93' lang='lat' dir='ltr'>l.</span> <span class='ocrx_word' id='word_1_384' title='bbox 1342 4388 1377 4438; x_wconf 86' lang='lat' dir='ltr'>de</span> <span class='ocrx_word' id='word_1_385' title='bbox 1388 4386 1456 4452; x_wconf 79' lang='lat' dir='ltr'>legg.</span> <span class='ocrx_word' id='word_1_386' title='bbox 1469 4390 1521 4439; x_wconf 86' lang='lat' dir='ltr'>etc.</span> <span class='ocrx_word' id='word_1_387' title='bbox 1539 4403 1565 4455; x_wconf 91' lang='lat' dir='ltr'>p.</span> <span class='ocrx_word' id='word_1_388' title='bbox 1575 4389 1621 4441; x_wconf 77' lang='grc'>634</span> <span class='ocrx_word' id='word_1_389' title='bbox 1641 4392 1738 4442; x_wconf 71' lang='grc'><strong>404444-</strong></span> 
     </span>
     <span class='ocr_line' id='line_1_35' title="bbox 409 4460 1736 4532; baseline 0.001 -16"><span class='ocrx_word' id='word_1_390' title='bbox 409 4468 511 4532; x_wconf 83' lang='lat' dir='ltr'>paratio</span> <span class='ocrx_word' id='word_1_391' title='bbox 533 4464 602 4516; x_wconf 87' lang='lat' dir='ltr'>male</span> <span class='ocrx_word' id='word_1_392' title='bbox 624 4461 719 4522; x_wconf 86' lang='lat' dir='ltr'>babet;</span> <span class='ocrx_word' id='word_1_393' title='bbox 744 4476 808 4513; x_wconf 88' lang='lat' dir='ltr'>nam</span> <span class='ocrx_word' id='word_1_394' title='bbox 828 4466 857 4512; x_wconf 92' lang='lat' dir='ltr'>ut</span> <span class='ocrx_word' id='word_1_395' title='bbox 876 4475 982 4514; x_wconf 88' lang='lat' dir='ltr'>summa</span> <span class='ocrx_word' id='word_1_396' title='bbox 1003 4460 1044 4512; x_wconf 79' lang='lat' dir='ltr'>les</span> <span class='ocrx_word' id='word_1_397' title='bbox 1068 4474 1128 4513; x_wconf 87' lang='lat' dir='ltr'>esse</span> <span class='ocrx_word' id='word_1_398' title='bbox 1151 4461 1247 4512; x_wconf 88' lang='lat' dir='ltr'>dicitur</span> <span class='ocrx_word' id='word_1_399' title='bbox 1267 4474 1344 4513; x_wconf 89' lang='lat' dir='ltr'>mens</span> <span class='ocrx_word' id='word_1_400' title='bbox 1362 4461 1466 4525; x_wconf 88' lang='lat' dir='ltr'>divina,</span> <span class='ocrx_word' id='word_1_401' title='bbox 1489 4464 1524 4513; x_wconf 89' lang='lat' dir='ltr'>ita</span> <span class='ocrx_word' id='word_1_402' title='bbox 1541 4463 1736 4518; x_wconf 88' lang='lat' dir='ltr'>subiiciendnm</span> 
     </span>
     <span class='ocr_line' id='line_1_36' title="bbox 409 4536 1735 4607; baseline -0.001 -14"><span class='ocrx_word' id='word_1_403' title='bbox 409 4544 476 4602; x_wconf 86' lang='lat' dir='ltr'>eret,</span> <span class='ocrx_word' id='word_1_404' title='bbox 494 4542 521 4591; x_wconf 94' lang='lat' dir='ltr'>in</span> <span class='ocrx_word' id='word_1_405' title='bbox 539 4540 646 4591; x_wconf 87' lang='lat' dir='ltr'>homine</span> <span class='ocrx_word' id='word_1_406' title='bbox 663 4536 751 4602; x_wconf 81' lang='lat' dir='ltr'>legem</span> <span class='ocrx_word' id='word_1_407' title='bbox 768 4551 818 4589; x_wconf 84' lang='grc'><strong>4444</strong></span> <span class='ocrx_word' id='word_1_408' title='bbox 834 4541 953 4588; x_wconf 90' lang='lat' dir='ltr'>mentem</span> <span class='ocrx_word' id='word_1_409' title='bbox 971 4538 1109 4602; x_wconf 86' lang='lat' dir='ltr'>sepientis,</span> <span class='ocrx_word' id='word_1_410' title='bbox 1127 4538 1183 4588; x_wconf 87' lang='lat' dir='ltr'>sive</span> <span class='ocrx_word' id='word_1_411' title='bbox 1201 4537 1272 4600; x_wconf 88' lang='lat' dir='ltr'>quod</span> <span class='ocrx_word' id='word_1_412' title='bbox 1290 4536 1362 4588; x_wconf 88' lang='lat' dir='ltr'>idem</span> <span class='ocrx_word' id='word_1_413' title='bbox 1380 4540 1429 4597; x_wconf 90' lang='lat' dir='ltr'>est,</span> <span class='ocrx_word' id='word_1_414' title='bbox 1447 4539 1473 4589; x_wconf 90' lang='lat' dir='ltr'>in</span> <span class='ocrx_word' id='word_1_415' title='bbox 1492 4542 1582 4590; x_wconf 89' lang='lat' dir='ltr'>mente</span> <span class='ocrx_word' id='word_1_416' title='bbox 1599 4542 1735 4607; x_wconf 87' lang='lat' dir='ltr'>sapientis,</span> 
     </span>
     <span class='ocr_line' id='line_1_37' title="bbox 409 4605 1737 4679; baseline 0.001 -13"><span class='ocrx_word' id='word_1_417' title='bbox 409 4628 463 4666; x_wconf 90' lang='lat' dir='ltr'>non</span> <span class='ocrx_word' id='word_1_418' title='bbox 478 4615 616 4679; x_wconf 63' lang='lat' dir='ltr'>perfectam</span> <span class='ocrx_word' id='word_1_419' title='bbox 630 4625 681 4663; x_wconf 80' lang='grc'><strong>4444</strong></span> <span class='ocrx_word' id='word_1_420' title='bbox 701 4613 727 4662; x_wconf 90' lang='lat' dir='ltr'>ln</span> <span class='ocrx_word' id='word_1_421' title='bbox 749 4615 837 4662; x_wconf 90' lang='lat' dir='ltr'>mente</span> <span class='ocrx_word' id='word_1_422' title='bbox 855 4614 995 4676; x_wconf 90' lang='lat' dir='ltr'>sapientls;</span> <span class='ocrx_word' id='word_1_423' title='bbox 1023 4611 1134 4672; x_wconf 90' lang='lat' dir='ltr'>deinde,</span> <span class='ocrx_word' id='word_1_424' title='bbox 1159 4610 1223 4675; x_wconf 90' lang='lat' dir='ltr'>quid</span> <span class='ocrx_word' id='word_1_425' title='bbox 1240 4610 1347 4675; x_wconf 82' lang='lat' dir='ltr'>intelligi</span> <span class='ocrx_word' id='word_1_426' title='bbox 1364 4610 1447 4662; x_wconf 86' lang='lat' dir='ltr'>debet</span> <span class='ocrx_word' id='word_1_427' title='bbox 1463 4612 1496 4662; x_wconf 91' lang='lat' dir='ltr'>ad</span> <span class='ocrx_word' id='word_1_428' title='bbox 1507 4605 1611 4676; x_wconf 72' lang='grc'><strong>4444444,</strong></span> <span class='ocrx_word' id='word_1_429' title='bbox 1636 4630 1694 4666; x_wconf 75' lang='lat' dir='ltr'>cum</span> <span class='ocrx_word' id='word_1_430' title='bbox 1710 4620 1737 4667; x_wconf 86' lang='grc'>444</span> 
     </span>
     <span class='ocr_line' id='line_1_38' title="bbox 408 4686 1734 4753; baseline 0 -12"><span class='ocrx_word' id='word_1_431' title='bbox 408 4691 507 4741; x_wconf 80' lang='lat' dir='ltr'>tomice</span> <span class='ocrx_word' id='word_1_432' title='bbox 521 4692 578 4741; x_wconf 82' lang='grc'><strong>4444</strong></span> <span class='ocrx_word' id='word_1_433' title='bbox 611 4690 691 4739; x_wconf 76' lang='lat' dir='ltr'>Recte</span> <span class='ocrx_word' id='word_1_434' title='bbox 709 4688 816 4738; x_wconf 86' lang='lat' dir='ltr'>ltatbius</span> <span class='ocrx_word' id='word_1_435' title='bbox 837 4687 885 4738; x_wconf 85' lang='lat' dir='ltr'>bas</span> <span class='ocrx_word' id='word_1_436' title='bbox 906 4686 1073 4739; x_wconf 78' lang='lat' dir='ltr'>difficultates</span> <span class='ocrx_word' id='word_1_437' title='bbox 1094 4689 1261 4750; x_wconf 82' lang='lat' dir='ltr'>removerat,</span> <span class='ocrx_word' id='word_1_438' title='bbox 1285 4688 1405 4737; x_wconf 88' lang='lat' dir='ltr'>restituta</span> <span class='ocrx_word' id='word_1_439' title='bbox 1427 4700 1490 4738; x_wconf 85' lang='lat' dir='ltr'>vera</span> <span class='ocrx_word' id='word_1_440' title='bbox 1507 4688 1734 4753; x_wconf 86' lang='lat' dir='ltr'>interpunctione:</span> 
     </span>
     <span class='ocr_line' id='line_1_39' title="bbox 408 4759 1735 4832; baseline 0.002 -17"><span class='ocrx_word' id='word_1_441' title='bbox 408 4766 477 4826; x_wconf 76' lang='grc'><strong>444444,</strong></span> <span class='ocrx_word' id='word_1_442' title='bbox 494 4778 552 4814; x_wconf 76' lang='lat' dir='ltr'>csso</span> <span class='ocrx_word' id='word_1_443' title='bbox 567 4764 595 4813; x_wconf 86' lang='grc'>444</span> <span class='ocrx_word' id='word_1_444' title='bbox 610 4762 709 4813; x_wconf 67' lang='lat' dir='ltr'>londos</span> <span class='ocrx_word' id='word_1_445' title='bbox 724 4768 759 4813; x_wconf 87' lang='grc'>444</span> <span class='ocrx_word' id='word_1_446' title='bbox 771 4763 894 4826; x_wconf 69' lang='lat' dir='ltr'>perlecto,</span> <span class='ocrx_word' id='word_1_447' title='bbox 911 4763 938 4812; x_wconf 88' lang='grc'>444</span> <span class='ocrx_word' id='word_1_448' title='bbox 953 4769 1035 4815; x_wconf 78' lang='lat' dir='ltr'>ments</span> <span class='ocrx_word' id='word_1_449' title='bbox 1049 4763 1168 4825; x_wconf 73' lang='grc'><strong>4444444444</strong></span> <span class='ocrx_word' id='word_1_450' title='bbox 1177 4768 1238 4812; x_wconf 76' lang='lat' dir='ltr'>cst.»</span> <span class='ocrx_word' id='word_1_451' title='bbox 1259 4789 1285 4799; x_wconf 97' lang='lat'>-</span> <span class='ocrx_word' id='word_1_452' title='bbox 1305 4761 1329 4812; x_wconf 86' lang='grc'><strong>9.</strong></span> <span class='ocrx_word' id='word_1_453' title='bbox 1342 4763 1418 4832; x_wconf 65' lang='grc'><strong>444444</strong></span> <span class='ocrx_word' id='word_1_454' title='bbox 1429 4766 1458 4824; x_wconf 89' lang='lat' dir='ltr'>A,</span> <span class='ocrx_word' id='word_1_455' title='bbox 1471 4764 1561 4814; x_wconf 78' lang='grc'><strong>4444444</strong></span> <span class='ocrx_word' id='word_1_456' title='bbox 1572 4759 1628 4815; x_wconf 85' lang='lat' dir='ltr'>B¹li</span> <span class='ocrx_word' id='word_1_457' title='bbox 1648 4792 1674 4803; x_wconf 90' lang='lat'>-</span> <span class='ocrx_word' id='word_1_458' title='bbox 1695 4767 1735 4818; x_wconf 87' lang='grc'><strong>44).</strong></span> 
     </span>
     <span class='ocr_line' id='line_1_40' title="bbox 409 4834 1734 4904; baseline 0 -12"><span class='ocrx_word' id='word_1_459' title='bbox 409 4842 529 4904; x_wconf 67' lang='lat' dir='ltr'>wer-ipis</span> <span class='ocrx_word' id='word_1_460' title='bbox 546 4841 577 4900; x_wconf 90' lang='lat' dir='ltr'>ll,</span> <span class='ocrx_word' id='word_1_461' title='bbox 595 4840 720 4901; x_wconf 69' lang='grc'><strong>4444444444</strong></span> <span class='ocrx_word' id='word_1_462' title='bbox 737 4837 795 4889; x_wconf 85' lang='lat' dir='ltr'>B¹0</span> <span class='ocrx_word' id='word_1_463' title='bbox 822 4866 849 4877; x_wconf 91' lang='lat'><em>-</em></span> <span class='ocrx_word' id='word_1_464' title='bbox 873 4839 973 4903; x_wconf 81' lang='lat' dir='ltr'>populis</span> <span class='ocrx_word' id='word_1_465' title='bbox 990 4838 1029 4900; x_wconf 88' lang='lat' dir='ltr'>A¹,</span> <span class='ocrx_word' id='word_1_466' title='bbox 1050 4838 1139 4901; x_wconf 82' lang='lat' dir='ltr'>populi</span> <span class='ocrx_word' id='word_1_467' title='bbox 1153 4834 1186 4888; x_wconf 76' lang='lat' dir='ltr'>A&#39;</span> <span class='ocrx_word' id='word_1_468' title='bbox 1202 4839 1229 4888; x_wconf 92' lang='lat' dir='ltr'>et</span> <span class='ocrx_word' id='word_1_469' title='bbox 1245 4837 1265 4888; x_wconf 91' lang='grc' dir='ltr'><strong>Β</strong></span> <span class='ocrx_word' id='word_1_470' title='bbox 1282 4851 1352 4889; x_wconf 91' lang='lat' dir='ltr'>corr.</span> <span class='ocrx_word' id='word_1_471' title='bbox 1381 4862 1408 4875; x_wconf 92' lang='lat'><em>-</em></span> <span class='ocrx_word' id='word_1_472' title='bbox 1434 4839 1518 4903; x_wconf 75' lang='grc'><strong>(4444444</strong></span> <span class='ocrx_word' id='word_1_473' title='bbox 1534 4837 1573 4898; x_wconf 70' lang='lat'>1³¹,</span> <span class='ocrx_word' id='word_1_474' title='bbox 1596 4840 1682 4903; x_wconf 73' lang='grc'><strong>[4444444</strong></span> <span class='ocrx_word' id='word_1_475' title='bbox 1698 4842 1734 4904; x_wconf 77' lang='grc' dir='ltr'>Ης</span> 
     </span>
     <span class='ocr_line' id='line_1_41' title="bbox 408 4912 1735 4973; baseline 0.001 -7"><span class='ocrx_word' id='word_1_476' title='bbox 408 4928 440 4966; x_wconf 86' lang='lat' dir='ltr'>sc</span> <span class='ocrx_word' id='word_1_477' title='bbox 455 4927 526 4966; x_wconf 83' lang='lat' dir='ltr'>mors</span> <span class='ocrx_word' id='word_1_478' title='bbox 542 4914 725 4964; x_wconf 67' lang='lat' dir='ltr'>contirones</span> <span class='ocrx_word' id='word_1_479' title='bbox 743 4939 770 4950; x_wconf 92' lang='lat'><em>-</em></span> <span class='ocrx_word' id='word_1_480' title='bbox 789 4915 827 4965; x_wconf 83' lang='lat' dir='ltr'>rot</span> <span class='ocrx_word' id='word_1_481' title='bbox 844 4915 866 4965; x_wconf 88' lang='lat' dir='ltr'>ll</span> <span class='ocrx_word' id='word_1_482' title='bbox 886 4942 913 4951; x_wconf 99' lang='lat'>-</span> <span class='ocrx_word' id='word_1_483' title='bbox 932 4915 972 4966; x_wconf 91' lang='grc'>44.</span> <span class='ocrx_word' id='word_1_484' title='bbox 991 4919 1076 4965; x_wconf 79' lang='grc'><strong>44444444</strong></span> <span class='ocrx_word' id='word_1_485' title='bbox 1093 4914 1111 4962; x_wconf 94' lang='grc' dir='ltr'><strong>Β</strong></span> <span class='ocrx_word' id='word_1_486' title='bbox 1132 4939 1159 4950; x_wconf 94' lang='lat'><em>-</em></span> <span class='ocrx_word' id='word_1_487' title='bbox 1183 4912 1290 4973; x_wconf 77' lang='grc'><strong>4444444444</strong></span> <span class='ocrx_word' id='word_1_488' title='bbox 1307 4915 1327 4962; x_wconf 94' lang='lat' dir='ltr'>A</span> <span class='ocrx_word' id='word_1_489' title='bbox 1347 4937 1373 4950; x_wconf 92' lang='lat'>-</span> <span class='ocrx_word' id='word_1_490' title='bbox 1393 4913 1433 4963; x_wconf 86' lang='grc'>44.</span> <span class='ocrx_word' id='word_1_491' title='bbox 1452 4918 1565 4964; x_wconf 80' lang='lat' dir='ltr'>constent</span> <span class='ocrx_word' id='word_1_492' title='bbox 1581 4915 1628 4965; x_wconf 87' lang='grc' dir='ltr'>ΑΒ</span> <span class='ocrx_word' id='word_1_493' title='bbox 1647 4941 1673 4952; x_wconf 95' lang='grc'><strong>-</strong></span> <span class='ocrx_word' id='word_1_494' title='bbox 1694 4917 1735 4968; x_wconf 82' lang='lat' dir='ltr'>ta.</span> 
     </span>
     <span class='ocr_line' id='line_1_42' title="bbox 407 4986 1735 5053; baseline -0.002 -12"><span class='ocrx_word' id='word_1_495' title='bbox 407 4990 602 5041; x_wconf 66' lang='lat' dir='ltr'>isccbmttotsm</span> <span class='ocrx_word' id='word_1_496' title='bbox 618 4990 664 5039; x_wconf 84' lang='lat' dir='ltr'>AB</span> <span class='ocrx_word' id='word_1_497' title='bbox 686 5014 710 5024; x_wconf 89' lang='lat'>-</span> <span class='ocrx_word' id='word_1_498' title='bbox 729 4989 857 5052; x_wconf 78' lang='lat' dir='ltr'>citamque</span> <span class='ocrx_word' id='word_1_499' title='bbox 873 4991 983 5040; x_wconf 81' lang='grc'><strong>4444444444</strong></span> <span class='ocrx_word' id='word_1_500' title='bbox 1000 4990 1060 5040; x_wconf 87' lang='lat' dir='ltr'>Cer.</span> <span class='ocrx_word' id='word_1_501' title='bbox 1073 4988 1222 5053; x_wconf 89' lang='lat' dir='ltr'>Stephanus</span> <span class='ocrx_word' id='word_1_502' title='bbox 1241 5013 1269 5024; x_wconf 96' lang='lat'>-</span> <span class='ocrx_word' id='word_1_503' title='bbox 1289 4989 1408 5050; x_wconf 73' lang='grc'><strong>4444444444</strong></span> <span class='ocrx_word' id='word_1_504' title='bbox 1425 4986 1454 5038; x_wconf 75' lang='lat'>8¹</span> <span class='ocrx_word' id='word_1_505' title='bbox 1474 5015 1500 5026; x_wconf 92' lang='lat'>-</span> <span class='ocrx_word' id='word_1_506' title='bbox 1521 4988 1735 5041; x_wconf 74' lang='lat' dir='ltr'>tt.isceoias1i:</span> 
     </span>
     <span class='ocr_line' id='line_1_43' title="bbox 408 5061 1733 5125; baseline 0.001 -11"><span class='ocrx_word' id='word_1_507' title='bbox 408 5065 476 5114; x_wconf 85' lang='grc'><strong>4444444</strong></span> <span class='ocrx_word' id='word_1_508' title='bbox 492 5063 530 5125; x_wconf 62' lang='grc' dir='ltr'>Βί,</span> <span class='ocrx_word' id='word_1_509' title='bbox 549 5065 662 5113; x_wconf 84' lang='grc'><strong>4444444444</strong></span> <span class='ocrx_word' id='word_1_510' title='bbox 678 5061 709 5113; x_wconf 62' lang='grc' dir='ltr'>Β*</span> <span class='ocrx_word' id='word_1_511' title='bbox 725 5065 752 5113; x_wconf 82' lang='grc'>44</span> <span class='ocrx_word' id='word_1_512' title='bbox 768 5066 788 5114; x_wconf 91' lang='lat' dir='ltr'>A</span> <span class='ocrx_word' id='word_1_513' title='bbox 807 5076 839 5113; x_wconf 85' lang='grc'>44</span> <span class='ocrx_word' id='word_1_514' title='bbox 857 5075 925 5114; x_wconf 88' lang='lat' dir='ltr'>corr.</span> <span class='ocrx_word' id='word_1_515' title='bbox 958 5090 983 5099; x_wconf 95' lang='lat'><em>-</em></span> <span class='ocrx_word' id='word_1_516' title='bbox 1016 5065 1056 5114; x_wconf 83' lang='grc'><strong>444.</strong></span> <span class='ocrx_word' id='word_1_517' title='bbox 1074 5063 1221 5113; x_wconf 70' lang='grc'><strong>4444444444</strong></span> <span class='ocrx_word' id='word_1_518' title='bbox 1237 5063 1275 5123; x_wconf 80' lang='grc' dir='ltr'>Β,</span> <span class='ocrx_word' id='word_1_519' title='bbox 1301 5062 1479 5113; x_wconf 65' lang='lat' dir='ltr'>summitti</span> <span class='ocrx_word' id='word_1_520' title='bbox 1507 5090 1540 5100; x_wconf 94' lang='lat'>-</span> <span class='ocrx_word' id='word_1_521' title='bbox 1568 5076 1651 5114; x_wconf 71' lang='lat' dir='ltr'>css-ss</span> <span class='ocrx_word' id='word_1_522' title='bbox 1666 5068 1687 5116; x_wconf 88' lang='lat' dir='ltr'>A</span> <span class='ocrx_word' id='word_1_523' title='bbox 1706 5090 1733 5100; x_wconf 97' lang='grc'>-</span> 
     </span>
     <span class='ocr_line' id='line_1_44' title="bbox 408 5134 1738 5203; baseline -0.001 -14"><span class='ocrx_word' id='word_1_524' title='bbox 408 5141 548 5203; x_wconf 74' lang='lat' dir='ltr'>scripturus</span> <span class='ocrx_word' id='word_1_525' title='bbox 563 5146 641 5201; x_wconf 81' lang='lat' dir='ltr'>atquc</span> <span class='ocrx_word' id='word_1_526' title='bbox 656 5140 755 5189; x_wconf 82' lang='grc'><strong>4444444444</strong></span> <span class='ocrx_word' id='word_1_527' title='bbox 776 5141 817 5202; x_wconf 78' lang='lat' dir='ltr'>(as</span> <span class='ocrx_word' id='word_1_528' title='bbox 833 5140 853 5190; x_wconf 95' lang='grc' dir='ltr'><strong>Β</strong></span> <span class='ocrx_word' id='word_1_529' title='bbox 871 5152 941 5191; x_wconf 88' lang='lat' dir='ltr'>corr.</span> <span class='ocrx_word' id='word_1_530' title='bbox 959 5139 986 5189; x_wconf 88' lang='lat' dir='ltr'>in</span> <span class='ocrx_word' id='word_1_531' title='bbox 1004 5139 1042 5199; x_wconf 83' lang='lat' dir='ltr'>os)</span> <span class='ocrx_word' id='word_1_532' title='bbox 1059 5138 1133 5197; x_wconf 84' lang='lat' dir='ltr'>A¹ii,</span> <span class='ocrx_word' id='word_1_533' title='bbox 1157 5138 1295 5199; x_wconf 69' lang='grc'><strong>4444444444</strong></span> <span class='ocrx_word' id='word_1_534' title='bbox 1312 5151 1337 5188; x_wconf 86' lang='lat' dir='ltr'>c.</span> <span class='ocrx_word' id='word_1_535' title='bbox 1356 5137 1455 5187; x_wconf 82' lang='lat' dir='ltr'>laturus</span> <span class='ocrx_word' id='word_1_536' title='bbox 1470 5134 1503 5188; x_wconf 86' lang='lat' dir='ltr'>A²</span> <span class='ocrx_word' id='word_1_537' title='bbox 1528 5162 1555 5173; x_wconf 91' lang='lat'><em>-</em></span> <span class='ocrx_word' id='word_1_538' title='bbox 1582 5137 1620 5187; x_wconf 87' lang='lat' dir='ltr'>illi</span> <span class='ocrx_word' id='word_1_539' title='bbox 1636 5140 1738 5188; x_wconf 77' lang='grc'><strong>44444444</strong></span> 
     </span>
     <span class='ocr_line' id='line_1_45' title="bbox 409 5211 1738 5278; baseline -0.001 -14"><span class='ocrx_word' id='word_1_540' title='bbox 409 5214 566 5265; x_wconf 84' lang='lat' dir='ltr'>Lambinus:</span> <span class='ocrx_word' id='word_1_541' title='bbox 585 5216 635 5265; x_wconf 85' lang='grc'><strong>44444</strong></span> <span class='ocrx_word' id='word_1_542' title='bbox 650 5216 784 5278; x_wconf 60' lang='lat' dir='ltr'>ademptis</span> <span class='ocrx_word' id='word_1_543' title='bbox 800 5216 819 5266; x_wconf 91' lang='lat' dir='ltr'>C</span> <span class='ocrx_word' id='word_1_544' title='bbox 840 5240 868 5254; x_wconf 93' lang='lat'>-</span> <span class='ocrx_word' id='word_1_545' title='bbox 893 5215 934 5265; x_wconf 85' lang='grc'>46.</span> <span class='ocrx_word' id='word_1_546' title='bbox 952 5214 1044 5264; x_wconf 71' lang='lat' dir='ltr'>bonuti</span> <span class='ocrx_word' id='word_1_547' title='bbox 1061 5212 1174 5275; x_wconf 75' lang='grc'><strong>4444444444</strong></span> <span class='ocrx_word' id='word_1_548' title='bbox 1189 5211 1240 5262; x_wconf 87' lang='grc' dir='ltr'>ΒΗ</span> <span class='ocrx_word' id='word_1_549' title='bbox 1256 5238 1291 5250; x_wconf 93' lang='grc'>-</span> <span class='ocrx_word' id='word_1_550' title='bbox 1306 5224 1372 5274; x_wconf 78' lang='lat' dir='ltr'>quos</span> <span class='ocrx_word' id='word_1_551' title='bbox 1386 5224 1444 5262; x_wconf 85' lang='grc'><strong>444444</strong></span> <span class='ocrx_word' id='word_1_552' title='bbox 1457 5214 1496 5262; x_wconf 82' lang='lat' dir='ltr'>itu</span> <span class='ocrx_word' id='word_1_553' title='bbox 1513 5211 1534 5262; x_wconf 87' lang='lat' dir='ltr'>ii</span> <span class='ocrx_word' id='word_1_554' title='bbox 1554 5237 1581 5248; x_wconf 92' lang='lat'><em>-</em></span> <span class='ocrx_word' id='word_1_555' title='bbox 1601 5214 1640 5263; x_wconf 81' lang='lat' dir='ltr'>it.</span> <span class='ocrx_word' id='word_1_556' title='bbox 1658 5216 1738 5263; x_wconf 81' lang='lat' dir='ltr'>nomi-</span> 
     </span>
     <span class='ocr_line' id='line_1_46' title="bbox 408 5284 1739 5353; baseline 0 -14"><span class='ocrx_word' id='word_1_557' title='bbox 408 5302 489 5339; x_wconf 80' lang='grc'><strong>4444444</strong></span> <span class='ocrx_word' id='word_1_558' title='bbox 506 5288 544 5351; x_wconf 66' lang='grc' dir='ltr'>Βῑ,</span> <span class='ocrx_word' id='word_1_559' title='bbox 562 5291 725 5341; x_wconf 63' lang='lat' dir='ltr'>omiserunt</span> <span class='ocrx_word' id='word_1_560' title='bbox 741 5291 874 5341; x_wconf 87' lang='lat' dir='ltr'>Victorius</span> <span class='ocrx_word' id='word_1_561' title='bbox 891 5292 919 5339; x_wconf 86' lang='lat' dir='ltr'>et</span> <span class='ocrx_word' id='word_1_562' title='bbox 935 5289 968 5349; x_wconf 86' lang='lat'>0;</span> <span class='ocrx_word' id='word_1_563' title='bbox 988 5289 1044 5353; x_wconf 89' lang='lat' dir='ltr'>ipse</span> <span class='ocrx_word' id='word_1_564' title='bbox 1061 5286 1152 5337; x_wconf 83' lang='lat' dir='ltr'>malim</span> <span class='ocrx_word' id='word_1_565' title='bbox 1168 5288 1312 5336; x_wconf 75' lang='grc'><strong>4444444444</strong></span> <span class='ocrx_word' id='word_1_566' title='bbox 1327 5299 1378 5337; x_wconf 83' lang='grc'><strong>4444</strong></span> <span class='ocrx_word' id='word_1_567' title='bbox 1394 5284 1436 5336; x_wconf 87' lang='lat' dir='ltr'>vel</span> <span class='ocrx_word' id='word_1_568' title='bbox 1452 5287 1592 5337; x_wconf 79' lang='lat' dir='ltr'>nmuiscsss</span> <span class='ocrx_word' id='word_1_569' title='bbox 1611 5314 1637 5324; x_wconf 98' lang='lat'><em>-</em></span> <span class='ocrx_word' id='word_1_570' title='bbox 1657 5289 1696 5340; x_wconf 87' lang='grc'>48.</span> <span class='ocrx_word' id='word_1_571' title='bbox 1714 5295 1739 5340; x_wconf 87' lang='grc'>44</span> 
     </span>
     <span class='ocr_line' id='line_1_47' title="bbox 408 5359 1737 5422; baseline 0 -9"><span class='ocrx_word' id='word_1_572' title='bbox 408 5362 524 5422; x_wconf 73' lang='grc'><strong>44444441,</strong></span> <span class='ocrx_word' id='word_1_573' title='bbox 542 5364 589 5414; x_wconf 88' lang='lat' dir='ltr'>sed</span> <span class='ocrx_word' id='word_1_574' title='bbox 608 5367 633 5415; x_wconf 92' lang='lat' dir='ltr'>in</span> <span class='ocrx_word' id='word_1_575' title='bbox 649 5366 670 5416; x_wconf 94' lang='lat' dir='ltr'>A</span> <span class='ocrx_word' id='word_1_576' title='bbox 688 5366 727 5416; x_wconf 90' lang='lat' dir='ltr'>sic</span> <span class='ocrx_word' id='word_1_577' title='bbox 745 5366 771 5415; x_wconf 90' lang='lat' dir='ltr'>in</span> <span class='ocrx_word' id='word_1_578' title='bbox 789 5377 841 5415; x_wconf 90' lang='lat' dir='ltr'>ras.</span> <span class='ocrx_word' id='word_1_579' title='bbox 861 5377 897 5414; x_wconf 94' lang='lat' dir='ltr'>m.</span> <span class='ocrx_word' id='word_1_580' title='bbox 911 5365 935 5414; x_wconf 86' lang='grc'>4.</span> <span class='ocrx_word' id='word_1_581' title='bbox 957 5389 983 5399; x_wconf 84' lang='grc'>-</span> <span class='ocrx_word' id='word_1_582' title='bbox 1002 5364 1071 5413; x_wconf 81' lang='lat' dir='ltr'>iussa</span> <span class='ocrx_word' id='word_1_583' title='bbox 1089 5363 1211 5412; x_wconf 86' lang='lat' dir='ltr'>Ernesiio</span> <span class='ocrx_word' id='word_1_584' title='bbox 1228 5364 1274 5410; x_wconf 90' lang='lat' dir='ltr'>aut</span> <span class='ocrx_word' id='word_1_585' title='bbox 1290 5359 1435 5411; x_wconf 89' lang='lat' dir='ltr'>delendum</span> <span class='ocrx_word' id='word_1_586' title='bbox 1453 5363 1498 5410; x_wconf 88' lang='lat' dir='ltr'>aut</span> <span class='ocrx_word' id='word_1_587' title='bbox 1514 5360 1541 5410; x_wconf 92' lang='lat' dir='ltr'>ln</span> <span class='ocrx_word' id='word_1_588' title='bbox 1558 5362 1617 5411; x_wconf 83' lang='lat' dir='ltr'>turo</span> <span class='ocrx_word' id='word_1_589' title='bbox 1634 5367 1737 5414; x_wconf 87' lang='lat' dir='ltr'>mutan·</span> 
     </span>
     <span class='ocr_line' id='line_1_48' title="bbox 409 5435 1736 5503; baseline 0 -15"><span class='ocrx_word' id='word_1_590' title='bbox 409 5437 474 5488; x_wconf 91' lang='lat' dir='ltr'>dum</span> <span class='ocrx_word' id='word_1_591' title='bbox 493 5437 634 5489; x_wconf 87' lang='lat' dir='ltr'>videbatur</span> <span class='ocrx_word' id='word_1_592' title='bbox 652 5466 678 5475; x_wconf 93' lang='lat'>-</span> <span class='ocrx_word' id='word_1_593' title='bbox 698 5440 844 5503; x_wconf 79' lang='lat' dir='ltr'>scripserint</span> <span class='ocrx_word' id='word_1_594' title='bbox 860 5440 929 5488; x_wconf 89' lang='lat' dir='ltr'>coni.</span> <span class='ocrx_word' id='word_1_595' title='bbox 944 5438 1014 5489; x_wconf 84' lang='lat' dir='ltr'>Bake</span> <span class='ocrx_word' id='word_1_596' title='bbox 1034 5465 1061 5474; x_wconf 99' lang='lat'>-</span> <span class='ocrx_word' id='word_1_597' title='bbox 1090 5438 1129 5487; x_wconf 80' lang='grc'>49.</span> <span class='ocrx_word' id='word_1_598' title='bbox 1148 5437 1246 5486; x_wconf 87' lang='lat' dir='ltr'>solliciti</span> <span class='ocrx_word' id='word_1_599' title='bbox 1263 5435 1334 5486; x_wconf 79' lang='lat' dir='ltr'>B¹il²</span> <span class='ocrx_word' id='word_1_600' title='bbox 1353 5463 1378 5473; x_wconf 95' lang='lat'>-</span> <span class='ocrx_word' id='word_1_601' title='bbox 1395 5436 1575 5499; x_wconf 72' lang='lat' dir='ltr'>professi-one</span> <span class='ocrx_word' id='word_1_602' title='bbox 1591 5439 1622 5495; x_wconf 90' lang='lat' dir='ltr'>A,</span> <span class='ocrx_word' id='word_1_603' title='bbox 1637 5439 1736 5500; x_wconf 68' lang='lat' dir='ltr'>profes-</span> 
     </span>
     <span class='ocr_line' id='line_1_49' title="bbox 409 5509 1737 5578; baseline -0.002 -12"><span class='ocrx_word' id='word_1_604' title='bbox 409 5516 494 5578; x_wconf 78' lang='lat' dir='ltr'>sioque</span> <span class='ocrx_word' id='word_1_605' title='bbox 510 5510 540 5565; x_wconf 85' lang='grc' dir='ltr'>Βι</span> <span class='ocrx_word' id='word_1_606' title='bbox 558 5541 585 5551; x_wconf 97' lang='grc'>-</span> <span class='ocrx_word' id='word_1_607' title='bbox 613 5516 653 5566; x_wconf 72' lang='lat' dir='ltr'>il.</span> <span class='ocrx_word' id='word_1_608' title='bbox 672 5516 731 5566; x_wconf 86' lang='grc'><strong>444444</strong></span> <span class='ocrx_word' id='word_1_609' title='bbox 748 5520 771 5565; x_wconf 86' lang='lat' dir='ltr'>st</span> <span class='ocrx_word' id='word_1_610' title='bbox 787 5517 807 5565; x_wconf 90' lang='lat' dir='ltr'>A</span> <span class='ocrx_word' id='word_1_611' title='bbox 826 5516 851 5564; x_wconf 94' lang='grc'>444</span> <span class='ocrx_word' id='word_1_612' title='bbox 868 5526 922 5565; x_wconf 82' lang='grc'><strong>444.</strong></span> <span class='ocrx_word' id='word_1_613' title='bbox 944 5540 970 5549; x_wconf 93' lang='grc'>-</span> <span class='ocrx_word' id='word_1_614' title='bbox 990 5514 1047 5563; x_wconf 77' lang='lat' dir='ltr'>ucri</span> <span class='ocrx_word' id='word_1_615' title='bbox 1062 5512 1157 5577; x_wconf 79' lang='lat' dir='ltr'>lspccdi</span> <span class='ocrx_word' id='word_1_616' title='bbox 1176 5511 1196 5560; x_wconf 90' lang='lat' dir='ltr'>il</span> <span class='ocrx_word' id='word_1_617' title='bbox 1214 5511 1350 5561; x_wconf 86' lang='lat' dir='ltr'>distincte:</span> <span class='ocrx_word' id='word_1_618' title='bbox 1368 5510 1491 5559; x_wconf 77' lang='lat' dir='ltr'>nerilcndi</span> <span class='ocrx_word' id='word_1_619' title='bbox 1506 5509 1544 5570; x_wconf 77' lang='lat'>13¹,</span> <span class='ocrx_word' id='word_1_620' title='bbox 1562 5510 1627 5560; x_wconf 80' lang='grc'><strong>444444</strong></span> <span class='ocrx_word' id='word_1_621' title='bbox 1641 5512 1737 5564; x_wconf 76' lang='lat' dir='ltr'>colendi</span> 
     </span>
     <span class='ocr_line' id='line_1_50' title="bbox 408 5584 1734 5650; baseline -0.004 -8"><span class='ocrx_word' id='word_1_622' title='bbox 408 5588 478 5650; x_wconf 83' lang='lat' dir='ltr'>AB²,</span> <span class='ocrx_word' id='word_1_623' title='bbox 497 5589 546 5640; x_wconf 90' lang='lat' dir='ltr'>sed</span> <span class='ocrx_word' id='word_1_624' title='bbox 564 5590 590 5640; x_wconf 89' lang='lat' dir='ltr'>in</span> <span class='ocrx_word' id='word_1_625' title='bbox 608 5593 628 5640; x_wconf 94' lang='lat' dir='ltr'>A</span> <span class='ocrx_word' id='word_1_626' title='bbox 645 5590 748 5640; x_wconf 78' lang='grc'><strong>44444444</strong></span> <span class='ocrx_word' id='word_1_627' title='bbox 764 5594 807 5640; x_wconf 86' lang='lat' dir='ltr'>est</span> <span class='ocrx_word' id='word_1_628' title='bbox 824 5592 849 5639; x_wconf 90' lang='grc'>444</span> <span class='ocrx_word' id='word_1_629' title='bbox 868 5602 920 5640; x_wconf 88' lang='lat' dir='ltr'>ras.</span> <span class='ocrx_word' id='word_1_630' title='bbox 948 5615 975 5627; x_wconf 91' lang='lat'>—</span> <span class='ocrx_word' id='word_1_631' title='bbox 1004 5591 1045 5640; x_wconf 91' lang='grc'>44.</span> <span class='ocrx_word' id='word_1_632' title='bbox 1064 5590 1099 5638; x_wconf 85' lang='lat' dir='ltr'>cd</span> <span class='ocrx_word' id='word_1_633' title='bbox 1115 5594 1138 5639; x_wconf 87' lang='grc'>44</span> <span class='ocrx_word' id='word_1_634' title='bbox 1154 5591 1185 5639; x_wconf 77' lang='lat' dir='ltr'>A¹</span> <span class='ocrx_word' id='word_1_635' title='bbox 1203 5613 1229 5624; x_wconf 94' lang='lat'><em>-</em></span> <span class='ocrx_word' id='word_1_636' title='bbox 1254 5599 1304 5647; x_wconf 82' lang='lat' dir='ltr'>quo</span> <span class='ocrx_word' id='word_1_637' title='bbox 1320 5587 1342 5636; x_wconf 85' lang='lat' dir='ltr'>ri</span> <span class='ocrx_word' id='word_1_638' title='bbox 1358 5584 1436 5636; x_wconf 86' lang='lat' dir='ltr'>codd.</span> <span class='ocrx_word' id='word_1_639' title='bbox 1450 5585 1525 5635; x_wconf 86' lang='lat' dir='ltr'>dett:</span> <span class='ocrx_word' id='word_1_640' title='bbox 1545 5587 1612 5646; x_wconf 80' lang='lat' dir='ltr'>quod</span> <span class='ocrx_word' id='word_1_641' title='bbox 1627 5588 1649 5636; x_wconf 88' lang='grc'>44</span> <span class='ocrx_word' id='word_1_642' title='bbox 1666 5589 1686 5637; x_wconf 87' lang='lat' dir='ltr'>c</span> <span class='ocrx_word' id='word_1_643' title='bbox 1707 5616 1734 5625; x_wconf 91' lang='lat'><em>-</em></span> 
     </span>
     <span class='ocr_line' id='line_1_51' title="bbox 408 5660 1736 5729; baseline -0.002 -15"><span class='ocrx_word' id='word_1_644' title='bbox 408 5667 470 5729; x_wconf 91' lang='lat' dir='ltr'>post</span> <span class='ocrx_word' id='word_1_645' title='bbox 490 5670 578 5714; x_wconf 82' lang='lat' dir='ltr'>cursat</span> <span class='ocrx_word' id='word_1_646' title='bbox 595 5667 614 5714; x_wconf 96' lang='lat' dir='ltr'>A</span> <span class='ocrx_word' id='word_1_647' title='bbox 632 5664 658 5714; x_wconf 91' lang='grc'>444</span> <span class='ocrx_word' id='word_1_648' title='bbox 671 5677 754 5728; x_wconf 81' lang='lat' dir='ltr'>marg.</span> <span class='ocrx_word' id='word_1_649' title='bbox 767 5665 827 5729; x_wconf 76' lang='lat' dir='ltr'>lopo,</span> <span class='ocrx_word' id='word_1_650' title='bbox 846 5678 905 5729; x_wconf 93' lang='lat' dir='ltr'>sup.</span> <span class='ocrx_word' id='word_1_651' title='bbox 919 5662 964 5714; x_wconf 89' lang='grc'><strong>4444.</strong></span> <span class='ocrx_word' id='word_1_652' title='bbox 983 5665 1004 5715; x_wconf 86' lang='lat' dir='ltr'>ii</span> <span class='ocrx_word' id='word_1_653' title='bbox 1024 5690 1051 5699; x_wconf 90' lang='lat'><em>-</em></span> <span class='ocrx_word' id='word_1_654' title='bbox 1069 5663 1110 5714; x_wconf 83' lang='grc'>43.</span> <span class='ocrx_word' id='word_1_655' title='bbox 1129 5676 1160 5712; x_wconf 84' lang='lat' dir='ltr'>cu</span> <span class='ocrx_word' id='word_1_656' title='bbox 1178 5663 1198 5712; x_wconf 89' lang='grc' dir='ltr'><strong><em>Η</em></strong></span> <span class='ocrx_word' id='word_1_657' title='bbox 1217 5660 1287 5724; x_wconf 81' lang='lat' dir='ltr'>(add.</span> <span class='ocrx_word' id='word_1_658' title='bbox 1302 5662 1327 5710; x_wconf 93' lang='lat' dir='ltr'>in</span> <span class='ocrx_word' id='word_1_659' title='bbox 1339 5672 1423 5723; x_wconf 83' lang='lat' dir='ltr'>marg.</span> <span class='ocrx_word' id='word_1_660' title='bbox 1436 5660 1495 5723; x_wconf 76' lang='lat' dir='ltr'>legs)</span> <span class='ocrx_word' id='word_1_661' title='bbox 1517 5686 1544 5696; x_wconf 97' lang='lat'><em>-</em></span> <span class='ocrx_word' id='word_1_662' title='bbox 1562 5660 1624 5710; x_wconf 86' lang='grc'><strong>4444444</strong></span> <span class='ocrx_word' id='word_1_663' title='bbox 1639 5663 1686 5712; x_wconf 89' lang='lat' dir='ltr'>AB</span> <span class='ocrx_word' id='word_1_664' title='bbox 1704 5690 1736 5703; x_wconf 88' lang='lat'>-</span> 
     </span>
     <span class='ocr_line' id='line_1_52' title="bbox 408 5733 1735 5795; baseline -0.003 -4"><span class='ocrx_word' id='word_1_665' title='bbox 408 5742 436 5791; x_wconf 86' lang='lat' dir='ltr'>ld</span> <span class='ocrx_word' id='word_1_666' title='bbox 452 5745 487 5790; x_wconf 88' lang='grc'>444</span> <span class='ocrx_word' id='word_1_667' title='bbox 502 5754 533 5790; x_wconf 85' lang='lat' dir='ltr'>se</span> <span class='ocrx_word' id='word_1_668' title='bbox 550 5743 651 5790; x_wconf 88' lang='lat' dir='ltr'>Acorr.</span> <span class='ocrx_word' id='word_1_669' title='bbox 666 5741 690 5790; x_wconf 90' lang='lat' dir='ltr'>in</span> <span class='ocrx_word' id='word_1_670' title='bbox 708 5742 803 5791; x_wconf 83' lang='grc'><strong>4444444444</strong></span> <span class='ocrx_word' id='word_1_671' title='bbox 822 5766 848 5777; x_wconf 95' lang='grc'><strong>-</strong></span> <span class='ocrx_word' id='word_1_672' title='bbox 867 5740 1026 5790; x_wconf 67' lang='lat' dir='ltr'>commando</span> <span class='ocrx_word' id='word_1_673' title='bbox 1043 5739 1064 5789; x_wconf 88' lang='grc'>44</span> <span class='ocrx_word' id='word_1_674' title='bbox 1082 5750 1150 5788; x_wconf 87' lang='lat' dir='ltr'>corr.</span> <span class='ocrx_word' id='word_1_675' title='bbox 1167 5764 1193 5772; x_wconf 94' lang='lat'>-</span> <span class='ocrx_word' id='word_1_676' title='bbox 1212 5734 1253 5786; x_wconf 83' lang='grc'>44.</span> <span class='ocrx_word' id='word_1_677' title='bbox 1266 5737 1357 5786; x_wconf 71' lang='lat' dir='ltr'>codun</span> <span class='ocrx_word' id='word_1_678' title='bbox 1369 5733 1433 5785; x_wconf 66' lang='grc' dir='ltr'>ΜΒ*</span> <span class='ocrx_word' id='word_1_679' title='bbox 1452 5761 1479 5772; x_wconf 98' lang='grc'>-</span> <span class='ocrx_word' id='word_1_680' title='bbox 1498 5739 1564 5784; x_wconf 74' lang='lat' dir='ltr'>cicc</span> <span class='ocrx_word' id='word_1_681' title='bbox 1575 5735 1609 5784; x_wconf 89' lang='lat' dir='ltr'>C:</span> <span class='ocrx_word' id='word_1_682' title='bbox 1628 5749 1694 5786; x_wconf 83' lang='grc'><strong>444444</strong></span> <span class='ocrx_word' id='word_1_683' title='bbox 1705 5737 1735 5795; x_wconf 71' lang='grc'>04</span> 
     </span>
     <span class='ocr_line' id='line_1_53' title="bbox 408 5807 1738 5879; baseline -0.004 -14"><span class='ocrx_word' id='word_1_684' title='bbox 408 5827 435 5865; x_wconf 79' lang='lat' dir='ltr'>v.</span> <span class='ocrx_word' id='word_1_685' title='bbox 448 5813 569 5877; x_wconf 87' lang='lat' dir='ltr'>iladvigii</span> <span class='ocrx_word' id='word_1_686' title='bbox 586 5814 682 5879; x_wconf 85' lang='lat' dir='ltr'>opusc.</span> <span class='ocrx_word' id='word_1_687' title='bbox 701 5815 733 5876; x_wconf 95' lang='lat' dir='ltr'>ll,</span> <span class='ocrx_word' id='word_1_688' title='bbox 748 5815 803 5865; x_wconf 82' lang='grc'><strong>438.</strong></span> <span class='ocrx_word' id='word_1_689' title='bbox 825 5842 850 5851; x_wconf 83' lang='grc'>-</span> <span class='ocrx_word' id='word_1_690' title='bbox 870 5815 911 5865; x_wconf 77' lang='grc'><strong>444.</strong></span> <span class='ocrx_word' id='word_1_691' title='bbox 930 5814 960 5864; x_wconf 88' lang='lat' dir='ltr'>ob</span> <span class='ocrx_word' id='word_1_692' title='bbox 977 5815 1003 5864; x_wconf 85' lang='lat' dir='ltr'>td</span> <span class='ocrx_word' id='word_1_693' title='bbox 1019 5816 1100 5875; x_wconf 84' lang='lat' dir='ltr'>ipsum</span> <span class='ocrx_word' id='word_1_694' title='bbox 1118 5812 1138 5860; x_wconf 92' lang='lat'>0</span> <span class='ocrx_word' id='word_1_695' title='bbox 1156 5824 1217 5861; x_wconf 91' lang='lat' dir='ltr'>cum</span> <span class='ocrx_word' id='word_1_696' title='bbox 1236 5807 1326 5861; x_wconf 82' lang='lat' dir='ltr'>Lamb.</span> <span class='ocrx_word' id='word_1_697' title='bbox 1347 5835 1375 5846; x_wconf 93' lang='lat'><em>-</em></span> <span class='ocrx_word' id='word_1_698' title='bbox 1399 5809 1440 5859; x_wconf 81' lang='lat' dir='ltr'>to.</span> <span class='ocrx_word' id='word_1_699' title='bbox 1458 5807 1583 5859; x_wconf 71' lang='lat' dir='ltr'>iubenti</span> <span class='ocrx_word' id='word_1_700' title='bbox 1604 5834 1631 5845; x_wconf 93' lang='lat'><em>-</em></span> <span class='ocrx_word' id='word_1_701' title='bbox 1647 5823 1738 5873; x_wconf 76' lang='lat' dir='ltr'>prosus</span> 
     </span>
     <span class='ocr_line' id='line_1_54' title="bbox 408 5883 1737 5953; baseline -0.005 -10"><span class='ocrx_word' id='word_1_702' title='bbox 408 5888 454 5943; x_wconf 89' lang='lat' dir='ltr'>A¹:</span> <span class='ocrx_word' id='word_1_703' title='bbox 476 5902 582 5953; x_wconf 73' lang='grc'><strong>4444444444</strong></span> <span class='ocrx_word' id='word_1_704' title='bbox 598 5889 717 5941; x_wconf 76' lang='grc' dir='ltr'><strong>Α’ΒΗΟ</strong></span> <span class='ocrx_word' id='word_1_705' title='bbox 746 5917 772 5927; x_wconf 86' lang='lat'>-</span> <span class='ocrx_word' id='word_1_706' title='bbox 798 5891 840 5940; x_wconf 83' lang='grc'>44.</span> <span class='ocrx_word' id='word_1_707' title='bbox 857 5891 995 5953; x_wconf 64' lang='lat' dir='ltr'>postoima</span> <span class='ocrx_word' id='word_1_708' title='bbox 1012 5885 1054 5939; x_wconf 90' lang='lat' dir='ltr'>A¹:</span> <span class='ocrx_word' id='word_1_709' title='bbox 1074 5886 1231 5950; x_wconf 69' lang='lat' dir='ltr'>minione</span> <span class='ocrx_word' id='word_1_710' title='bbox 1248 5885 1283 5946; x_wconf 87' lang='lat' dir='ltr'>ii,</span> <span class='ocrx_word' id='word_1_711' title='bbox 1300 5884 1441 5947; x_wconf 74' lang='grc'><strong>4444444444</strong></span> <span class='ocrx_word' id='word_1_712' title='bbox 1458 5883 1497 5944; x_wconf 88' lang='lat' dir='ltr'>A¹,</span> <span class='ocrx_word' id='word_1_713' title='bbox 1511 5884 1651 5945; x_wconf 71' lang='grc'><strong>4444444444</strong></span> <span class='ocrx_word' id='word_1_714' title='bbox 1668 5886 1686 5936; x_wconf 89' lang='grc' dir='ltr'><strong>Β</strong></span> <span class='ocrx_word' id='word_1_715' title='bbox 1704 5905 1737 5926; x_wconf 65' lang='grc' dir='ltr'>ι-</span> 
     </span>
     <span class='ocr_line' id='line_1_55' title="bbox 405 5958 1710 6032; baseline -0.002 -16"><span class='ocrx_word' id='word_1_716' title='bbox 405 5965 521 6032; x_wconf 64' lang='grc'><strong>444444444</strong></span> <span class='ocrx_word' id='word_1_717' title='bbox 536 5960 650 6015; x_wconf 80' lang='lat' dir='ltr'>A¹ti¹ii:</span> <span class='ocrx_word' id='word_1_718' title='bbox 665 5965 786 6030; x_wconf 71' lang='grc'><strong>4444414444</strong></span> <span class='ocrx_word' id='word_1_719' title='bbox 802 5965 872 6017; x_wconf 82' lang='lat' dir='ltr'>A¹ti¹</span> <span class='ocrx_word' id='word_1_720' title='bbox 889 5990 917 6003; x_wconf 90' lang='lat'>-</span> <span class='ocrx_word' id='word_1_721' title='bbox 935 5962 1270 6016; x_wconf 65' lang='grc'><strong>44444444444444444444.</strong></span> <span class='ocrx_word' id='word_1_722' title='bbox 1288 5958 1618 6024; x_wconf 64' lang='lat' dir='ltr'>mimatensem</span> <span class='ocrx_word' id='word_1_723' title='bbox 1634 5967 1662 6013; x_wconf 88' lang='grc'>444</span> <span class='ocrx_word' id='word_1_724' title='bbox 1679 5965 1710 6017; x_wconf 84' lang='lat' dir='ltr'>tt.</span> 
     </span>
    </p>
   </div>
   <div class='ocr_carea' id='block_1_4' title="bbox 493 6050 1521 6119">
    <p class='ocr_par' dir='ltr' id='par_1_4' title="bbox 493 6050 1521 6119">
     <span class='ocr_line' id='line_1_56' title="bbox 493 6050 1521 6119; baseline 0.014 -15"><span class='ocrx_word' id='word_1_725' title='bbox 493 6055 679 6107; x_wconf 59' lang='lat' dir='ltr'>canorus.</span> <span class='ocrx_word' id='word_1_726' title='bbox 1479 6050 1521 6119; x_wconf 81' lang='grc'>444</span> 
     </span>
    </p>
   </div>
   <div class='ocr_carea' id='block_1_5' title="bbox 0 0 2176 7459">
    <p class='ocr_par' dir='ltr' id='par_1_5' title="bbox 0 0 2176 7459">
     <span class='ocr_line' id='line_1_57' title="bbox 0 0 2176 7459; baseline 0 1"><span class='ocrx_word' id='word_1_727' title='bbox 0 0 2176 7459; x_wconf 95' lang='lat' dir='ltr'> </span> 
     </span>
    </p>
   </div>
  </div>
 </body>
</html>
