4342 7459
440 1216 503 1284 992
994 1217 1207 1283 CICERONIS

442 1395 522 1440 rum
542 1374 652 1450 edidit,
683 1390 745 1452 qua
769 1370 883 1434 honam
904 1371 998 1433 animi
1017 1371 1223 1450 voluntatem,
1253 1381 1322 1451 aut,
1342 1392 1383 1435 ne
1402 1375 1584 1440 consulatus
1606 1378 1786 1444 obtinendi

442 1490 500 1550 spe
529 1467 704 1545 excideret,
725 1467 790 1528 suis
810 1466 957 1546 probaret
975 1466 1112 1545 civibus,
1133 1476 1187 1529 aut
1205 1468 1246 1529 oh
1269 1470 1373 1530 resin
1394 1471 1556 1535 consulatu
1576 1476 1642 1537 iam
1669 1486 1787 1555 gestas

440 1567 632 1627 inimicorum
661 1561 859 1624 sermonibus
886 1563 917 1622 in
937 1562 1145 1640 suspicionem
1169 1561 1335 1625 adductam
1358 1575 1515 1644 purgaret.
1556 1568 1638 1629 Nam
1660 1588 1788 1650 qnam-

442 1677 535 1740 quam
555 1660 587 1719 in
606 1657 706 1734 libro,
728 1673 821 1735 quem
842 1656 882 1717 de
902 1655 1065 1718 consulatu
1085 1675 1142 1717 suo
1163 1657 1304 1737 scripsit,
1324 1658 1407 1720 idem
1424 1661 1527 1739 egisse
1541 1661 1643 1724 videri
1658 1674 1787 1744 potest,

418 1765 545 1817 ttamen
573 1751 720 1832 singulari
750 1751 782 1812 id
811 1750 916 1812 libello
937 1752 1048 1811 iecisse
1070 1752 1193 1812 Asconii
1216 1760 1247 1812 et
1267 1755 1430 1831 Augustini
1452 1755 1631 1816 testimonio
1658 1758 1788 1820 intelli-

440 1852 530 1929 gitur.
572 1850 768 1927 Quapropter
809 1846 891 1907 hunc
920 1847 1001 1907 circa
1032 1846 1214 1908 consulatus
1243 1849 1291 1908 sui
1322 1858 1462 1929 tempore
1491 1850 1671 1912 coniecisse
1708 1852 1788 1914 mihi

439 1942 574 2007 videtur.
603 1943 713 2003 Nonas.
745 1938 948 2018 (Corrigenda
966 1938 1043 2002 haec
1063 1958 1102 1999 ex
1115 1940 1224 2002 Cassio
1245 1942 1339 2003 Dione
1359 1943 1406 2017 39,
1427 1943 1472 2004 10.
1494 1946 1537 2022 (ρ.
1564 1945 1633 2006 488.
1657 1945 1788 2022 Stura.)

441 2040 495 2120 qui
514 2039 596 2100 hunc
614 2034 728 2097 librum
747 2033 842 2095 refert
861 2031 900 2094 ad
920 2052 948 2096 a.
972 2053 1002 2095 u.
1025 2051 1054 2093 c.
1075 2033 1145 2096 set:
1168 2036 1338 2117 (Κικέρων)
1357 2039 1477 2116 βιβλίον
1495 2049 1606 2119 μέντοι
1626 2060 1657 2099 u
1677 2040 1789 2121 ᾰπόῥ-

440 2138 536 2216 ῥητον
555 2132 717 2205 συνέθηκε·
737 2128 793 2189 καὶ
811 2129 984 2209 ἐπέγραψεν
1003 2129 1098 2203 αὐτῷ,
1118 2130 1158 2196 ὡς
1177 2128 1232 2189 καὶ
1250 2129 1318 2210 περὶ
1338 2135 1399 2191 τῶν
1419 2131 1531 2191 ἑαυτοῦ
1547 2136 1789 2214 βουλευμάτων

403 2228 651 2305 1οὰπολογισμόν
679 2247 749 2283 τινα
776 2224 890 2302 ἔχοντι.
920 2222 1025 2283 ΙΙολλσί
1049 2223 1079 2283 δὲ
1099 2221 1210 2299 δὴκαὶ
1228 2222 1312 2284 δεινὰ
1330 2227 1360 2292 ἐς
1379 2224 1529 2285 αὐτὸκαὶ
1548 2225 1621 2305 περὶ
1646 2230 1783 2290 ἐκείνων

440 2323 616 2400 (Καίσαρος
640 2318 695 2378 καὶ
724 2320 887 2397 Κράσσου)
915 2316 970 2377 καὶ
1001 2316 1070 2397 περὶ
1102 2316 1203 2378 ἄλλων
1231 2324 1322 2380 τινῶν
1351 2321 1505 2394 συνένησε,
1530 2318 1586 2379 καὶ
1605 2320 1661 2382 διὰ
1685 2329 1786 2385 τοῦτο

441 2414 604 2496 φοβηθείς,
621 2411 667 2491 μὴ
685 2420 739 2471 καὶ
762 2415 873 2483 ζῶντος
891 2409 989 2470 αὑτοῦ
1005 2412 1195 2496 incoctum,
1220 2413 1458 2493 καιεσημήνατό
1475 2434 1506 2473 τε
1527 2412 1610 2474 αὐτὸ
1633 2416 1695 2478 καὶ
1716 2441 1787 2479 πα-

440 2508 548 2587 ρέδωκε
568 2511 610 2580 τῷ
631 2504 725 2582 παιδί,
749 2506 924 2584 προστάξας
948 2513 978 2564 nl.
997 2504 1063 2583 μήτ’
1082 2504 1263 2583 ἀναγνῶναι
1272 2505 1562 2587 μήτεδημσσιευσαι
1575 2506 1619 2568 τὰ
1629 2531 1785 2593 γεγραμ-

440 2602 531 2681 μένα,
550 2599 622 2675 πρὶν
642 2598 684 2658 ἄν
704 2600 889 2682 μεταλλάξῃ.
912 2597 986 2671 Oa.)

404 2710 433 2755 tt
518 2698 543 2755 l.
572 2694 625 2752 Aut
655 2693 683 2751 C.
717 2693 842 2750 Cuesuria
861 2702 910 2750 uui
933 2693 974 2751 11.
998 2694 1092 2751 Crassi
1115 2688 1249 2776 [domum]
1273 2698 1419 2767 significet.
1459 2696 1568 2754 Etenim
1590 2704 1739 2757 ucerrinm
1758 2711 1786 2759 et

438 2792 620 2865 potentissimi
647 2791 757 2859 [urunt
789 2788 924 2845 charonis
949 2791 1150 2863 resruputores,
1182 2792 1648 2863 competentissimum
1665 2797 1734 2852 eine
1753 2800 1786 2853 ie

440 2890 497 2944 dies
525 2886 633 2942 ciuilem
661 2902 777 2941 creseere
805 2885 966 2956 dignitatem
997 2888 1266 2951 animadvertebant,
1298 2894 1323 2942 et
1352 2888 1403 2943 hoe
1417 2889 1478 2958 ,ipae
1498 2886 1590 2944 Cicero
1611 2891 1645 2943 in
1664 2895 1785 2963 eoepoei-

440 2984 513 3037 tione
538 2980 717 3035 consiliorum
748 2995 860 3034 suorum
890 2981 1036 3050 siguificat.
1077 2980 1146 3036 liius
1174 2997 1280 3051 quoque
1303 2982 1518 3050 coniurationis,
1550 2998 1623 3053 geue
1651 2982 1739 3042 Cuuu
1759 2996 1787 3044 et

443 3076 581 3147 Torquato
599 3090 668 3130 eoas.
689 3081 752 3129 unte
770 3090 888 3136 summ,
910 3090 995 3145 quum
1013 3076 1080 3130 haee
1099 3078 1268 3143 dicerentur,
1289 3079 1366 3145 ructu
1384 3084 1423 3133 est
1442 3094 1460 3133 u
1483 3070 1606 3134 Cutiliae
1620 3087 1648 3135 et
1663 3079 1784 3152 Pisone,

403 3172 534 3244 scarpuit
560 3169 600 3227 hl.
630 3168 757 3225 &mmm
784 3176 923 3226 auctorem
948 3171 1041 3239 lause.
1082 3168 1293 3242 (Asconius
1321 3167 1361 3230 ad
1381 3176 1457 3230 orat.
1478 3169 1510 3230 in
1530 3176 1602 3247 toga
1624 3170 1725 3232 cand.
1749 3192 1782 3253 p.

441 3264 488 3325 83.
510 3261 596 3338 Bait.)

517 3356 544 3416 2.
572 3352 636 3415 Sed
666 3361 699 3413 ut
727 3350 830 3431 aliqua
860 3351 1059 3414 similitudine
1087 3352 1241 3414 adductus
1269 3354 1411 3416 maximis
1439 3355 1562 3418 minima
1591 3359 1782 3439 conteram,

441 3458 477 3512 ut
495 3468 566 3510 cum
585 3445 732 3509 vinolenti
752 3444 969 3507 adolescentes
988 3446 1132 3508 tibiarum
1153 3448 1245 3508 etiem
1263 3456 1371 3525 cantu,
1399 3456 1434 3510 ut
1459 3448 1509 3526 lit,
1540 3450 1684 3512 instincti
1705 3472 1783 3516 mu·

440 3543 525 3605 lieris
538 3540 671 3623 pudicae
684 3540 765 3602 iores
778 3540 971 3619 lrangerent,
986 3540 1185 3603 admonuisse
1198 3541 1366 3619 tibicinam,
1387 3551 1421 3604 ut
1437 3541 1612 3622 spondeum
1628 3560 1781 3625 caneret,

403 3637 631 3717 ssPythagoras
660 3633 788 3694 dicitur:
823 3632 908 3713 quod
929 3653 998 3695 cum
1019 3634 1069 3696 illa
1089 3636 1233 3711 iecisset,
1264 3635 1408 3699 tarditate
1430 3635 1592 3699 modorum
1613 3649 1649 3701 et
1669 3644 1781 3720 gravi·

442 3740 506 3793 tate
525 3737 635 3791 cantus
654 3727 776 3788 illorum
795 3728 948 3789 furentem
969 3728 1169 3806 petulantiam
1189 3728 1357 3792 resedisse.
1392 3732 1645 3809 (Augustinus
1666 3746 1782 3800 contra

440 3822 591 3887 lulianum
621 3821 722 3899 Pelag.
756 3820 776 3881 l.
809 3822 843 3882 V.
875 3839 902 3883 c.
932 3824 960 3883 5.
983 3822 1011 3900 §-
1040 3822 1088 3883 23.
1121 3830 1208 3882 etex
1229 3841 1282 3899 eo,
1315 3832 1349 3885 nt
1367 3823 1499 3901 videtur,
1519 3826 1719 3892 Boethius
1739 3828 1783 3892 de

440 3919 557 3980 llusice
576 3916 596 3977 l.
620 3920 642 3976 l.
664 3934 689 3976 c.
719 3923 741 3976 1.
764 3934 796 3995 p.
823 3915 978 3977 1372.Ε(1.
999 3915 1090 3977 Basil.
1115 3919 1214 3991 1570.)

516 4012 544 4071 3.
577 4011 685 4088 Neque
715 4007 860 4069 adsidere
889 4010 1051 4071 Gabinium
1072 4018 1126 4071 aut
1144 4010 1257 4089 alloqui
1277 4012 1309 4072 in
1328 4012 1412 4074 curia
1431 4012 1597 4093 quisquam
1619 4016 1779 4083 audehat.

403 4106 667 4187 tulhrusianus
687 4105 852 4165 Messius
871 4124 901 4183 p.
923 4105 988 4167 211.
1016 4103 1112 4181 Lind.)

741 4348 777 4415 X.
823 4350 1133 4418 COMMENTARIUS
1157 4352 1208 4417 DE
1233 4350 1468 4420 VlllTUTlBUS.

1003 4541 1195 4592 annotatio.

515 4713 602 4772 llunc
621 4708 732 4769 librum
753 4705 862 4769 Cicero
882 4714 953 4786 post
973 4716 1036 4767 tres
1058 4707 1097 4767 de
1119 4707 1233 4769 Officiis
1254 4708 1349 4769 lihros
1370 4710 1502 4788 pariter,
1529 4720 1563 4771 ut
1582 4714 1775 4778 Aristoteles

439 4816 511 4887 post
530 4807 626 4866 lihros
647 4812 705 4862 τῶν
727 4809 844 4877 ἠθικῶν
864 4801 1048 4880 opusculum
1068 4803 1134 4879 ,rapi
1158 4805 1291 4881 ripario,
1310 4805 1443 4884 exempli
1460 4807 1645 4868 auctoritate
1668 4810 1773 4872 addu-

401 4911 522 4974 sectus,
544 4901 707 4977 scripsisse
726 4897 854 4957 Patricio
874 4895 1005 4956 videtur.
1026 4898 1176 4975 Egovero
1191 4897 1319 4975 dubito,
1334 4907 1434 4959 utrum
1450 4907 1517 4959 utro
1532 4899 1653 4962 Tullius
1669 4907 1771 4983 prius,

439 4998 513 5076 quin
543 4995 652 5054 eodem
684 4992 746 5052 lere
768 5000 907 5070 tempore
928 4991 1035 5052 similis
1056 4992 1228 5070 argumenti
1253 5011 1331 5071 opus
1357 4995 1538 5070 coniecerit,
1561 5012 1626 5055 non
1648 4997 1770 5059 duhito.

439 5090 549 5150 Nonas.

516 5186 539 5241 l.
573 5184 710 5253 Quattuor
729 5185 858 5245 uirtutes,
890 5184 1050 5252 prudentio,
1074 5184 1196 5250 iustitio,
1213 5185 1363 5250 fortitudo,
1386 5187 1585 5255 temperantia,
1617 5188 1771 5259 dequibus

435 5282 590 5352 plenissime
622 5282 651 5333 in
682 5275 844 5348 officiorum
874 5277 953 5330 libris
982 5272 1099 5332 Tullius
1119 5278 1241 5347 disputet
1254 5318 1261 5345 ,
1296 5279 1414 5333 scriheue
1434 5281 1578 5349 proprium
1599 5297 1710 5353 quoque
1730 5278 1770 5339 de

398 5380 582 5449 suquattuor
601 5368 767 5430 virtutihus
787 5372 898 5426 librum.
940 5367 1208 5447 [llieronymus
1229 5369 1259 5428 in
1278 5369 1441 5430 Zachariae
1455 5370 1627 5449 Prophetae
1646 5374 1767 5434 Comm.

436 5464 513 5541 1,2.
536 5463 617 5544 0pp.
640 5464 672 5523 T.
696 5464 723 5523 ³.
745 5480 777 5541 p.
800 5460 884 5523 1715.
906 5459 962 5519 Ed.
984 5460 1111 5538 Bened.)

500 5751 541 5798 29.
577 5750 632 5797 Hoc
650 5749 826 5811 fragmentum
845 5748 1003 5810 nescioquo
1022 5751 1078 5797 iure
1097 5748 1130 5797 ed
1148 5747 1260 5807 librum,
1279 5762 1360 5811 quem
1378 5749 1412 5799 de
1430 5751 1484 5799 suis
1507 5748 1625 5800 consiliis
1645 5755 1766 5804 conscri-

435 5825 487 5888 psit
504 5826 612 5887 Cicero,
630 5823 727 5874 reierat
744 5825 804 5874 Car.
822 5824 900 5873 Beier
916 5824 942 5872 iu
960 5825 1090 5887 Fragmm.
1107 5825 1188 5875 Oratt.
1207 5839 1233 5889 p.
1253 5824 1310 5876 196.
1324 5827 1368 5874 tls.
