4342 7459
735 1254 842 1319 amu
872 1254 946 1321 cn».
961 1256 1169 1322 arv-rvr.
1197 1255 1243 1342 §g
1258 1254 1404 1324 ro-u.
1668 1255 1733 1323 sas

408 1436 449 1481 ne
471 1414 588 1479 malum
610 1414 736 1480 babeat
780 1414 807 1479 0
829 1437 895 1481 rem
919 1418 1062 1502 dignam,
1089 1419 1123 1485 in
1146 1440 1207 1507 qua
1228 1441 1294 1487 non
1315 1421 1411 1486 modo
1434 1420 1536 1499 docti,
1566 1421 1733 1487 sedetiam

408 1519 548 1593 agrestes
570 1510 773 1575 erubescant!

493 1605 562 1670 XV.
591 1602 642 1668 42.
673 1607 739 1670 lam
761 1625 837 1669 vero
859 1606 939 1670 illud
960 1608 1198 1685 stultissimum,
1220 1609 1400 1674 existimare
1422 1613 1529 1676 omnia
1550 1611 1631 1675 iusta
1652 1630 1734 1686 esse,

409 1720 490 1785 quae
513 1700 632 1765 sancita
654 1701 772 1764 sintin
795 1702 986 1785 populorum
1008 1702 1160 1767 institutis
1182 1711 1238 1767 aut
1258 1703 1392 1788 legibus.
1428 1704 1589 1782 Etiamne,
1608 1705 1734 1789 siquae

409 1793 496 1877 leges
519 1802 594 1858 snut
615 1798 843 1878 tyrannorum?
887 1795 921 1858 Si
943 1797 1069 1881 triginta
1092 1796 1139 1860 illi
1161 1795 1293 1861 Athenis
1319 1798 1407 1882 leges
1428 1797 1593 1883 imponere
1615 1797 1757 1864 voluis-e

407 1899 478 1954 seut
505 1897 561 1952 aut
588 1888 616 1952 si
643 1909 754 1953 omnes
781 1889 993 1954 Athenienses
1026 1889 1261 1955 delectarentur
1286 1892 1457 1975 tyrannicis
1488 1892 1629 1976 legibus,
1657 1911 1734 1956 num

406 1983 526 2047 idcirco
549 2002 606 2046 eae
627 1982 714 2065 leges
736 1983 838 2046 iustae
859 1982 1073 2047 baberenturi
1117 1983 1238 2059 Nihilo,
1269 1985 1384 2061 credo,
1413 1986 1513 2069 magis
1537 1985 1608 2061 illa,
1639 2005 1734 2071 quarn

408 2077 549 2141 interrex
571 2084 681 2141 noster
702 2078 790 2151 tulit,
812 2085 848 2141 ut
868 2076 1003 2141 dictator
1024 2099 1119 2162 quem
1142 2078 1238 2142 vellet
1259 2079 1375 2143 civium
1398 2073 1465 2165 [aut
1485 2079 1603 2144 indicta
1626 2073 1732 2161 causa]

406 2169 527 2255 inpune
555 2178 665 2253 posset
695 2170 851 2234 occidere.
901 2171 958 2233 Est
980 2172 1063 2234 enim
1086 2191 1185 2236 unum
1207 2174 1273 2248 ius,
1297 2173 1372 2257 quoi
1395 2172 1540 2238 devincta
1562 2180 1610 2237 est
1632 2170 1735 2235 bomi-

407 2285 482 2327 num
504 2265 638 2328 societas
661 2273 693 2329 et
715 2264 803 2349 quod
825 2265 878 2328 lex
900 2266 1061 2329 constituit
1083 2287 1164 2343 una;
1187 2288 1268 2350 quae
1289 2267 1343 2330 lex
1366 2275 1414 2332 est
1433 2276 1517 2331 recta
1538 2267 1618 2331 ratio
1635 2267 1772 2351 impe-m

408 2357 499 2421 randi
521 2366 617 2442 atque
639 2359 847 2444 probibendit
870 2379 966 2443 quem
989 2361 1044 2442 qui
1066 2361 1206 2443 ignorat,
1227 2363 1255 2425 is
1278 2367 1326 2424 est
1344 2361 1496 2436 iniustus,
1519 2360 1586 2426 sive
1609 2367 1658 2424 est
1678 2359 1734 2423 illa

408 2452 524 2537 scripta
553 2453 677 2537 uspiam
708 2453 775 2517 sire
806 2473 973 2536 nusquam.
1018 2453 1112 2529 Quod
1142 2455 1168 2518 si
1196 2454 1316 2519 iustitia
1338 2462 1385 2518 est
1407 2455 1638 2541 obtemperatio
1657 2454 1735 2517 scri·

408 2546 471 2630 ptis
502 2544 623 2630 legibus
651 2548 868 2633 institutisque
898 2547 1087 2630 populorum
1117 2555 1149 2612 et
1178 2548 1222 2623 si,
1249 2555 1284 2612 ut
1310 2548 1413 2612 eidem
1442 2547 1568 2625 dicunt,
1598 2547 1733 2612 utilitate

410 2640 516 2704 omnia
538 2641 696 2704 metienda
718 2650 809 2715 sunt,
840 2642 986 2724 negleget
1008 2641 1095 2723 leges
1118 2661 1236 2725 easque
1257 2648 1456 2726 perrumpet,
1486 2641 1513 2705 si
1536 2642 1667 2723 poterit,
1695 2640 1734 2715 is,

408 2734 464 2818 qui
494 2734 555 2798 sibi
583 2754 652 2798 eam
675 2756 742 2800 rem
764 2735 958 2799 fructuosam
980 2736 1103 2820 putabit
1123 2735 1203 2799 iore.
1249 2737 1296 2799 lta
1316 2734 1353 2799 fit
1373 2743 1409 2798 ut
1430 2735 1517 2800 nulia
1539 2734 1580 2799 sit
1601 2736 1771 2799 omninote

408 2828 540 2903 iustitia,
563 2829 590 2892 si
614 2849 717 2912 neque
741 2837 854 2893 natura
876 2837 932 2904 est,
955 2849 1065 2915 eaque,
1089 2849 1171 2913 quae
1193 2836 1322 2914 propter
1336 2830 1504 2893 utilitatem
1521 2829 1733 2914 constituitur,

408 2922 545 2986 utilitate
572 2923 628 2987 illa
656 2923 854 2987 convellitur.
908 2920 959 2986 43.
992 2928 1114 3007 Atque,
1143 2923 1170 2986 si
1200 2931 1312 2987 natura
1341 2919 1561 2987 confirmatura
1590 2924 1640 2988 ius
1668 2944 1733 2987 non

409 3017 484 3091 erit,
512 3018 638 3081 virtutes
658 3038 759 3081 omnes
786 3018 946 3082 tollentur.
989 3018 1046 3081 Ubi
1069 3018 1154 3081 enim
1176 3017 1361 3094 liberalitas,
1390 3018 1444 3081 ubi
1466 3018 1587 3103 patriae
1609 3018 1733 3093 caritas,

408 3112 464 3174 ubi
487 3112 604 3195 pietas,
634 3111 689 3174 ubi
719 3119 773 3176 aut
799 3112 882 3175 bene
907 3110 1049 3175 merendi
1071 3112 1111 3173 dc
1133 3109 1232 3176 altero
1255 3119 1310 3176 aut
1330 3111 1515 3177 referendae
1537 3112 1657 3195 gratiae
1678 3131 1734 3175 ro-

408 3205 514 3269 luntas
538 3207 655 3288 poterit
676 3207 852 3270 exsisteret
884 3226 956 3269 nam
977 3206 1056 3269 baec
1078 3213 1252 3270 nascuntur
1273 3226 1314 3269 ex
1336 3227 1389 3281 eo,
1417 3206 1492 3290 quia
1519 3213 1632 3270 natura
1660 3222 1771 3290 pro-ee

408 3301 500 3384 pensi
536 3320 645 3363 sumus
677 3297 718 3363 ad
752 3300 933 3382 diligendos
964 3298 1130 3375 homines,
1167 3298 1255 3384 quod
1288 3300 1527 3364 fundamentum
1560 3299 1640 3363 iuris
1675 3306 1733 3364 est.

408 3396 520 3480 Neque
542 3394 645 3457 solum
667 3394 702 3456 in
723 3395 867 3457 homines
891 3395 1057 3477 obsequia,
1079 3394 1136 3457 sed
1159 3394 1253 3457 etiam
1275 3395 1308 3457 in
1331 3392 1407 3458 deos
1430 3394 1640 3458 caerimoniae
1662 3394 1735 3457 reli-

410 3487 585 3573 gionesque
617 3487 792 3562 tolluntur,
825 3508 905 3571 quas
933 3509 997 3551 non
1026 3496 1127 3563 metu,
1156 3486 1211 3552 sed
1242 3508 1279 3552 ea
1308 3489 1549 3563 coniunctione,
1578 3507 1659 3570 quae
1686 3495 1735 3551 est

408 3581 529 3645 bomini
552 3603 623 3645 cum
648 3581 724 3655 deo,
748 3581 981 3646 conservandas
1004 3589 1092 3665 puto.
1440 3642 1443 3649 .

494 3675 578 3738 XVI.
609 3676 702 3751 Quod
727 3676 753 3739 si
776 3677 968 3762 populorum
991 3676 1104 3751 iussis,
1134 3676 1161 3738 si
1183 3676 1364 3761 principum
1387 3674 1536 3751 decretis,
1559 3676 1586 3741 si
1609 3683 1773 3743 senten-se

410 3769 465 3833 tiis
495 3769 635 3833 iudicum
662 3772 729 3833 iura
758 3771 1042 3846 constituerentur,
1070 3771 1120 3835 ius
1148 3779 1231 3834 esset
1252 3768 1448 3846 latrocinari,
1478 3771 1527 3835 ius
1549 3770 1737 3847 adulterare,

410 3863 460 3926 ius
483 3870 670 3928 testamenta
691 3864 770 3929 falsa
793 3885 982 3949 supponere,
1005 3865 1032 3928 si
1054 3865 1134 3929 baec
1157 3864 1314 3946 suffragiis
1336 3872 1392 3927 aut
1413 3863 1502 3927 scitis
1525 3863 1737 3929 multitudinis

412 3957 632 4041 probarentur.
684 3953 735 4021 it.
764 3960 853 4035 Quae
876 3959 902 4022 si
925 3967 1012 4022 tanta
1033 3966 1173 4042 potestas
1195 3967 1244 4022 est
1265 3957 1430 4022 stultorum
1452 3959 1620 4022 sententiis
1641 3967 1737 4043 atque

410 4050 526 4128 iussis,
547 4058 583 4114 ut
605 4072 716 4116 eorum
738 4054 896 4135 suffragiis
918 4072 1024 4116 rerum
1046 4061 1160 4117 natura
1181 4060 1322 4117 vertatur
1328 4099 1339 4130 ,
1362 4072 1418 4116 cur
1440 4072 1503 4116 non
1525 4055 1671 4118 sanciunt
1692 4059 1738 4130 ut,

477 4314 500 4363 l.
519 4313 613 4364 obrem
630 4316 665 4373 ll;
684 4318 704 4367 Α
722 4312 775 4366 ori
796 4316 885 4366 inras.
905 4313 987 4366 babet
1004 4339 1031 4351 -
1050 4328 1101 4364 ooo
1117 4313 1278 4377 quomodeli
1298 4338 1325 4349 -
1344 4313 1412 4362 ducti
1427 4311 1489 4363 B¹ll
1507 4337 1536 4349 -
1554 4313 1597 4363 red
1611 4312 1659 4365 AB
1677 4326 1736 4378 sup.

409 4387 469 4440 lim:
488 4402 542 4440 om.
556 4390 587 4451 il,
606 4403 693 4441 cenam
710 4391 743 4444 0;
763 4389 1052 4446 ct.Tac.Ann.1V,35
1069 4390 1105 4441 in.
1126 4418 1153 4426 -
1177 4391 1200 4440 t.
1220 4394 1329 4451 agrestes
1344 4385 1410 4447 Am,
1428 4387 1477 4438 sed
1494 4385 1576 4437 babet
1591 4388 1614 4438 Α
1631 4388 1656 4438 in
1673 4400 1737 4448 ras.;

410 4468 551 4513 4444444444
567 4465 606 4526 1³¹,
624 4466 721 4529 egressi
738 4471 807 4514 testes
824 4466 845 4515 H
865 4490 891 4500 -
911 4464 1105 4514 erubescendam
1121 4463 1269 4515 uero.illud
1286 4463 1323 4520 H;
1342 4462 1488 4513 madescam
1503 4464 1525 4512 A
1541 4463 1633 4512 taras.
1646 4461 1737 4525 babet,

410 4551 442 4588 ao
460 4551 525 4589 sane
543 4540 691 4590 verendum
709 4542 751 4590 est
768 4542 797 4590 ut
812 4540 847 4589 ita
861 4539 914 4589 Cic.
933 4540 1077 4604 scripserit.
1096 4567 1129 4578 -
1146 4539 1170 4592 i.
1185 4540 1282 4589 marito
1294 4539 1410 4589 Ernesti:
1427 4538 1477 4588 sita
1489 4536 1518 4598 C,
1535 4538 1599 4587 reita
1616 4536 1658 4588 ed.
1674 4540 1738 4589 vett.

411 4616 438 4663 et
455 4613 489 4674 0,
512 4616 557 4677 qui
573 4615 599 4664 ia
617 4628 678 4665 cum
696 4615 825 4678 Madvigio
842 4614 956 4665 inclusit.
986 4642 1012 4652 -
1042 4615 1148 4666 etiamne
1164 4616 1185 4665 si
1201 4615 1259 4666 AB*
1280 4614 1335 4677 (sed
1353 4614 1380 4664 in
1395 4614 1418 4664 Α
1434 4613 1486 4663 aeri
1502 4625 1561 4677 sup.
1574 4610 1619 4663 lin.
1638 4625 1676 4665 m.
1687 4611 1737 4675 tl:

410 4690 486 4740 etiam
502 4691 551 4739 aiei
568 4688 629 4741 B¹il
649 4718 674 4727 -
695 4703 761 4753 quae
777 4692 796 4741 B
814 4704 882 4741 corr.
902 4704 933 4741 ex
952 4694 995 4753 qai
1022 4716 1049 4728 -
1076 4693 1101 4741 5.
1120 4698 1177 4741 ruat
1194 4690 1236 4741 ed.
1259 4682 1737 4754 Stepb.:eentA¹,eiotA²Bl10-

410 4764 471 4828 tegis
487 4761 556 4814 A¹B¹
575 4790 599 4800 -
620 4766 673 4826 inp.
692 4767 711 4815 B
730 4789 758 4802 -
777 4765 802 4816 6.
820 4766 967 4816 athesim
984 4766 1013 4816 8¹
1032 4793 1058 4804 ·-
1086 4767 1110 4816 t.
1129 4780 1173 4817 coe
1190 4768 1226 4817 C:
1243 4765 1290 4815 bae
1307 4766 1326 4814 0
1345 4789 1372 4801 -
1391 4762 1569 4828 casaturi
1597 4785 1623 4799 -
1650 4759 1741 4815 8.'aat

409 4839 506 4888 indicta
522 4839 691 4902 (indictae13’)
708 4854 788 4891 cauea
805 4841 868 4891 Bil:
891 4841 1053 4891 eaeiadicta
1071 4842 1155 4903 lcorr.
1174 4843 1190 4891 2
1207 4853 1243 4891 m.
1260 4838 1397 4901 clediatae)
1419 4850 1497 4888 caasa
1514 4839 1548 4896 At
1574 4842 1620 4888 aut
1636 4850 1690 4888 om.
1703 4838 1737 4899 0;

409 4916 449 4965 oei
459 4915 510 4965 iad.
523 4928 545 4964 c.
560 4918 688 4976 Goerenz,
706 4920 752 4965 aot
768 4915 820 4965 iad.
839 4929 917 4965 cauea
935 4914 1050 4981 glossam
1068 4914 1103 4965 ad
1120 4917 1219 4978 impune
1235 4926 1296 4965 esse
1308 4912 1435 4963 intellexit
1446 4909 1587 4974 Feldbligei
1606 4936 1633 4949 -
1653 4911 1677 4963 9.
1690 4912 1740 4962 inr-

406 5004 476 5054 puoe
493 4990 573 5041 utto
591 5016 618 5026 -
633 4990 712 5054 possit
728 4989 766 5050 [3¹.
781 4992 907 5054 possedit
928 5017 955 5027 -
975 4992 1034 5054 quoi
1052 5004 1115 5041 uos:
1133 5002 1203 5054 quoe
1222 4993 1252 5050 4,
1271 4988 1337 5053 quod
1355 4986 1392 5049 13¹,
1411 5001 1459 5050 qao
1476 4985 1563 5037 444Ηο
1580 5010 1608 5022 -
1628 4986 1669 5037 40.
1686 4999 1740 5037 arra

411 5078 477 5131 qaae
492 5064 535 5114 tec
550 5071 610 5115 esset
626 5071 696 5116 recta
711 5068 732 5116 Α
751 5067 808 5129 (sed
820 5071 879 5117 erret
891 5079 927 5116 m.
940 5067 956 5115 2
968 5067 994 5116 in
1006 5069 1078 5127 ras),
1096 5080 1150 5116 aaa
1166 5081 1230 5130 qaae
1246 5066 1289 5117 tear
1305 5080 1334 5129 q;
1346 5063 1362 5117 e‘
1374 5070 1445 5117 recte
1461 5067 1499 5126 (q,·
1511 5065 1673 5127 expunctum
1690 5061 1739 5123 est)

410 5140 440 5200 B,
458 5139 831 5203 ueawleoeqaaeertrectoll
851 5146 877 5179 -'-
898 5142 937 5190 ⁴2.
950 5138 1034 5203 optli
1056 5166 1083 5178 -
1103 5141 1143 5191 43.
1156 5142 1307 5192 edentii:
1326 5140 1433 5200 iderll,
1450 5138 1557 5190 iidemO
1578 5165 1605 5175 -
1624 5138 1739 5190 timer-

410 5216 496 5267 tieado
506 5213 572 5265 A¹B¹
590 5242 617 5252 -
636 5216 743 5280 occupet
754 5215 783 5265 8¹
803 5238 829 5252 -
850 5215 1061 5277 sapaudiae
1081 5240 1108 5250 -
1128 5214 1168 5266 ta.
1181 5218 1233 5268 riae
1243 5216 1607 5279 centumcentumn
1621 5239 1648 5251 -
1661 5225 1740 5276 eaque

411 5304 477 5353 quoe
493 5292 625 5341 Goerenz:
651 5304 681 5341 ea
697 5304 763 5354 quoe
778 5293 809 5351 Α,
827 5303 875 5340 aea
891 5302 956 5352 quae
972 5291 1002 5350 a,
1020 5291 1137 5353 eoqaeii
1165 5318 1191 5328 -
1220 5292 1260 5343 ⁴7.
1280 5292 1325 5342 itta
1343 5292 1376 5343 C:
1401 5291 1456 5342 atie
1471 5290 1491 5340 0
1509 5300 1571 5339 cum
1589 5285 1632 5337 ed.
1646 5287 1737 5352 steph.

412 5362 498 5429 (prob.
513 5365 641 5428 Madvigio
659 5367 685 5415 lu
703 5366 848 5416 emendati.
868 5378 893 5429 p.
907 5362 962 5427 44),
984 5366 1040 5428 ipse
1058 5363 1137 5416 codd.
1156 5364 1255 5430 aliquot
1272 5366 1348 5426 dett,
1366 5366 1474 5417 atiluate
1489 5364 1535 5414 illa
1552 5361 1651 5413 moure
1667 5363 1737 5414 conl.

412 5437 569 5496 Lambinus;
588 5441 644 5505 ipse
662 5441 773 5503 cogitavi
791 5438 947 5503 aliquando:
965 5440 1070 5491 utilitate
1087 5440 1168 5492 inlata
1186 5468 1212 5478 -
1232 5442 1304 5505 atqui
1320 5437 1391 5493 Μ’
1409 5467 1436 5477 -
1455 5435 1656 5504 ranemundus
1671 5440 1739 5490 A²it¹

414 5542 440 5552 -
461 5515 501 5566 48.
519 5517 624 5565 virtuter
640 5528 723 5566 omnes
739 5514 818 5565 codd.
833 5513 949 5565 nonnulli
968 5514 1044 5565 dett:
1063 5516 1151 5567 om.C
1172 5542 1199 5553 -
1225 5517 1347 5566 tollantur
1363 5516 1383 5567 C
1401 5540 1429 5552 -
1447 5514 1546 5566 liberali
1562 5512 1605 5563 obi
1621 5514 1688 5564 A¹B¹
1708 5542 1735 5552 -

412 5589 452 5639 49.
469 5590 649 5653 praeferendae
665 5591 720 5651 ΑΒ,
737 5592 914 5653 praeparanda
932 5590 953 5639 ll
973 5616 999 5626 -
1019 5590 1059 5641 20.
1079 5591 1123 5653 qui
1141 5592 1218 5655 (corr.
1232 5592 1305 5655 quod)
1324 5597 1438 5641 arcturo
1455 5590 1486 5649 H,
1505 5589 1653 5652 quirmtura
1669 5589 1735 5651 All¹,

412 5667 477 5728 quod
493 5671 546 5715 eat.
566 5663 624 5715 13²0
647 5693 668 5703 -
688 5668 952 5728 properaremus,
970 5666 1018 5717 sed
1036 5667 1170 5716 miramur
1187 5668 1212 5717 ia
1229 5680 1281 5718 ras.
1303 5692 1329 5705 -
1349 5668 1390 5717 it.
1409 5666 1453 5716 deo
1471 5664 1493 5715 li
1511 5689 1538 5701 -
1561 5662 1603 5714 23.
1621 5662 1738 5713 tollentur

412 5738 556 5790 Lambinus
575 5767 601 5777 -
621 5754 684 5803 quar
700 5748 779 5791 metm
794 5746 818 5792 et
833 5755 864 5791 ea
881 5743 943 5805 (om.
956 5742 1013 5804 aaa)
1031 5742 1077 5792 ΑΒ
1097 5767 1124 5778 -
1144 5748 1178 5791 ert
1195 5742 1221 5791 ic
1238 5742 1330 5793 bomini
1347 5743 1369 5791 Α
1386 5765 1414 5777 -
1432 5737 1474 5790 il.
1492 5753 1549 5790 cum
1565 5740 1610 5789 deo
1627 5738 1664 5790 li:
1685 5752 1734 5804 quo

411 5815 456 5866 deo
473 5814 513 5875 ΑΒ
530 5816 597 5878 quod
613 5829 653 5865 eos
670 5816 698 5876 B,
716 5829 772 5866 cam
789 5816 840 5866 deis
856 5817 903 5868 ΑΒ
921 5830 989 5867 corr.
1010 5841 1037 5854 —
1056 5817 1239 5867 commender
1256 5817 1278 5869 li
1297 5843 1323 5855 -
1343 5817 1384 5868 ti.
1402 5815 1506 5880 arebat
1524 5841 1551 5851 -
1572 5819 1617 5866 aar
1632 5815 1687 5866 sitia
1702 5814 1734 5878 ii,

411 5894 435 5941 et
450 5891 517 5940 444444
532 5888 650 5941 malebat
661 5891 730 5942 Bake
750 5917 777 5929 -
796 5891 837 5943 28.
855 5892 921 5957 qaod
936 5893 958 5942 rt
974 5892 996 5944 ll
1016 5919 1041 5930 -
1059 5897 1168 5957 44444444
1184 5892 1297 5945 etiamll
1316 5892 1377 5959 (non
1385 5891 1506 5957 poterim,
1524 5893 1554 5943 ut
1567 5890 1603 5942 ait
1613 5889 1692 5956 Bake)
1705 5915 1733 5930 -

410 5963 453 6015 49.
470 5969 499 6015 at
515 5977 622 6032 guorion
637 5967 715 6019 A¹Bt
