4342 7459
437 1211 498 1276 too
671 1244 673 1248 -
805 1200 820 1240 ⁶
933 1214 987 1278 ur
1009 1207 1277 1276 nrvmarvoue

565 1372 669 1434 Exin
694 1380 940 1459 prostratum
963 1380 1085 1445 terra,
1107 1371 1287 1452 graviter
1308 1369 1503 1443 saucium,

566 1466 813 1546 Resupinum
837 1468 875 1528 in
897 1465 1009 1528 caelo
1032 1465 1224 1528 contueri
1248 1465 1457 1529 maximum
1478 1483 1520 1527 ac

566 1558 787 1622 bliriilcum
811 1556 1287 1621 lacinus:·dextr0rsum
1310 1558 1443 1621 orbem
1465 1557 1689 1621 flammeum
1793 1624 1799 1636 ⁸

566 1654 768 1716 Radiatum
791 1652 898 1716 solis
923 1653 1073 1736 liquier
1095 1674 1214 1716 cursu
1236 1673 1349 1715 novo.

414 1744 489 1809 sib.
516 1747 592 1807 Eius
622 1746 718 1829 igitur
745 1747 859 1810 somnii
885 1768 904 1809 a
926 1747 1266 1830 coniectoribusquae
1296 1748 1337 1809 sit
1359 1747 1581 1829 interpretatio
1601 1746 1700 1822 iacta,
1731 1747 1778 1809 vi·

439 1843 587 1903 deamus:
621 1923 623 1928 Α
1465 1832 1468 1841 ’

566 1937 662 2011 lter,
685 1955 786 2018 quae
810 1934 848 1995 iu
871 1936 950 1998 vita
973 1941 1174 2019 usurpant
1195 1935 1391 2010 homines,
1415 1936 1608 2018 cogitant,
1625 1941 1777 2007 curant,

661 2109 663 2116 Ι
1202 2028 1359 2103 vident,

565 2114 760 2206 Quaeque
792 2132 915 2205 agust
947 2123 1171 2206 vigilantes
1207 2123 1466 2206 agitantque,
1500 2142 1543 2186 ea
1575 2123 1609 2186 si
1640 2122 1707 2188 cui
1736 2124 1779 2188 in

1203 2238 1339 2280 somno
1362 2216 1570 2292 accidunt,

566 2313 696 2377 Minus
734 2313 955 2376 mirandum
997 2321 1076 2375 est:
1121 2312 1159 2374 di
1197 2332 1277 2375 rem
1316 2319 1459 2375 tantam
1500 2311 1595 2379 haut
1626 2321 1778 2376 temere

1202 2406 1420 2487 inproviso
1453 2404 1649 2482 ollerunt.

567 2502 685 2563 Proin
714 2499 806 2564 vide
837 2520 899 2574 ne,
930 2521 1044 2582 quem
1075 2509 1118 2562 tu
1141 2519 1229 2563 esse
1251 2499 1431 2563 hebetem
1454 2500 1624 2583 deputes
1647 2520 1778 2584 aeque

1200 2614 1245 2657 ac
1267 2614 1403 2678 pecus,

568 2690 602 2750 ls
626 2690 830 2772 sapientia
852 2690 1044 2753 munitum
1068 2698 1211 2772 pectus
1234 2688 1443 2771 egregium
1465 2696 1576 2772 gerat

566 2785 703 2866 Teque
725 2803 846 2866 regno
871 2783 1072 2868 expellat:
1095 2804 1182 2846 nam
1204 2783 1242 2846 id
1264 2782 1371 2865 quod
1394 2781 1440 2846 de
1462 2782 1549 2847 sole
1573 2790 1777 2847 ostentum

1202 2877 1381 2951 esttibi,

568 2971 716 3053 Populo
740 2972 1081 3034 commutationem
1105 2991 1236 3034 rerum
1259 2970 1470 3055 portendit
1491 2970 1577 3037 iore
1611 3013 1614 3029 .

568 3068 917 3150 Perpropinquam.
957 3065 1062 3128 Haec
1090 3066 1189 3128 bene
1223 3073 1463 3127 verruncent
1495 3066 1664 3148 populo:
1697 3086 1777 3130 nam

1203 3160 1307 3243 quod
1330 3158 1377 3222 ad
1401 3159 1607 3222 dexteram

568 3253 1776 3337 Cepitcursumablaevasignumpraepotens,pulcherrume

565 3352 799 3429 Auguratum
823 3357 881 3411 est
903 3369 978 3411 rem
1001 3349 1206 3410 Romanam
1229 3346 1422 3430 publicam
1446 3366 1624 3412 summam
1647 3349 1749 3416 iore.

526 3442 641 3504 xxiii.
657 3438 708 3504 to.
731 3448 796 3524 Age
820 3462 903 3504 nunc
926 3443 965 3504 ad
982 3451 1116 3506 externa
1130 3442 1307 3504 redeamus.
1329 3443 1462 3504 Matrem
1476 3441 1654 3518 Phalaridis
1669 3444 1776 3511 scribit

439 3537 591 3600 Ponticus
620 3536 823 3609 Heraclides,
852 3538 965 3599 doctus
994 3537 1055 3610 vir,
1082 3536 1209 3599 auditor
1237 3543 1269 3597 et
1290 3535 1464 3617 discipulus
1491 3535 1649 3611 Platonis,
1676 3538 1773 3604 visan

401 3648 430 3693 ss
441 3650 510 3692 esse
534 3628 640 3690 videre
662 3632 693 3692 in
718 3631 838 3692 somnis
861 3630 1030 3694 simulacra
1045 3630 1195 3702 deorum,
1218 3650 1300 3712 quae
1324 3630 1393 3713 ipsa
1408 3629 1493 3693 domi
1507 3634 1773 3696 enumeramus:

441 3746 481 3787 ex
504 3725 543 3786 iis
558 3725 750 3786 Mercurium
767 3745 783 3785 e
800 3732 924 3805 patera,
949 3745 1044 3807 quarn
1061 3726 1193 3786 dextera
1207 3744 1302 3785 manu
1318 3732 1450 3797 teneret,
1469 3725 1658 3806 sanguinem
1674 3726 1774 3788 visum

442 3840 511 3880 esse
535 3818 681 3891 tundere,
711 3819 766 3899 qui
798 3839 868 3879 cum
892 3826 1007 3881 terram
1032 3818 1204 3900 attigisset,
1234 3817 1446 3881 refervescere
1468 3818 1713 3898 videretursic,
1741 3824 1774 3880 ut

442 3921 506 3973 tutu
539 3913 651 3973 doinus
684 3913 839 3993 sauguine
871 3912 1072 3975 redundaret.
1116 3911 1209 3985 Quod
1238 3913 1345 3974 matris
1373 3912 1530 3975 somnium
1559 3911 1699 3995 inmanis
1720 3908 1772 3975 tilii

441 4006 609 4067 crudelitas
638 4006 854 4088 conprobavit.
892 4006 977 4081 Quid
1008 4026 1083 4087 ego,
1112 4026 1194 4087 quae
1222 4006 1304 4088 magi
1335 4006 1416 4089 Cyro
1446 4005 1491 4066 illi
1521 4005 1657 4088 principi
1681 4007 1774 4069 iuter·

402 4116 430 4161 3ο
442 4102 554 4184 prelati
585 4103 659 4174 sint,
690 4122 730 4163 er
752 4102 885 4164 Dinonis
909 4102 1040 4163 Persicis
1064 4101 1247 4183 proseram‘l
1281 4099 1362 4162 Nam
1386 4121 1456 4162 cum
1480 4100 1649 4161 dormienti
1673 4099 1703 4161 ei
1726 4097 1772 4161 sol

440 4197 478 4257 ad
503 4196 601 4276 pedes
625 4198 708 4257 visus
731 4206 830 4269 esset,
860 4206 907 4258 ter
930 4216 1001 4257 eum
1025 4196 1133 4258 scribit
1159 4193 1274 4257 frustra
1296 4194 1488 4278 adpetivisse
1511 4195 1674 4267 manibus,
1703 4214 1773 4255 cum

441 4312 475 4352 se
505 4291 696 4352 convolvens
725 4290 772 4351 sol
797 4291 974 4352 elaberetur
1005 4299 1037 4352 et
1059 4290 1180 4350 abiret:
1210 4290 1238 4351 ei
1261 4309 1370 4370 magos
1392 4289 1528 4361 dixisse,
1558 4287 1645 4368 quod
1676 4306 1773 4370 genus

441 4386 632 4468 sapientium
656 4394 687 4445 et
710 4384 874 4445 doctorum
897 4384 1070 4447 habebatur·
1094 4383 1126 4444 in
1149 4385 1269 4457 Persis,
1293 4402 1333 4444 ex
1355 4382 1470 4465 triplici
1486 4381 1682 4464 adpetitione
1697 4381 1773 4445 solis

442 4481 567 4562 triginta
590 4499 691 4540 annos
709 4480 821 4563 Cyrum
838 4488 1049 4566 regnaturum
1073 4498 1143 4540 csse
1167 4478 1324 4559 portendi.
1361 4475 1455 4551 Quod
1471 4476 1515 4538 ita
1531 4475 1673 4556 contigit.
1697 4476 1772 4536 Nam

506 4725 527 4769 t,
548 4724 629 4770 immo
648 4722 723 4768 eeivn.
747 4749 771 4755 —
791 4725 934 4780 pronatum
953 4719 981 4768 A¹
1001 4747 1022 4753 ··
1044 4726 1128 4768 terrae
1146 4722 1254 4767 Parcus
1270 4745 1296 4753 -—
1315 4719 1337 4766 22
1358 4719 1469 4765 maximo
1486 4715 1523 4772 13¹.
1542 4729 1693 4765 martimum
1709 4716 1730 4764 0
1745 4740 1769 4754 ι-

439 4811 469 4845 uc
487 4796 585 4845 delevit
602 4795 735 4844 Ribbeck:
755 4796 781 4842 in
799 4800 818 4842 Α
838 4799 879 4844 est
895 4797 930 4843 Ac
946 4796 1089 4855 mirificum.
1112 4823 1138 4831 -
1158 4794 1182 4843 l.
1201 4794 1291 4852 iiquier
1308 4793 1368 4841 cod.
1389 4791 1551 4841 Bulliolensis
1568 4795 1637 4841 teste
1655 4791 1770 4841 Davisio:

438 4873 546 4931 iiuquicr
563 4872 596 4925 C.
625 4870 672 4919 scd
697 4870 717 4918 ll
743 4883 812 4917 corr.
832 4871 898 4916 uit
927 4884 957 4917 ex
976 4869 1096 4932 linquere.
1123 4897 1147 4905 -
1178 4872 1201 4917 5.
1221 4870 1309 4916 sumaii
1327 4867 1352 4930 n]
1370 4870 1467 4916 seminia
1484 4868 1532 4916 ΒΗ
1561 4895 1584 4902 -
1619 4866 1772 4929 conpectori-

438 4947 520 4994 busll
547 4973 571 4980 -
597 4947 620 4993 7.
641 4948 715 5006 depes
733 4946 764 5002 li,
789 4943 836 4992 sed
854 4959 871 5004 p
887 4946 911 4992 iu
929 4957 996 5000 ras..
1021 4959 1107 4992 rerum
1125 4946 1160 4999 ll,
1179 4959 1218 4993 res
1237 4942 1305 4991 Ψ-
1328 4944 1352 4993 9.
1371 4958 1401 4992 eo
1418 4945 1480 4992 sicut
1497 4946 1524 4993 in
1542 4943 1605 4992 iiv2
1624 4969 1651 4977 -
1671 4941 1711 4995 to.
1729 4954 1772 4990 ac·

438 5023 525 5068 sidunt
544 5020 574 5066 V*
587 5046 612 5052 -
634 5021 673 5067 tt.
692 5021 774 5065 nvinns
791 5019 936 5065 mirandum
953 5024 1002 5066 est:
1022 5020 1046 5064 di
1065 5032 1117 5066 rem
1135 5024 1231 5067 tantam
1253 5032 1315 5067 nos:
1335 5019 1416 5066 miuus
1433 5018 1578 5065 mirandum
1595 5020 1630 5065 est
1646 5017 1689 5065 sed
1704 5018 1731 5065 in
1746 5028 1773 5065 re

438 5101 510 5142 tanta
528 5094 584 5151 CO,
602 5095 683 5141 miuus
699 5095 792 5141 mirum
810 5100 854 5152 est,
873 5094 914 5141 sed
931 5094 955 5140 di
972 5107 1025 5141 rem
1041 5100 1140 5141 invitum
1157 5092 1274 5141 Ribbeck
1294 5107 1354 5144 uuus
1368 5093 1536 5141 Neukirchio.
1555 5119 1580 5127 -
1601 5092 1670 5140 baud
1686 5097 1774 5141 tem

439 5171 458 5219 B
478 5172 502 5218 iu
521 5181 572 5216 ras.
595 5195 621 5203 -
648 5170 686 5217 tt.
706 5170 833 5229 inprouiso
851 5171 958 5229 offerunt
977 5169 1013 5217 C:
1038 5170 1092 5216 cisa
1109 5183 1134 5217 se
1151 5171 1257 5231 offerunt
1275 5171 1408 5225 Davisius¹
1432 5170 1513 5216 inuisa
1534 5181 1559 5216 se
1581 5168 1689 5228 efferum
1711 5165 1773 5216 llut-

439 5248 533 5305 iiuger,
552 5245 685 5305 improuiso
702 5246 822 5304 inpruunt
843 5244 911 5291 coni.
930 5240 1016 5290 Orelli.
1038 5268 1063 5276 -
1092 5243 1131 5291 43.
1147 5246 1253 5304 proinde
1271 5245 1301 5294 Η1
1322 5273 1348 5280 -
1374 5246 1477 5307 deputas
1495 5245 1515 5293 ll
1543 5271 1568 5279 -
1594 5243 1635 5292 lii.
1656 5242 1687 5292 To
1704 5242 1725 5292 ll
1742 5267 1773 5278 ·-

440 5320 479 5369 vo.
500 5321 714 5380 l'erpropiuqucm
731 5317 886 5366 Turnebus:
908 5318 1098 5378 pcrpropinqua
1114 5319 1208 5377 ARV,
1225 5319 1405 5382 propinquoll
1432 5347 1457 5354 --
1485 5322 1622 5366 ueruncent
1643 5317 1677 5379 C,
1704 5320 1732 5366 at
1748 5325 1771 5364 v.

439 5395 523 5443 verro
545 5393 578 5442 de
603 5394 629 5441 L.
651 5395 676 5441 L.
697 5392 738 5440 Vll
763 5392 851 5452 gibi.
875 5418 900 5425 -
928 5393 969 5439 20.
988 5393 1152 5441 edeciment
1173 5395 1201 5443 Β1
1222 5422 1246 5431 -
1273 5396 1313 5443 et.
1332 5397 1414 5455 caepit
1432 5398 1467 5451 rt,
1486 5394 1564 5454 coepit
1582 5392 1630 5442 ΒΟ
1650 5418 1676 5428 -
1697 5403 1773 5446 ..Μ

439 5470 479 5527 V¹‚
502 5482 589 5517 casnm
607 5470 638 5513 ve
660 5494 692 5502 -
718 5468 751 5515 ad
768 5468 825 5514 teuu
842 5467 861 5513 ll
888 5493 921 5501 -
945 5467 1144 5526 pueherrnmeB
1170 5496 1203 5503 -
1229 5471 1268 5517 aa.
1287 5472 1344 5530 ipsa
1360 5470 1426 5518 dorni
1444 5469 1562 5518 Marsus:
1589 5470 1647 5529 ipse
1659 5466 1773 5530 plotae

438 5545 587 5606 (phalaridis
604 5540 640 5603 θ’)
665 5543 731 5591 dorni
749 5543 783 5600 e,
808 5543 858 5601 ipse
875 5541 989 5590 Phalaris
1011 5544 1077 5591 domi
1095 5545 1163 5592 coni.
1185 5545 1313 5593 Davisius.
1345 5573 1370 5580 -
1398 5544 1439 5593 26.
1459 5546 1490 5591 iis
1507 5543 1583 5592 flav:
1607 5542 1716 5600 isam,
1737 5541 1772 5589 tis

440 5621 488 5669 ΗΟ
507 5647 532 5654 -
548 5626 623 5681 poter
641 5619 709 5667 Dl—
730 5618 821 5666 dectra
839 5617 858 5664 0
874 5642 900 5651 -
919 5618 960 5665 28.
979 5631 1092 5666 somnum
1111 5618 1130 5666 ll
1149 5645 1181 5652 —
1198 5619 1239 5667 29.
1259 5621 1301 5666 itte
1319 5619 1348 5667 13¹
1362 5646 1388 5654 -
1408 5619 1448 5667 30.
1467 5620 1516 5668 sint
1532 5618 1591 5667 BV:
1610 5621 1670 5666 sunt
1686 5615 1770 5674 sito,

439 5695 487 5744 sed
506 5695 531 5743 in
549 5698 568 5743 Α
593 5691 688 5742 eadem
712 5705 747 5742 m.
766 5694 816 5740 sint
834 5705 902 5740 corr.
925 5719 950 5726 -
977 5693 1082 5741 Dinonis
1099 5694 1202 5742 Persicis
1219 5688 1380 5742 Gulielmus:
1405 5695 1503 5742 divionis
1520 5692 1624 5754 persicis
1644 5691 1715 5739 librit
1733 5689 1769 5748 ⁸¹.

439 5770 547 5818 diuonisi
566 5769 679 5828 (dionisii
697 5768 730 5829 ll)
751 5766 853 5828 persicis
870 5766 939 5813 libris
957 5768 1077 5816 ABtllV
1098 5795 1123 5802 —
1149 5767 1188 5815 32.
1208 5768 1311 5817 uoluens
1328 5770 1348 5817 Η
1369 5794 1394 5802 -
1415 5767 1451 5816 sol
1468 5766 1566 5817 delevit
1582 5767 1728 5830 llottiuger.
1744 5791 1768 5802 -

439 5845 461 5892 ci
479 5856 537 5906 sup.
551 5843 595 5892 lin.
610 5845 646 5897 D;
666 5848 688 5892 et
699 5857 786 5906 inopes
803 5842 870 5890 coni.
884 5842 1011 5890 Foertsch
1028 5842 1044 5891 l.
1058 5856 1081 5891 c.
1097 5855 1155 5905 pag.
1167 5842 1212 5899 ll;
1233 5846 1259 5892 ut
1276 5845 1298 5891 ei
1316 5844 1389 5904 sotis,
1408 5844 1512 5906 opinor,
1525 5840 1678 5892 detenditur
1694 5836 1770 5891 simili

440 5930 490 5967 usu
508 5917 539 5981 53
556 5917 588 5969 l8
606 5922 633 5967 et
649 5919 690 5968 sa.
711 5945 738 5953 -
761 5918 802 5967 33.
820 5917 959 5979 emensum
976 5918 996 5967 0
1015 5943 1040 5953 -
1061 5917 1102 5968 et.
1121 5918 1241 5981 continuit
1257 5916 1295 5967 θ’.
