4342 7459
760 1284 829 1351 nn.
851 1288 876 1352 1.
906 1286 979 1354 cn.
1001 1289 1143 1355 x-x1.
1171 1286 1217 1374 §s
1239 1286 1387 1358 at-ar.
1695 1285 1737 1351 sc

408 1456 557 1541 voluptas
587 1456 779 1520 assumenda
808 1465 872 1533 est,
901 1461 1003 1525 omnis
1033 1461 1126 1525 dolor
1147 1460 1365 1545 depellendus.
1401 1463 1611 1547 Temporibus
1632 1467 1738 1526 autem

409 1551 600 1639 quibusdam
624 1558 657 1615 et
678 1560 733 1615 aut
754 1552 869 1617 officiis
891 1555 1005 1619 debitis
1027 1562 1082 1619 aut
1101 1576 1207 1619 rerum
1229 1558 1472 1622 necessitatibus
1493 1578 1589 1642 saepe
1604 1557 1739 1630 eveniet,

407 1654 444 1712 ut
463 1653 497 1710 et
517 1646 701 1730 voluptates
721 1647 939 1729 repudiandae
961 1650 1025 1712 sint
1046 1655 1078 1712 et
1100 1649 1265 1713 molestiae
1286 1671 1351 1713 non
1380 1652 1583 1716 recusandae.
1627 1652 1738 1732 ltaque

407 1760 519 1804 earum
539 1760 647 1803 rerum
668 1739 722 1803 bic
744 1748 869 1805 tenetur
889 1761 908 1804 a
930 1743 1074 1826 sapiente
1097 1743 1256 1818 delectus,
1278 1751 1313 1808 ut
1334 1752 1389 1807 aut
1409 1745 1577 1808 reiciendis
1593 1744 1739 1828 volupta-

407 1836 495 1899 tibus
516 1836 656 1899 maiores
677 1835 756 1899 alias
778 1846 994 1920 consequatur
1014 1845 1068 1901 aut
1089 1835 1285 1920 perferendis
1308 1837 1471 1902 doloribus
1493 1839 1668 1922 asperiores
1688 1850 1760 1901 rea

406 1930 516 2014 pellat.
559 1926 612 1994 3t.
641 1928 731 1994 Hanc
762 1950 822 2014 ego
845 1952 916 1994 cum
940 1939 1064 1995 teneam
1087 1932 1291 2004 sententiam,
1322 1933 1399 2016 quid
1422 1939 1469 1997 est
1490 1954 1547 1997 cur
1567 1953 1678 1998 verear
1697 1954 1739 1996 ne

406 2024 448 2089 ad
470 2046 543 2089 eam
563 2045 631 2089 non
653 2025 774 2109 possim
793 2027 1033 2090 accommodare
1048 2027 1225 2109 Torquatos
1240 2031 1387 2091 nostros‘t
1410 2048 1491 2111 quos
1506 2035 1540 2091 ιιι
1554 2029 1650 2110 paulo
1666 2035 1739 2092 aute

406 2140 481 2183 eum
509 2113 712 2194 memoriter,
740 2128 805 2183 tum
828 2120 923 2184 etiem
946 2139 1020 2202 erga
1042 2139 1101 2181 nos
1123 2120 1222 2182 amice
1245 2127 1277 2183 et
1297 2120 1453 2184 benevole
1474 2122 1649 2205 collegisti3
1679 2141 1739 2186 nec

406 2233 457 2278 me
479 2220 588 2277 tamen
609 2213 779 2278 laudandis
802 2214 972 2279 maioribus
994 2214 1074 2277 meis
1096 2214 1263 2297 corrupisti
1278 2233 1337 2278 nec
1352 2217 1530 2299 segniorem
1545 2216 1586 2281 ad
1605 2236 1739 2300 respon·

407 2306 548 2372 deudum
561 2306 742 2373 reddidisti.
765 2307 910 2384 Quorum
929 2308 1010 2372 lacta
1026 2328 1120 2392 quern
1135 2307 1175 2371 ad
1190 2308 1333 2383 modum,
1348 2329 1480 2393 quaeso,
1501 2312 1776 2394 interpretaristtt

408 2403 513 2466 Sicine
535 2422 590 2466 eos
613 2421 727 2465 censes
748 2409 804 2465 aut
825 2402 858 2464 in
879 2408 1033 2466 armatum
1054 2402 1177 2465 hostem
1200 2403 1354 2486 impetum
1377 2403 1492 2468 iecisse
1505 2411 1560 2469 aut
1573 2405 1607 2468 in
1621 2404 1739 2468 liberos

408 2503 504 2580 atque
532 2496 566 2559 in
594 2496 781 2577 sanguinem
813 2516 906 2579 suum
928 2503 991 2559 tam
1014 2496 1148 2559 crudelis
1178 2496 1291 2573 luisse,
1320 2498 1402 2561 nihil
1421 2506 1458 2561 ut
1479 2498 1519 2561 de
1540 2498 1740 2572 utilitatibus,

408 2590 487 2654 nibil
516 2596 552 2653 ut
580 2588 622 2651 de
652 2589 826 2652 commodis
851 2590 918 2652 suis
941 2589 1140 2671 cogitarent?
1173 2593 1214 2653 at
1235 2591 1269 2654 id
1290 2611 1332 2653 ne
1352 2590 1438 2656 serae
1461 2590 1588 2676 quidem
1607 2591 1740 2667 iaciunt,

409 2692 444 2749 ut
465 2685 509 2749 ita
530 2690 627 2748 ruant
648 2683 757 2766 itaque
779 2684 923 2758 turbent,
946 2690 997 2758 ut,
1021 2703 1128 2746 earum
1152 2692 1254 2747 motus
1269 2692 1301 2747 et
1322 2685 1458 2768 impetus
1473 2705 1537 2769 quo
1552 2686 1740 2770 pertineant,

411 2800 471 2844 uon
494 2777 735 2860 intellegamus:
765 2786 799 2841 tu
821 2785 885 2840 tam
907 2777 1051 2860 egregios
1072 2777 1159 2840 viros
1182 2798 1293 2842 censes
1315 2786 1418 2842 tantas
1438 2799 1489 2842 res
1511 2781 1647 2862 gessisse
1671 2780 1778 2842 sineu

411 2875 529 2937 cuum?
572 2869 626 2934 35.
649 2872 741 2949 Quae
761 2870 857 2934 luerit
879 2890 990 2945 eausa,
1013 2890 1090 2934 mox
1110 2871 1238 2947 vidor03
1270 2872 1391 2936 interea
1411 2872 1472 2936 hoc
1493 2874 1626 2947 tenebo,
1648 2872 1676 2935 si
1698 2872 1739 2933 ob

411 2967 550 3052 aliquam
573 2986 703 3031 causam
724 2967 801 3039 ista,
824 2984 906 3048 quae
928 2966 997 3027 sine
1020 2962 1118 3027 dubio
1142 2966 1301 3047 praeclara
1318 2973 1405 3041 sunt,
1426 2966 1571 3041 iecerint,
1592 2967 1740 3028 virtutem

412 3062 448 3126 iis
470 3082 529 3145 per
551 3080 587 3124 se
610 3061 711 3144 ipsam
733 3079 861 3123 oausam
883 3079 946 3119 nou
968 3057 1078 3120 fuisse.
1114 3061 1274 3142 Torquem
1290 3060 1426 3123 detraxit
1442 3061 1541 3123 hosti:
1564 3059 1741 3142 etquidem

412 3176 445 3220 se
470 3158 568 3230 texit,
597 3174 639 3217 ne
668 3156 821 3217 interiret
857 3156 899 3216 Αι
925 3172 1071 3233 magnum
1102 3153 1274 3236 periculum
1296 3154 1391 3216 adiit:
1421 3154 1455 3217 in
1482 3154 1583 3217 oculis
1612 3152 1741 3236 quidem

413 3251 579 3312 exercitus.
618 3247 704 3324 Quid
727 3269 768 3310 ex
791 3268 829 3311 eo
852 3253 901 3311 est
922 3248 1134 3310 consecutust
1163 3245 1289 3309 laudem
1312 3252 1343 3310 et
1365 3246 1542 3322 caritatem,
1564 3265 1646 3330 quae
1668 3250 1779 3308 suntro

412 3342 491 3407 ritae
521 3343 593 3406 sine
621 3348 708 3405 metu
732 3340 893 3424 degendae
923 3341 1080 3424 praesidia
1102 3338 1289 3403 firmissima.
1326 3341 1439 3404 Filium
1461 3348 1561 3405 morte
1583 3339 1743 3403 multavitc

413 3437 532 3502 sisino
555 3455 667 3511 causa,
690 3435 810 3498 nollem
832 3455 883 3498 me
905 3436 945 3498 ab
967 3456 1006 3497 eo
1029 3442 1149 3508 ortum,
1171 3441 1235 3496 tam
1256 3436 1437 3516 importuno
1459 3442 1587 3519 tamque
1608 3432 1743 3507 crudeli3

414 3530 476 3606 sin,
506 3537 543 3594 ut
572 3529 685 3593 dolore
708 3551 765 3592 suo
794 3530 932 3593 sanciret
959 3529 1104 3592 militaris
1131 3528 1257 3611 imperii
1286 3527 1484 3610 disciplinam
1506 3528 1744 3609 exercitumque

413 3625 445 3688 in
473 3623 663 3707 gravissimo
688 3624 774 3686 bello
803 3623 1087 3688 animadversionis
1116 3630 1202 3685 metu
1231 3623 1424 3696 contineret,
1455 3623 1549 3686 saluti
1579 3621 1745 3707 prospexit

413 3718 548 3793 rivium,
572 3736 638 3802 qua
657 3717 862 3800 intellegebat
884 3720 1039 3781 contineri
1057 3739 1155 3782 suam.
1189 3715 1240 3780 36.
1257 3719 1361 3802 Atque
1381 3719 1459 3782 baec
1474 3718 1554 3781 ratio
1569 3717 1631 3780 late
1646 3721 1781 3798 potetas

413 3814 447 3877 ln
470 3833 538 3896 quo
559 3813 646 3875 enim
667 3813 804 3876 maxime
826 3813 990 3876 consuevit
1010 3814 1125 3877 iactare
1147 3820 1251 3876 vestra
1271 3832 1306 3876 se
1329 3812 1448 3886 oratio,
1474 3819 1528 3875 tua
1548 3809 1744 3894 praesertim,

413 3908 469 3992 qui
491 3906 636 3970 studiose
658 3906 790 3989 antiqua
812 3907 1026 3990 persequeris,
1049 3906 1142 3970 claris
1166 3916 1198 3970 et
1218 3908 1352 3970 fortibus
1373 3908 1449 3970 viris
1465 3904 1746 3970 commemorandis

413 4020 588 4083 eorumque
616 3995 707 4064 iactis
737 4020 802 4061 non
831 4000 1045 4065 emolumento
1073 4002 1197 4085 aliquo,
1229 4002 1284 4064 sed
1313 4002 1412 4084 ipsius
1433 4000 1610 4064 honestatis
1632 3999 1746 4061 decore

412 4094 598 4168 laudandis,
627 4095 660 4157 id
683 4100 784 4155 totum
807 4094 958 4155 evertitur
980 4116 1018 4157 eo
1042 4093 1165 4157 delectu
1188 4116 1307 4169 rerum,
1331 4116 1425 4177 quem
1448 4094 1542 4158 modo
1565 4093 1649 4167 dixi,
1671 4112 1747 4154 con·

412 4189 536 4262 stituto,
558 4195 595 4250 ut
617 4196 672 4250 aut
690 4187 867 4270 voluptates
885 4189 1071 4251 omittantur
1087 4191 1241 4253 maiorum
1257 4191 1454 4273 voluptatum
1469 4187 1784 4270 adipiscendarumao

413 4300 508 4344 musa
540 4289 596 4344 aut
625 4283 753 4344 dolores
782 4282 996 4362 suscipiantur
1018 4284 1172 4345 maiorum
1197 4283 1341 4345 dolorum
1365 4282 1614 4364 effugiendorum
1637 4281 1746 4363 gralia.

495 4375 553 4436 xt.
576 4372 628 4437 37.
652 4375 715 4436 Sed
739 4375 777 4435 de
801 4375 957 4437 clarorum
979 4375 1145 4438 hominurn
1161 4377 1253 4439 sactis
1273 4377 1448 4440 illustribus
1465 4385 1496 4439 et
1511 4376 1657 4459 gloriosis
1672 4376 1747 4438 satis

412 4468 471 4532 boc
500 4468 572 4531 loco
603 4470 720 4532 dictum
744 4478 807 4543 est3
838 4472 896 4533 erit
919 4471 1002 4534 enirn
1030 4472 1092 4533 ianr
1121 4471 1159 4532 de
1182 4471 1321 4534 omnium
1343 4473 1493 4535 virtutum
1516 4490 1610 4533 eursu
1632 4470 1672 4532 ad
1693 4489 1749 4531 vo-

413 4563 567 4646 luptatem
591 4564 738 4646 proprius
755 4564 929 4626 disserendi
953 4566 1051 4627 locus.
1083 4566 1174 4627 Nunc
1190 4573 1295 4626 autem
1312 4566 1497 4648 explicabo,
1519 4565 1663 4648 voluptas
1678 4564 1749 4644 ipsa

415 4677 497 4741 quae
520 4659 690 4740 qualisque
713 4659 767 4730 sit,
791 4666 824 4720 ut
847 4659 975 4721 tollatur
997 4679 1084 4720 error
1099 4660 1202 4720 omnis
1225 4658 1458 4740 imperitorum,
1481 4657 1747 4739 intellegaturque
1758 4677 1787 4724 st

415 4771 467 4824 ea,
498 4771 583 4834 quae
604 4752 795 4833 voluptaria,
826 4753 975 4826 delicata,
1007 4753 1111 4815 mollis
1134 4752 1285 4814 habeatur
1307 4751 1492 4835 disciplina,
1519 4770 1613 4835 quam
1636 4751 1749 4832 gravis,

416 4866 510 4930 quam
545 4846 730 4921 continens,
764 4867 858 4930 quarn
891 4866 1002 4909 severa
1029 4846 1080 4907 sit.
1123 4848 1194 4907 Non
1224 4846 1307 4906 enim
1338 4844 1419 4908 hanc
1447 4845 1545 4908 solam
1575 4844 1749 4927 sequimur,

417 4960 497 5024 quae
520 4942 676 5003 suavitate
699 4942 808 5024 aliqua
830 4948 974 5004 naturam
997 4943 1097 5022 ipsam
1122 4947 1227 5002 movet
1249 4946 1281 5000 et
1303 4960 1374 5001 cum
1396 4938 1591 5001 iucunditate
1614 4936 1749 5021 quadam

416 5036 590 5120 percipitur
612 5036 773 5110 sensibus,
796 5037 851 5098 sed
875 5038 1045 5099 maximam
1061 5035 1255 5118 voluptatem
1277 5033 1364 5096 illam
1384 5033 1555 5108 habemus,
1578 5051 1662 5115 quae
1678 5051 1750 5113 per-

480 5320 505 5368 l.
519 5318 719 5380 depellendoru:
738 5331 791 5379 rep.
805 5318 882 5367 13th
897 5344 923 5352 -
943 5319 967 5369 3.
981 5317 1051 5380 atet]
1065 5318 1156 5366 utrill
1171 5343 1198 5351 -
1218 5317 1241 5364 5.
1254 5313 1654 5376 matom--aspertortsnss-
1674 5316 1697 5365 7.
1717 5316 1751 5363 ad

417 5394 479 5458 eom]
497 5395 585 5444 codem
602 5394 622 5443 E
642 5421 668 5428 —
687 5394 712 5443 8.
732 5394 814 5456 etiam]
833 5399 854 5442 ct
872 5395 891 5443 B
912 5420 937 5428 -
957 5394 1067 5443 bersicote
1084 5394 1133 5441 AB
1155 5418 1182 5427 -
1201 5392 1225 5440 9.
1244 5404 1283 5440 me
1299 5403 1353 5439 om.
1372 5384 1403 5439 tl¹
1423 5416 1450 5426 -
1469 5390 1561 5454 tameo]
1579 5404 1635 5439 caim
1651 5389 1701 5439 BE
1719 5414 1747 5423 —

418 5469 560 5530 corripuisti
576 5469 596 5517 A
607 5470 625 5517 B
636 5469 655 5518 C
667 5470 696 5518 l).
717 5468 756 5518 ct.
771 5471 804 5528 ll,
817 5469 832 5529 5
844 5470 916 5517 ta—
938 5470 976 5518 ιι.
990 5469 1065 5517 sicine
1077 5472 1096 5516 Λ
1107 5469 1140 5516 Β;
1160 5468 1256 5516 Siccine
1267 5468 1287 5515 0
1299 5492 1325 5502 -
1346 5466 1386 5516 ts.
1399 5465 1547 5515 utilitatibus
1563 5465 1659 5515 ABG:
1678 5464 1751 5513 votu-

419 5545 525 5605 ptottbas
542 5545 563 5593 0
579 5570 612 5580 -
631 5545 671 5593 ts.
689 5544 727 5593 Aa
745 5547 888 5607 (superscr.
902 5545 938 5604 at)
955 5546 1018 5594 Α-
1038 5542 1077 5593 tt.
1097 5544 1181 5604 itaque
1197 5544 1261 5592 AB:
1281 5547 1356 5603 atque
1367 5542 1387 5589 0
1399 5568 1432 5578 —
1449 5542 1489 5591 to.
1508 5541 1538 5590 ob
1549 5538 1670 5607 atiqoarp]
1689 5538 1752 5587 obti-

422 5632 494 5679 qaom
517 5620 547 5668 Α1
572 5646 599 5655 -
628 5620 668 5668 ti.
693 5619 741 5667 mot
764 5620 783 5668 E
807 5646 832 5654 -
860 5620 898 5668 t8.
917 5619 956 5683 iis]
979 5619 1000 5667 is
1020 5619 1063 5678 tl¹;
1087 5621 1108 5668 si
1124 5620 1158 5675 B;
1182 5619 1218 5666 bis
1235 5616 1294 5667 qno
1315 5644 1341 5651 —
1364 5630 1412 5679 per
1432 5631 1457 5667 so
1479 5618 1561 5679 ipsam
1582 5617 1644 5665 AB:
1669 5616 1752 5677 ipsam

422 5708 464 5754 per
484 5707 510 5742 re
529 5695 550 5743 0
570 5719 596 5728 —-
625 5694 665 5743 te.
684 5693 716 5756 so]
739 5699 762 5742 to
783 5695 801 5742 tt
823 5720 849 5729 -
876 5695 1005 5744 interirent
1028 5696 1047 5744 E
1068 5723 1094 5731 -
1117 5695 1155 5758 At]
1178 5696 1210 5743 od
1229 5695 1305 5743 ABE
1322 5720 1355 5730 -
1371 5694 1412 5743 23.
1432 5692 1547 5755 sanciret]
1565 5690 1665 5739 emtiret
1682 5689 1701 5738 E
1720 5714 1749 5725 -

424 5768 461 5818 tt.
479 5774 571 5818 metam
588 5769 607 5818 E
627 5794 653 5804 -
673 5769 713 5817 26.
732 5776 818 5817 nostra
835 5770 853 5817 tt
873 5771 929 5833 tpor
945 5770 1144 5833 compendium)
1165 5796 1190 5803 -
1211 5771 1251 5819 eo.
1271 5771 1373 5831 &strata
1390 5771 1425 5821 A:
1444 5769 1546 5831 deducat
1564 5767 1596 5822 ss;
1615 5766 1713 5829 detteuu
1731 5765 1750 5815 C

429 5869 453 5879 -
470 5842 509 5893 30.
528 5844 700 5905 adipiscamur
716 5858 795 5892 causa
811 5852 855 5893 aut
871 5851 882 5909 Η
900 5846 963 5894 tores
979 5845 1009 5895 ,ι’
1025 5872 1050 5880 -
1070 5845 1110 5892 at.
1129 5846 1321 5908 effugandorum
1338 5845 1357 5893 B
1375 5870 1401 5879 -
1421 5843 1460 5892 33.
1479 5846 1514 5892 est
1531 5840 1590 5890 cod.
1605 5840 1750 5904 Spirensis:

429 5916 456 5963 tit
469 5918 547 5968 ΑΒΟ
566 5944 593 5954 -
613 5917 654 5967 35.
673 5917 759 5980 omnis]
778 5920 922 5967 omrriuoclt
946 5946 968 5954 -
994 5920 1275 5983 aestuquaesuo
1296 5944 1323 5956 -
1342 5919 1382 5970 37.
1402 5918 1433 5969 sit
1449 5930 1502 5968 om.
1521 5914 1552 5967 A¹
1572 5943 1598 5953 -
1618 5915 1658 5968 39.
1676 5915 1750 5966 uolu-

429 5995 515 6051 aare»
529 5994 600 6044 Wam
616 5994 680 6044 AB:
699 5994 770 6044 Wam
786 5996 937 6056 votrtptatcm
954 5996 1017 6046 ΜΟ.
