4342 7459
760 1252 828 1317 Lis.
850 1253 889 1315 11.
920 1253 992 1317 Car.
1016 1255 1117 1318 xxn.
1145 1252 1191 1338 §§
1215 1253 1363 1319 (ta-74.
1675 1252 1734 1320 tt7

411 1423 571 1485 licentiam
592 1422 770 1505 pollicetur.
813 1424 870 1486 His
892 1425 975 1488 enim
996 1425 1091 1488 rebus
1114 1425 1263 1489 detractis
1286 1434 1380 1509 negat
1401 1448 1435 1491 se
1458 1427 1597 1511 reperire
1616 1429 1648 1490 iu
1664 1449 1736 1492 aso·

412 1524 515 1580 torum
545 1517 609 1580 vita
633 1517 721 1600 quod
748 1519 925 1601 reprendet.
975 1514 1025 1580 7t.
1052 1521 1122 1582 Non
1152 1521 1248 1601 igitur
1276 1523 1408 1603 potestis
1438 1522 1600 1606 voluptate
1630 1524 1735 1585 omnia

411 1611 582 1693 dirigentes
604 1619 659 1674 aut
680 1612 760 1675 tueri
783 1620 837 1674 aut
858 1612 995 1675 retinere
1011 1614 1167 1676 virtutem.
1204 1615 1282 1676 Nam
1305 1634 1364 1676 neo
1383 1616 1431 1677 vir
1450 1614 1554 1698 honus
1575 1636 1612 1678 ac
1633 1615 1736 1677 iustus

411 1705 522 1768 haberi
544 1704 653 1780 debet,
675 1705 747 1790 qui,
770 1725 810 1767 ne
832 1706 948 1769 malum
971 1706 1101 1780 habeat,
1123 1706 1259 1770 abstinet
1280 1728 1315 1770 se
1329 1709 1370 1770 ab
1389 1709 1520 1772 iniuria:
1544 1711 1626 1774 nosti
1641 1709 1736 1772 credo

411 1799 509 1864 iilud:
1745 1816 1760 1862 a

750 1897 849 1958 Nemo
872 1895 942 1980 pius
964 1901 1025 1966 est,
1049 1895 1104 1977 qui
1126 1893 1275 1975 pietatem
1297 1929 1340 1941 --
1354 1928 1368 1941 ·

411 2009 487 2053 cave
514 1998 607 2074 putes
629 1991 799 2073 quicquam
831 2009 900 2051 esse
922 1990 1036 2051 verius.
1074 1990 1138 2050 Nec
1161 1990 1261 2062 enirn,
1294 1988 1369 2052 dum
1393 1991 1521 2065 metuit,
1549 1994 1650 2056 iustus
1672 2001 1736 2056 est:

411 2090 443 2145 et
464 2091 564 2157 corte,
585 2084 612 2146 si
635 2090 775 2146 metuero
798 2083 970 2156 destiterit,
993 2103 1057 2144 non
1080 2083 1157 2145 erit:
1181 2103 1245 2146 noo
1267 2091 1388 2147 metuet
1408 2090 1523 2158 autem,
1545 2088 1612 2149 sire
1634 2087 1737 2150 celare

411 2176 551 2260 potuerit
571 2177 639 2239 sire
661 2177 775 2259 opibus
798 2178 933 2258 magnis,
957 2176 1113 2261 quicquid
1134 2176 1260 2252 iecerit,
1290 2179 1448 2260 optinere,
1472 2186 1620 2263 certeque
1642 2179 1738 2243 malet

411 2269 587 2332 existimari
608 2271 710 2333 bonus
732 2270 795 2343 vir,
819 2278 853 2332 ut
876 2290 938 2331 non
961 2272 1016 2343 sit,
1039 2290 1132 2351 quam
1156 2292 1241 2346 esse,
1262 2277 1375 2335 utnon
1392 2279 1530 2355 putetur.
1566 2275 1629 2347 lta,
1650 2273 1776 2357 quodso

411 2363 659 2443 †certissimum
681 2371 745 2438 est,
767 2384 913 2447 provere
935 2372 1084 2447 certaque
1106 2364 1224 2427 iustitia
1243 2365 1475 2429 simulationem
1492 2366 1583 2430 nobis
1598 2368 1738 2430 iustitiae

411 2457 534 2520 traditis
560 2458 811 2541 praecipitisque
839 2456 976 2540 quodam
1000 2456 1095 2519 modo
1122 2466 1157 2521 ut
1186 2466 1323 2523 nostram
1344 2460 1489 2524 stabilem
1511 2461 1737 2541 conscientiam

412 2558 667 2625 contemnamus,
696 2551 829 2614 aliorum
860 2559 1015 2613 errantem
1032 2551 1218 2639 opinionem
1240 2573 1442 2637 aucupemur.
1486 2552 1537 2616 72.
1561 2554 1652 2629 Quae
1675 2553 1737 2618 dici

411 2645 523 2708 eadem
551 2645 591 2707 de
621 2646 734 2707 ceteris
756 2645 922 2708 virtutibus
953 2652 1104 2725 possunt,
1134 2666 1268 2727 quarum
1290 2647 1430 2709 omnium
1452 2646 1660 2715 fundamenta
1681 2667 1738 2711 vos

412 2741 445 2803 in
466 2740 631 2822 voluptate
653 2746 813 2821 tamquam
836 2739 868 2800 in
891 2758 975 2821 aqua
997 2740 1126 2820 ponitis.
1164 2740 1247 2814 Quid
1263 2741 1371 2803 enimi
1391 2740 1547 2804 fortemne
1569 2756 1776 2824 possumusta

372 2898 374 2900 ,
411 2835 516 2897 dicere
546 2833 681 2895 eundem
706 2832 795 2895 illum
818 2834 1037 2916 Torquatum?
1059 2866 1101 2880 -
1123 2832 1261 2896 detector
1282 2835 1384 2907 enim,
1407 2854 1599 2919 quamquam
1620 2844 1651 2898 te
1675 2856 1737 2899 non

410 2948 555 3014 possum,
579 2934 614 2989 ut
635 2927 697 3000 ais,
719 2947 939 3009 corrumpere,
962 2925 1116 3000 detector,
1139 2928 1284 3008 inquam,
1308 2936 1339 2989 et
1360 2928 1480 2991 familia
1500 2935 1606 2991 vestra
1628 2935 1660 2992 et
1681 2949 1738 2992 no·

411 3023 505 3085 minc.
539 3021 578 3083 Et
598 3020 727 3084 hercule
750 3021 826 3083 mihi
851 3024 897 3083 vir
913 3021 1050 3102 optimus
1072 3022 1237 3103 nostrique
1259 3022 1510 3095 amantissimus,
1539 3023 1640 3084 Aulus
1662 3024 1739 3086 Tor-

412 3124 543 3199 quatus,
573 3123 718 3177 versatur
745 3123 817 3177 ante
839 3114 965 3187 ocutos,
994 3115 1085 3176 cuius
1109 3122 1260 3196 quantum
1284 3114 1420 3176 studium
1443 3123 1475 3176 et
1496 3135 1590 3199 quam
1613 3116 1738 3198 insigne

410 3210 506 3273 tuerit
528 3227 603 3291 erga
625 3227 674 3270 me
697 3209 892 3290 temporibus
914 3209 993 3282 iltis,
1017 3228 1099 3291 quae
1122 3215 1195 3270 nota
1217 3216 1291 3270 sunt
1311 3207 1475 3281 omnibus,
1504 3208 1586 3271 scire
1608 3227 1776 3272 necesscso

409 3312 458 3367 est
478 3310 649 3386 utrumque
670 3310 826 3365 vestrum:
848 3322 932 3385 quae
955 3302 1031 3364 mihi
1053 3303 1128 3385 ipsi,
1152 3302 1206 3384 qui
1227 3303 1348 3372 volout
1362 3322 1432 3364 esse
1449 3308 1479 3365 et
1494 3303 1603 3365 haberi
1620 3312 1738 3385 gratus,

409 3407 497 3479 grata
519 3416 583 3459 non
606 3404 728 3470 essent,
752 3396 813 3458 nisi
836 3416 908 3458 eum
930 3397 1142 3479 perspicerem
1165 3415 1235 3458 mea
1258 3415 1350 3457 causa
1374 3396 1452 3459 mihi
1472 3398 1609 3461 amicum
1630 3398 1738 3473 fnisse,

411 3513 475 3556 non
499 3511 573 3565 sua,
595 3490 657 3552 nisi
678 3491 739 3553 hoc
761 3490 839 3552 dicis
862 3510 932 3562 sua,
962 3489 1048 3574 quod
1072 3490 1203 3552 interest
1224 3490 1364 3552 omnium
1386 3497 1470 3551 recte
1491 3489 1606 3555 tacere.
1650 3492 1684 3554 si
1706 3492 1737 3556 id

408 3586 507 3660 dicis,
529 3586 682 3659 vicimus3
712 3585 744 3647 id
767 3585 851 3646 enim
874 3585 1035 3655 volumus,
1064 3583 1097 3644 id
1121 3583 1353 3656 contendimus,
1379 3589 1415 3646 ut
1436 3580 1530 3648 officii
1551 3584 1674 3649 fructus
1696 3586 1739 3649 sit

408 3683 515 3765 ipsum
538 3674 686 3744 officium.
730 3676 781 3740 73.
805 3680 872 3740 Hoc
894 3679 948 3740 itte
971 3686 1043 3740 tuus
1066 3697 1130 3739 non
1151 3678 1219 3740 vuit
1240 3676 1449 3760 omnibusque
1472 3698 1512 3740 ex
1534 3680 1629 3741 rebus
1649 3679 1774 3743 volu-aa

407 3783 527 3859 ptatem
556 3773 649 3857 quasi
677 3772 853 3835 mercedem
883 3772 997 3854 exigit:
1026 3771 1083 3833 sed
1112 3770 1150 3833 ad
1180 3770 1269 3833 iilum
1299 3771 1406 3835 redeo.
1430 3809 1472 3822 —
1502 3773 1535 3835 Si
1564 3774 1738 3856 voluptatis

407 3886 600 3931 causacum
623 3867 713 3928 Gallo
736 3867 820 3949 apud
843 3868 995 3928 Anienem
1019 3864 1212 3946 depugnavit
1233 3874 1419 3947 provocatus
1437 3874 1522 3929 etex
1538 3867 1606 3929 eius
1626 3866 1738 3949 spoliis
1811 3911 1815 3919 -

407 3962 470 4025 sibi
494 3969 526 4023 et
548 3967 692 4042 torquem
717 3968 748 4022 et
772 3980 946 4042 cognomen
972 3959 1076 4020 induit
1099 3959 1195 4021 uttam
1217 3960 1310 4023 aliam
1334 3959 1373 4022 ob
1395 3980 1539 4034 causam,
1567 3961 1628 4023 nisi
1647 3959 1737 4044 ‘quod

408 4060 439 4121 ei
462 4054 538 4119 tatia
559 4053 642 4116 tacta
664 4056 759 4136 digna
780 4056 848 4117 viro
870 4054 1070 4127 videbantur,
1092 4053 1204 4116 fortem
1228 4074 1292 4116 non
1315 4061 1404 4136 poto.
1434 4056 1499 4118 lam
1522 4055 1548 4116 si
1570 4055 1688 4136 pudor,
1711 4056 1737 4117 si

409 4148 582 4221 modestia,
613 4149 639 4210 si
671 4149 838 4231 pudicitia,
869 4152 895 4210 si
926 4170 990 4210 uno
1020 4148 1116 4210 verbo
1143 4150 1349 4230 temperantia
1372 4167 1491 4230 poenae
1514 4155 1568 4210 aut
1590 4148 1775 4211 infamiaeoo

409 4252 496 4307 metu
526 4242 771 4315 coercebuntur,
800 4264 863 4304 non
887 4243 1052 4305 sanctitate
1074 4263 1131 4304 sua
1154 4264 1187 4304 se
1210 4242 1396 4316 tuebuntur,
1426 4242 1513 4324 quod
1536 4243 1738 4318 adulterium,

408 4337 496 4423 quod
521 4343 681 4417 stuprum,
705 4358 785 4418 quae
809 4337 906 4398 libido
929 4356 992 4397 non
1016 4357 1049 4398 se
1072 4337 1227 4417 proripiet
1248 4356 1284 4397 ac
1307 4338 1439 4417 proiciet
1460 4344 1516 4398 aut
1529 4337 1738 4400 occultatione

407 4430 575 4518 proposita
597 4436 652 4491 aut
674 4432 860 4511 impunitate
883 4439 936 4492 aut
952 4431 1101 4492 licentia?
1137 4427 1187 4490 it.
1204 4429 1312 4503 Quid?
1335 4430 1428 4504 iilud,
1451 4432 1620 4514 Torquate,
1643 4432 1738 4514 quate

408 4524 537 4589 tandem
553 4522 686 4596 videtur,
711 4531 741 4585 te
764 4524 824 4585 isto
850 4524 989 4597 nomine,
1012 4524 1150 4604 ingenio,
1172 4524 1282 4604 gioria,
1306 4545 1387 4606 quae
1402 4525 1488 4597 tacis,
1512 4544 1593 4606 quae
1608 4525 1737 4606 cogitas,

408 4639 493 4703 quae
517 4617 684 4693 contendis
708 4639 771 4700 quo
794 4618 925 4692 reseras,
949 4618 1038 4680 cuius
1060 4618 1107 4679 rei
1131 4637 1226 4679 causa
1244 4615 1395 4699 perficere
1411 4638 1493 4700 quae
1509 4619 1632 4681 conaris
1647 4618 1775 4691 velisne

409 4713 488 4798 quid
512 4712 664 4794 optimum
688 4712 826 4796 denique
849 4714 881 4773 in
905 4714 969 4774 vita
990 4712 1123 4784 iudices,
1147 4732 1210 4773 non
1232 4711 1348 4773 audere
1372 4712 1404 4773 in
1427 4721 1584 4773 conventu
1607 4711 1737 4774 dicore?

408 4806 497 4883 Quid
526 4806 610 4867 enirn
643 4806 755 4867 mereri
779 4806 873 4880 veiis,
901 4807 962 4868 iam
985 4827 1055 4868 eum
1080 4806 1295 4887 magistratum
1317 4805 1426 4867 inieris
1449 4814 1480 4866 et
1502 4805 1534 4865 in
1557 4805 1737 4867 contionem

407 4898 595 4964 ascenderis
618 4908 731 4961 -est
761 4901 844 4962 enim
875 4900 930 4962 tibi
962 4900 1165 4971 edicendum,
1197 4919 1279 4981 quae
1304 4900 1347 4961 sis
1371 4897 1591 4960 observaturus
1613 4898 1646 4958 in
1668 4898 1737 4959 iure

408 4994 564 5067 dicendo,
589 5000 621 5055 et
642 4992 775 5055 sortasse
798 4995 908 5062 etiam,
930 4994 957 5055 si
980 4994 1036 5054 tibi
1060 4993 1119 5054 erit
1140 4993 1255 5065 visum,
1279 4992 1399 5075 aliquid
1422 4992 1462 5054 de
1484 4991 1656 5054 maioribus
1676 4992 1737 5053 tuis

475 5283 500 5332 3.
519 5282 571 5345 nec]
589 5280 637 5329 nisi
654 5281 746 5336 Btnon
760 5281 786 5339 E)
802 5306 829 5316 -
851 5280 873 5327 a,
891 5281 983 5341 pietate
1000 5281 1018 5329 E
1034 5308 1059 5317 -
1080 5282 1103 5328 7.
1120 5287 1192 5341 puter
1209 5281 1342 5342 quicquam
1360 5281 1421 5328 AB:
1440 5280 1578 5339 quidquam
1593 5280 1694 5340 putero
1709 5305 1733 5312 -

407 5362 434 5410 8.
452 5356 581 5419 destiterit]
603 5356 695 5403 desistit
715 5359 749 5407 Α;
774 5356 920 5404 destiterat}
941 5382 966 5390 -
993 5355 1016 5401 9.
1034 5355 1125 5414 poterit
1142 5358 1174 5403 A:
1198 5356 1307 5416 potuerit
1324 5355 1406 5404 Bito
1428 5380 1454 5388 -
1481 5354 1598 5415 quicquid
1617 5355 1735 5404 Aaou.

409 5436 486 5486 Errat
497 5431 642 5492 Madsigius
654 5428 798 5477 adnotans:
819 5430 969 5489 «quicquam
982 5442 1101 5477 omncs.»
1118 5455 1142 5463 -
1157 5429 1239 5490 mutet]
1251 5429 1335 5477 suadet
1347 5433 1365 5476 Α
1374 5429 1460 5483 BD&
1479 5429 1583 5477 mutiet]
1599 5455 1624 5462 —
1640 5427 1679 5476 ⁴0.
1693 5426 1737 5476 ὁο-

409 5521 457 5556 nus
472 5507 515 5553 uir
531 5507 594 5553 AD:
613 5504 748 5552 virbonus
768 5505 821 5553 Bit
843 5531 869 5537 --
893 5507 932 5553 tt.
952 5504 1122 5564 certissimum]
1140 5506 1310 5565 turpissimum
1327 5504 1373 5551 Ttr.
1393 5502 1539 5558 Bentteius;
1558 5502 1739 5563 perniciosissi-

408 5594 479 5630 mum
497 5580 630 5636 Brennus,
652 5580 863 5638 penerstssr'msm
886 5578 998 5627 titotzius
1018 5604 1045 5614 -
1070 5580 1108 5627 ⁴5.
1126 5581 1215 5639 sortem
1231 5595 1280 5627 non
1295 5580 1354 5639 ph*
1373 5605 1399 5612 -
1425 5580 1464 5626 tt.
1481 5577 1591 5640 possum]
1609 5588 1739 5636 possumus

409 5659 470 5706 B-
491 5656 531 5703 t8.
549 5654 628 5702 nostri
646 5657 665 5713 t)
684 5656 737 5714 tsic}
756 5668 806 5702 cm.
827 5656 846 5713 E
865 5682 891 5690 —
915 5655 1038 5702 uetusti:
1058 5653 1141 5701 satiras
1158 5657 1192 5710 Ας
1210 5656 1238 5703 Α.
1258 5656 1311 5703 ΜΟ
1329 5680 1355 5690 -
1382 5655 1421 5701 49.
1440 5658 1464 5702 ct
1481 5663 1557 5712 quum
1575 5651 1636 5710 (tam
1653 5650 1680 5709 B)
1698 5650 1739 5697 in-

409 5733 479 5791 signe
498 5729 575 5791 [nard
595 5729 657 5778 AB:
680 5730 755 5790 suerit
776 5735 799 5777 ct
820 5734 871 5777 tom
889 5730 984 5792 insigne
999 5730 1074 5788 serent
1092 5729 1125 5783 r:;
1148 5730 1223 5790 [serit
1240 5734 1262 5777 et
1279 5742 1355 5789 quom
1372 5728 1466 5789 indque
1483 5726 1536 5775 ΜΟ
1557 5751 1583 5760 -
1607 5726 1648 5773 95.
1665 5725 1738 5773 uotu-

409 5811 503 5866 ptutem
524 5817 578 5854 om·
601 5805 619 5852 B
644 5830 670 5838 -
695 5806 735 5852 ii.
755 5805 806 5853 etus
823 5818 876 5853 orn
900 5806 929 5853 Α1
952 5830 978 5838 -
1002 5804 1042 5851 28.
1064 5803 1143 5851 cattum
1164 5804 1206 5853 ed.
1229 5805 1328 5853 Veneta
1346 5819 1370 5852 a.
1390 5802 1466 5852 4480:
1491 5800 1587 5848 nurum
1609 5798 1688 5850 codd.
1709 5828 1735 5837 -

410 5880 454 5928 29.
468 5880 552 5941 pudor
574 5881 637 5929 AB:
661 5881 744 5940 pudor
760 5885 794 5927 est
812 5881 830 5928 E
851 5906 877 5914 -
901 5881 941 5928 30.
959 5891 1054 5939 poenos
1070 5890 1122 5926 orn.
1142 5879 1160 5927 B
1180 5904 1206 5912 -
1232 5879 1273 5927 33.
1292 5879 1439 5927 urticantis
1457 5874 1599 5925 Lambinus
1618 5902 1644 5911 -
1665 5877 1738 5939 Outdl

412 5955 508 6015 ΜΒ
522 5981 548 5990 -
561 5953 602 6002 35.
615 5956 672 6018 quo]
686 5968 750 6016 quos
761 5956 780 6003 B
793 5955 853 6016 tnon
866 5955 892 6016 Ε)
907 5980 934 5989 -
948 5954 988 6004 36.
1002 5952 1069 6015 quid]
1082 5954 1147 6014 quod
1160 5952 1229 6003 ΑΒΕ
1243 5978 1270 5987 -
1285 5953 1325 6002 37.
1338 5952 1462 6002 merereB
1477 5973 1504 5986 -
1519 5951 1736 6002 coenonema.
