4342 7459
435 1233 499 1306 320
758 1231 1083 1299 Tuscuueusuuu
1105 1231 1436 1330 DISPUTATIONUM
1492 1230 1493 1233 ¹

437 1394 540 1476 Quam
561 1394 641 1459 baec
661 1392 793 1480 pulchra
813 1399 920 1478 putet,
941 1393 1011 1477 ipse
1032 1393 1096 1458 iam
1118 1393 1217 1457 dicet:

815 1489 1030 1551 Fortunam
1052 1490 1185 1570 ipsam
1207 1487 1371 1553 anteibo
1391 1486 1578 1551 iortunis
1600 1482 1710 1554 meis.

520 1583 651 1647 XXXII.
672 1575 724 1646 68.
745 1582 833 1647 Haec
853 1582 973 1646 laetitia
995 1602 1089 1665 quam
1112 1581 1213 1665 turpis
1235 1583 1285 1654 sit,
1307 1584 1385 1647 sutis
1406 1591 1455 1646 est
1474 1582 1644 1666 diligenter
1664 1585 1768 1653 atten-

436 1676 562 1753 dentem
585 1678 711 1762 penitus
733 1676 852 1741 videre.
885 1677 925 1739 Et
946 1683 983 1738 ut
1004 1685 1111 1760 turpes
1134 1684 1222 1752 sunt,
1246 1676 1301 1761 qui
1324 1677 1467 1741 ecferunt
1489 1696 1523 1741 se
1544 1674 1665 1740 laetitia
1687 1681 1767 1748 tum,

412 1788 507 1856 pcum
539 1770 687 1836 fruuntur
714 1771 859 1835 Veneriis
886 1770 1117 1852 voluptatibus,
1148 1771 1194 1834 sic
1223 1771 1389 1856 flagitiosi,
1422 1772 1475 1856 qui
1497 1790 1551 1835 ees
1572 1770 1768 1833 inflammato

436 1868 542 1944 animo
564 1867 804 1950 concupiscunt.
836 1866 935 1929 Totus
958 1885 1033 1928 vero
1054 1865 1129 1940 iste,
1153 1866 1207 1949 qui
1229 1866 1323 1949 volgo
1346 1866 1523 1950 appellatur
1544 1883 1633 1928 amor
1647 1893 1689 1909 -
1707 1880 1769 1925 nec

436 1957 564 2031 hercule
586 1960 716 2036 invenio
739 1980 802 2043 quo
824 1959 954 2022 nomine
976 1958 1039 2021 elio
1060 1958 1163 2043 possit
1183 1958 1337 2044 appellari
1357 1993 1395 2007 -
1420 1967 1525 2022 tantae
1547 1956 1685 2021 levitatis
1708 1961 1769 2029 est,

435 2062 472 2133 ut
491 2054 572 2132 nibil
593 2053 718 2120 videam
740 2051 828 2139 quod
850 2060 960 2138 putem
981 2050 1228 2116 conferendum:
1250 2072 1345 2136 quem
1369 2052 1524 2117 Caecilius

902 2146 1015 2209 deum
1038 2146 1210 2229 quinon
1233 2152 1571 2230 summumputet,

400 2257 428 2317 it
521 2244 597 2319 Aut
618 2241 785 2307 stultum
808 2248 1029 2305 antrorum
1051 2258 1143 2303 esso
1164 2240 1398 2324 imperitum
1421 2241 1609 2312 existumat,

523 2334 648 2403 Cuius
670 2336 712 2400 in
734 2356 849 2400 manu
872 2336 942 2410 sit,
964 2354 1077 2418 quem
1100 2355 1194 2404 esse
1216 2336 1443 2399 dementem
1463 2332 1577 2408 velit,

522 2429 647 2507 Quem
669 2423 826 2516 sapere,
849 2448 964 2513 quem
985 2428 1143 2504 sanari,
1165 2448 1282 2513 quem
1304 2428 1345 2491 in
1367 2426 1537 2492 morbum
1560 2426 1681 2502 inici,

522 2616 639 2695 Quem
661 2627 805 2684 contra
826 2622 971 2693 amari,
994 2636 1108 2702 quem
1131 2617 1293 2701 expeti,
1315 2635 1430 2701 quem
1452 2614 1670 2678 arceseier.

401 2709 489 2786 cedd.
512 2712 539 2777 0
561 2714 754 2799 praeclaram
776 2713 1019 2785 emendatricem
1035 2712 1118 2775 vitae
1141 2711 1314 2795 politicaml
1339 2730 1420 2793 quae
1435 2730 1585 2784 amorem,
1607 2709 1720 2793 flagitii
1736 2717 1770 2773 et

438 2806 576 2883 levitatis
598 2814 774 2886 auctorem,
797 2808 830 2870 in
853 2806 990 2870 concilio
1013 2805 1143 2869 deorum
1159 2805 1389 2869 conlocandum
1405 2811 1506 2888 putet.
1540 2803 1587 2865 lle
1602 2800 1769 2866 comoedia

439 2900 568 2987 loquor,
591 2920 687 2986 quae,
709 2902 736 2965 si
756 2901 836 2966 baec
857 2900 977 2985 flagitia
991 2920 1055 2963 non
1070 2899 1292 2985 probaremus,
1315 2898 1404 2963 nulla
1418 2905 1501 2962 esset
1515 2897 1656 2968 omnino.
1679 2893 1768 2975 Quid

439 2996 485 3066 eit
506 2994 730 3079 extragoedia
752 2995 899 3081 princeps
920 2993 974 3058 ille
996 2994 1272 3076 Argonautarum?

524 3090 579 3153 Tu
601 3109 656 3153 me
679 3087 827 3153 amoris
850 3088 977 3170 magis
999 3108 1112 3172 quam
1134 3087 1303 3151 honoris
1326 3085 1546 3151 servavisti
1568 3083 1709 3168 gratia.

401 3182 526 3263 ttQuid
550 3185 646 3267 ergo?
670 3183 721 3246 bic
742 3201 832 3246 amor
851 3182 982 3246 Medeae
1005 3189 1123 3265 quanta
1138 3182 1336 3246 miseriarum
1351 3182 1499 3245 excitavit
1512 3179 1681 3244 incendial
1712 3181 1769 3243 bt·

441 3298 508 3362 que
531 3296 569 3342 ea
591 3286 696 3342 tamen
724 3271 810 3361 apud
838 3276 934 3342 alium
962 3283 1087 3359 poetam
1118 3278 1200 3361 patri
1222 3276 1327 3340 dicere
1348 3275 1444 3339 audet
1466 3296 1500 3339 se
1522 3274 1691 3358 coniugem
1713 3274 1769 3338 ba·

439 3372 548 3450 boica

524 3466 664 3541 ilium,
695 3469 807 3530 Amor
835 3484 944 3548 quem
967 3463 1150 3539 dederat,
1181 3468 1250 3548 qui
1278 3466 1371 3550 pius
1393 3464 1522 3552 pollet
1544 3464 1798 3549 potiorque·

1125 3566 1187 3623 est
1209 3569 1334 3643 patre.

524 3655 672 3719 XXXIII.
694 3651 745 3716 70.
779 3653 841 3717 Sed
868 3661 976 3736 poetas
1007 3652 1115 3716 ludere
1145 3654 1299 3726 sinamus,
1334 3672 1469 3737 quorum
1498 3651 1614 3716 fabulis
1645 3652 1679 3714 in
1706 3652 1767 3717 boc

404 3751 559 3833 ”flagitio
582 3748 699 3814 versari
722 3752 824 3832 ipsum
839 3748 983 3811 videmus
1006 3748 1122 3812 Iovem.
1155 3745 1202 3810 Ad
1225 3747 1389 3830 magistros
1409 3748 1532 3812 virtutis
1557 3744 1768 3829 philosophos

443 3845 620 3918 veniamus,
644 3844 700 3927 qui
721 3861 860 3905 amorem
882 3850 999 3924 negant
1020 3841 1120 3925 stupri
1144 3860 1214 3905 csse
1234 3847 1268 3902 et
1288 3841 1320 3903 in
1337 3860 1375 3903 eo
1398 3839 1522 3924 litigant
1543 3860 1613 3902 cum
1628 3840 1768 3925 Epicuro

441 3957 506 4001 non
534 3936 681 4010 multum,
712 3944 748 3999 ut
774 3936 882 4018 opinio
905 3954 974 3997 mea
1001 3932 1076 4012 lert,
1105 3936 1285 3998 mentiente.
1319 3933 1397 4007 Quis
1419 3943 1467 3996 est
1489 3934 1573 3996 enim
1596 3936 1657 3998 iste
1679 3954 1768 3999 amor

442 4030 619 4101 amicitiae?
643 4050 698 4092 cur
717 4048 822 4111 neque
845 4027 1016 4093 deformem
1038 4026 1273 4091 adulescentem
1295 4028 1463 4112 quisquam
1485 4037 1690 4112 amatusque
1705 4028 1769 4092 lor·

443 4142 565 4199 mosum
588 4126 719 4196 senensi
747 4124 823 4187 blibi
846 4122 974 4207 quidem
996 4121 1073 4185 haec
1094 4124 1128 4186 iu
1144 4122 1335 4185 Graecorum
1357 4122 1530 4206 gymnasiis
1546 4130 1619 4185 nata
1634 4141 1768 4186 censue·

509 4505 533 4557 t.
553 4505 595 4566 qut
616 4505 725 4567 ecferunt
747 4504 780 4554 u:
805 4505 848 4564 oui
864 4505 924 4554 tcec
939 4505 1023 4565 (eruot
1039 4506 1074 4562 Gi
1100 4504 1142 4566 qut
1158 4505 1262 4565 effemnt
1279 4506 1299 4555 Ii
1317 4506 1333 4567 (t
1350 4505 1377 4554 in
1394 4517 1485 4555 rasura
1504 4506 1531 4554 et
1547 4505 1601 4567 ete
1618 4506 1770 4556 recentiore

444 4579 490 4643 m.)
507 4579 536 4628 Ο.
555 4578 621 4628 Vide
638 4578 672 4628 ad
690 4592 716 4643 p.
735 4578 792 4636 257,
811 4576 850 4627 til.
873 4604 899 4614 -
918 4579 942 4629 ii.
965 4579 1075 4629 Venereis
1092 4581 1121 4630 0.
1140 4580 1332 4630 «scribendum
1350 4584 1391 4629 est
1403 4581 1443 4639 (cx
1456 4580 1485 4642 (ΙΙ
1507 4580 1621 4630 Veneriis.
1644 4578 1770 4632 Meliores

444 4653 552 4718 ouldem
565 4654 701 4705 ciceronis
712 4655 819 4703 codices
836 4653 891 4703 tere
903 4666 1011 4718 semper
1025 4656 1153 4716 Venerius,
1172 4668 1224 4705 nou
1240 4655 1367 4716 Venerem,
1386 4656 1414 4703 ut
1425 4655 1536 4705 Divinat.
1551 4656 1576 4705 in
1589 4653 1684 4707 caecil.
1699 4656 1769 4720 gite.

443 4730 546 4779 verrin.
566 4730 596 4789 ΙΙ,
614 4728 655 4778 92.
674 4730 716 4786 ΙΙΙ,
735 4728 776 4777 bo.
795 4729 822 4778 ot
844 4727 895 4779 bis.
914 4728 954 4779 oe.
974 4730 1007 4790 V,
1025 4730 1080 4782 ili.
1095 4730 1150 4781 ili.
1169 4743 1218 4795 pro
1236 4728 1338 4780 Cluent.
1357 4729 1372 4793 g
1390 4729 1430 4782 ld.
1449 4728 1483 4779 de
1499 4730 1612 4781 Divinat.
1631 4732 1651 4789 Ι,
1668 4732 1701 4783 id
1717 4730 1770 4784 bis.

446 4805 502 4854 tit.
521 4802 577 4853 ltu.
603 4804 697 4853 blirum
715 4804 800 4866 igtur,
824 4804 846 4852 si
869 4804 925 4854 Cat.
944 4806 977 4855 Il.
997 4807 1011 4869 s
1029 4806 1060 4857 ti
1078 4804 1150 4856 eolus
1169 4805 1227 4855 cod.
1246 4804 1355 4854 Barber.
1374 4804 1505 4866 (Garatom
1525 4803 1558 4854 ed
1577 4802 1679 4855 Cluent.
1699 4805 1715 4856 Ι.
1735 4808 1771 4870 ο.)

444 4879 527 4931 babet
547 4879 661 4928 Veneriis.
687 4877 764 4942 Apud
782 4876 901 4928 Plautum
919 4879 984 4930 liud.
1004 4883 1034 4940 ΙΙ,
1053 4882 1078 4939 t.
1097 4880 1138 4931 it.
1157 4880 1182 4941 ³,
1200 4880 1241 4929 20.
1261 4881 1302 4940 ΙΙΙ,
1321 4880 1346 4938 t,
1365 4879 1405 4928 to.
1424 4877 1476 4928 liii.
1495 4878 1559 4941 glor.
1579 4880 1620 4936 lii.
1640 4882 1663 4938 Ι,
1679 4881 1719 4931 65.
1737 4882 1771 4945 V,

445 4955 469 5011 Ι,
487 4953 528 5004 90.
547 4953 579 5006 28
597 4952 720 5004 meliores
737 4950 827 5013 codd,
844 4953 947 5016 opinor,
966 4958 1118 5004 constanter
1131 4956 1253 5005 Venerius.
1273 4954 1348 5019 Apud
1360 4953 1470 5005 Gellium
1484 4955 1545 5017 (Vll,
1558 4954 1583 5011 e.
1598 4955 1620 5016 Ι)
1638 4955 1697 5006 cod.
1711 4959 1772 5020 qui-

445 5028 507 5080 dam
522 5040 650 5087 cenaeos,
673 5029 818 5077 Gronovius
841 5029 898 5091 ipee
918 5027 991 5091 [item
1010 5029 1138 5095 liertzius]
1155 5031 1274 5080 secedas.
1302 5030 1361 5082 tlira
1379 5030 1509 5093 scriptura
1526 5030 1602 5079 sltin
1619 5030 1699 5080 codd.
1718 5032 1773 5082 Ne·

445 5104 514 5169 potis
532 5103 653 5164 (Pausan.
670 5102 695 5162 i,
714 5104 737 5152 t.
757 5099 840 5152 tietb.
860 5104 899 5160 ii,
918 5100 959 5164 Ι),
984 5104 1117 5159 Senecae.
1142 5103 1314 5163 columellae,
1334 5104 1421 5161 Plinii.
1440 5102 1615 5163 solini,rnibi
1634 5118 1688 5155 non
1705 5119 1772 5158 con·

446 5180 505 5230 etat.
530 5176 615 5241 [Apud
635 5179 765 5242 Nepotem
787 5181 813 5227 et
835 5176 945 5228 Plinium
967 5180 1057 5242 optimi
1080 5179 1158 5230 codd.
1179 5180 1304 5231 exhibent
1325 5179 1459 5243 amerius]
1486 5179 1525 5230 Ci.
1542 5179 1654 5241 potstas,
1676 5182 1772 5244 metus,

445 5254 564 5314 worim,
580 5256 736 5315 praetorius,
754 5254 898 5314 Martius,
916 5254 1077 5316 Iunonius,
1095 5255 1276 5318 Saturnius,
1294 5256 1474 5318 Neptunius,
1498 5254 1675 5317 Vulcacium,
1694 5256 1771 5307 Dio-

446 5330 523 5379 etus.
547 5329 700 5391 Apollineus,
724 5328 875 5387 Caesareus,
902 5328 1045 5390 Romuleus,
1070 5332 1099 5380 ut
1120 5331 1249 5392 svamm,
1268 5330 1392 5391 sidereus,
1411 5341 1462 5379 non
1479 5329 1657 5392 antiquiorum
1676 5342 1772 5393 prosae

446 5405 571 5455 orationis
587 5402 746 5468 scriptorum
764 5405 838 5461 eunt.
857 5400 906 5453 sed
923 5406 1062 5467 poetarum
1080 5404 1136 5456 lere
1154 5406 1332 5457 recenti0rum
1351 5404 1412 5466 (vid.
1426 5403 1531 5466 iladvig
1547 5406 1662 5455 Gmmm.
1683 5406 1770 5470 3⁴89,

445 5479 471 5539 Ι,
489 5480 581 5538 noti.»
599 5478 641 5529 W.
662 5505 688 5515 -
707 5480 838 5542 inflammo
855 5479 904 5528 Gli
924 5505 950 5515 -
970 5480 1010 5529 it).
1028 5481 1159 5530 existumet
1176 5480 1195 5531 C
1210 5506 1236 5516 -
1257 5482 1297 5530 it.
1317 5480 1392 5532 Cuius
1410 5479 1557 5530 ErnesiIus:
1578 5480 1660 5532 estc
1681 5507 1707 5518 -
1727 5482 1771 5533 de-

445 5560 525 5609 mente
546 5556 596 5605 Gli
620 5582 646 5592 -
671 5555 711 5605 tt.
729 5554 818 5604 sonori
840 5554 984 5604 ilanutius:
1013 5555 1124 5605 tmoeire
1141 5555 1160 5606 C
1179 5583 1205 5593 -
1229 5556 1298 5604 lutici
1315 5557 1350 5612 0;
1379 5556 1439 5617 iejct
1461 5552 1579 5605 Ribbeck
1600 5555 1688 5612 [Com.
1713 5555 1769 5607 Lat.

446 5642 472 5695 p.
490 5630 544 5692 65).
565 5655 592 5666 -
615 5632 686 5681 inter
702 5630 772 5680 bunc
789 5633 816 5679 et
832 5630 982 5693 proximum
999 5642 1107 5680 versum
1125 5628 1205 5679 talem
1217 5629 1273 5680 iere
1290 5642 1398 5681 versum
1416 5629 1545 5680 excidisse
1563 5628 1627 5680 vidit
1644 5628 1769 5695 Bentley:

448 5708 525 5770 Quem
541 5706 596 5756 odto
613 5719 671 5765 esse,
690 5718 762 5769 quen
778 5706 914 5767 conterunt,
933 5719 1005 5768 queen
1021 5705 1120 5756 eectudt
1135 5705 1213 5767 foros.
1235 5731 1261 5742 -
1283 5704 1322 5758 tl.
1341 5706 1457 5757 orcesslrt
1473 5706 1492 5756 C
1511 5732 1536 5740 -
1557 5706 1596 5755 tii.
1613 5705 1771 5767 praecurem

447 5779 478 5833 ΙΙι
498 5807 524 5817 -
549 5794 634 5831 umore
652 5782 700 5831 Gli
719 5806 746 5817 -
775 5781 814 5830 ti,
832 5780 890 5846 oco]
908 5781 1033 5836 coctili:
1062 5792 1116 5831 om.
1134 5780 1152 5829 ΙΙ
1173 5806 1199 5816 -
1225 5781 1265 5831 te.
1284 5781 1558 5832 tvmeomorisli-
1577 5780 1683 5830 seruant
1700 5780 1720 5831 C
1740 5806 1766 5816 -

447 5855 488 5908 u.
506 5854 540 5920 se]
557 5856 599 5905 sed
615 5855 706 5907 GliB¹
725 5880 752 5891 -
776 5853 817 5906 te.
835 5856 878 5921 est]
895 5855 955 5907 boec
972 5868 1041 5906 corr.
1060 5853 1120 5906 sed.
1140 5866 1176 5906 m.
1195 5855 1221 5907 in
1238 5861 1272 5907 est
1289 5858 1309 5907 G
1328 5881 1354 5892 -
1373 5855 1414 5906 ΙΙ.
1432 5852 1478 5918 Ad]
1496 5854 1677 5905 ctG1-2ti.
1697 5868 1770 5910 αωο-

447 5944 501 5982 rem
517 5930 544 5983 in
560 5929 802 5992 cumanensem
820 5931 955 5983 emersu.
