4342 7459
450 1243 513 1312 tto
736 1249 791 1313 DE
811 1248 966 1314 FlNlBUS
988 1249 1187 1317 nouorum
1207 1250 1261 1315 ΕΤ
1282 1250 1482 1318 Marenen

447 1417 556 1494 lactis,
589 1418 645 1502 qui
676 1418 832 1503 permulta
860 1420 900 1483 ob
929 1440 999 1485 cam
1019 1440 1116 1484 unam
1138 1393 1265 1486 causari
1286 1421 1423 1497 faciunt,
1458 1422 1534 1506 quia
1557 1422 1661 1498 decet,
1695 1425 1774 1508 quia

447 1522 586 1588 rectum,
621 1514 696 1597 quia
729 1512 895 1579 honestum
921 1524 984 1590 est,
1018 1516 1077 1579 etsi
1103 1517 1227 1580 nullum
1253 1524 1493 1581 consecuturum
1523 1516 1773 1581 emolumentum

446 1608 565 1673 vident.
606 1608 759 1671 Homines
784 1609 886 1683 enim,
912 1610 970 1672 etsi
996 1610 1066 1672 aliis
1093 1610 1216 1684 multis,
1242 1620 1348 1674 tamen
1373 1610 1435 1675 hoc
1465 1630 1530 1673 uno
1560 1612 1732 1695 plurimum
1754 1631 1774 1676 ι

446 1704 555 1767 hestiis
587 1703 752 1776 differunt,
784 1703 870 1786 quod
903 1705 1057 1767 rationem
1088 1703 1209 1767 hahent
1238 1724 1258 1767 a
1287 1714 1398 1768 natura
1430 1704 1534 1767 datam
1567 1714 1773 1789 mentemque

423 1818 550 1870 sacrem
582 1804 614 1860 et
644 1796 802 1877 vigentem
830 1796 1057 1881 celerrimeque
1087 1799 1186 1861 multa
1214 1799 1307 1862 simul
1335 1800 1505 1881 agitantem
1527 1807 1574 1873 et,
1602 1806 1638 1863 nt
1657 1801 1703 1863 ita
1725 1799 1774 1861 di-

446 1914 529 1965 cam‚
557 1909 719 1973 sagacem,
749 1909 831 1972 quae
859 1898 891 1953 et
916 1910 1027 1956 causas
1053 1911 1159 1955 rerum
1190 1899 1223 1955 et
1243 1894 1483 1957 consecutiones
1504 1894 1612 1958 rideat
1631 1902 1662 1958 et
1683 1893 1774 1957 simi·

445 1987 597 2051 litudines
624 1982 792 2047 transferat
819 1991 852 2047 et
878 1984 1036 2048 disiuncta
1064 1987 1238 2069 coniungat
1263 1995 1295 2052 et
1322 2007 1392 2051 cum
1420 1988 1637 2069 praesentibus
1665 1987 1775 2051 futura

444 2081 572 2163 copulet
595 2098 789 2161 omnemque
817 2078 1045 2161 complectatur
1064 2081 1147 2145 vitae
1173 2083 1397 2166 consequentis
1420 2088 1545 2146 statum
1587 2082 1774 2166 Eademque

445 2176 526 2241 ratio
558 2173 633 2237 lecit
664 2172 825 2236 hominem
855 2173 1020 2238 hominum
1047 2182 1248 2259 appetentem
1276 2195 1412 2260 cumque
1440 2175 1480 2238 iis
1505 2182 1618 2239 natura
1645 2185 1679 2241 et
1705 2193 1774 2239 sar-

408 2290 538 2341 rcmone
567 2274 600 2332 et
627 2285 689 2329 usu
718 2275 959 2349 congruentem,
986 2277 1022 2331 ut
1054 2267 1212 2351 protectus
1244 2288 1263 2331 a
1294 2271 1423 2334 cantate
1455 2268 1701 2333 domesticorum
1735 2288 1773 2350 ac

444 2382 573 2429 suorum
603 2368 709 2443 serpet
735 2359 861 2442 longius
889 2368 922 2424 et
946 2380 981 2425 se
1001 2360 1143 2444 implicet
1164 2362 1299 2444 primum
1325 2362 1458 2436 civium,
1487 2362 1603 2427 deinde
1629 2364 1773 2427 omnium

446 2457 626 2523 mortalium
648 2454 816 2529 societate,
838 2460 952 2537 atque,
973 2463 1009 2518 ut
1029 2455 1069 2519 ad
1090 2456 1260 2540 Archytam
1283 2456 1410 2538 scripsit
1430 2457 1536 2532 Plato,
1565 2476 1631 2521 nou
1654 2458 1716 2521 sihi
1736 2478 1772 2521 sc
1849 2494 1851 2497 >

444 2554 505 2617 soli
532 2559 639 2613 natum
668 2549 863 2622 meminerit,
896 2550 952 2612 sed
980 2549 1115 2631 patriae,
1148 2549 1204 2612 sed
1233 2551 1315 2623 suis,
1347 2558 1384 2613 ut
1410 2552 1586 2634 perexigua
1609 2572 1683 2635 pars
1708 2552 1773 2637 ipsi

443 2645 651 2727 relinquatur.
694 2637 746 2704 lo.
767 2644 808 2706 Et
829 2643 979 2727 quoniam
1002 2642 1113 2707 eadem
1131 2652 1243 2707 natura
1257 2644 1462 2728 cupiditatem
1483 2645 1628 2728 ingenuit
1648 2645 1771 2711 homini

407 2739 511 2811 caveri
538 2734 683 2810 ridendi,
713 2736 800 2820 quod
832 2736 982 2800 facillime
1008 2744 1154 2819 apparet,
1188 2757 1260 2801 cum
1286 2738 1376 2801 vacui
1405 2740 1489 2802 curis
1518 2740 1612 2805 etiam
1635 2739 1713 2824 quid
1734 2740 1770 2804 in

445 2834 534 2897 caelo
557 2829 611 2894 hat
632 2827 712 2895 scire
733 2850 880 2904 aremus,
911 2830 961 2892 his
982 2832 1082 2894 initiis
1104 2831 1225 2894 inducti
1247 2831 1354 2894 omnia
1374 2851 1448 2895 vera
1470 2833 1644 2916 diligimus,
1666 2835 1772 2898 idest

442 2928 567 3000 fidelia,
590 2924 763 3007 simplicia,
785 2924 975 2997 constantia,
998 2933 1176 2998 tumvana,
1198 2925 1291 2998 salsa,
1315 2925 1458 2990 fallentia
1472 2926 1614 3001 edimus,
1634 2927 1771 2991 ntlreu·

443 3023 533 3096 dem,
555 3020 744 3103 periurium,
768 3018 933 3092 malitiam,
955 3020 1113 3082 iniuriam.
1150 3019 1269 3082 Eadem
1291 3020 1372 3083 ratio
1392 3020 1489 3084 hahet
1509 3022 1543 3084 in
1567 3042 1602 3085 se
1616 3022 1770 3104 quiddam

442 3117 581 3199 amplum
612 3123 709 3197 atque
737 3108 954 3194 magnificum,
982 3115 1023 3176 ad
1050 3113 1269 3196 imperandum
1292 3114 1392 3197 magis
1414 3115 1571 3198 quemad
1593 3114 1771 3198 parendum

405 3210 730 3281 scaccommodatum,
760 3206 866 3269 omnia
895 3205 1034 3269 humana
1062 3227 1126 3270 non
1154 3207 1330 3271 tolerabilia
1351 3208 1468 3283 solum,
1495 3208 1551 3272 sed
1572 3211 1668 3274 etiam
1689 3208 1771 3272 levia

350 3290 352 3293 ’
442 3308 576 3379 ducens,
598 3304 696 3367 altum
718 3300 867 3384 quiddam
890 3308 923 3362 ct
938 3301 1114 3374 excelsum,
1135 3300 1214 3363 nihil
1237 3301 1368 3375 timens,
1390 3303 1510 3365 nemini
1530 3302 1665 3376 cedens,
1686 3322 1771 3366 rem·

440 3422 500 3484 per
520 3400 684 3463 invictum.
727 3392 778 3457 t7.
801 3398 905 3477 Atque
925 3394 976 3458 his
998 3395 1098 3457 trihus
1120 3394 1287 3475 generibus
1309 3395 1516 3459 honestorum
1537 3396 1654 3459 notetis
1674 3415 1771 3478 quar·

441 3505 508 3558 tum
530 3492 674 3575 seqnitur
695 3489 781 3551 etin
803 3486 914 3550 eadem
936 3486 1169 3569 pulchritudine
1191 3496 1224 3550 et
1243 3496 1351 3570 aptum
1373 3511 1414 3553 ex
1437 3490 1501 3553 illis
1517 3490 1631 3563 tribus,
1654 3489 1688 3551 in
1703 3509 1770 3571 quo

440 3589 526 3652 inest
545 3586 624 3650 ordo
646 3588 679 3647 et
694 3581 878 3645 moderatio.
915 3580 1012 3644 Cuius
1026 3579 1234 3644 similitudine
1248 3593 1414 3666 perspecta
1428 3584 1463 3646 in
1476 3584 1648 3647 termnum
1663 3584 1770 3666 specie

398 3701 478 3747 asae
499 3678 652 3762 dignitate
675 3676 840 3739 transitum
863 3682 912 3737 cst
933 3676 973 3738 ad
994 3673 1193 3739 honestatem
1208 3675 1363 3741 dictorum
1380 3686 1474 3762 atque
1487 3678 1652 3742 tactorum.
1690 3679 1769 3742 Nam

439 3795 482 3839 cx
502 3775 552 3838 his
573 3772 675 3835 trihus
696 3769 860 3843 laudibus,
882 3789 962 3853 quas
984 3778 1057 3832 ante
1081 3770 1164 3843 dixi,
1187 3777 1220 3832 et
1235 3772 1440 3836 temeritatem
1457 3771 1640 3835 reformidat
1655 3779 1688 3834 et
1701 3791 1768 3835 nen

439 3869 536 3933 audet
557 3866 703 3949 cuiquam
724 3871 781 3927 aut
801 3862 886 3927 dicto
907 3872 1055 3947 protervo
1070 3871 1127 3926 ant
1143 3863 1227 3927 tacto
1243 3886 1367 3941 nocere,
1390 3874 1580 3951 vereturque
1595 3864 1768 3949 quicquam

439 3972 495 4028 aut
515 3963 619 4027 lacere
640 3965 697 4022 ant
718 3958 841 4041 eloqui,
864 3960 952 4042 quod
974 3979 1082 4042 parum
1106 3959 1197 4021 virile
1219 3960 1373 4024 videatur.

522 4055 592 4118 XV.
614 4050 666 4116 t8.
688 4052 793 4116 Habes
815 4054 958 4136 undiquc
980 4053 1139 4137 expletam
1161 4062 1193 4117 et
1213 4053 1400 4136 perfectam,
1429 4057 1603 4137 Torquate,
1632 4053 1770 4120 sormam

401 4149 627 4224 cohonestatis,
650 4167 732 4230 quae
756 4155 822 4210 tota
844 4155 994 4230 quattuor
1014 4148 1063 4212 his
1086 4149 1271 4223 virtutibus,
1295 4164 1376 4230 quae
1398 4169 1417 4212 a
1439 4157 1470 4212 te
1485 4169 1612 4233 qnoque
1628 4168 1770 4214 comme·

439 4254 578 4310 moratae
600 4250 691 4316 sunt,
714 4241 904 4304 continetur.
937 4241 1028 4305 Hanc
1049 4261 1083 4304 se
1106 4249 1177 4304 tuus
1199 4243 1354 4325 Epicurus
1369 4244 1498 4307 omnine
1519 4244 1664 4326 ignorare
1679 4245 1769 4322 dicit,

439 4360 534 4425 quam
556 4344 613 4402 ant
634 4335 760 4420 qualem
783 4355 854 4399 esse
874 4336 988 4409 velint,
1010 4337 1066 4419 qui
1087 4334 1253 4400 honestate
1276 4359 1431 4402 summum
1450 4339 1570 4401 bonum
1585 4340 1769 4404 metiantur.

438 4434 473 4497 si
494 4433 535 4497 ad
557 4431 754 4495 honestatem
777 4430 860 4492 enim
876 4430 983 4493 omnia
1004 4429 1196 4504 reserantur,
1218 4451 1323 4515 neque
1345 4434 1379 4495 in
1398 4453 1437 4497 ea
1451 4433 1645 4514 voluptatem
1658 4433 1770 4497 dicant

437 4530 560 4601 inesse,
582 4527 626 4591 ait
648 4545 704 4590 ces
722 4544 800 4589 voce
823 4526 910 4588 inani
932 4544 1046 4588 sonare
1061 4560 1103 4573 —
1117 4523 1167 4587 his
1181 4525 1267 4588 enim
1281 4527 1358 4610 ipsis
1372 4528 1478 4591 verbis
1491 4527 1590 4591 utitur
1602 4560 1645 4575 —
1658 4546 1768 4610 neque

399 4623 623 4705 cointellegere
651 4639 712 4683 nec
737 4619 864 4694 ridere,
894 4619 952 4683 sub
976 4620 1058 4682 hanc
1079 4639 1190 4682 vocem
1210 4620 1387 4685 honestatis
1409 4642 1490 4706 quae
1511 4622 1554 4684 sit
1578 4620 1768 4686 subicienda

438 4718 602 4781 sententia.
646 4715 686 4778 Ut
714 4713 799 4778 enim
830 4713 1027 4777 consuetudo
1055 4712 1214 4796 loquitur,
1249 4713 1283 4775 id
1312 4716 1413 4778 solum
1441 4715 1559 4778 dicitur
1584 4715 1767 4789 honestum,

438 4811 524 4894 quod
541 4817 589 4875 est
603 4810 748 4895 populari
761 4808 845 4873 fama
859 4809 1041 4892 gloriosum.
1075 4807 1184 4883 Quod,
1207 4808 1320 4892 inquit,
1342 4829 1534 4892 quamquam
1549 4807 1765 4898 voluptatibus

504 5130 528 5179 4.
546 5141 624 5178 onem
640 5138 743 5176 cumeris
759 5126 796 5175 A:
814 5137 918 5173 censam
933 5136 1013 5173 uuam
1029 5124 1109 5175 Bth
1123 5151 1148 5160 -
1169 5125 1193 5176 3.
1210 5126 1348 5188 plurimun
1364 5138 1382 5174 e
1396 5124 1595 5177 hcstttrA132c
1610 5123 1692 5175 hntdr
1704 5124 1766 5187 ptu-

436 5201 847 5254 rtmumO-lsnoeeatass-
872 5199 1110 5249 5.scrrrnABC:
1135 5198 1765 5251 uerrere-eromn-atmctmuttae

439 5305 465 5315 -
485 5280 510 5329 7.
528 5279 641 5328 dttnactc
657 5278 721 5328 tl-
741 5275 765 5326 8.
783 5273 1168 5337 commensurantes·
1188 5276 1246 5326 nr.
1265 5276 1460 5339 hcmtocmfectt
1477 5276 1538 5325 e-
1556 5274 1687 5325 merasce
1703 5277 1766 5339 post

435 5356 562 5405 terrim
578 5351 750 5403 inserendum
767 5349 897 5414 significet
907 5346 939 5400 Α*
950 5351 976 5399 tn
989 5350 1107 5411 margine
1122 5376 1149 5386 -
1168 5349 1208 5413 its]
1224 5351 1262 5399 hir
1272 5352 1293 5400 Α
1303 5351 1351 5399 ΒΟ
1364 5375 1391 5385 -
1412 5352 1451 5400 lt).
1465 5363 1483 5399 a
1494 5363 1549 5401 om.
1562 5351 1581 5400 B
1595 5374 1624 5385 -
1642 5350 1684 5399 te.
1696 5363 1765 5400 mer·

416 5428 727 5481 -tcttumomnissnlt-
747 5427 788 5477 te.
806 5426 934 5476 satelt—
954 5423 994 5474 44.
1013 5423 1255 5487 sedeurlecmlt-
1275 5427 1316 5474 te.
1334 5425 1494 5489 uwmqntd]
1512 5424 1761 5489 4494444444ωὸ-

436 5508 477 5557 46.
495 5505 604 5570 coemur]
627 5503 746 5554 tutemus
761 5503 810 5553 AB
829 5527 856 5537 -
882 5501 921 5551 sa.
939 5499 1065 5549 molitiem
1080 5512 1134 5550 om.
1154 5502 1173 5549 Β
1192 5526 1219 5536 -
1242 5501 1327 5550 endon
1342 5502 1408 5550 actm
1424 5516 1448 5551 r.
1466 5501 1485 5550 B
1505 5526 1533 5537 -
1551 5500 1677 5564 quoddam
1694 5500 1714 5550 B
1734 5527 1763 5538 -

434 5584 475 5632 at.
489 5580 590 5645 mter]
606 5580 670 5630 sulti
685 5580 705 5629 B
719 5604 746 5614 -
765 5577 806 5628 at.
824 5573 866 5640 api
878 5578 910 5638 E,
930 5579 958 5626 ut
974 5578 1001 5626 et
1016 5588 1084 5638 apem
1100 5576 1128 5623 et
1143 5574 1222 5636 specte
1238 5571 1289 5636 legi
1306 5575 1398 5638 possit.
1414 5600 1441 5611 -
1460 5576 1500 5624 25.
1514 5588 1546 5623 cc
1562 5574 1691 5640 dtgnttctd
1704 5576 1764 5625 edi·

434 5656 530 5720 gnitate
551 5656 599 5707 ΑΒ
623 5680 650 5691 -
674 5655 716 5704 27.
734 5654 818 5714 cudat}
840 5652 903 5702 cudi
923 5652 942 5700 B
967 5677 993 5687 -
1016 5648 1113 5712 nocere]
1129 5662 1207 5698 assere
1222 5645 1253 5700 A¹
1273 5675 1298 5687 -
1323 5649 1364 5699 28.
1382 5655 1428 5700 eut
1444 5652 1504 5714 post
1519 5651 1604 5714 fecere
1619 5662 1674 5700 om.
1694 5651 1713 5701 B
1732 5675 1759 5685 -

434 5723 1763 5796 mersamque-aequassent:tnqwumrnno-at.s1rse-aaqct

435 5807 468 5856 A:
487 5806 579 5867 hgqui
596 5806 629 5866 n;
648 5806 667 5855 tt
684 5804 727 5867 qni
744 5804 769 5854 hl
790 5828 815 5839 —·
834 5802 876 5852 3³.
894 5803 922 5851 Si
939 5801 1139 5850 edtomtetem
1155 5798 1220 5847 caim
1236 5799 1270 5847 A:
1291 5797 1319 5845 Si
1336 5797 1632 5848 crstmudh.ltll0—
1649 5798 1762 5861 reserent

434 5881 481 5931 Th.
501 5878 633 5930 Bentlcins
653 5905 680 5915 -
703 5879 788 5928 dicam
808 5876 827 5925 B
852 5901 880 5911 -
904 5875 945 5926 34.
963 5887 1023 5924 socc
1039 5874 1111 5923 iacnt
1127 5874 1190 5923 AB:
1213 5873 1284 5922 inani
1300 5885 1359 5922 occe
1375 5874 1395 5921 0
1411 5898 1445 5910 -
1465 5871 1507 5923 344.
1524 5871 1673 5935 intelligitur
1690 5872 1711 5922 Ε
1730 5894 1757 5907 -

433 5969 478 6007 sec
495 5955 560 6006 AB:
577 5967 656 6017 aque
672 5955 692 6005 0
713 5980 737 5993 -
758 5954 823 6003 heac
837 5964 922 6003 ocean
938 5949 1119 6015 Wesenberg:
1137 5948 1185 5997 tec
1199 5960 1260 5999 ecce
1276 5946 1355 5998 cedd.
1375 5948 1402 5997 et
1420 5947 1449 5998 0.
