4342 7459
570 1266 627 1332 nn
647 1264 765 1331 cmm
785 1266 821 1331 n.
841 1264 895 1329 nr
916 1266 959 1331 u.
986 1266 1055 1331 nn.
1076 1265 1102 1330 1.
1130 1262 1204 1329 cn.
1224 1263 1346 1327 1-1n.
1374 1258 1421 1347 ss
1444 1258 1549 1326 t-s.
1689 1256 1732 1323 77

408 1435 534 1502 Latinas
561 1435 603 1502 ad
630 1436 763 1502 verbum
791 1457 809 1500 e
836 1435 964 1500 Graecis
990 1454 1156 1517 expressas
1182 1453 1248 1497 non
1270 1430 1360 1496 inviti
1381 1431 1498 1515 legant.
1545 1429 1625 1507 Quis
1648 1432 1732 1495 enim

408 1539 469 1595 tam
490 1531 642 1595 inimicus
663 1550 765 1614 paene
786 1530 905 1594 nomini
925 1530 1067 1593 Romano
1091 1536 1155 1601 est,
1189 1525 1244 1610 qui
1265 1525 1361 1588 Ennii
1382 1524 1525 1589 Medeam
1548 1532 1602 1588 aut
1622 1526 1734 1588 Antio-

407 1646 478 1710 pam
499 1625 630 1689 Pacuvii
653 1630 782 1707 spernat
803 1631 859 1687 aut
879 1624 1002 1697 reiciat,
1033 1623 1121 1706 quod
1143 1642 1177 1685 se
1192 1619 1305 1684 isdem
1325 1619 1487 1704 Euripidis
1508 1618 1624 1684 fabulis
1646 1619 1733 1684 dele·

407 1719 484 1783 ctari
506 1719 609 1795 dieat,
630 1718 760 1782 Latinas
782 1717 903 1780 litteras
921 1717 1043 1780 oderit‘l
1071 1715 1278 1799 Synephebos
1294 1734 1368 1797 ego,
1390 1715 1511 1798 inquit,
1534 1715 1641 1797 potius
1657 1713 1734 1777 Cae-

407 1812 470 1876 citii
491 1819 548 1876 aut
565 1812 718 1875 Andriam
732 1811 871 1874 Terentii
894 1831 989 1894 quam
1003 1819 1171 1895 utramque
1186 1808 1352 1873 Menandri
1369 1808 1492 1891 legam?
1528 1807 1559 1871 5.
1577 1808 1604 1870 A
1619 1806 1757 1892 quibusa

407 1913 526 1971 lautum
558 1905 726 1981 dissentio,
758 1911 812 1980 ut,
842 1925 915 1969 cum
944 1902 1119 1987 Sophocles
1151 1904 1201 1966 vel
1231 1904 1351 1986 optime
1380 1902 1542 1985 scripserit
1566 1902 1734 1976 Electram,

407 2007 510 2064 tamen
540 2000 622 2064 male
652 2018 835 2063 conversam
866 1999 954 2062 Atilii
986 1998 1062 2062 milri
1093 1996 1258 2080 legendam
1280 2005 1404 2079 putem,
1435 1996 1474 2058 de
1497 2016 1560 2080 quo
1581 1994 1734 2070 Licinius,

406 2092 571 2159 ferreum
596 2095 858 2176 scriptorem,
880 2113 1008 2170 verum,
1030 2093 1159 2177 opinor,
1182 2092 1369 2173 scriptorem
1388 2099 1511 2166 mmen,
1532 2096 1568 2153 ut
1582 2089 1734 2172 legendus

407 2186 458 2251 sit.
500 2185 623 2250 liudem
647 2187 731 2250 enim
754 2206 823 2249 esse
846 2188 974 2251 omuino
1002 2188 1034 2250 in
1059 2185 1176 2250 nostris
1199 2183 1301 2267 poetis
1323 2193 1379 2248 aut
1400 2184 1609 2249 inertissimae
1631 2181 1736 2266 segni·

407 2281 468 2344 fiae
490 2287 539 2344 est
560 2289 615 2346 aut
629 2280 748 2345 fastidii
764 2280 988 2345 delicatissimi.
1020 2280 1100 2345 llihi
1118 2278 1248 2365 quidem
1263 2279 1341 2343 nulli
1357 2279 1432 2344 satis
1448 2278 1564 2343 eruditi
1580 2277 1772 2354 videntur,40

407 2373 523 2459 quibus
545 2382 654 2440 nostra
674 2377 781 2458 ignota
803 2383 887 2440 sunt.
930 2379 978 2439 An

830 2472 974 2535 utinam
996 2489 1043 2532 ne
1064 2470 1105 2532 iu
1127 2488 1289 2533 nemore

407 2566 508 2631 nihilo
536 2564 641 2630 minus
673 2563 806 2647 legimus
836 2586 930 2649 quam
961 2564 1023 2628 hoc
1054 2564 1141 2627 idem
1163 2563 1331 2628 Graecum:
1361 2584 1443 2648 quae
1465 2570 1569 2629 autem
1592 2565 1631 2631 de
1652 2565 1734 2630 hene

407 2660 566 2745 beateque
588 2658 723 2723 vivendo
745 2680 764 2724 a
785 2659 916 2724 Platone
938 2661 1097 2742 disputata
1118 2665 1207 2733 sunt,
1237 2656 1316 2722 baec
1338 2659 1490 2742 explicari
1512 2679 1576 2722 non
1598 2660 1737 2743 placebit

407 2754 542 2819 latine?
581 2751 611 2816 6.
635 2753 729 2830 Quod
751 2754 778 2817 si
800 2774 860 2818 nos
881 2774 947 2818 non
968 2754 1176 2836 interpretum
1195 2750 1356 2835 fungimur
1371 2772 1516 2828 munere,
1539 2753 1594 2817 sed
1610 2762 1773 2821 tuemurta

408 2868 460 2923 ea,
490 2868 574 2934 quae
596 2846 680 2911 diota
702 2849 836 2913 suntab
859 2849 917 2924 iis,
950 2867 1031 2932 quos
1061 2847 1251 2930 probamus,
1285 2847 1395 2930 eisque
1418 2854 1559 2911 nostrum
1581 2848 1736 2913 iudicium

408 2950 439 3005 et
457 2950 604 3006 nostrum
625 2942 784 3005 scribendi
807 2943 950 3007 ordinem
973 2942 1188 3023 adiungimus,
1211 2940 1287 3026 quid
1316 2942 1434 3005 habent
1462 2963 1518 3007 cur
1540 2945 1659 3009 Graeca
1680 2965 1737 3009 au·

407 3042 557 3121 teponant
584 3035 641 3111 iis,
671 3055 752 3120 quae
783 3045 815 3101 et
842 3037 1008 3121 splendide
1031 3039 1115 3101 dicta
1135 3058 1241 3122 neque
1263 3040 1326 3102 sint
1349 3059 1502 3104 conversa
1524 3038 1563 3102 de
1586 3038 1736 3102 Graecis?

407 3128 485 3192 llam
507 3129 536 3192 si
559 3129 666 3194 dicent
687 3131 727 3193 ab
749 3131 813 3196 illis
835 3133 893 3196 has
915 3154 965 3196 res
988 3153 1058 3195 esse
1079 3139 1243 3208 tractatas,
1273 3153 1314 3196 ne
1343 3134 1430 3216 ipsos
1453 3133 1580 3218 quidem
1599 3133 1736 3197 Graecos

409 3230 457 3285 est
477 3243 536 3287 cur
557 3230 620 3287 tam
643 3224 760 3288 multos
781 3226 904 3309 legant,
928 3247 1022 3309 quam
1045 3225 1172 3308 legendi
1195 3233 1279 3290 sunt.
1315 3226 1400 3303 Quid
1422 3229 1505 3290 enim
1528 3233 1576 3290 est
1597 3247 1616 3291 a
1639 3226 1773 3310 Chry-so

410 3314 502 3400 cippo
524 3317 782 3401 praetermissum
805 3321 837 3383 in
857 3321 995 3385 Stoicisl
1028 3320 1178 3402 Legimus
1194 3328 1298 3383 tamen
1312 3320 1505 3403 Diogenem,
1526 3322 1736 3407 Antipatrum,

410 3410 645 3488 Mnesarchum,
666 3413 867 3491 Panaetium,
889 3416 1005 3478 multos
1027 3415 1107 3478 alios
1134 3413 1166 3477 in
1189 3415 1362 3500 primisque
1386 3414 1571 3480 familiarem
1591 3423 1737 3479 nostrum

409 3504 627 3569 Posidonium.
669 3508 778 3583 Quid?
811 3510 1047 3593 Theophrastus
1077 3508 1318 3573 mediocriterne
1348 3508 1497 3585 delectat,
1526 3529 1599 3574 cum
1627 3516 1738 3573 tractat

409 3598 497 3662 locos
524 3598 565 3661 ab
593 3601 760 3666 Aristotele
789 3611 861 3668 ante
892 3605 1064 3667 tractatos?
1095 3603 1193 3687 quid‘l
1230 3605 1379 3688 Epicurei
1410 3625 1484 3668 num
1514 3604 1669 3670 desistunt
1696 3604 1736 3668 de

408 3691 525 3767 isdem,
554 3692 595 3756 de
625 3696 738 3777 quibus
766 3704 798 3760 et
826 3697 864 3761 ab
892 3697 1029 3781 Epicuro
1058 3698 1209 3779 scriptum
1235 3706 1283 3762 est
1315 3707 1348 3762 et
1373 3700 1412 3762 ab
1438 3699 1591 3782 antiquis,
1621 3698 1662 3763 ad
1688 3714 1777 3762 anto

408 3786 537 3851 bitrium
565 3807 659 3852 suum
688 3790 850 3855 scribere?
887 3791 978 3867 Quod
1006 3789 1033 3854 si
1063 3790 1175 3854 Graeci
1205 3792 1355 3875 leguntur
1381 3812 1399 3856 a
1422 3791 1551 3856 Graecis
1573 3792 1674 3857 isdem
1698 3793 1738 3856 de

409 3880 503 3944 rebus
523 3881 586 3945 alia
606 3884 728 3946 ratione
750 3886 948 3968 compositis,
971 3884 1048 3966 quid
1071 3892 1119 3948 est
1139 3906 1195 3949 cur
1215 3887 1317 3950 nostri
1334 3887 1481 3950 anostris
1496 3906 1559 3951 non
1572 3886 1739 3970 legantur?

410 3973 464 4037 ΙΙΙ.
485 3971 517 4037 7.
540 3974 755 4059 Quamquam,
785 3979 812 4042 si
840 3980 932 4062 plane
954 3978 1000 4041 sic
1021 3987 1176 4043 verterem
1198 3980 1359 4044 Platonem
1382 3987 1437 4044 aut
1460 3982 1677 4059 Aristotelem,
1704 3989 1740 4048 ut

411 4075 572 4133 verterunt
594 4072 694 4135 nostri
722 4080 833 4156 poetae
854 4072 992 4148 fabulas,
1021 4074 1116 4148 male,
1145 4075 1257 4150 credo,
1285 4095 1421 4140 mererer
1441 4076 1480 4138 de
1503 4076 1581 4139 meis
1605 4077 1738 4153 civibus,

412 4163 439 4227 si
460 4164 502 4227 ad
525 4185 636 4229 eorum
659 4167 871 4248 cognitionem
893 4167 998 4229 divina
1020 4167 1074 4229 illa
1096 4167 1221 4250 ingenia
1243 4169 1462 4234 transferrem:
1495 4167 1551 4233 sed
1573 4170 1606 4232 id
1635 4185 1777 4255 nequeao

411 4256 471 4321 feci
494 4257 598 4322 adhuc
620 4279 679 4323 neo
701 4261 779 4323 mihi
802 4269 907 4324 tamen
930 4282 969 4324 ne
993 4258 1105 4323 faciam
1133 4261 1334 4326 interdictum
1356 4271 1443 4347 puto.
1486 4262 1587 4327 Locos
1611 4266 1739 4348 quidem

414 4353 585 4436 quosdam,
608 4354 635 4417 si
659 4354 833 4430 videbitur,
855 4353 1055 4429 transferam,
1078 4363 1111 4418 et
1131 4354 1267 4421 maxime
1290 4358 1330 4420 ab
1353 4357 1406 4432 iis,
1429 4376 1508 4438 quos
1527 4357 1622 4422 modo
1638 4361 1740 4424 nomi-

413 4448 503 4523 nari,
526 4467 599 4511 cum
624 4448 770 4513 inciderit
793 4457 827 4512 ut
848 4448 878 4511 id
901 4457 973 4534 apte
995 4448 1064 4512 fieri
1088 4452 1204 4532 possit,
1227 4458 1262 4513 ut
1283 4451 1322 4514 ab
1337 4451 1475 4514 Homero
1489 4452 1628 4529 Ennius,
1650 4453 1741 4518 Afra-

413 4542 484 4605 nius
513 4561 532 4605 a
560 4543 734 4606 Menandro
762 4543 852 4607 solet.
896 4545 961 4606 Nec
988 4563 1081 4617 vero,
1110 4551 1146 4605 ut
1172 4552 1280 4607 noster
1302 4545 1459 4620 Lucilius,
1488 4548 1641 4611 recusabo
1676 4568 1740 4632 quo

414 4637 517 4699 minus
551 4656 661 4700 omnes
691 4656 761 4702 mea
788 4637 903 4719 legant.
947 4637 1070 4701 Utinam
1101 4645 1185 4701 esset
1212 4638 1267 4701 ille
1296 4640 1439 4703 Persiusl
1474 4639 1581 4723 Scipio
1610 4660 1686 4704 vero
1710 4648 1778 4706 etas

414 4728 549 4793 Rutilius
572 4731 671 4794 multo
694 4732 789 4793 etiam
811 4731 927 4813 magis:
951 4752 1085 4815 quorum
1102 4731 1155 4794 ille
1171 4732 1323 4795 iudicium
1339 4730 1545 4796 reformidans
1561 4735 1740 4799 Tarentinis

415 4821 457 4886 ait
485 4844 520 4886 se
551 4830 583 4887 et
606 4825 805 4889 Consentinis
828 4834 858 4888 et
883 4826 996 4888 Siculis
1018 4825 1165 4889 scribere.
1209 4828 1322 4890 Facete
1344 4829 1370 4890 is
1393 4826 1538 4910 quidem,
1560 4829 1642 4892 sicut
1662 4831 1741 4907 alia;

417 4916 470 4979 sed
491 4936 599 4999 neque
622 4925 685 4980 tam
708 4918 793 4982 docti
817 4928 882 4982 tum
905 4927 1006 4992 erant,
1029 4920 1068 4981 ad
1092 4940 1225 5003 quorum
1245 4920 1398 4984 iudicium
1413 4922 1600 4997 elaboraret,
1622 4930 1654 4987 et
1668 4932 1743 4988 sunt

417 5006 499 5072 illius
521 5011 639 5093 scripta
661 5010 799 5086 leviora,
826 5020 862 5075 ut
883 5013 1043 5075 urbanitas
1066 5032 1188 5076 summa
1210 5021 1373 5098 appareat,
1396 5014 1541 5079 doctrina
1562 5018 1741 5082 mediocris.

418 5097 534 5186 &Ego
563 5114 670 5169 autem
701 5127 795 5190 quem
823 5108 950 5171 timeam
971 5107 1137 5183 lectorem,
1168 5108 1303 5172 eumad
1325 5116 1374 5184 te,
1401 5129 1441 5173 ne
1463 5110 1589 5174 Graecis
1612 5111 1741 5196 quidem
1751 5129 1780 5176 to

481 5366 505 5417 4.
524 5364 619 5416 sau:
637 5365 740 5415 (430-
759 5364 947 5430 loquuturE—
963 5366 988 5416 2.
1002 5365 1096 5415 nomini
1110 5366 1355 5430 pensu-aqum
1372 5368 1740 5434 ABC:qut0-ac]til·1-

420 5435 442 5492 4.
454 5440 557 5492 batiaca
573 5442 670 5492 litteras
686 5442 765 5492 oderit
781 5456 834 5493 om.
848 5446 868 5494 G
881 5446 908 5493 et
919 5444 1006 5493 Daris.
1022 5469 1048 5477 -
1062 5442 1166 5507 [literas]
1180 5443 1199 5492 0
1214 5469 1240 5479 -
1259 5442 1284 5493 6.
1300 5448 1398 5493 tuntum
1413 5444 1475 5493 AB:
1494 5449 1547 5495 mm
1559 5446 1578 5495 0
1592 5470 1619 5482 -
1638 5445 1663 5494 Ἰ.
1675 5444 1744 5495 Atilii

420 5516 452 5565 A:
469 5518 539 5567 acilii
554 5518 587 5575 B;
605 5517 684 5567 Attilii
701 5518 721 5566 0
739 5543 767 5553 -
787 5519 827 5568 tt.
844 5518 883 5568 Ao
899 5519 1016 5569 Muretus
1035 5517 1077 5579 (ad
1093 5518 1204 5582 Philipp.
1217 5518 1282 5578 xlv,
1295 5519 1334 5581 dl:
1352 5520 1384 5568 At
1399 5521 1448 5569 AB
1469 5548 1496 5557 -
1516 5521 1555 5571 43.
1574 5520 1646 5584 quac]
1664 5522 1741 5582 quta

423 5613 442 5624 —
466 5592 505 5642 45.
525 5593 591 5654 Quid
612 5593 633 5642 o·
656 5594 677 5642 A
696 5616 723 5628 -
749 5593 788 5643 48,
807 5594 875 5643 dictu
892 5607 953 5643 nos:
973 5595 1040 5643 dictu
1055 5598 1112 5642 runt
1128 5594 1220 5653 ABE;
1244 5594 1311 5643 dicta
1332 5595 1381 5643 ont
1401 5596 1421 5644 0
1445 5622 1472 5631 -
1501 5595 1541 5646 49.
1559 5596 1612 5658 ipso
1634 5597 1673 5658 (in
1690 5597 1742 5649 fine

421 5668 518 5727 remus)
535 5669 556 5718 A
577 5690 604 5702 -
624 5667 666 5718 20.
683 5668 776 5718 multus
792 5665 822 5717 Α1
840 5694 868 5704 -
887 5668 928 5717 23.
947 5669 1007 5730 quid
1021 5668 1212 5730 Theophrastum
1228 5670 1337 5719 ABCD
1352 5694 1378 5704 -
1398 5667 1439 5719 at.
1457 5683 1508 5719 oon
1519 5672 1661 5734 (superscr.
1674 5674 1743 5738 omn)

421 5741 482 5789 A·
507 5742 727 5793 fhiademll:
751 5743 924 5792 eisdemO-
946 5743 1306 5805 acascomarcos·
1329 5742 1742 5797 samotra-narseus-

422 5812 459 5865 34,
476 5815 587 5880 inquito
603 5817 622 5865 B
642 5842 670 5852 -
694 5817 735 5866 34.
752 5815 792 5877 oe]
808 5830 853 5866 noc
868 5819 899 5866 A¹
919 5843 945 5851 —
965 5817 1005 5868 33.
1024 5817 1088 5881 aaa]
1106 5823 1159 5866 tum
1175 5818 1194 5866 B
1211 5845 1245 5856 -
1266 5816 1306 5869 34.
1325 5831 1342 5867 a
1358 5818 1506 5878 Menandro]
1524 5821 1648 5871 cmundro
1664 5824 1695 5873 A¹
1714 5849 1742 5860 -

422 5889 454 5955 νη
469 5897 514 5941 aut
530 5892 550 5943 E
567 5896 630 5956 (non
647 5893 676 5953 Β)
696 5917 723 5928 -
742 5892 783 5943 33.
802 5893 881 5941 comit
900 5893 962 5944 A-
982 5893 1023 5943 36.
1040 5892 1124 5957 etiam]
1142 5893 1200 5943 etB
1221 5920 1247 5928 -
1266 5893 1307 5943 37.
1326 5892 1380 5941 altu
1397 5892 1515 5943 Ursinus:
1535 5894 1600 5944 aliur
1615 5897 1694 5950 ΑΒΘ
1713 5921 1741 5937 -

421 5961 609 6019 lumb:
634 5966 779 6019 tunco-
801 5966 1072 6021 monson-lo.
1092 5967 1356 6030 nummatum
1377 5968 1742 6029 quamn-timeam.
