4342 7459
840 1795 884 1886 ll.
911 1795 1053 1886 TULLII
1080 1794 1312 1890 CICERONIS

1046 2007 1095 2063 DE

596 2198 824 2284 PlNlBUS
852 2198 1134 2284 BONORUM
1160 2200 1237 2283 aa
1264 2197 1553 2285 MALORUM

900 2420 1026 2481 umeri
1044 2420 1254 2498 cusanus.

499 2801 522 2861 l.
545 2793 575 2859 l.
601 2798 691 2873 Quae
714 2818 785 2861 cum
807 2798 959 2873 dixisset,
981 2796 1075 2862 linem
1098 2798 1162 2861 ille.
1207 2800 1275 2881 Ego
1297 2804 1420 2872 autern,
1448 2800 1495 2860 Ne
1517 2805 1567 2871 tu,
1595 2796 1736 2881 inquam,

414 2893 506 2965 Cato,
528 2893 588 2954 ista
611 2892 787 2973 exposuisti
809 2899 928 2954 uttam
951 2892 1048 2955 multa
1074 2893 1272 2965 memoriter,
1294 2900 1330 2955 ut
1351 2901 1414 2955 tam
1435 2891 1567 2954 obscura
1587 2889 1735 2953 dilucide.

412 2988 523 3069 ltaque
545 2994 600 3047 aut
621 2986 803 3048 omittamus
826 2995 936 3048 contra
959 2986 1089 3048 omnino
1111 2986 1194 3048 velle
1216 2983 1335 3067 aliquid
1357 2991 1411 3046 aut
1426 2983 1561 3067 spatium
1576 3002 1737 3046 sumamus

413 3079 453 3142 ad
475 3077 696 3159 cogitandum:
718 3088 781 3141 tarn
804 3080 887 3141 enirn
911 3079 1089 3162 diligenter,
1113 3081 1206 3142 etiam
1230 3078 1255 3139 si
1280 3079 1382 3140 minus
1404 3098 1478 3140 vere
1500 3112 1540 3120 -
1563 3097 1634 3139 nam
1658 3095 1738 3137 non·

413 3173 488 3235 dum
510 3172 542 3234 id
566 3172 696 3256 quidem
718 3174 819 3236 audeo
843 3173 948 3236 dicere
970 3207 1026 3247 -,
1053 3173 1108 3237 sed
1131 3181 1236 3236 tamen
1258 3179 1401 3234 accurate
1424 3191 1489 3235 non
1510 3170 1605 3234 modo
1626 3168 1760 3232 lunda-⁵

413 3275 493 3340 tam,
515 3287 622 3329 rerum
645 3267 739 3329 etiam
763 3274 953 3329 exstructum
978 3266 1175 3351 disciplinam
1190 3285 1255 3328 non
1269 3274 1318 3329 est
1332 3257 1424 3329 facile
1438 3266 1625 3348 perdiscere.
1657 3265 1735 3325 Tum

411 3361 482 3435 ille,
503 3360 573 3422 Ain'
595 3359 746 3423 tandem?
768 3361 891 3444 inquit,
914 3381 984 3422 cum
1007 3380 1065 3443 ego
1089 3369 1119 3424 te
1141 3360 1200 3422 hac
1222 3379 1305 3422 nova
1327 3359 1396 3441 lege
1418 3360 1540 3422 videam
1560 3358 1671 3421 eodem
1686 3358 1738 3420 die

412 3454 587 3516 accusatori
610 3453 803 3535 respondere
827 3461 858 3516 et
880 3453 979 3517 tribus
1000 3454 1089 3517 boris
1111 3474 1272 3536 perorare,
1295 3455 1327 3517 in
1349 3455 1409 3518 bac
1430 3474 1480 3517 me
1503 3475 1598 3518 causa
1613 3462 1738 3537 tempus

415 3545 585 3609 dilaturum
609 3550 724 3630 putas?
751 3567 832 3631 quae
855 3555 959 3611 umen
982 3568 1002 3611 a
1023 3557 1053 3610 te
1076 3558 1187 3631 agetur
1207 3569 1271 3612 non
1294 3550 1420 3623 melior,
1444 3569 1537 3632 quam
1560 3549 1632 3612 illae
1654 3555 1737 3621 sunt,

412 3657 492 3721 quas
515 3639 673 3702 interdum
696 3641 832 3722 optines.
870 3640 975 3717 Quare
997 3642 1090 3705 istam
1113 3663 1242 3727 quoque
1261 3644 1448 3726 aggredere,
1472 3651 1632 3706 tractatam
1647 3648 1775 3723 prae-tt
1872 3661 1878 3675 ·

410 3734 519 3796 sertim
549 3744 581 3796 et
606 3735 645 3797 ab
669 3734 739 3797 aliis
762 3743 793 3796 et
815 3754 833 3797 a
854 3744 885 3797 te
907 3737 978 3818 ipso
1002 3756 1114 3819 saepe,
1146 3745 1181 3800 ut
1203 3736 1259 3799 tibi
1282 3737 1393 3799 deesse
1415 3758 1479 3800 non
1502 3737 1604 3819 possit
1626 3734 1736 3798 oratio.

409 3825 439 3889 2.
462 3829 542 3891 Tum
565 3848 642 3911 ego,
666 3831 733 3891 Non
757 3827 954 3902 mehercule,
975 3830 1124 3912 inquam,
1147 3828 1234 3892 soleo
1257 3837 1375 3893 temere
1392 3838 1499 3893 contra
1515 3831 1651 3904 Stoicos,
1674 3850 1737 3892 non

409 3942 473 4007 quo
500 3922 563 3984 illis
591 3923 761 3986 admodum
788 3924 958 3997 assentiar,
990 3925 1046 3986 sed
1077 3924 1197 4006 pudore
1225 3923 1398 4006 impedior:
1428 3925 1471 3987 ita
1500 3924 1598 3988 multa
1620 3923 1737 3993 dicunt,

409 4036 492 4099 quae
522 4016 577 4077 vix
608 4016 800 4099 intellegam.
847 4016 1003 4090 Obscura,
1037 4018 1157 4099 inquit,
1192 4018 1347 4099 quaedam
1381 4037 1450 4080 esse
1480 4013 1646 4089 confiteor,
1679 4036 1738 4079 nec

408 4120 513 4173 nmen
536 4108 575 4171 ab
599 4109 662 4171 illis
686 4111 727 4172 ita
751 4110 900 4172 dicuntur
922 4111 961 4171 de
984 4111 1154 4183 industria,
1181 4112 1236 4172 sed
1258 4113 1342 4174 inest
1364 4112 1396 4174 in
1418 4112 1512 4174 rebus
1533 4112 1611 4193 ipsis
1626 4111 1775 4174 obesa-¹⁵

410 4207 494 4267 ritas.
541 4205 602 4266 Cur
632 4206 728 4287 igitur
754 4206 880 4266 easdem
904 4224 969 4276 res,
998 4205 1143 4285 inquam,
1173 4205 1388 4286 Peripateticis
1411 4204 1586 4267 dicentibus
1609 4204 1738 4267 verbum

409 4298 528 4361 nullum
562 4307 610 4360 est
644 4297 730 4380 quod
762 4318 824 4360 non
855 4298 1083 4379 intellegatur?
1117 4298 1293 4361 Easdemne
1316 4303 1390 4362 resi
1419 4300 1536 4382 inquit,
1564 4320 1603 4361 an
1630 4320 1738 4382 parum

409 4394 543 4454 disserui
568 4413 631 4454 non
654 4391 760 4453 verbis
784 4393 908 4453 Stoicos
931 4411 950 4451 a
974 4390 1211 4470 Peripateticis,
1235 4392 1290 4455 sed
1314 4395 1461 4456 universa
1483 4413 1517 4454 re
1540 4401 1571 4456 et
1586 4400 1652 4454 tota
1667 4411 1738 4453 sen-

409 4489 506 4549 tentia
529 4486 704 4549 dissideret
727 4486 839 4567 Atqui,
863 4486 1012 4567 inquam,
1036 4485 1129 4558 Cato,
1153 4486 1178 4547 si
1201 4487 1284 4548 istud
1308 4487 1497 4568 optinueris,
1521 4487 1666 4549 traducas
1689 4503 1738 4545 me

407 4580 447 4643 ad
471 4591 501 4642 te
525 4589 624 4643 totum
648 4579 765 4641 licebit.
802 4579 953 4641 Putabam
978 4577 1126 4660 equidem
1150 4580 1242 4654 satis,
1266 4582 1384 4663 inquit,
1407 4603 1457 4644 me
1473 4582 1601 4645 dixisse.
1633 4578 1775 4653 Quareto

406 4676 447 4737 ad
472 4676 682 4756 caprimum,
713 4677 739 4736 si
762 4676 902 4737 videtur:
933 4674 982 4737 sin
1011 4674 1099 4737 aliud
1133 4674 1209 4757 quid
1235 4676 1339 4748 voles,
1371 4685 1491 4758 postea.
1535 4676 1632 4736 lmmo
1655 4670 1738 4735 istud

405 4769 551 4851 quidem,
580 4771 724 4851 inquam,
749 4789 814 4851 quo
838 4770 908 4831 loco
931 4768 1072 4850 quidque
1097 4768 1143 4802 l*
1168 4770 1228 4831 nisi
1251 4769 1397 4852 iniquum
1420 4769 1564 4851 postulo,
1587 4767 1736 4829 arbitratu

406 4884 488 4926 meo.
535 4864 573 4925 Ut
604 4864 722 4945 placet,
752 4865 863 4945 inquit.
906 4863 973 4924 Etsi
1007 4864 1092 4925 enim
1124 4862 1201 4924 illud
1226 4870 1292 4925 erat
1314 4863 1433 4945 aptius,
1464 4881 1599 4945 aequum
1623 4860 1738 4943 cuique

405 4959 593 5020 concedere.

472 5267 559 5326 Incipit
576 5264 637 5312 tiber
655 5266 766 5325 onorius
782 5266 812 5314 dc
826 5264 918 5328 finibus
933 5264 1055 5313 bonorum
1071 5269 1094 5314 et
1110 5264 1235 5313 malorum
1251 5264 1334 5313 Marci
1353 5264 1423 5312 Tullii
1442 5264 1505 5325 (tutij
1517 5264 1544 5323 Β)
1558 5263 1681 5312 Ciceroms
1692 5263 1738 5312 ΑΒ

408 5367 434 5376 -
456 5342 478 5388 l.
497 5354 528 5388 iic
545 5340 637 5389 ABE:
661 5341 715 5388 Noc
732 5341 787 5389 ΜΟ
808 5366 833 5375 -
858 5341 882 5388 Ξ.
901 5344 929 5388 ot
946 5345 998 5388 tom
1014 5340 1096 5388 motta
1112 5341 1145 5389 B:
1170 5341 1250 5388 uitam
1266 5339 1346 5387 mutto
1362 5341 1396 5396 Δ;
1419 5345 1471 5387 tom
1487 5339 1567 5387 mmto
1583 5342 1646 5389 iom.
1665 5337 1739 5397 uth

407 5442 434 5451 -
454 5421 481 5463 ut
498 5421 550 5462 tam
567 5413 671 5461 obscura
689 5414 845 5476 Madvigius:
868 5416 894 5462 in
912 5420 964 5464 tom
982 5414 1088 5463 obscuro
1105 5417 1141 5470 A;
1159 5416 1237 5464 vitum
1254 5413 1360 5462 obscura
1378 5415 1410 5467 B:
1430 5418 1482 5462 tom
1499 5413 1605 5462 obscuro
1623 5415 1683 5472 (om.
1702 5410 1737 5471 ut)

406 5493 426 5540 0
446 5517 472 5525 -
492 5491 515 5538 3.
535 5491 636 5551 aliquod
654 5491 701 5539 BE
721 5517 747 5525 -
767 5489 790 5539 t.
810 5491 906 5538 etiamsi
923 5490 986 5540 AR:
1006 5491 1051 5539 etsi
1068 5492 1088 5538 0
1109 5515 1133 5525 —
1154 5491 1177 5538 5.
1197 5490 1238 5538 red
1256 5488 1346 5551 temen]
1365 5489 1406 5537 scd
1423 5493 1475 5536 tom
1488 5489 1622 5542 Davisius;
1640 5487 1682 5535 scd
1698 5492 1739 5535 tc·

407 5578 462 5612 men
479 5571 532 5611 tom
548 5562 692 5615 Lambinus
711 5590 737 5601 -
758 5566 781 5613 7.
800 5552 846 5612 oio
862 5566 926 5614 lc:
946 5578 981 5612 oa
997 5565 1016 5613 ll
1035 5590 1061 5599 -
1081 5565 1188 5627 uideam]
1206 5566 1310 5613 audiam
1328 5565 1391 5613 D-
1410 5563 1449 5611 lt.
1469 5564 1518 5611 sote
1534 5568 1624 5612 iecore
1640 5562 1672 5620 B;
1691 5562 1740 5611 sole

407 5636 1734 5703 mmmd-tdfflwmmB-UJmQQPE-ffldmma-ammE-

408 5715 447 5762 tt,
466 5714 535 5776 quid]
556 5716 621 5773 quod
639 5715 686 5763 BE
713 5741 737 5749 ·-
762 5716 803 5763 ii.
822 5717 926 5776 inquom
943 5728 992 5775 quo
1009 5714 1062 5763 loco
1079 5715 1188 5775 quidque
1202 5715 1251 5763 nisi
1268 5715 1360 5764 Aac:
1384 5714 1499 5774 inquom,
1519 5711 1588 5759 loco:
1605 5711 1653 5759 atsi
1670 5712 1690 5761 0
1708 5736 1735 5746 -

408 5790 528 5837 lacunae
547 5791 649 5852 signum
668 5789 768 5839 addidit
786 5789 940 5852 Madvigius,
960 5792 1004 5853 qui
1022 5788 1141 5852 supplet:
1161 5803 1210 5851 quo
1227 5790 1280 5838 loco
1297 5790 1405 5852 quidque
1420 5789 1502 5836 uuam
1517 5787 1593 5848 sumu
1609 5799 1631 5836 s.
1650 5801 1740 5836 occur-

408 5865 477 5911 rerit.
499 5891 525 5900 -
546 5865 593 5912 nisi
609 5866 712 5913 inicium
729 5865 748 5913 B
768 5892 795 5901 -
811 5866 908 5927 postulo
925 5865 987 5915 AB:
1005 5865 1116 5927 postulo,
1134 5866 1282 5927 respondere
1299 5865 1318 5915 0
1335 5890 1362 5899 -
1381 5861 1540 5912 arbitratum.
1559 5874 1587 5911 eo
1604 5865 1631 5909 rit
1648 5863 1737 5913 ΑΒΕ.
