4342 7459
403 1225 466 1293 soe
676 1226 1176 1294 nummulariorum.
1204 1228 1331 1294 nnv.
1359 1225 1455 1311 sao.

403 1396 530 1461 Graecis
554 1393 670 1480 [verbis
692 1392 797 1483 aptis}
840 1397 904 1461 Sed
925 1405 1048 1479 tempus
1071 1402 1134 1469 est,
1164 1395 1191 1458 si
1213 1395 1350 1471 videtin,
1372 1403 1405 1460 el
1426 1402 1510 1461 recta
1531 1397 1661 1481 quidem
1682 1398 1724 1464 ad

402 1510 463 1553 me.
505 1490 599 1566 Quod
621 1511 692 1554 cum
713 1490 768 1553 ilie
789 1490 924 1554 dixisset
945 1497 977 1553 et
998 1491 1074 1554 satis
1098 1490 1291 1575 disputatum
1314 1492 1488 1576 videretur,
1514 1494 1548 1557 in
1571 1492 1724 1577 oppidum

402 1584 442 1649 ad
464 1585 674 1668 Pomponium
695 1584 893 1669 perreximus
916 1604 1036 1649 omnes.

468 1844 492 1893 t.
511 1842 597 1893 Verba
615 1841 719 1894 seclusa
736 1857 752 1892 a
770 1844 898 1893 Cicerone
915 1843 999 1894 aliena
1018 1857 1078 1895 esse
1099 1846 1201 1909 primus
1218 1847 1284 1896 vidit
1299 1847 1468 1896 Goerenzius.
1496 1846 1542 1896 Est
1558 1844 1728 1897 menifestum

402 1916 533 1980 glossema
550 1918 583 1967 ad
600 1917 757 1968 adverbium
769 1918 854 1980 puna.
875 1946 902 1955 -
921 1932 938 1969 o
957 1932 998 1969 me
1020 1920 1068 1969 EG
1089 1948 1115 1956 -
1139 1921 1283 1984 declinent
1304 1921 1486 1984 quinquelibri·
1501 1922 1531 1971 de
1545 1920 1637 1985 tlotbm
1653 1920 1729 1970 bono·

401 2007 460 2043 m
475 1999 499 2044 st
513 1993 639 2043 meterem
654 1994 738 2043 Marci
753 1994 806 2054 tutu
824 1993 948 2043 Cicerone
963 1994 1021 2044 BE.

773 2393 1045 2457 SUPPLEMENTA
1065 2395 1361 2457 ADNOTATIONIS.

470 2551 530 2612 Peg.
542 2547 599 2608 tet,
611 2547 653 2599 3⁴.
672 2548 809 2599 «temese
825 2551 913 2598 tamen
927 2549 1020 2599 Cicero
1035 2546 1122 2599 solum
1139 2549 1282 2611 genitivum
1294 2548 1476 2613 superioribus
1488 2547 1615 2609 adiunxit,
1628 2548 1729 2612 signiti-

404 2637 468 2676 cens
486 2624 565 2684 baec,
584 2635 652 2686 quae
670 2621 789 2673 dicerent
806 2620 855 2682 illi,
878 2623 1016 2673 bominum
1033 2636 1094 2674 esse
1113 2636 1163 2673 non
1181 2626 1272 2687 spinas
1288 2622 1449 2675 vellentium.
1479 2625 1505 2673 Si
1520 2626 1591 2699 enim
1608 2626 1648 2676 sic
1664 2626 1729 2675 scri·

403 2700 513 2764 psisset:
532 2711 609 2760 quem
618 2699 754 2762 monuwa
765 2701 831 2758 aunt,
845 2698 991 2749 rectissime
1005 2712 1053 2762 per
1064 2697 1257 2762 adpositionem
1270 2698 1428 2749 adderetur:
1447 2700 1573 2748 bominem
1585 2702 1637 2749 cet.
1656 2701 1730 2750 Nunc

404 2787 467 2824 cnm
478 2776 538 2823 aute
550 2773 659 2823 dixerit:
678 2786 755 2835 quom
765 2773 897 2836 moenitlce
907 2779 964 2822 sunt
980 2774 1047 2823 dieto
1063 2774 1095 2822 nb
1107 2774 1170 2822 illo!
1186 2777 1248 2837 post
1265 2772 1339 2838 plura
1356 2775 1507 2838 interposita
1527 2773 1651 2824 liberiore
1663 2785 1729 2837 que·

404 2846 466 2897 dam
484 2847 613 2897 brevitate
630 2847 756 2897 orationis
772 2859 835 2897 usus
852 2846 936 2897 videri
954 2850 1054 2912 potest,
1076 2862 1146 2912 quae
1163 2850 1202 2898 sic
1219 2848 1348 2912 explenda
1366 2851 1415 2900 stt:
1435 2863 1511 2911 quom
1526 2850 1660 2913 mnqnlflce
1676 2853 1730 2899 aunt

403 2924 470 2974 dicte
485 2922 519 2973 ab
532 2923 583 2971 illia
594 2948 621 2958 -
635 2922 679 2981 [ite
690 2925 719 2971 ul
731 2935 762 2973 ea
774 2922 837 2983 sint)
846 2923 973 2973 bomlmem
984 2924 1035 2973 cet.
1066 2924 1128 2973 Post
1143 2922 1270 2973 ὴοηιίηωη
1287 2923 1407 2974 leciltime
1423 2938 1474 2974 eos
1490 2924 1616 2975 excidere
1636 2926 1729 2989 potuit.

403 2996 456 3048 Sed
472 2996 607 3049 adfirmari
624 2994 686 3047 nibil
704 2998 816 3061 potest.»
842 2998 952 3048 morto.

469 3093 529 3153 Peg.
542 3089 599 3147 ⁴⁸3.
611 3089 653 3139 st.
672 3090 796 3151 Quonim
811 3095 942 3140 cutw—
953 3097 1050 3140 meere
1065 3090 1192 3154 madeo]
1212 3092 1423 3155 Uniuscuiusque
1439 3105 1470 3143 er
1489 3093 1528 3142 bis
1546 3065 1631 3143 tiibus
1645 3106 1731 3144 mem·

403 3165 459 3216 bris
475 3165 604 3216 sententie
623 3162 700 3228 plena
717 3168 758 3215 est
775 3167 802 3214 et
818 3167 968 3290 gerspicua¹
988 3179 1075 3230 neque
1094 3166 1266 3229 oppositionis
1284 3168 1358 3228 retio,
1378 3179 1447 3231 quae
1459 3168 1527 3217 inter
1538 3167 1689 3219 secundum
1700 3178 1732 3216 ec

403 3242 510 3292 tertium
527 3239 680 3291 membrum
696 3240 824 3291 intercedi
838 3280 844 3301 ‚
857 3253 1020 3305 quemquam
1038 3239 1128 3291 tallere
1145 3243 1241 3304 potest.
1266 3240 1318 3290 sed
1330 3254 1381 3304 que
1397 3242 1498 3292 ratione
1510 3242 1596 3306 primo
1608 3240 1730 3291 membro

403 3314 552 3366 secuudum
569 3327 617 3379 per
633 3314 767 3367 causalem
784 3316 939 3380 particulam
956 3319 1022 3366 enlm
1038 3315 1144 3377 adiungi
1162 3316 1289 3379 potuerit,
1309 3328 1359 3365 non
1377 3316 1501 3379 intelligo.
1529 3320 1567 3366 An
1585 3314 1652 3365 torte
1670 3328 1732 3380 pro-

404 3394 495 3455 pterea
512 3391 632 3442 omnium
648 3390 800 3442 animalium
818 3392 877 3442 fluis
893 3392 937 3441 bic
951 3394 1003 3453 lest,
1022 3392 1051 3439 ut
1067 3392 1161 3440 natura
1173 3388 1319 3453 expleatur,
1337 3392 1463 3454 quoniam
1476 3389 1609 3455 quaedam
1619 3391 1652 3441 iis
1665 3391 1732 3441 inter

405 3477 435 3515 se
453 3467 604 3515 communia
620 3467 703 3515 eunti
719 3465 894 3518 scribendum
907 3469 948 3516 est
963 3463 1128 3515 hauddubie
1139 3465 1201 3514 nibil
1213 3467 1307 3519 etiem
1319 3466 1439 3529 probibet.
1458 3467 1611 3518 senoensem
1623 3465 1727 3530 [opusc.

405 3539 487 3591 Acad.
504 3540 547 3598 iii,
566 3553 591 3604 p.
610 3539 676 3601 399).

471 3635 531 3695 Peg.
546 3633 602 3692 ⁴86,
615 3633 657 3682 at.
676 3634 729 3682 «Ne
746 3633 785 3683 sic
802 3631 911 3695 quidem
929 3632 1046 3695 (recepto
1063 3631 1161 3681 Davisii
1179 3631 1364 3682 emendatione
1381 3633 1449 3695 qaia)
1462 3632 1551 3684 locum
1563 3645 1659 3684 senum
1672 3645 1731 3685 esse

405 3706 528 3757 arbitror.
554 3706 620 3757 Nam
636 3708 758 3757 contineri
774 3707 858 3771 prime
876 3705 1107 3756 commendatione
1124 3706 1246 3757 homines
1264 3720 1316 3758 non
1334 3706 1384 3757 alio
1402 3720 1483 3759 sensu
1495 3706 1575 3758 iatine
1587 3708 1639 3758 dici
1652 3720 1731 3773 posse

406 3781 503 3841 indico,
521 3782 571 3831 nist
588 3785 618 3831 ut
634 3794 666 3831 ea
681 3783 801 3843 coe'rcsrt,
818 3780 933 3839 cobiberi,
949 3780 1048 3841 foenori
1064 3779 1194 3841 dicantur,
1215 3780 1287 3842 quod
1305 3780 1424 3831 alienum
1438 3794 1498 3832 esse
1516 3785 1635 3846 apparet.
1662 3782 1732 3832 Sert-

406 3856 526 3907 bendum
543 3857 632 3919 itaque
648 3858 692 3918 eoi
706 3858 856 3917 continetur,
874 3858 903 3905 ut
919 3852 1059 3905 relativum
1075 3853 1208 3905 referatur
1224 3855 1258 3905 ad
1276 3855 1349 3907 illum
1365 3858 1512 3921 appetitum
1528 3870 1620 3908 terum
1631 3858 1666 3907 ed
1684 3870 1732 3909 ue·

406 3934 493 3981 turem
505 3930 777 3992 accommodatarum,
795 3932 840 3995 qui
851 3943 917 3980 sane
928 3930 1078 3980 continetur
1094 3930 1177 3993 prime
1190 3920 1421 3981 commendatione
1434 3934 1554 3989 naturae.
1573 3932 1600 3982 b.
1614 3945 1638 3982 e.
1651 3943 1731 3995 quem

407 4005 474 4055 baec
491 4006 517 4055 ln
534 4019 563 4057 se
581 4005 663 4057 babet
679 4009 706 4057 et
722 4004 918 4071 complectitur,
943 4004 1054 4067 eiusque
1074 4004 1132 4054 lons
1151 4007 1177 4054 et
1195 4008 1342 4056 causaest.
1369 4008 1435 4056 Nem
1452 4011 1593 4071 propterea
1612 4007 1685 4072 quod
1702 4019 1731 4057 se

407 4081 519 4145 quisque
537 4081 631 4146 diligit,
651 4082 680 4133 fit
695 4086 725 4133 nt
741 4095 772 4133 ea
790 4082 910 4146 appetat,
929 4092 998 4143 quae
1015 4081 1165 4144 pertineant
1181 4080 1215 4130 ad
1233 4082 1354 4130 naturam
1372 4079 1556 4145 explendam·
1579 4084 1731 4133 senorum

408 4156 545 4220 (ibidem).
