<?xml version="1.0" encoding="UTF-8"?>
<!DOCTYPE html PUBLIC "-//W3C//DTD XHTML 1.0 Transitional//EN"
    "http://www.w3.org/TR/xhtml1/DTD/xhtml1-transitional.dtd">
<html xmlns="http://www.w3.org/1999/xhtml" xml:lang="en" lang="en">
 <head>
  <title>
</title>
<meta http-equiv="Content-Type" content="text/html;charset=utf-8" />
  <meta name='ocr-system' content='tesseract 3.04.00' />
  <meta name='ocr-capabilities' content='ocr_page ocr_carea ocr_par ocr_line ocrx_word'/>
</head>
<body>
  <div class='ocr_page' id='page_1' title='image "./operaquaesupers00halmgoog/operaquaesupers00halmgoog_0964.png"; bbox 0 0 4342 7459; ppageno 0'>
   <div class='ocr_carea' id='block_1_1' title="bbox 451 1241 1220 1312">
    <p class='ocr_par' dir='ltr' id='par_1_1' title="bbox 451 1241 1220 1312">
     <span class='ocr_line' id='line_1_1' title="bbox 451 1241 1220 1312; baseline -0.004 0"><span class='ocrx_word' id='word_1_1' title='bbox 451 1243 515 1312; x_wconf 74' lang='grc'><strong>948</strong></span> <span class='ocrx_word' id='word_1_2' title='bbox 1006 1241 1220 1312; x_wconf 77' lang='lat' dir='ltr'>CICERONIS</span> 
     </span>
    </p>
   </div>
   <div class='ocr_carea' id='block_1_2' title="bbox 412 1396 1793 2311">
    <p class='ocr_par' dir='ltr' id='par_1_2' title="bbox 412 1396 1793 2311">
     <span class='ocr_line' id='line_1_2' title="bbox 452 1396 1791 1480; baseline -0.001 -15"><span class='ocrx_word' id='word_1_3' title='bbox 452 1401 493 1465; x_wconf 91' lang='lat' dir='ltr'><strong>ab</strong></span> <span class='ocrx_word' id='word_1_4' title='bbox 513 1400 593 1464; x_wconf 89' lang='lat' dir='ltr'><strong>urbe</strong></span> <span class='ocrx_word' id='word_1_5' title='bbox 612 1397 814 1463; x_wconf 77' lang='lat' dir='ltr'><strong>didunotnm:</strong></span> <span class='ocrx_word' id='word_1_6' title='bbox 835 1415 898 1480; x_wconf 89' lang='lat' dir='ltr'><strong>qno</strong></span> <span class='ocrx_word' id='word_1_7' title='bbox 918 1398 1036 1462; x_wconf 76' lang='lat' dir='ltr'><strong>scilicet</strong></span> <span class='ocrx_word' id='word_1_8' title='bbox 1047 1397 1147 1462; x_wconf 87' lang='lat' dir='ltr'><strong>videri</strong></span> <span class='ocrx_word' id='word_1_9' title='bbox 1164 1396 1293 1462; x_wconf 81' lang='lat' dir='ltr'><strong>volebat</strong></span> <span class='ocrx_word' id='word_1_10' title='bbox 1308 1397 1421 1462; x_wconf 90' lang='lat' dir='ltr'><strong>incesti</strong></span> <span class='ocrx_word' id='word_1_11' title='bbox 1433 1399 1551 1464; x_wconf 84' lang='lat' dir='ltr'><strong>Itomae</strong></span> <span class='ocrx_word' id='word_1_12' title='bbox 1568 1399 1791 1464; x_wconf 81' lang='lat' dir='ltr'><strong>committendi</strong></span> 
     </span>
     <span class='ocr_line' id='line_1_3' title="bbox 452 1491 1790 1574; baseline 0.002 -16"><span class='ocrx_word' id='word_1_13' title='bbox 452 1493 628 1559; x_wconf 77' lang='lat' dir='ltr'><strong>facultatem</strong></span> <span class='ocrx_word' id='word_1_14' title='bbox 647 1512 710 1556; x_wconf 92' lang='lat' dir='ltr'><strong>non</strong></span> <span class='ocrx_word' id='word_1_15' title='bbox 729 1492 890 1560; x_wconf 86' lang='lat' dir='ltr'><strong>babuisse.</strong></span> <span class='ocrx_word' id='word_1_16' title='bbox 933 1491 975 1557; x_wconf 80' lang='lat' dir='ltr'><strong>Et</strong></span> <span class='ocrx_word' id='word_1_17' title='bbox 999 1500 1072 1574; x_wconf 89' lang='lat' dir='ltr'><strong>post</strong></span> <span class='ocrx_word' id='word_1_18' title='bbox 1092 1492 1172 1556; x_wconf 89' lang='lat' dir='ltr'><strong>baec</strong></span> <span class='ocrx_word' id='word_1_19' title='bbox 1191 1491 1233 1556; x_wconf 91' lang='lat' dir='ltr'><strong>ab</strong></span> <span class='ocrx_word' id='word_1_20' title='bbox 1251 1491 1408 1556; x_wconf 77' lang='lat' dir='ltr'><strong>iudicibus</strong></span> <span class='ocrx_word' id='word_1_21' title='bbox 1429 1493 1515 1556; x_wconf 80' lang='lat' dir='ltr'><strong>XXV</strong></span> <span class='ocrx_word' id='word_1_22' title='bbox 1532 1491 1702 1560; x_wconf 69' lang='lat' dir='ltr'><strong>damam</strong></span> <span class='ocrx_word' id='word_1_23' title='bbox 1722 1503 1790 1560; x_wconf 79' lang='lat' dir='ltr'><strong>eat.</strong></span> 
     </span>
     <span class='ocr_line' id='line_1_4' title="bbox 452 1585 1790 1670; baseline -0.001 -17"><span class='ocrx_word' id='word_1_24' title='bbox 452 1587 628 1653; x_wconf 74' lang='lat' dir='ltr'><strong>Praevaluit</strong></span> <span class='ocrx_word' id='word_1_25' title='bbox 644 1596 748 1652; x_wconf 89' lang='lat' dir='ltr'><strong>tamen</strong></span> <span class='ocrx_word' id='word_1_26' title='bbox 767 1585 809 1652; x_wconf 90' lang='lat' dir='ltr'><strong>ad</strong></span> <span class='ocrx_word' id='word_1_27' title='bbox 825 1587 892 1650; x_wconf 89' lang='lat' dir='ltr'><strong>eius</strong></span> <span class='ocrx_word' id='word_1_28' title='bbox 904 1587 1064 1652; x_wconf 84' lang='lat' dir='ltr'><strong>victoriam</strong></span> <span class='ocrx_word' id='word_1_29' title='bbox 1083 1587 1183 1650; x_wconf 89' lang='lat' dir='ltr'><strong>maior</strong></span> <span class='ocrx_word' id='word_1_30' title='bbox 1194 1605 1303 1650; x_wconf 88' lang='lat' dir='ltr'><strong>eorum</strong></span> <span class='ocrx_word' id='word_1_31' title='bbox 1322 1605 1483 1665; x_wconf 86' lang='lat' dir='ltr'><strong>numerus,</strong></span> <span class='ocrx_word' id='word_1_32' title='bbox 1499 1589 1554 1670; x_wconf 83' lang='lat' dir='ltr'><strong>qui</strong></span> <span class='ocrx_word' id='word_1_33' title='bbox 1566 1587 1790 1653; x_wconf 85' lang='lat' dir='ltr'><strong>absolverunt.</strong></span> 
     </span>
     <span class='ocr_line' id='line_1_5' title="bbox 453 1679 1793 1765; baseline 0 -19"><span class='ocrx_word' id='word_1_34' title='bbox 453 1684 530 1746; x_wconf 86' lang='lat' dir='ltr'><strong>Nam</strong></span> <span class='ocrx_word' id='word_1_35' title='bbox 549 1683 637 1745; x_wconf 81' lang='lat' dir='ltr'><strong>XXX</strong></span> <span class='ocrx_word' id='word_1_36' title='bbox 657 1689 689 1743; x_wconf 89' lang='lat' dir='ltr'><strong>et</strong></span> <span class='ocrx_word' id='word_1_37' title='bbox 707 1699 768 1744; x_wconf 91' lang='lat' dir='ltr'><strong>una</strong></span> <span class='ocrx_word' id='word_1_38' title='bbox 787 1699 845 1763; x_wconf 90' lang='lat' dir='ltr'><strong>pro</strong></span> <span class='ocrx_word' id='word_1_39' title='bbox 865 1699 904 1744; x_wconf 90' lang='lat' dir='ltr'><strong>eo</strong></span> <span class='ocrx_word' id='word_1_40' title='bbox 923 1681 1098 1745; x_wconf 89' lang='lat' dir='ltr'><strong>sententiae</strong></span> <span class='ocrx_word' id='word_1_41' title='bbox 1118 1679 1200 1744; x_wconf 88' lang='lat' dir='ltr'><strong>latae</strong></span> <span class='ocrx_word' id='word_1_42' title='bbox 1219 1685 1303 1744; x_wconf 89' lang='lat' dir='ltr'><strong>sunt.</strong></span> <span class='ocrx_word' id='word_1_43' title='bbox 1352 1679 1428 1745; x_wconf 89' lang='lat' dir='ltr'><strong>lndc</strong></span> <span class='ocrx_word' id='word_1_44' title='bbox 1445 1681 1541 1764; x_wconf 75' lang='lat' dir='ltr'><strong>igitar</strong></span> <span class='ocrx_word' id='word_1_45' title='bbox 1558 1681 1703 1765; x_wconf 84' lang='lat' dir='ltr'><strong>capitalis</strong></span> <span class='ocrx_word' id='word_1_46' title='bbox 1720 1681 1793 1746; x_wconf 89' lang='lat' dir='ltr'><strong>ini-</strong></span> 
     </span>
     <span class='ocr_line' id='line_1_6' title="bbox 428 1772 1792 1858; baseline 0.004 -23"><span class='ocrx_word' id='word_1_47' title='bbox 428 1777 552 1840; x_wconf 87' lang='lat' dir='ltr'><strong>omicus</strong></span> <span class='ocrx_word' id='word_1_48' title='bbox 569 1777 602 1838; x_wconf 93' lang='lat' dir='ltr'><strong>in</strong></span> <span class='ocrx_word' id='word_1_49' title='bbox 621 1777 660 1838; x_wconf 85' lang='lat' dir='ltr'><strong>ll.</strong></span> <span class='ocrx_word' id='word_1_50' title='bbox 680 1773 814 1838; x_wconf 85' lang='lat' dir='ltr'><strong>Tullium</strong></span> <span class='ocrx_word' id='word_1_51' title='bbox 840 1773 943 1856; x_wconf 87' lang='lat' dir='ltr'><strong>coepit</strong></span> <span class='ocrx_word' id='word_1_52' title='bbox 967 1773 1068 1837; x_wconf 77' lang='lat' dir='ltr'><strong>efferri</strong></span> <span class='ocrx_word' id='word_1_53' title='bbox 1088 1781 1139 1853; x_wconf 86' lang='lat' dir='ltr'><strong>et,</strong></span> <span class='ocrx_word' id='word_1_54' title='bbox 1168 1791 1240 1836; x_wconf 89' lang='lat' dir='ltr'><strong>oum</strong></span> <span class='ocrx_word' id='word_1_55' title='bbox 1257 1772 1311 1838; x_wconf 93' lang='lat' dir='ltr'><strong>illo</strong></span> <span class='ocrx_word' id='word_1_56' title='bbox 1329 1791 1411 1839; x_wconf 88' lang='lat' dir='ltr'><strong>anno</strong></span> <span class='ocrx_word' id='word_1_57' title='bbox 1428 1781 1580 1852; x_wconf 72' lang='lat' dir='ltr'><strong>meante</strong></span> <span class='ocrx_word' id='word_1_58' title='bbox 1601 1777 1792 1858; x_wconf 85' lang='lat' dir='ltr'><strong>quaestoria</strong></span> 
     </span>
     <span class='ocr_line' id='line_1_7' title="bbox 452 1868 1792 1952; baseline 0.001 -20"><span class='ocrx_word' id='word_1_59' title='bbox 452 1871 641 1952; x_wconf 80' lang='lat' dir='ltr'><strong>iungeretur,</strong></span> <span class='ocrx_word' id='word_1_60' title='bbox 661 1869 746 1951; x_wconf 86' lang='lat' dir='ltr'><strong>apud</strong></span> <span class='ocrx_word' id='word_1_61' title='bbox 763 1868 913 1951; x_wconf 84' lang='lat' dir='ltr'><strong>populum</strong></span> <span class='ocrx_word' id='word_1_62' title='bbox 933 1868 1132 1932; x_wconf 78' lang='lat' dir='ltr'><strong>creberrimis</strong></span> <span class='ocrx_word' id='word_1_63' title='bbox 1151 1886 1224 1931; x_wconf 91' lang='lat' dir='ltr'><strong>eum</strong></span> <span class='ocrx_word' id='word_1_64' title='bbox 1243 1869 1441 1933; x_wconf 89' lang='lat' dir='ltr'><strong>contionibus</strong></span> <span class='ocrx_word' id='word_1_65' title='bbox 1458 1869 1653 1935; x_wconf 69' lang='lat' dir='ltr'><strong>lacessebat:</strong></span> <span class='ocrx_word' id='word_1_66' title='bbox 1679 1871 1792 1934; x_wconf 66' lang='lat' dir='ltr'><strong>mnas</strong></span> 
     </span>
     <span class='ocr_line' id='line_1_8' title="bbox 452 1961 1791 2047; baseline 0.003 -22"><span class='ocrx_word' id='word_1_67' title='bbox 452 1964 640 2047; x_wconf 89' lang='lat' dir='ltr'><strong>quinimmo</strong></span> <span class='ocrx_word' id='word_1_68' title='bbox 659 1961 881 2046; x_wconf 83' lang='lat' dir='ltr'><strong>praetendens,</strong></span> <span class='ocrx_word' id='word_1_69' title='bbox 903 1965 944 2028; x_wconf 95' lang='lat' dir='ltr'><strong>ad</strong></span> <span class='ocrx_word' id='word_1_70' title='bbox 964 1963 1109 2029; x_wconf 80' lang='lat' dir='ltr'><strong>familiam</strong></span> <span class='ocrx_word' id='word_1_71' title='bbox 1128 1981 1164 2027; x_wconf 89' lang='lat' dir='ltr'><strong>se</strong></span> <span class='ocrx_word' id='word_1_72' title='bbox 1176 1963 1334 2046; x_wconf 86' lang='lat' dir='ltr'><strong>plebeiam</strong></span> <span class='ocrx_word' id='word_1_73' title='bbox 1349 1966 1562 2044; x_wconf 66' lang='lat' dir='ltr'><strong>transientem,</strong></span> <span class='ocrx_word' id='word_1_74' title='bbox 1582 1972 1618 2029; x_wconf 90' lang='lat' dir='ltr'><strong>ut</strong></span> <span class='ocrx_word' id='word_1_75' title='bbox 1634 1964 1791 2029; x_wconf 88' lang='lat' dir='ltr'><strong>tribunus</strong></span> 
     </span>
     <span class='ocr_line' id='line_1_9' title="bbox 451 2057 1793 2140; baseline 0.003 -20"><span class='ocrx_word' id='word_1_76' title='bbox 451 2057 496 2140; x_wconf 89' lang='lat' dir='ltr'><strong>pl.</strong></span> <span class='ocrx_word' id='word_1_77' title='bbox 516 2058 623 2136; x_wconf 88' lang='lat' dir='ltr'><strong>lieret,</strong></span> <span class='ocrx_word' id='word_1_78' title='bbox 644 2057 858 2122; x_wconf 75' lang='lat' dir='ltr'><strong>denuntiabat.</strong></span> <span class='ocrx_word' id='word_1_79' title='bbox 898 2057 1019 2134; x_wconf 85' lang='lat' dir='ltr'><strong>Quibus</strong></span> <span class='ocrx_word' id='word_1_80' title='bbox 1040 2058 1258 2122; x_wconf 85' lang='lat' dir='ltr'><strong>minacissimis</strong></span> <span class='ocrx_word' id='word_1_81' title='bbox 1274 2057 1359 2122; x_wconf 88' lang='lat' dir='ltr'><strong>illius</strong></span> <span class='ocrx_word' id='word_1_82' title='bbox 1377 2058 1509 2126; x_wconf 86' lang='lat' dir='ltr'><strong>vocibus</strong></span> <span class='ocrx_word' id='word_1_83' title='bbox 1528 2059 1734 2124; x_wconf 77' lang='lat' dir='ltr'><strong>vehementer</strong></span> <span class='ocrx_word' id='word_1_84' title='bbox 1754 2069 1793 2124; x_wconf 87' lang='lat' dir='ltr'><strong>et</strong></span> 
     </span>
     <span class='ocr_line' id='line_1_10' title="bbox 452 2151 1792 2237; baseline 0.001 -21"><span class='ocrx_word' id='word_1_85' title='bbox 452 2152 603 2216; x_wconf 83' lang='lat' dir='ltr'><strong>acerrimo</strong></span> <span class='ocrx_word' id='word_1_86' title='bbox 623 2152 734 2234; x_wconf 87' lang='lat' dir='ltr'><strong>spiritu</strong></span> <span class='ocrx_word' id='word_1_87' title='bbox 750 2151 809 2216; x_wconf 89' lang='lat' dir='ltr'><strong>bac</strong></span> <span class='ocrx_word' id='word_1_88' title='bbox 825 2153 965 2216; x_wconf 85' lang='lat' dir='ltr'><strong>oratione</strong></span> <span class='ocrx_word' id='word_1_89' title='bbox 985 2152 1096 2216; x_wconf 87' lang='lat' dir='ltr'><strong>Cicero</strong></span> <span class='ocrx_word' id='word_1_90' title='bbox 1115 2153 1310 2234; x_wconf 82' lang='lat' dir='ltr'><strong>respondit†</strong></span> <span class='ocrx_word' id='word_1_91' title='bbox 1322 2152 1467 2233; x_wconf 88' lang='lat' dir='ltr'><strong>duorum,</strong></span> <span class='ocrx_word' id='word_1_92' title='bbox 1485 2161 1549 2218; x_wconf 86' lang='lat' dir='ltr'><strong>tam</strong></span> <span class='ocrx_word' id='word_1_93' title='bbox 1566 2153 1667 2235; x_wconf 80' lang='lat' dir='ltr'><strong>ipsios</strong></span> <span class='ocrx_word' id='word_1_94' title='bbox 1686 2173 1792 2237; x_wconf 84' lang='lat' dir='ltr'><strong>qnam</strong></span> 
     </span>
     <span class='ocr_line' id='line_1_11' title="bbox 412 2247 606 2311; baseline 0.01 -5"><span class='ocrx_word' id='word_1_95' title='bbox 412 2247 606 2311; x_wconf 79' lang='lat' dir='ltr'><strong>accurionis.</strong></span> 
     </span>
    </p>
   </div>
   <div class='ocr_carea' id='block_1_3' title="bbox 413 2376 1791 3213">
    <p class='ocr_par' dir='ltr' id='par_1_3' title="bbox 452 2376 1791 2554">
     <span class='ocr_line' id='line_1_12' title="bbox 525 2376 1791 2461; baseline 0.003 -20"><span class='ocrx_word' id='word_1_96' title='bbox 525 2376 549 2441; x_wconf 93' lang='lat' dir='ltr'><strong>l.</strong></span> <span class='ocrx_word' id='word_1_97' title='bbox 580 2376 607 2440; x_wconf 90' lang='lat'><strong>1.</strong></span> <span class='ocrx_word' id='word_1_98' title='bbox 629 2378 817 2457; x_wconf 87' lang='lat' dir='ltr'><strong>Statueram,</strong></span> <span class='ocrx_word' id='word_1_99' title='bbox 837 2385 944 2460; x_wconf 87' lang='lat' dir='ltr'><strong>patres</strong></span> <span class='ocrx_word' id='word_1_100' title='bbox 964 2377 1142 2460; x_wconf 86' lang='lat' dir='ltr'><strong>conscripti,</strong></span> <span class='ocrx_word' id='word_1_101' title='bbox 1163 2377 1268 2459; x_wconf 84' lang='lat' dir='ltr'><strong>quoad</strong></span> <span class='ocrx_word' id='word_1_102' title='bbox 1286 2396 1360 2442; x_wconf 90' lang='lat' dir='ltr'><strong>reus</strong></span> <span class='ocrx_word' id='word_1_103' title='bbox 1379 2386 1466 2442; x_wconf 89' lang='lat' dir='ltr'><strong>esset</strong></span> <span class='ocrx_word' id='word_1_104' title='bbox 1490 2379 1524 2442; x_wconf 83' lang='lat' dir='ltr'><strong>P.</strong></span> <span class='ocrx_word' id='word_1_105' title='bbox 1545 2377 1687 2461; x_wconf 78' lang='lat' dir='ltr'><strong>Clodius,</strong></span> <span class='ocrx_word' id='word_1_106' title='bbox 1708 2381 1791 2444; x_wconf 87' lang='lat' dir='ltr'><strong>nibil</strong></span> 
     </span>
     <span class='ocr_line' id='line_1_13' title="bbox 452 2470 1430 2554; baseline 0.003 -20"><span class='ocrx_word' id='word_1_107' title='bbox 452 2470 492 2535; x_wconf 86' lang='lat' dir='ltr'><strong>de</strong></span> <span class='ocrx_word' id='word_1_108' title='bbox 510 2471 685 2553; x_wconf 87' lang='lat' dir='ltr'><strong>illoneque</strong></span> <span class='ocrx_word' id='word_1_109' title='bbox 704 2481 781 2554; x_wconf 90' lang='lat' dir='ltr'><strong>aput</strong></span> <span class='ocrx_word' id='word_1_110' title='bbox 798 2491 866 2550; x_wconf 90' lang='lat' dir='ltr'><strong>vos,</strong></span> <span class='ocrx_word' id='word_1_111' title='bbox 888 2490 993 2554; x_wconf 85' lang='lat' dir='ltr'><strong>neque</strong></span> <span class='ocrx_word' id='word_1_112' title='bbox 1014 2472 1074 2536; x_wconf 89' lang='lat' dir='ltr'><strong>alio</strong></span> <span class='ocrx_word' id='word_1_113' title='bbox 1093 2472 1157 2536; x_wconf 90' lang='lat' dir='ltr'><strong>ullo</strong></span> <span class='ocrx_word' id='word_1_114' title='bbox 1174 2473 1209 2536; x_wconf 89' lang='lat' dir='ltr'><strong>in</strong></span> <span class='ocrx_word' id='word_1_115' title='bbox 1227 2473 1297 2538; x_wconf 92' lang='lat' dir='ltr'><strong>looo</strong></span> <span class='ocrx_word' id='word_1_116' title='bbox 1315 2473 1430 2538; x_wconf 91' lang='lat' dir='ltr'><strong>dicere.</strong></span> 
     </span>
    </p>

    <p class='ocr_par' dir='ltr' id='par_1_4' title="bbox 525 2565 1170 2631">
     <span class='ocr_line' id='line_1_14' title="bbox 525 2565 1170 2631; baseline 0 -1"><span class='ocrx_word' id='word_1_117' title='bbox 525 2568 554 2630; x_wconf 98' lang='grc'><strong>2.</strong></span> <span class='ocrx_word' id='word_1_118' title='bbox 584 2570 629 2630; x_wconf 79' lang='lat' dir='ltr'><strong>Ac</strong></span> <span class='ocrx_word' id='word_1_119' title='bbox 648 2566 772 2630; x_wconf 83' lang='lat' dir='ltr'><strong>furiosis</strong></span> <span class='ocrx_word' id='word_1_120' title='bbox 791 2566 987 2631; x_wconf 87' lang='lat' dir='ltr'><strong>contionibus</strong></span> <span class='ocrx_word' id='word_1_121' title='bbox 1005 2565 1170 2630; x_wconf 88' lang='lat' dir='ltr'><strong>indixerat.</strong></span> 
     </span>
    </p>

    <p class='ocr_par' dir='ltr' id='par_1_5' title="bbox 527 2659 1551 2742">
     <span class='ocr_line' id='line_1_15' title="bbox 527 2659 1551 2742; baseline 0.003 -20"><span class='ocrx_word' id='word_1_122' title='bbox 527 2663 556 2722; x_wconf 82' lang='grc'><strong>9.</strong></span> <span class='ocrx_word' id='word_1_123' title='bbox 586 2660 677 2735; x_wconf 88' lang='lat' dir='ltr'><strong>Quod</strong></span> <span class='ocrx_word' id='word_1_124' title='bbox 696 2660 788 2724; x_wconf 88' lang='lat' dir='ltr'><strong>simul</strong></span> <span class='ocrx_word' id='word_1_125' title='bbox 806 2659 847 2724; x_wconf 88' lang='lat' dir='ltr'><strong>ab</strong></span> <span class='ocrx_word' id='word_1_126' title='bbox 869 2679 908 2724; x_wconf 90' lang='lat' dir='ltr'><strong>eo</strong></span> <span class='ocrx_word' id='word_1_127' title='bbox 927 2660 999 2723; x_wconf 92' lang='lat' dir='ltr'><strong>mibi</strong></span> <span class='ocrx_word' id='word_1_128' title='bbox 1020 2661 1114 2724; x_wconf 85' lang='lat' dir='ltr'><strong>atrei</strong></span> <span class='ocrx_word' id='word_1_129' title='bbox 1133 2659 1281 2742; x_wconf 86' lang='lat' dir='ltr'><strong>publicae</strong></span> <span class='ocrx_word' id='word_1_130' title='bbox 1300 2659 1551 2726; x_wconf 87' lang='lat' dir='ltr'><strong>denuntiabatur.</strong></span> 
     </span>
    </p>

    <p class='ocr_par' dir='ltr' id='par_1_6' title="bbox 413 2752 1279 2836">
     <span class='ocr_line' id='line_1_16' title="bbox 413 2752 1279 2836; baseline -0.001 -16"><span class='ocrx_word' id='word_1_131' title='bbox 413 2774 442 2822; x_wconf 84' lang='grc' dir='ltr'><strong>ιι</strong></span> <span class='ocrx_word' id='word_1_132' title='bbox 525 2755 554 2816; x_wconf 97' lang='grc'><strong>4.</strong></span> <span class='ocrx_word' id='word_1_133' title='bbox 585 2753 664 2818; x_wconf 86' lang='lat' dir='ltr'><strong>Nibil</strong></span> <span class='ocrx_word' id='word_1_134' title='bbox 680 2773 732 2818; x_wconf 93' lang='lat' dir='ltr'><strong>me</strong></span> <span class='ocrx_word' id='word_1_135' title='bbox 751 2752 870 2819; x_wconf 87' lang='lat' dir='ltr'><strong>addere</strong></span> <span class='ocrx_word' id='word_1_136' title='bbox 889 2752 929 2819; x_wconf 88' lang='lat' dir='ltr'><strong>ad</strong></span> <span class='ocrx_word' id='word_1_137' title='bbox 948 2753 1076 2818; x_wconf 89' lang='lat' dir='ltr'><strong>alterius</strong></span> <span class='ocrx_word' id='word_1_138' title='bbox 1094 2753 1279 2836; x_wconf 89' lang='lat' dir='ltr'><strong>periculum.</strong></span> 
     </span>
    </p>

    <p class='ocr_par' dir='ltr' id='par_1_7' title="bbox 524 2847 1765 2932">
     <span class='ocr_line' id='line_1_17' title="bbox 524 2847 1765 2932; baseline 0.001 -20"><span class='ocrx_word' id='word_1_139' title='bbox 524 2848 554 2912; x_wconf 83' lang='grc'><strong>5.</strong></span> <span class='ocrx_word' id='word_1_140' title='bbox 585 2848 640 2912; x_wconf 88' lang='lat' dir='ltr'><strong>Sin</strong></span> <span class='ocrx_word' id='word_1_141' title='bbox 659 2856 747 2912; x_wconf 89' lang='lat' dir='ltr'><strong>esset</strong></span> <span class='ocrx_word' id='word_1_142' title='bbox 763 2848 944 2928; x_wconf 90' lang='lat' dir='ltr'><strong>iudicatum,</strong></span> <span class='ocrx_word' id='word_1_143' title='bbox 967 2867 1031 2912; x_wconf 93' lang='lat' dir='ltr'><strong>non</strong></span> <span class='ocrx_word' id='word_1_144' title='bbox 1048 2847 1151 2911; x_wconf 83' lang='lat' dir='ltr'><strong>videri</strong></span> <span class='ocrx_word' id='word_1_145' title='bbox 1169 2849 1270 2911; x_wconf 85' lang='lat' dir='ltr'><strong>virum</strong></span> <span class='ocrx_word' id='word_1_146' title='bbox 1291 2848 1429 2926; x_wconf 83' lang='lat' dir='ltr'><strong>venisse,</strong></span> <span class='ocrx_word' id='word_1_147' title='bbox 1448 2868 1511 2932; x_wconf 90' lang='lat' dir='ltr'><strong>quo</strong></span> <span class='ocrx_word' id='word_1_148' title='bbox 1528 2849 1590 2913; x_wconf 89' lang='lat' dir='ltr'><strong>iste</strong></span> <span class='ocrx_word' id='word_1_149' title='bbox 1607 2851 1765 2916; x_wconf 87' lang='lat' dir='ltr'><strong>venisset.</strong></span> 
     </span>
    </p>

    <p class='ocr_par' dir='ltr' id='par_1_8' title="bbox 524 2941 1500 3026">
     <span class='ocr_line' id='line_1_18' title="bbox 524 2941 1500 3026; baseline 0.003 -21"><span class='ocrx_word' id='word_1_150' title='bbox 524 2943 553 3005; x_wconf 83' lang='lat'><strong>6.</strong></span> <span class='ocrx_word' id='word_1_151' title='bbox 585 2943 622 3006; x_wconf 87' lang='lat' dir='ltr'><strong>Ut</strong></span> <span class='ocrx_word' id='word_1_152' title='bbox 638 2941 691 3006; x_wconf 92' lang='lat' dir='ltr'><strong>ille</strong></span> <span class='ocrx_word' id='word_1_153' title='bbox 708 2943 822 3008; x_wconf 90' lang='lat' dir='ltr'><strong>iudicio</strong></span> <span class='ocrx_word' id='word_1_154' title='bbox 842 2951 1002 3026; x_wconf 82' lang='lat' dir='ltr'><strong>tamquam</strong></span> <span class='ocrx_word' id='word_1_155' title='bbox 1021 2962 1039 3005; x_wconf 92' lang='lat' dir='ltr'><strong>e</strong></span> <span class='ocrx_word' id='word_1_156' title='bbox 1059 2943 1218 3024; x_wconf 78' lang='lat' dir='ltr'><strong>naubagio</strong></span> <span class='ocrx_word' id='word_1_157' title='bbox 1237 2941 1342 3007; x_wconf 89' lang='lat' dir='ltr'><strong>nudus</strong></span> <span class='ocrx_word' id='word_1_158' title='bbox 1363 2944 1500 3009; x_wconf 88' lang='lat' dir='ltr'><strong>emersit.</strong></span> 
     </span>
    </p>

    <p class='ocr_par' dir='ltr' id='par_1_9' title="bbox 449 3037 1790 3213">
     <span class='ocr_line' id='line_1_19' title="bbox 523 3037 1790 3122; baseline 0.006 -23"><span class='ocrx_word' id='word_1_159' title='bbox 523 3039 553 3099; x_wconf 89' lang='grc'><strong>7.</strong></span> <span class='ocrx_word' id='word_1_160' title='bbox 583 3037 778 3104; x_wconf 85' lang='lat' dir='ltr'><strong>Perturbatio</strong></span> <span class='ocrx_word' id='word_1_161' title='bbox 804 3038 899 3103; x_wconf 87' lang='lat' dir='ltr'><strong>istam</strong></span> <span class='ocrx_word' id='word_1_162' title='bbox 926 3038 1039 3101; x_wconf 89' lang='lat' dir='ltr'><strong>mentis</strong></span> <span class='ocrx_word' id='word_1_163' title='bbox 1067 3045 1099 3100; x_wconf 86' lang='lat' dir='ltr'><strong>et</strong></span> <span class='ocrx_word' id='word_1_164' title='bbox 1126 3038 1282 3120; x_wconf 86' lang='lat' dir='ltr'><strong>quaedam</strong></span> <span class='ocrx_word' id='word_1_165' title='bbox 1313 3037 1469 3102; x_wconf 87' lang='lat' dir='ltr'><strong>scelerum</strong></span> <span class='ocrx_word' id='word_1_166' title='bbox 1495 3037 1594 3104; x_wconf 75' lang='lat' dir='ltr'><strong>offusa</strong></span> <span class='ocrx_word' id='word_1_167' title='bbox 1619 3037 1725 3122; x_wconf 75' lang='lat' dir='ltr'><strong>caligo</strong></span> <span class='ocrx_word' id='word_1_168' title='bbox 1752 3051 1790 3106; x_wconf 87' lang='lat' dir='ltr'><strong>et</strong></span> 
     </span>
     <span class='ocr_line' id='line_1_20' title="bbox 449 3129 1499 3213; baseline 0.001 -17"><span class='ocrx_word' id='word_1_169' title='bbox 449 3129 596 3196; x_wconf 72' lang='grc' dir='ltr'>ιιάοιιιιι</span> <span class='ocrx_word' id='word_1_170' title='bbox 614 3133 777 3198; x_wconf 80' lang='lat' dir='ltr'><strong>Furiarum</strong></span> <span class='ocrx_word' id='word_1_171' title='bbox 795 3133 880 3197; x_wconf 84' lang='lat' dir='ltr'><strong>laces</strong></span> <span class='ocrx_word' id='word_1_172' title='bbox 899 3133 1082 3198; x_wconf 86' lang='lat' dir='ltr'><strong>excitarunt</strong></span> <span class='ocrx_word' id='word_1_173' title='bbox 1124 3131 1292 3213; x_wconf 84' lang='lat' dir='ltr'><strong>(Quintil.</strong></span> <span class='ocrx_word' id='word_1_174' title='bbox 1314 3133 1368 3212; x_wconf 85' lang='lat' dir='ltr'><strong>lx,</strong></span> <span class='ocrx_word' id='word_1_175' title='bbox 1389 3135 1418 3208; x_wconf 84' lang='grc'><strong>6,</strong></span> <span class='ocrx_word' id='word_1_176' title='bbox 1437 3133 1499 3212; x_wconf 83' lang='grc'><strong>47.)</strong></span> 
     </span>
    </p>
   </div>
   <div class='ocr_carea' id='block_1_4' title="bbox 402 3245 1789 4952">
    <p class='ocr_par' dir='ltr' id='par_1_10' title="bbox 402 3245 1789 4952">
     <span class='ocr_line' id='line_1_21' title="bbox 409 3245 1789 3330; baseline 0.004 -20"><span class='ocrx_word' id='word_1_177' title='bbox 409 3261 439 3310; x_wconf 84' lang='grc' dir='ltr'><strong>ιι</strong></span> <span class='ocrx_word' id='word_1_178' title='bbox 522 3245 559 3308; x_wconf 92' lang='lat' dir='ltr'><strong>ll.</strong></span> <span class='ocrx_word' id='word_1_179' title='bbox 589 3245 617 3308; x_wconf 91' lang='lat'><strong>1.</strong></span> <span class='ocrx_word' id='word_1_180' title='bbox 638 3247 683 3310; x_wconf 77' lang='lat' dir='ltr'><strong>Ac</strong></span> <span class='ocrx_word' id='word_1_181' title='bbox 702 3245 792 3326; x_wconf 82' lang='lat' dir='ltr'><strong>vide,</strong></span> <span class='ocrx_word' id='word_1_182' title='bbox 818 3265 859 3310; x_wconf 86' lang='lat' dir='ltr'><strong>un</strong></span> <span class='ocrx_word' id='word_1_183' title='bbox 877 3245 966 3312; x_wconf 87' lang='lat' dir='ltr'><strong>lacile</strong></span> <span class='ocrx_word' id='word_1_184' title='bbox 987 3247 1054 3310; x_wconf 85' lang='lat' dir='ltr'><strong>lieri</strong></span> <span class='ocrx_word' id='word_1_185' title='bbox 1073 3255 1107 3310; x_wconf 88' lang='lat' dir='ltr'><strong>tu</strong></span> <span class='ocrx_word' id='word_1_186' title='bbox 1125 3247 1284 3328; x_wconf 80' lang='lat' dir='ltr'><strong>potueris,</strong></span> <span class='ocrx_word' id='word_1_187' title='bbox 1310 3265 1382 3312; x_wconf 86' lang='lat' dir='ltr'><strong>cum</strong></span> <span class='ocrx_word' id='word_1_188' title='bbox 1399 3247 1428 3311; x_wconf 93' lang='lat' dir='ltr'><strong>is</strong></span> <span class='ocrx_word' id='word_1_189' title='bbox 1444 3247 1544 3312; x_wconf 76' lang='lat' dir='ltr'><strong>factm</strong></span> <span class='ocrx_word' id='word_1_190' title='bbox 1568 3265 1633 3312; x_wconf 94' lang='lat' dir='ltr'><strong>non</strong></span> <span class='ocrx_word' id='word_1_191' title='bbox 1653 3251 1710 3330; x_wconf 89' lang='lat' dir='ltr'><strong>sit,</strong></span> <span class='ocrx_word' id='word_1_192' title='bbox 1731 3253 1789 3316; x_wconf 87' lang='lat' dir='ltr'><strong>oui</strong></span> 
     </span>
     <span class='ocr_line' id='line_1_22' title="bbox 449 3340 1122 3421; baseline 0 -17"><span class='ocrx_word' id='word_1_193' title='bbox 449 3345 483 3404; x_wconf 88' lang='lat' dir='ltr'><strong>tu</strong></span> <span class='ocrx_word' id='word_1_194' title='bbox 500 3341 694 3403; x_wconf 87' lang='lat' dir='ltr'><strong>concessisti.</strong></span> <span class='ocrx_word' id='word_1_195' title='bbox 736 3340 909 3421; x_wconf 83' lang='lat' dir='ltr'><strong>(Quintil.</strong></span> <span class='ocrx_word' id='word_1_196' title='bbox 933 3343 968 3420; x_wconf 90' lang='lat' dir='ltr'><strong>V,</strong></span> <span class='ocrx_word' id='word_1_197' title='bbox 989 3343 1037 3420; x_wconf 88' lang='lat'><strong>10,</strong></span> <span class='ocrx_word' id='word_1_198' title='bbox 1056 3343 1122 3420; x_wconf 92' lang='grc'><strong>92.)</strong></span> 
     </span>
     <span class='ocr_line' id='line_1_23' title="bbox 523 3434 1303 3519; baseline 0.001 -22"><span class='ocrx_word' id='word_1_199' title='bbox 523 3434 553 3497; x_wconf 92' lang='grc'><strong>2.</strong></span> <span class='ocrx_word' id='word_1_200' title='bbox 581 3436 702 3518; x_wconf 77' lang='lat' dir='ltr'><strong>Syriam</strong></span> <span class='ocrx_word' id='word_1_201' title='bbox 721 3437 781 3501; x_wconf 90' lang='lat' dir='ltr'><strong>sibi</strong></span> <span class='ocrx_word' id='word_1_202' title='bbox 801 3455 860 3502; x_wconf 92' lang='lat' dir='ltr'><strong>nos</strong></span> <span class='ocrx_word' id='word_1_203' title='bbox 882 3445 971 3501; x_wconf 84' lang='lat' dir='ltr'><strong>extra</strong></span> <span class='ocrx_word' id='word_1_204' title='bbox 990 3435 1303 3519; x_wconf 87' lang='lat' dir='ltr'><strong>ordinempollioeri.</strong></span> 
     </span>
     <span class='ocr_line' id='line_1_24' title="bbox 521 3529 1568 3614; baseline 0.004 -22"><span class='ocrx_word' id='word_1_205' title='bbox 521 3530 550 3592; x_wconf 86' lang='grc'><strong>9.</strong></span> <span class='ocrx_word' id='word_1_206' title='bbox 581 3529 796 3596; x_wconf 81' lang='lat' dir='ltr'><strong>creditoribus</strong></span> <span class='ocrx_word' id='word_1_207' title='bbox 815 3532 880 3596; x_wconf 90' lang='lat' dir='ltr'><strong>suis</strong></span> <span class='ocrx_word' id='word_1_208' title='bbox 900 3550 989 3613; x_wconf 89' lang='lat' dir='ltr'><strong>spem</strong></span> <span class='ocrx_word' id='word_1_209' title='bbox 1009 3539 1166 3596; x_wconf 85' lang='lat' dir='ltr'><strong>ostentare</strong></span> <span class='ocrx_word' id='word_1_210' title='bbox 1184 3532 1363 3613; x_wconf 83' lang='lat' dir='ltr'><strong>provinciae</strong></span> <span class='ocrx_word' id='word_1_211' title='bbox 1382 3530 1568 3614; x_wconf 62' lang='lat' dir='ltr'><strong>edomui„</strong></span> 
     </span>
     <span class='ocr_line' id='line_1_25' title="bbox 519 3623 1444 3710; baseline 0.001 -20"><span class='ocrx_word' id='word_1_212' title='bbox 519 3623 549 3689; x_wconf 82' lang='grc'><strong>4.</strong></span> <span class='ocrx_word' id='word_1_213' title='bbox 579 3629 703 3710; x_wconf 75' lang='lat' dir='ltr'><strong>lingent</strong></span> <span class='ocrx_word' id='word_1_214' title='bbox 718 3645 864 3708; x_wconf 78' lang='lat' dir='ltr'><strong>magnum</strong></span> <span class='ocrx_word' id='word_1_215' title='bbox 886 3625 1043 3709; x_wconf 85' lang='lat' dir='ltr'><strong>quendam</strong></span> <span class='ocrx_word' id='word_1_216' title='bbox 1064 3625 1323 3696; x_wconf 67' lang='lat' dir='ltr'><strong>manasseas</strong></span> <span class='ocrx_word' id='word_1_217' title='bbox 1340 3626 1444 3692; x_wconf 77' lang='lat' dir='ltr'><strong>aliem.</strong></span> 
     </span>
     <span class='ocr_line' id='line_1_26' title="bbox 406 3719 1341 3802; baseline 0 -20"><span class='ocrx_word' id='word_1_218' title='bbox 406 3732 437 3782; x_wconf 77' lang='lat' dir='ltr'><strong>tt</strong></span> <span class='ocrx_word' id='word_1_219' title='bbox 521 3721 551 3782; x_wconf 86' lang='lat'><strong>5.</strong></span> <span class='ocrx_word' id='word_1_220' title='bbox 580 3721 732 3802; x_wconf 79' lang='lat' dir='ltr'><strong>ingemuit</strong></span> <span class='ocrx_word' id='word_1_221' title='bbox 751 3720 875 3802; x_wconf 74' lang='lat' dir='ltr'><strong>gravim</strong></span> <span class='ocrx_word' id='word_1_222' title='bbox 894 3720 1029 3783; x_wconf 90' lang='lat' dir='ltr'><strong>timidior</strong></span> <span class='ocrx_word' id='word_1_223' title='bbox 1047 3719 1176 3801; x_wconf 88' lang='lat' dir='ltr'><strong>quidam</strong></span> <span class='ocrx_word' id='word_1_224' title='bbox 1195 3719 1341 3784; x_wconf 69' lang='lat' dir='ltr'><strong>meditor.</strong></span> 
     </span>
     <span class='ocr_line' id='line_1_27' title="bbox 519 3813 1491 3880; baseline 0.002 -4"><span class='ocrx_word' id='word_1_225' title='bbox 519 3815 548 3876; x_wconf 93' lang='grc'><strong>6.</strong></span> <span class='ocrx_word' id='word_1_226' title='bbox 580 3813 804 3878; x_wconf 83' lang='lat' dir='ltr'><strong>confirmatae</strong></span> <span class='ocrx_word' id='word_1_227' title='bbox 824 3814 955 3878; x_wconf 92' lang='lat' dir='ltr'><strong>comitiis</strong></span> <span class='ocrx_word' id='word_1_228' title='bbox 974 3813 1192 3879; x_wconf 89' lang='lat' dir='ltr'><strong>consularibus</strong></span> <span class='ocrx_word' id='word_1_229' title='bbox 1209 3815 1325 3878; x_wconf 77' lang='lat' dir='ltr'><strong>Romae</strong></span> <span class='ocrx_word' id='word_1_230' title='bbox 1343 3815 1491 3880; x_wconf 83' lang='lat' dir='ltr'><strong>latarum.</strong></span> 
     </span>
     <span class='ocr_line' id='line_1_28' title="bbox 517 3906 1782 3993; baseline 0.004 -23"><span class='ocrx_word' id='word_1_231' title='bbox 517 3909 546 3970; x_wconf 79' lang='lat'><strong>7.</strong></span> <span class='ocrx_word' id='word_1_232' title='bbox 577 3909 675 3973; x_wconf 86' lang='lat' dir='ltr'><strong>Tanto</strong></span> <span class='ocrx_word' id='word_1_233' title='bbox 692 3908 780 3991; x_wconf 86' lang='lat' dir='ltr'><strong>prius</strong></span> <span class='ocrx_word' id='word_1_234' title='bbox 799 3909 842 3972; x_wconf 89' lang='lat' dir='ltr'><strong>ad</strong></span> <span class='ocrx_word' id='word_1_235' title='bbox 859 3908 1013 3973; x_wconf 88' lang='lat' dir='ltr'><strong>aerarium</strong></span> <span class='ocrx_word' id='word_1_236' title='bbox 1032 3909 1136 3989; x_wconf 83' lang='lat' dir='ltr'><strong>veuit,</strong></span> <span class='ocrx_word' id='word_1_237' title='bbox 1159 3917 1196 3972; x_wconf 89' lang='lat' dir='ltr'><strong>ut</strong></span> <span class='ocrx_word' id='word_1_238' title='bbox 1212 3907 1256 3971; x_wconf 92' lang='lat' dir='ltr'><strong>ibi</strong></span> <span class='ocrx_word' id='word_1_239' title='bbox 1280 3927 1323 3970; x_wconf 89' lang='lat' dir='ltr'><strong>ne</strong></span> <span class='ocrx_word' id='word_1_240' title='bbox 1342 3909 1479 3974; x_wconf 73' lang='lat' dir='ltr'><strong>acdbam</strong></span> <span class='ocrx_word' id='word_1_241' title='bbox 1502 3906 1633 3992; x_wconf 84' lang='lat' dir='ltr'><strong>quidem</strong></span> <span class='ocrx_word' id='word_1_242' title='bbox 1659 3927 1782 3993; x_wconf 86' lang='lat' dir='ltr'><strong>qnem-</strong></span> 
     </span>
     <span class='ocr_line' id='line_1_29' title="bbox 444 4000 739 4083; baseline 0.007 -19"><span class='ocrx_word' id='word_1_243' title='bbox 444 4018 539 4083; x_wconf 86' lang='lat' dir='ltr'><strong>quam</strong></span> <span class='ocrx_word' id='word_1_244' title='bbox 558 4000 739 4066; x_wconf 79' lang='lat' dir='ltr'><strong>offenderet</strong></span> 
     </span>
     <span class='ocr_line' id='line_1_30' title="bbox 518 4114 1782 4202; baseline 0.006 -26"><span class='ocrx_word' id='word_1_245' title='bbox 518 4115 566 4176; x_wconf 94' lang='lat' dir='ltr'><strong>lll.</strong></span> <span class='ocrx_word' id='word_1_246' title='bbox 598 4114 625 4177; x_wconf 91' lang='lat'><strong>1.</strong></span> <span class='ocrx_word' id='word_1_247' title='bbox 646 4115 767 4190; x_wconf 87' lang='lat' dir='ltr'><strong>Quibus</strong></span> <span class='ocrx_word' id='word_1_248' title='bbox 787 4116 858 4195; x_wconf 88' lang='lat' dir='ltr'><strong>iste,</strong></span> <span class='ocrx_word' id='word_1_249' title='bbox 878 4116 931 4196; x_wconf 88' lang='lat' dir='ltr'><strong>qui</strong></span> <span class='ocrx_word' id='word_1_250' title='bbox 946 4116 1049 4178; x_wconf 91' lang='lat' dir='ltr'><strong>omnia</strong></span> <span class='ocrx_word' id='word_1_251' title='bbox 1068 4115 1218 4179; x_wconf 86' lang='lat' dir='ltr'><strong>sacrificia</strong></span> <span class='ocrx_word' id='word_1_252' title='bbox 1238 4122 1356 4194; x_wconf 89' lang='lat' dir='ltr'><strong>nosset,</strong></span> <span class='ocrx_word' id='word_1_253' title='bbox 1377 4115 1466 4178; x_wconf 79' lang='lat' dir='ltr'><strong>facile</strong></span> <span class='ocrx_word' id='word_1_254' title='bbox 1485 4114 1526 4177; x_wconf 89' lang='lat' dir='ltr'><strong>ab</strong></span> <span class='ocrx_word' id='word_1_255' title='bbox 1547 4132 1584 4178; x_wconf 91' lang='lat' dir='ltr'><strong>se</strong></span> <span class='ocrx_word' id='word_1_256' title='bbox 1604 4114 1685 4180; x_wconf 88' lang='lat' dir='ltr'><strong>deos</strong></span> <span class='ocrx_word' id='word_1_257' title='bbox 1704 4120 1782 4202; x_wconf 86' lang='lat' dir='ltr'><strong>pla·</strong></span> 
     </span>
     <span class='ocr_line' id='line_1_31' title="bbox 404 4210 1285 4291; baseline 0.006 -21"><span class='ocrx_word' id='word_1_258' title='bbox 404 4210 506 4273; x_wconf 80' lang='lat' dir='ltr'><strong>tocari</strong></span> <span class='ocrx_word' id='word_1_259' title='bbox 526 4228 620 4291; x_wconf 87' lang='lat' dir='ltr'><strong>posse</strong></span> <span class='ocrx_word' id='word_1_260' title='bbox 640 4211 858 4274; x_wconf 85' lang='lat' dir='ltr'><strong>arbitrabatur.</strong></span> <span class='ocrx_word' id='word_1_261' title='bbox 899 4211 1075 4290; x_wconf 87' lang='lat' dir='ltr'><strong>(Quintil.</strong></span> <span class='ocrx_word' id='word_1_262' title='bbox 1098 4213 1149 4289; x_wconf 85' lang='lat' dir='ltr'><strong>lx,</strong></span> <span class='ocrx_word' id='word_1_263' title='bbox 1171 4213 1199 4289; x_wconf 86' lang='grc'><strong>2,</strong></span> <span class='ocrx_word' id='word_1_264' title='bbox 1220 4214 1285 4287; x_wconf 88' lang='grc'><strong>96.)</strong></span> 
     </span>
     <span class='ocr_line' id='line_1_32' title="bbox 517 4303 1780 4386; baseline 0.005 -19"><span class='ocrx_word' id='word_1_265' title='bbox 517 4305 545 4367; x_wconf 92' lang='grc'><strong>2.</strong></span> <span class='ocrx_word' id='word_1_266' title='bbox 577 4306 655 4367; x_wconf 86' lang='lat' dir='ltr'><strong>Cum</strong></span> <span class='ocrx_word' id='word_1_267' title='bbox 676 4324 711 4367; x_wconf 91' lang='lat' dir='ltr'><strong>se</strong></span> <span class='ocrx_word' id='word_1_268' title='bbox 731 4305 772 4368; x_wconf 92' lang='lat' dir='ltr'><strong>ad</strong></span> <span class='ocrx_word' id='word_1_269' title='bbox 792 4305 918 4386; x_wconf 88' lang='lat' dir='ltr'><strong>plebem</strong></span> <span class='ocrx_word' id='word_1_270' title='bbox 938 4307 1071 4367; x_wconf 90' lang='lat' dir='ltr'><strong>transire</strong></span> <span class='ocrx_word' id='word_1_271' title='bbox 1088 4304 1170 4366; x_wconf 86' lang='lat' dir='ltr'><strong>velle</strong></span> <span class='ocrx_word' id='word_1_272' title='bbox 1190 4303 1319 4384; x_wconf 86' lang='lat' dir='ltr'><strong>diceret,</strong></span> <span class='ocrx_word' id='word_1_273' title='bbox 1340 4304 1399 4368; x_wconf 90' lang='lat' dir='ltr'><strong>sed</strong></span> <span class='ocrx_word' id='word_1_274' title='bbox 1413 4305 1526 4367; x_wconf 89' lang='lat' dir='ltr'><strong>misere</strong></span> <span class='ocrx_word' id='word_1_275' title='bbox 1540 4305 1652 4369; x_wconf 86' lang='lat' dir='ltr'><strong>lretum</strong></span> <span class='ocrx_word' id='word_1_276' title='bbox 1666 4315 1780 4373; x_wconf 86' lang='lat' dir='ltr'><strong>trans-</strong></span> 
     </span>
     <span class='ocr_line' id='line_1_33' title="bbox 440 4400 643 4481; baseline 0.005 -21"><span class='ocrx_word' id='word_1_277' title='bbox 440 4400 486 4461; x_wconf 91' lang='lat' dir='ltr'><strong>ire</strong></span> <span class='ocrx_word' id='word_1_278' title='bbox 506 4408 643 4481; x_wconf 88' lang='lat' dir='ltr'><strong>cuperet.</strong></span> 
     </span>
     <span class='ocr_line' id='line_1_34' title="bbox 516 4493 1255 4575; baseline -0.003 -20"><span class='ocrx_word' id='word_1_279' title='bbox 516 4497 545 4555; x_wconf 89' lang='grc'><strong>9.</strong></span> <span class='ocrx_word' id='word_1_280' title='bbox 573 4496 660 4557; x_wconf 86' lang='lat' dir='ltr'><strong>llanc</strong></span> <span class='ocrx_word' id='word_1_281' title='bbox 679 4494 842 4575; x_wconf 84' lang='lat' dir='ltr'><strong>loquacem</strong></span> <span class='ocrx_word' id='word_1_282' title='bbox 863 4493 998 4555; x_wconf 86' lang='lat' dir='ltr'><strong>Siciliam</strong></span> <span class='ocrx_word' id='word_1_283' title='bbox 1017 4512 1080 4555; x_wconf 93' lang='lat' dir='ltr'><strong>non</strong></span> <span class='ocrx_word' id='word_1_284' title='bbox 1101 4493 1255 4574; x_wconf 85' lang='lat' dir='ltr'><strong>despexit.</strong></span> 
     </span>
     <span class='ocr_line' id='line_1_35' title="bbox 515 4588 1777 4670; baseline 0.002 -18"><span class='ocrx_word' id='word_1_285' title='bbox 515 4592 544 4652; x_wconf 92' lang='grc'><strong>4.</strong></span> <span class='ocrx_word' id='word_1_286' title='bbox 574 4594 786 4652; x_wconf 78' lang='lat' dir='ltr'><strong>Accesserant</strong></span> <span class='ocrx_word' id='word_1_287' title='bbox 808 4590 849 4651; x_wconf 83' lang='lat' dir='ltr'><strong>its</strong></span> <span class='ocrx_word' id='word_1_288' title='bbox 876 4589 983 4670; x_wconf 86' lang='lat' dir='ltr'><strong>pauci,</strong></span> <span class='ocrx_word' id='word_1_289' title='bbox 1012 4598 1047 4651; x_wconf 88' lang='lat' dir='ltr'><strong>ut</strong></span> <span class='ocrx_word' id='word_1_290' title='bbox 1066 4608 1138 4651; x_wconf 91' lang='lat' dir='ltr'><strong>eum</strong></span> <span class='ocrx_word' id='word_1_291' title='bbox 1166 4608 1229 4652; x_wconf 94' lang='lat' dir='ltr'><strong>non</strong></span> <span class='ocrx_word' id='word_1_292' title='bbox 1251 4588 1292 4651; x_wconf 90' lang='lat' dir='ltr'><strong>ad</strong></span> <span class='ocrx_word' id='word_1_293' title='bbox 1316 4590 1506 4667; x_wconf 81' lang='lat' dir='ltr'><strong>contionem,</strong></span> <span class='ocrx_word' id='word_1_294' title='bbox 1533 4588 1592 4652; x_wconf 91' lang='lat' dir='ltr'><strong>sed</strong></span> <span class='ocrx_word' id='word_1_295' title='bbox 1617 4607 1777 4670; x_wconf 85' lang='lat' dir='ltr'><strong>sponsum</strong></span> 
     </span>
     <span class='ocr_line' id='line_1_36' title="bbox 402 4683 765 4746; baseline -0.003 -2"><span class='ocrx_word' id='word_1_296' title='bbox 402 4683 562 4745; x_wconf 74' lang='lat' dir='ltr'><strong>efficeres</strong></span> <span class='ocrx_word' id='word_1_297' title='bbox 582 4684 765 4746; x_wconf 84' lang='lat' dir='ltr'><strong>advocasse.</strong></span> 
     </span>
     <span class='ocr_line' id='line_1_37' title="bbox 512 4776 1352 4858; baseline 0 -17"><span class='ocrx_word' id='word_1_298' title='bbox 512 4780 541 4840; x_wconf 84' lang='lat'><strong>5.</strong></span> <span class='ocrx_word' id='word_1_299' title='bbox 574 4780 669 4841; x_wconf 87' lang='lat' dir='ltr'><strong>Cuius</strong></span> <span class='ocrx_word' id='word_1_300' title='bbox 689 4776 909 4840; x_wconf 84' lang='lat' dir='ltr'><strong>satisdationes</strong></span> <span class='ocrx_word' id='word_1_301' title='bbox 928 4795 1054 4858; x_wconf 84' lang='lat' dir='ltr'><strong>semper</strong></span> <span class='ocrx_word' id='word_1_302' title='bbox 1073 4777 1219 4841; x_wconf 90' lang='lat' dir='ltr'><strong>dicuntur</strong></span> <span class='ocrx_word' id='word_1_303' title='bbox 1237 4777 1352 4842; x_wconf 90' lang='lat' dir='ltr'><strong>induci.</strong></span> 
     </span>
     <span class='ocr_line' id='line_1_38' title="bbox 513 4870 1315 4952; baseline 0.004 -20"><span class='ocrx_word' id='word_1_304' title='bbox 513 4872 540 4934; x_wconf 82' lang='lat'><strong>6.</strong></span> <span class='ocrx_word' id='word_1_305' title='bbox 569 4871 709 4951; x_wconf 69' lang='lat' dir='ltr'><strong>intellego</strong></span> <span class='ocrx_word' id='word_1_306' title='bbox 728 4889 822 4952; x_wconf 87' lang='lat' dir='ltr'><strong>quam</strong></span> <span class='ocrx_word' id='word_1_307' title='bbox 840 4873 873 4933; x_wconf 93' lang='lat' dir='ltr'><strong>in</strong></span> <span class='ocrx_word' id='word_1_308' title='bbox 892 4870 1057 4933; x_wconf 86' lang='lat' dir='ltr'><strong>absentem</strong></span> <span class='ocrx_word' id='word_1_309' title='bbox 1078 4890 1151 4934; x_wconf 88' lang='lat' dir='ltr'><strong>csse</strong></span> <span class='ocrx_word' id='word_1_310' title='bbox 1171 4870 1315 4935; x_wconf 88' lang='lat' dir='ltr'><strong>dicenda.</strong></span> 
     </span>
    </p>
   </div>
   <div class='ocr_carea' id='block_1_5' title="bbox 399 4984 1774 5254">
    <p class='ocr_par' dir='ltr' id='par_1_11' title="bbox 399 4984 1774 5254">
     <span class='ocr_line' id='line_1_39' title="bbox 511 4984 1774 5066; baseline 0.002 -19"><span class='ocrx_word' id='word_1_311' title='bbox 511 4985 559 5047; x_wconf 82' lang='lat' dir='ltr'><strong>lv.</strong></span> <span class='ocrx_word' id='word_1_312' title='bbox 592 4985 618 5046; x_wconf 92' lang='lat'><strong>1.</strong></span> <span class='ocrx_word' id='word_1_313' title='bbox 640 4986 774 5047; x_wconf 88' lang='lat' dir='ltr'><strong>Primum</strong></span> <span class='ocrx_word' id='word_1_314' title='bbox 794 4984 885 5045; x_wconf 92' lang='lat' dir='ltr'><strong>homo</strong></span> <span class='ocrx_word' id='word_1_315' title='bbox 904 4984 1003 5046; x_wconf 91' lang='lat' dir='ltr'><strong>durus</strong></span> <span class='ocrx_word' id='word_1_316' title='bbox 1022 5003 1059 5046; x_wconf 89' lang='lat' dir='ltr'><strong>ac</strong></span> <span class='ocrx_word' id='word_1_317' title='bbox 1079 4985 1202 5065; x_wconf 84' lang='lat' dir='ltr'><strong>priscus</strong></span> <span class='ocrx_word' id='word_1_318' title='bbox 1222 4986 1364 5047; x_wconf 89' lang='lat' dir='ltr'><strong>invectus</strong></span> <span class='ocrx_word' id='word_1_319' title='bbox 1384 4993 1434 5047; x_wconf 91' lang='lat' dir='ltr'><strong>est</strong></span> <span class='ocrx_word' id='word_1_320' title='bbox 1450 4985 1483 5045; x_wconf 90' lang='lat' dir='ltr'><strong>in</strong></span> <span class='ocrx_word' id='word_1_321' title='bbox 1502 5000 1569 5062; x_wconf 87' lang='lat' dir='ltr'><strong>eos,</strong></span> <span class='ocrx_word' id='word_1_322' title='bbox 1590 4985 1645 5066; x_wconf 87' lang='lat' dir='ltr'><strong>qui</strong></span> <span class='ocrx_word' id='word_1_323' title='bbox 1660 5004 1774 5049; x_wconf 89' lang='lat' dir='ltr'><strong>mensa</strong></span> 
     </span>
     <span class='ocr_line' id='line_1_40' title="bbox 438 5077 1773 5160; baseline 0.003 -20"><span class='ocrx_word' id='word_1_324' title='bbox 438 5078 532 5159; x_wconf 77' lang='lat' dir='ltr'><strong>Aprili</strong></span> <span class='ocrx_word' id='word_1_325' title='bbox 554 5077 637 5158; x_wconf 85' lang='lat' dir='ltr'><strong>apud</strong></span> <span class='ocrx_word' id='word_1_326' title='bbox 659 5081 747 5141; x_wconf 86' lang='lat' dir='ltr'><strong>Baias</strong></span> <span class='ocrx_word' id='word_1_327' title='bbox 767 5086 875 5141; x_wconf 88' lang='lat' dir='ltr'><strong>essent</strong></span> <span class='ocrx_word' id='word_1_328' title='bbox 894 5086 926 5140; x_wconf 95' lang='lat' dir='ltr'><strong>et</strong></span> <span class='ocrx_word' id='word_1_329' title='bbox 946 5078 1036 5158; x_wconf 90' lang='lat' dir='ltr'><strong>aquis</strong></span> <span class='ocrx_word' id='word_1_330' title='bbox 1050 5079 1159 5141; x_wconf 83' lang='lat' dir='ltr'><strong>calidis</strong></span> <span class='ocrx_word' id='word_1_331' title='bbox 1178 5087 1349 5142; x_wconf 89' lang='lat' dir='ltr'><strong>uterentur.</strong></span> <span class='ocrx_word' id='word_1_332' title='bbox 1390 5079 1472 5155; x_wconf 89' lang='lat' dir='ltr'><strong>Quid</strong></span> <span class='ocrx_word' id='word_1_333' title='bbox 1486 5096 1557 5141; x_wconf 87' lang='lat' dir='ltr'><strong>oum</strong></span> <span class='ocrx_word' id='word_1_334' title='bbox 1572 5078 1631 5140; x_wconf 92' lang='lat' dir='ltr'><strong>boc</strong></span> <span class='ocrx_word' id='word_1_335' title='bbox 1643 5080 1773 5160; x_wconf 83' lang='lat' dir='ltr'><strong>bomine</strong></span> 
     </span>
     <span class='ocr_line' id='line_1_41' title="bbox 399 5170 1772 5254; baseline 0.007 -26"><span class='ocrx_word' id='word_1_336' title='bbox 399 5170 528 5235; x_wconf 69' lang='lat' dir='ltr'><strong>euobis</strong></span> <span class='ocrx_word' id='word_1_337' title='bbox 554 5182 617 5236; x_wconf 92' lang='lat' dir='ltr'><strong>tam</strong></span> <span class='ocrx_word' id='word_1_338' title='bbox 647 5174 725 5234; x_wconf 85' lang='lat' dir='ltr'><strong>tristi</strong></span> <span class='ocrx_word' id='word_1_339' title='bbox 752 5192 790 5235; x_wconf 92' lang='lat' dir='ltr'><strong>ac</strong></span> <span class='ocrx_word' id='word_1_340' title='bbox 810 5173 943 5236; x_wconf 76' lang='lat' dir='ltr'><strong>severo?</strong></span> <span class='ocrx_word' id='word_1_341' title='bbox 994 5174 1022 5233; x_wconf 91' lang='grc'><strong>2.</strong></span> <span class='ocrx_word' id='word_1_342' title='bbox 1052 5173 1121 5234; x_wconf 89' lang='lat' dir='ltr'><strong>Non</strong></span> <span class='ocrx_word' id='word_1_343' title='bbox 1140 5181 1273 5254; x_wconf 86' lang='lat' dir='ltr'><strong>possunt</strong></span> <span class='ocrx_word' id='word_1_344' title='bbox 1296 5173 1327 5234; x_wconf 92' lang='lat' dir='ltr'><strong>bi</strong></span> <span class='ocrx_word' id='word_1_345' title='bbox 1352 5191 1456 5235; x_wconf 85' lang='lat' dir='ltr'><strong>mores</strong></span> <span class='ocrx_word' id='word_1_346' title='bbox 1483 5173 1565 5235; x_wconf 87' lang='lat' dir='ltr'><strong>lerre</strong></span> <span class='ocrx_word' id='word_1_347' title='bbox 1594 5173 1679 5236; x_wconf 89' lang='lat' dir='ltr'><strong>bunc</strong></span> <span class='ocrx_word' id='word_1_348' title='bbox 1706 5183 1772 5238; x_wconf 88' lang='lat' dir='ltr'><strong>tam</strong></span> 
     </span>
    </p>
   </div>
   <div class='ocr_carea' id='block_1_6' title="bbox 431 5483 1771 5917">
    <p class='ocr_par' dir='ltr' id='par_1_12' title="bbox 431 5483 1771 5917">
     <span class='ocr_line' id='line_1_42' title="bbox 502 5483 1771 5554; baseline 0.002 -18"><span class='ocrx_word' id='word_1_349' title='bbox 502 5487 541 5536; x_wconf 86' lang='lat' dir='ltr'><strong>tt.</strong></span> <span class='ocrx_word' id='word_1_350' title='bbox 569 5485 757 5550; x_wconf 78' lang='lat' dir='ltr'><strong>Fragmentum</strong></span> <span class='ocrx_word' id='word_1_351' title='bbox 775 5485 826 5535; x_wconf 89' lang='lat' dir='ltr'><strong>hoc</strong></span> <span class='ocrx_word' id='word_1_352' title='bbox 843 5483 1002 5549; x_wconf 87' lang='lat' dir='ltr'><strong>etreliqua,</strong></span> <span class='ocrx_word' id='word_1_353' title='bbox 1027 5498 1142 5550; x_wconf 85' lang='lat' dir='ltr'><strong>quorum</strong></span> <span class='ocrx_word' id='word_1_354' title='bbox 1160 5489 1219 5541; x_wconf 84' lang='lat' dir='ltr'><strong>lona</strong></span> <span class='ocrx_word' id='word_1_355' title='bbox 1240 5502 1293 5539; x_wconf 90' lang='lat' dir='ltr'><strong>non</strong></span> <span class='ocrx_word' id='word_1_356' title='bbox 1310 5487 1442 5540; x_wconf 88' lang='lat' dir='ltr'><strong>indicatus</strong></span> <span class='ocrx_word' id='word_1_357' title='bbox 1459 5489 1513 5545; x_wconf 83' lang='lat' dir='ltr'><strong>est,</strong></span> <span class='ocrx_word' id='word_1_358' title='bbox 1537 5486 1683 5554; x_wconf 85' lang='lat' dir='ltr'><strong>desumpta</strong></span> <span class='ocrx_word' id='word_1_359' title='bbox 1705 5490 1771 5540; x_wconf 88' lang='lat' dir='ltr'><strong>sunt</strong></span> 
     </span>
     <span class='ocr_line' id='line_1_43' title="bbox 435 5560 1769 5629; baseline 0.004 -19"><span class='ocrx_word' id='word_1_360' title='bbox 435 5575 466 5611; x_wconf 82' lang='lat' dir='ltr'><strong>er</strong></span> <span class='ocrx_word' id='word_1_361' title='bbox 484 5560 546 5611; x_wconf 89' lang='lat' dir='ltr'><strong>cod.</strong></span> <span class='ocrx_word' id='word_1_362' title='bbox 564 5562 751 5612; x_wconf 65' lang='lat' dir='ltr'><strong>ambrosiano.</strong></span> <span class='ocrx_word' id='word_1_363' title='bbox 775 5587 802 5597; x_wconf 91' lang='lat'><em>-</em></span> <span class='ocrx_word' id='word_1_364' title='bbox 827 5561 866 5610; x_wconf 82' lang='lat' dir='ltr'><strong>tl.</strong></span> <span class='ocrx_word' id='word_1_365' title='bbox 892 5574 941 5625; x_wconf 74' lang='lat' dir='ltr'><strong>octo</strong></span> <span class='ocrx_word' id='word_1_366' title='bbox 957 5577 991 5615; x_wconf 76' lang='lat' dir='ltr'><strong>ecc</strong></span> <span class='ocrx_word' id='word_1_367' title='bbox 1007 5561 1101 5613; x_wconf 75' lang='lat' dir='ltr'><strong>tacete</strong></span> <span class='ocrx_word' id='word_1_368' title='bbox 1116 5565 1183 5615; x_wconf 83' lang='lat' dir='ltr'><strong>octat</strong></span> <span class='ocrx_word' id='word_1_369' title='bbox 1198 5579 1232 5616; x_wconf 78' lang='lat' dir='ltr'><strong>cc</strong></span> <span class='ocrx_word' id='word_1_370' title='bbox 1247 5565 1362 5616; x_wconf 77' lang='lat' dir='ltr'><strong>tncotdto</strong></span> <span class='ocrx_word' id='word_1_371' title='bbox 1383 5565 1465 5615; x_wconf 71' lang='lat' dir='ltr'><strong>sadec</strong></span> <span class='ocrx_word' id='word_1_372' title='bbox 1480 5563 1568 5629; x_wconf 71' lang='grc' dir='ltr'><strong>ιΜι</strong></span> <span class='ocrx_word' id='word_1_373' title='bbox 1589 5562 1769 5624; x_wconf 82' lang='lat' dir='ltr'><strong>Qutntllianas</strong></span> 
     </span>
     <span class='ocr_line' id='line_1_44' title="bbox 435 5634 1770 5704; baseline 0.004 -19"><span class='ocrx_word' id='word_1_374' title='bbox 435 5635 499 5694; x_wconf 80' lang='lat' dir='ltr'><strong>vlit.</strong></span> <span class='ocrx_word' id='word_1_375' title='bbox 509 5637 534 5695; x_wconf 86' lang='grc'><strong>3,</strong></span> <span class='ocrx_word' id='word_1_376' title='bbox 544 5637 586 5698; x_wconf 85' lang='grc'><strong>84,</strong></span> <span class='ocrx_word' id='word_1_377' title='bbox 600 5638 756 5687; x_wconf 88' lang='lat' dir='ltr'><strong>memoriter</strong></span> <span class='ocrx_word' id='word_1_378' title='bbox 772 5635 798 5685; x_wconf 88' lang='lat' dir='ltr'><strong>h.</strong></span> <span class='ocrx_word' id='word_1_379' title='bbox 812 5634 829 5687; x_wconf 93' lang='grc' dir='ltr'><strong>Ι.</strong></span> <span class='ocrx_word' id='word_1_380' title='bbox 842 5634 962 5689; x_wconf 89' lang='lat' dir='ltr'><strong>laudans.</strong></span> <span class='ocrx_word' id='word_1_381' title='bbox 988 5665 1017 5678; x_wconf 92' lang='lat'><em>-</em></span> <span class='ocrx_word' id='word_1_382' title='bbox 1039 5637 1081 5690; x_wconf 75' lang='grc'><strong>24.</strong></span> <span class='ocrx_word' id='word_1_383' title='bbox 1099 5653 1195 5704; x_wconf 69' lang='lat' dir='ltr'><strong>nocens</strong></span> <span class='ocrx_word' id='word_1_384' title='bbox 1212 5640 1297 5691; x_wconf 82' lang='lat' dir='ltr'><strong>Beieri</strong></span> <span class='ocrx_word' id='word_1_385' title='bbox 1314 5641 1383 5690; x_wconf 86' lang='lat' dir='ltr'><strong>coni.</strong></span> <span class='ocrx_word' id='word_1_386' title='bbox 1402 5666 1429 5677; x_wconf 94' lang='lat'>-</span> <span class='ocrx_word' id='word_1_387' title='bbox 1443 5639 1485 5691; x_wconf 81' lang='grc'><strong>96.</strong></span> <span class='ocrx_word' id='word_1_388' title='bbox 1502 5640 1624 5689; x_wconf 64' lang='lat' dir='ltr'><strong>mee</strong></span> <span class='ocrx_word' id='word_1_389' title='bbox 1641 5640 1770 5704; x_wconf 62' lang='lat' dir='ltr'><strong>liram</strong></span> 
     </span>
     <span class='ocr_line' id='line_1_45' title="bbox 433 5710 1768 5778; baseline 0.004 -19"><span class='ocrx_word' id='word_1_390' title='bbox 433 5713 460 5760; x_wconf 79' lang='lat' dir='ltr'><strong>et</strong></span> <span class='ocrx_word' id='word_1_391' title='bbox 477 5711 605 5762; x_wconf 77' lang='lat' dir='ltr'><strong>Niebuhr:</strong></span> <span class='ocrx_word' id='word_1_392' title='bbox 625 5713 772 5762; x_wconf 77' lang='lat' dir='ltr'><strong>indicantur</strong></span> <span class='ocrx_word' id='word_1_393' title='bbox 792 5710 885 5763; x_wconf 73' lang='lat' dir='ltr'><strong>ambr.</strong></span> <span class='ocrx_word' id='word_1_394' title='bbox 908 5714 1067 5776; x_wconf 74' lang='lat' dir='ltr'><strong>{iudicantur</strong></span> <span class='ocrx_word' id='word_1_395' title='bbox 1087 5716 1184 5776; x_wconf 81' lang='lat' dir='ltr'><strong>Beier.)</strong></span> <span class='ocrx_word' id='word_1_396' title='bbox 1209 5741 1236 5750; x_wconf 88' lang='lat'>-</span> <span class='ocrx_word' id='word_1_397' title='bbox 1262 5715 1303 5765; x_wconf 84' lang='grc'><strong>97.</strong></span> <span class='ocrx_word' id='word_1_398' title='bbox 1326 5715 1399 5765; x_wconf 86' lang='lat' dir='ltr'><strong>llaec</strong></span> <span class='ocrx_word' id='word_1_399' title='bbox 1413 5752 1420 5765; x_wconf 93' lang='lat'><strong>.</strong></span> <span class='ocrx_word' id='word_1_400' title='bbox 1435 5752 1442 5765; x_wconf 93' lang='lat'><strong>.</strong></span> <span class='ocrx_word' id='word_1_401' title='bbox 1456 5750 1463 5765; x_wconf 88' lang='lat'><strong>.</strong></span> <span class='ocrx_word' id='word_1_402' title='bbox 1475 5713 1530 5778; x_wconf 71' lang='lat' dir='ltr'><strong>leuc</strong></span> <span class='ocrx_word' id='word_1_403' title='bbox 1546 5725 1768 5774; x_wconf 64' lang='lat' dir='ltr'><strong>stow-acer·</strong></span> 
     </span>
     <span class='ocr_line' id='line_1_46' title="bbox 431 5786 1770 5856; baseline 0.004 -21"><span class='ocrx_word' id='word_1_404' title='bbox 431 5790 497 5835; x_wconf 84' lang='lat' dir='ltr'><strong>terat</strong></span> <span class='ocrx_word' id='word_1_405' title='bbox 513 5791 596 5835; x_wconf 77' lang='lat' dir='ltr'><strong>tumeo</strong></span> <span class='ocrx_word' id='word_1_406' title='bbox 612 5800 646 5836; x_wconf 73' lang='lat' dir='ltr'><strong>ec</strong></span> <span class='ocrx_word' id='word_1_407' title='bbox 663 5788 697 5851; x_wconf 84' lang='lat' dir='ltr'><strong>(p.</strong></span> <span class='ocrx_word' id='word_1_408' title='bbox 716 5786 774 5849; x_wconf 80' lang='grc'><strong>949,</strong></span> <span class='ocrx_word' id='word_1_409' title='bbox 792 5787 844 5848; x_wconf 77' lang='grc'><strong>26.)</strong></span> <span class='ocrx_word' id='word_1_410' title='bbox 861 5791 979 5839; x_wconf 86' lang='lat' dir='ltr'><strong>servavit</strong></span> <span class='ocrx_word' id='word_1_411' title='bbox 995 5787 1184 5855; x_wconf 84' lang='lat' dir='ltr'><strong>palimpsestus</strong></span> <span class='ocrx_word' id='word_1_412' title='bbox 1200 5789 1380 5840; x_wconf 77' lang='lat' dir='ltr'><strong>laurinensis.</strong></span> <span class='ocrx_word' id='word_1_413' title='bbox 1396 5816 1422 5824; x_wconf 99' lang='lat'>-</span> <span class='ocrx_word' id='word_1_414' title='bbox 1439 5789 1467 5839; x_wconf 76' lang='lat' dir='ltr'><strong>tn</strong></span> <span class='ocrx_word' id='word_1_415' title='bbox 1482 5787 1616 5855; x_wconf 62' lang='lat' dir='ltr'><strong>mentm]</strong></span> <span class='ocrx_word' id='word_1_416' title='bbox 1632 5789 1770 5856; x_wconf 62' lang='lat' dir='ltr'><strong>inultm</strong></span> 
     </span>
     <span class='ocr_line' id='line_1_47' title="bbox 431 5860 1225 5917; baseline 0.005 -7"><span class='ocrx_word' id='word_1_417' title='bbox 431 5860 508 5912; x_wconf 85' lang='lat' dir='ltr'><strong>Taur.</strong></span> <span class='ocrx_word' id='word_1_418' title='bbox 529 5886 556 5896; x_wconf 94' lang='lat'>-</span> <span class='ocrx_word' id='word_1_419' title='bbox 576 5862 617 5913; x_wconf 81' lang='lat'><strong>38.</strong></span> <span class='ocrx_word' id='word_1_420' title='bbox 634 5864 772 5913; x_wconf 74' lang='lat' dir='ltr'><strong>Primam-</strong></span> <span class='ocrx_word' id='word_1_421' title='bbox 783 5863 887 5913; x_wconf 78' lang='lat' dir='ltr'><strong>-lioias</strong></span> <span class='ocrx_word' id='word_1_422' title='bbox 902 5864 1079 5917; x_wconf 67' lang='lat' dir='ltr'><strong>accubabat</strong></span> <span class='ocrx_word' id='word_1_423' title='bbox 1095 5867 1177 5916; x_wconf 88' lang='lat' dir='ltr'><strong>etlam</strong></span> <span class='ocrx_word' id='word_1_424' title='bbox 1194 5867 1225 5916; x_wconf 83' lang='grc' dir='ltr'><strong>Α.</strong></span> 
     </span>
    </p>
   </div>
   <div class='ocr_carea' id='block_1_7' title="bbox 0 0 2176 7459">
    <p class='ocr_par' dir='ltr' id='par_1_13' title="bbox 0 0 2176 7459">
     <span class='ocr_line' id='line_1_48' title="bbox 0 0 2176 7459; baseline 0 8"><span class='ocrx_word' id='word_1_425' title='bbox 0 0 2176 7459; x_wconf 95' lang='lat' dir='ltr'><strong> </strong></span> 
     </span>
    </p>
   </div>
  </div>
 </body>
</html>
