4342 7459
787 1262 1355 1349 mummpum
1672 1261 1734 1327 m

410 1427 486 1493 bus
515 1425 768 1509 descriptum
797 1430 892 1488 esto.
937 1423 1167 1511 Certasque
1195 1424 1336 1511 fruges
1365 1435 1585 1515 certasque
1613 1429 1734 1493 bacas

413 1518 665 1607 [sacerdotes
694 1514 879 1603 publice]
909 1518 1069 1583 libauto
1099 1521 1226 1583 cortis
1256 1521 1488 1586 sacrificiis
1517 1540 1560 1586 ac
1589 1520 1733 1587 diebus.

409 1612 466 1679 20.
502 1616 690 1699 ltemque
726 1612 834 1677 alios
870 1612 918 1677 ad
954 1612 1042 1676 dies
1078 1613 1300 1679 ubertatem
1336 1616 1461 1680 laetis
1489 1615 1734 1700 feturaoque

411 1705 707 1774 serranto***
738 1706 861 1793 idque
887 1726 935 1770 ue
965 1708 1163 1771 committi
1195 1709 1351 1792 possit,
1378 1708 1424 1774 ad
1453 1730 1537 1775 eam
1566 1730 1645 1775 rem
1674 1730 1735 1775 ra·

409 1804 523 1866 tione
552 1822 693 1866 cursus
723 1821 881 1866 annuos
908 1803 1146 1866 sacerdotes
1167 1801 1357 1867 finiunto.
1402 1802 1592 1890 Quaeque
1620 1804 1757 1889 quoi-tt

411 1915 488 1981 que
516 1895 612 1959 divo
641 1895 816 1960 decorae
844 1903 1072 1981 grataeque
1101 1896 1184 1959 sint
1210 1896 1373 1961 hostiae
1403 1898 1656 1982 providente.

493 1989 691 2076 Divisque
721 1988 817 2053 ollis
847 1991 1107 2065 sacerdotes,
1144 1990 1332 2053 omnibus
1367 1991 1612 2074 pontifices,
1649 1989 1735 2054 sin·

410 2083 518 2168 gulis
548 2083 740 2147 flamines
770 2091 898 2147 sunto.
943 2084 1216 2166 virginesque
1244 2084 1439 2149 Vestales
1469 2085 1510 2148 in
1538 2084 1635 2149 urbe
1665 2104 1734 2147 cu·

410 2176 627 2242 stodiuuto
656 2179 788 2261 ignem
816 2177 901 2241 foci
930 2178 1084 2261 publici
1116 2178 1414 2261 sempiternum.

493 2270 722 2357 †Quoque
761 2272 858 2335 baec
897 2273 1090 2355 privatim
1131 2278 1168 2334 et
1207 2271 1377 2355 publice
1417 2272 1533 2336 modo
1567 2273 1771 2356 rituqueto

408 2364 514 2429 fiant
543 2365 734 2430 diseunto
764 2366 898 2448 ignari
929 2385 947 2429 a
973 2366 1152 2450 publicis
1181 2365 1464 2431 sacerdotibus.
1506 2368 1638 2429 Eorum
1668 2386 1735 2430 au-

408 2468 487 2524 tem
517 2478 666 2541 genera
695 2470 818 2524 sunto
848 2460 948 2524 tria:
987 2481 1108 2523 unum
1145 2460 1250 2544 quod
1280 2461 1439 2544 praesit
1466 2460 1734 2526 caerimoniis
1777 2531 1784 2544 ,

410 2560 449 2617 ct
476 2552 626 2628 sacris,
665 2554 862 2630 alterum,
901 2556 1006 2639 quod
1042 2556 1352 2637 interpretetur
1385 2553 1657 2618 fatidicorum
1695 2563 1735 2619 et

409 2648 555 2712 vatium
587 2645 716 2712 ectata
744 2650 970 2732 incognita,
999 2668 1098 2734 quae
1129 2667 1263 2712 eorum
1293 2656 1458 2712 senatus
1487 2648 1734 2733 populusque

409 2741 647 2807 adsciverit.
692 2743 954 2825 interpretes
983 2750 1105 2806 autem
1135 2743 1247 2805 lovis
1276 2743 1421 2824 optumi
1450 2741 1637 2816 maxumi,
1665 2763 1771 2825 pu·to

409 2836 511 2900 blici
539 2854 736 2919 augures,
766 2837 899 2918 signis
928 2844 967 2900 et
994 2836 1199 2918 auspiciis
1228 2843 1383 2899 ostenta
1411 2837 1586 2912 uidento,
1617 2835 1734 2901 disei-

409 2930 562 3015 plinam
591 2937 779 3006 tenento,
817 2926 874 2992 at.
904 2930 1226 3014 sacerdotesque
1259 2937 1294 2991 et
1325 2929 1464 2994 vineta
1492 2930 1734 3014 virgetaque

410 3033 449 3088 et
483 3024 653 3088 salutem
689 3024 834 3108 populi
870 3032 1117 3108 auguranto,
1154 3023 1308 3108 quiquo
1344 3031 1466 3107 egent
1493 3044 1570 3087 rem
1600 3024 1736 3089 duelli

410 3116 564 3202 quique
593 3136 664 3200 pro
693 3118 847 3202 populo
875 3138 974 3192 rem,
1004 3118 1235 3202 auspicium
1265 3126 1558 3201 praemonento
1588 3117 1735 3203 ollique

410 3211 734 3294 obtemperanto.
788 3212 1072 3296 Diuorumque
1108 3211 1191 3274 iras
1227 3210 1475 3293 providento
1502 3210 1640 3296 iisque
1668 3214 1773 3285 ad·sn

408 3312 599 3390 parento,
628 3305 826 3391 caelique
860 3305 1027 3388 tutgura
1057 3304 1302 3388 regionibus
1330 3305 1432 3369 ratis
1460 3312 1736 3390 temperanto,

475 3522 499 3572 l.
518 3524 660 3585 murosque
674 3520 761 3584 stupu
776 3526 905 3581 certosque
921 3519 1073 3582 (asinosque
1085 3514 1124 3581 lli
1143 3520 1162 3569 C
1183 3546 1210 3557 -
1229 3518 1319 3570 bocco:
1334 3516 1374 3580 A¹,
1392 3518 1504 3582 becquet
1519 3516 1550 3571 44ι
1567 3547 1595 3556 -
1614 3522 1639 3573 4,
1651 3535 1739 3573 444444·-

411 3596 491 3645 doten
506 3592 546 3653 A¹‚
564 3596 693 3646 suntote
708 3595 748 3654 13¹,
771 3596 894 3645 :merloti
911 3591 994 3650 t²tt²;
1017 3595 1156 3644 sacedotes
1170 3593 1267 3655 publice
1283 3607 1344 3645 cum
1361 3594 1442 3644 Balio
1459 3598 1489 3644 ut
1505 3592 1635 3658 glossema
1654 3596 1740 3648 inclu-

411 3671 510 3730 simus,
529 3670 604 3720 cuius
622 3672 712 3720 uotam
730 3684 755 3720 v.
775 3683 801 3734 p.
812 3670 869 3720 4400.
900 3667 1047 3719 Buecheler
1063 3668 1215 3732 suspicatur
1228 3670 1326 3731 publico
1342 3683 1375 3719 ex
1392 3667 1450 3719 loco
1468 3669 1592 3722 interiore
1609 3674 1674 3732 ub,
1693 3672 1739 3722 ubi

411 3747 502 3810 aptum
524 3743 613 3795 locum
635 3749 698 3796 aute
713 3746 819 3810 piniunto
841 3744 954 3805 babeat,
976 3744 1030 3794 buc
1047 3757 1139 3793 errore
1157 3742 1257 3796 illatum
1274 3758 1344 3797 esse.
1373 3770 1400 3782 -
1430 3746 1525 3796 libante
1542 3746 1607 3797 dell.
1626 3746 1738 3811 aliquot:

410 3820 532 3872 tonante
550 3821 569 3871 C
588 3846 616 3857 -
635 3824 710 3871 cerus
726 3822 842 3872 Ernesti:
861 3821 906 3870 boc
920 3823 994 3869 certis
1011 3819 1071 3873 CO:
1091 3821 1179 3870 ortum
1195 3821 1241 3870 boc
1258 3834 1291 3870 ex
1307 3821 1485 3884 geminatione
1503 3822 1572 3871 inter
1587 3820 1742 3873 to--ocrtit
1775 3884 1777 3887 .

417 3922 441 3931 -
461 3895 486 3945 3.
504 3896 539 3945 ud
555 3896 607 3946 dies
622 3895 775 3947 Turnebus:
795 3896 872 3945 oddae
888 3895 907 3944 C
927 3896 1028 3957 loddenr
1046 3893 1087 3955 11¹)
1106 3920 1132 3930 -
1152 3895 1302 3957 {murosque
1318 3896 1338 3946 C
1358 3922 1384 3932 -
1404 3895 1429 3946 l.
1447 3900 1564 3946 muunte
1579 3896 1601 3946 H
1622 3923 1647 3933 -
1666 3897 1742 3958 idque

413 3971 444 4020 C:
474 3971 500 4019 id
516 3971 582 4032 quod
598 3970 755 4030 Turnebus,
781 3972 808 4020 in
826 3983 890 4032 quus
906 3970 1044 4026 Davisius,
1071 3970 1098 4017 in
1115 3982 1164 4031 quo
1187 3969 1299 4019 Ernesti.
1334 3970 1443 4032 Signum
1460 3968 1571 4021 lacunae
1588 3972 1651 4020 aute
1667 3970 1743 4032 idque

411 4044 575 4097 Buechelero
593 4048 702 4096 auclore
720 4047 866 4110 posuimus.
896 4070 923 4080 -
950 4044 1062 4093 conmitti
1079 4043 1111 4093 t²
1138 4068 1164 4080 -
1191 4044 1461 4095 rationeTuruebus:
1480 4046 1656 4101 nationesne:
1683 4046 1741 4109 ipse

411 4120 515 4172 malim:
533 4123 658 4172 notionem
675 4121 743 4182 lie.
762 4118 996 4184 computationem)
1013 4131 1102 4167 curnis
1118 4119 1206 4167 onnui.
1235 4144 1262 4154 —
1289 4119 1314 4168 3.
1332 4121 1440 4181 quoique
1456 4119 1518 4169 titt:
1537 4121 1627 4178 culeus
1642 4122 1673 4178 Α,
1691 4117 1741 4169 sed

410 4197 452 4245 cui
468 4208 528 4260 sup.
547 4194 592 4247 liu.
620 4221 648 4231 -
676 4195 701 4245 6.
719 4195 843 4244 decoret
867 4220 899 4230 -
923 4199 1043 4256 proleque
1059 4193 1117 4253 ΑΒ,
1134 4205 1264 4256 proucquo
1280 4192 1302 4242 ll
1319 4219 1352 4229 -
1366 4193 1540 4253 prouidentiae
1557 4193 1578 4241 ll
1597 4217 1624 4228 -
1644 4192 1668 4241 7.
1687 4193 1743 4243 ollis

411 4270 569 4324 Turnebus:
596 4271 656 4321 ollis
672 4271 708 4331 C,
733 4269 791 4319 olii:
807 4269 852 4318 olii
869 4267 1001 4318 Victorius
1017 4267 1080 4318 eto
1109 4293 1136 4304 -
1164 4266 1188 4316 8.
1206 4268 1317 4331 pomini:
1335 4266 1395 4317 E¹ll
1424 4291 1451 4303 -
1480 4266 1582 4316 uestolis
1601 4265 1692 4317 tu¹tt
1711 4291 1738 4303 -

411 4347 452 4397 tt.
469 4346 531 4397 boec
546 4347 612 4397 lili:
631 4350 655 4396 ct
670 4346 701 4406 Α,
719 4344 768 4395 sed
785 4346 812 4394 in
830 4344 888 4395 loco
906 4356 984 4393 eraso
1011 4368 1038 4378 -
1062 4340 1187 4404 publicem
1203 4340 1233 4390 ll¹
1259 4366 1286 4376 -
1313 4341 1386 4390 inodo
1401 4341 1503 4403 rituque
1520 4341 1555 4391 ll:
1573 4342 1647 4391 modo
1662 4343 1740 4405 vitup.

1419 4424 1433 4457 0

411 4481 432 4530 Α
449 4478 476 4529 in
495 4491 547 4529 ras.
566 4492 602 4529 m.
615 4478 652 4538 2,
670 4490 794 4541 superq.
813 4478 855 4526 est
871 4489 920 4538 quo
937 4487 1018 4524 manu
1035 4475 1142 4530 vetere:
1168 4426 1233 4535 guile
1249 4471 1279 4530 B,
1302 4483 1362 4535 sup.
1380 4484 1446 4533 quoe
1461 4472 1589 4535 scripturn
1607 4476 1649 4524 est
1666 4486 1701 4523 m.
1714 4474 1738 4525 4.

411 4555 484 4604 niodo
500 4555 583 4616 ritum
607 4565 640 4603 ex
663 4566 714 4616 qua
737 4553 868 4617 scriptura
891 4553 1002 4615 apparet
1023 4548 1145 4599 lectionis
1167 4546 1288 4610 vulgatae
1305 4546 1386 4597 fldem
1404 4545 1550 4598 admodum
1568 4549 1698 4600 incertam
1715 4551 1743 4601 et

412 4628 554 4680 lectionem
570 4629 644 4679 niodo
659 4630 773 4689 rituque,
797 4630 827 4676 ut
842 4640 875 4676 ex
893 4626 938 4675 te
955 4622 1129 4687 intellegitur,
1151 4635 1253 4672 meram
1276 4620 1444 4672 librariorum
1467 4624 1647 4676 coniecturam
1670 4639 1741 4678 esse.

412 4704 495 4755 Nobis
517 4704 568 4754 hoc
590 4704 646 4753 tere
668 4704 762 4754 cicero
785 4702 925 4766 scripsisse
943 4699 1061 4749 videtur:
1093 4699 1146 4759 Quo
1163 4710 1275 4760 quosque
1291 4697 1363 4745 modo
1379 4708 1455 4744 sucro
1469 4698 1591 4757 priuatim
1607 4704 1630 4748 et
1643 4700 1744 4763 publice

412 4781 461 4831 tite
474 4782 548 4845 punt,
565 4780 677 4830 discunto
694 4780 761 4832 etc:
789 4782 812 4826 et
826 4776 923 4838 publice
944 4772 1125 4824 Buechelerus
1146 4787 1194 4838 pro
1216 4772 1376 4836 glossemate
1394 4768 1489 4831 hebet,
1514 4774 1542 4822 ut
1559 4776 1586 4823 et
1602 4787 1634 4823 ex
1652 4774 1742 4827 verbis

413 4857 525 4905 discunto
541 4854 629 4918 ignoti
643 4868 661 4903 o
675 4853 816 4915 publicis
831 4851 999 4901 scendotibue
1021 4852 1047 4900 el
1064 4863 1096 4899 ex
1115 4851 1144 4910 44,
1158 4849 1173 4912 5
1186 4848 1217 4898 ³0
1235 4849 1371 4912 appareat,
1391 4844 1437 4895 ubi
1455 4845 1578 4906 legimus:
1598 4852 1741 4914 4444444444,

414 4931 457 4995 qul
474 4930 554 4979 :ocris
568 4928 665 4990 publice
678 4933 809 4991 praesunt,
826 4927 979 4989 religioni
994 4926 1142 4988 priuatos
1159 4925 1220 4974 iotis
1235 4923 1319 4985 socero
1334 4936 1385 4971 non
1398 4922 1502 4984 possint.
1521 4950 1546 4958 -
1567 4925 1605 4976 44.
1620 4928 1740 4978 comme

414 5032 441 5042 -
457 5006 497 5055 ts.
510 5010 567 5055 sunt
583 5004 605 5054 H
622 5004 639 5066 (t
652 5003 677 5052 in
690 5003 752 5064 ras)
773 5029 798 5037 -
819 5002 975 5051 triennum
988 5001 1008 5050 Η
1025 4999 1120 5063 (sedin
1134 4998 1211 5060 rasi:
1231 5000 1344 5047 inunum
1355 4998 1384 5058 li,
1396 4998 1446 5046 duo
1456 5010 1535 5047 unuin
1546 5001 1566 5048 tt
1579 5000 1636 5061 (sed
1648 5002 1698 5050 duo
1714 5002 1741 5052 iu

413 5095 466 5133 ras.
481 5095 517 5132 m.
531 5081 582 5143 4.);
600 5081 652 5129 trio
668 5092 722 5128 om.
736 5079 756 5128 0
775 5103 801 5113 -
821 5076 993 5127 cerimoniiet
1011 5102 1044 5113 -
1062 5074 1101 5125 43.
1114 5075 1251 5137 [eticorum
1262 5071 1302 5133 t¹‚
1319 5074 1368 5137 {oti
1379 5086 1485 5135 quorum
1497 5073 1526 5122 44ι
1545 5100 1572 5111 -
1592 5074 1631 5125 tt.
1644 5078 1743 5126 untione

414 5158 448 5208 C:
467 5162 555 5206 uotum
572 5155 604 5213 03
623 5154 656 5204 ct.
675 5155 706 5214 11,
719 5152 734 5217 5
747 5154 778 5203 30
806 5179 831 5189 -
858 5152 940 5215 seluto
958 5164 1020 5200 nos:
1040 5151 1129 5213 eltuto
1147 5152 1176 5211 C,
1195 5150 1310 5213 effuso
1338 5175 1364 5184 -·
1392 5161 1457 5210 quoe
1473 5162 1560 5198 eorum
1576 5151 1739 5202 Mommsen:

414 5245 521 5296 quonum
538 5232 586 5281 CO
607 5256 631 5265 -
652 5229 692 5278 lb.
711 5228 829 5277 annunt
846 5228 900 5285 tte,
920 5227 1101 5277 admeruit
1120 5252 1148 5264 -
1167 5225 1254 5288 optimi
1271 5226 1318 5276 ΒΗ
1336 5226 1380 5285 (im
1396 5224 1418 5274 H
1436 5226 1462 5274 iu
1480 5224 1552 5285 res),
1571 5224 1691 5275 obtinuit
1711 5250 1738 5261 -

415 5307 454 5357 ta.
472 5311 569 5356 ostento
585 5305 692 5370 scripsi:
709 5310 796 5366 posteo
813 5305 833 5354 C
852 5306 878 5353 et
895 5303 915 5353 0
933 5315 995 5352 cum
1013 5303 1088 5365 signo
1105 5303 1207 5357 erucis:
1228 5307 1346 5364 portento
1363 5299 1522 5363 Teldhuegel
1551 5328 1577 5337 -
1603 5300 1740 5351 uidentell

415 5407 442 5418 -
463 5381 503 5432 tt.
522 5383 582 5446 post
597 5381 767 5440 secerdotum
785 5380 827 5430 est
844 5378 869 5429 in
886 5381 906 5428 Α
925 5391 1004 5442 parva
1024 5391 1130 5437 rasura,
1149 5390 1230 5441 quam
1247 5376 1429 5441 supplevimus
1446 5376 1536 5426 addito
1553 5381 1588 5437 et,
1607 5378 1636 5425 ut
1652 5375 1741 5426 locum

413 5458 467 5507 tem
484 5457 513 5506 C.
528 5455 557 5506 0.
570 5453 711 5505 Muellerus
734 5456 760 5504 in
783 5452 851 5504 libro
873 5455 907 5505 de
926 5454 1043 5504 Etruscis
1066 5455 1102 5513 ll,
1120 5466 1146 5517 p.
1161 5453 1209 5502 tto
1227 5451 1360 5502 intellexit.
1395 5453 1446 5502 Per
1463 5454 1547 5501 totum
1565 5452 1634 5501 enim
1653 5450 1741 5502 locum

413 5544 524 5596 oupures
538 5530 689 5582 subiectum
707 5531 776 5587 sunl.
796 5529 868 5593 quod
885 5529 907 5579 si
925 5529 1050 5584 tenueris,
1069 5530 1150 5578 etiam
1167 5530 1240 5578 reete
1257 5528 1433 5592 interpretare
1449 5526 1519 5589 quod
1532 5528 1653 5589 sequitur
1667 5540 1742 5588 prue-

413 5611 537 5665 moncnto,
556 5603 612 5655 scil.
631 5617 743 5668 oupurcr
758 5605 897 5667 auspicium
913 5604 943 5652 iis
960 5604 1003 5664 qui
1019 5616 1073 5652 rem
1090 5603 1165 5652 duelli
1181 5607 1265 5665 agent.
1285 5626 1311 5638 -
1338 5602 1378 5653 tt.
1398 5604 1533 5665 menta
1553 5625 1579 5637 -
1599 5615 1652 5651 rem
1667 5601 1742 5652 duelli

415 5682 480 5732 Ain
499 5693 552 5729 ras.
571 5679 672 5729 mant
689 5678 771 5728 habet
793 5704 821 5716 -
850 5678 890 5729 49.
905 5693 955 5742 pro
967 5678 1061 5741 popule
1077 5691 1132 5728 rem
1148 5680 1178 5730 t.
1192 5679 1221 5729 G.
1234 5678 1341 5742 Zumpt:
1366 5677 1560 5741 preprpulorsni
1576 5672 1654 5736 mit
1676 5689 1741 5739 pro-

412 5754 535 5819 populore
551 5747 583 5803 tt²
591 5746 630 5812 13¹,
651 5754 800 5816 populerunt
818 5749 888 5814 1:¹0,
908 5753 1031 5817 populare
1048 5752 1082 5803 ll²
1107 5779 1135 5790 -
1158 5754 1358 5816 prunnonetoll
1382 5778 1409 5789 -
1433 5754 1535 5815 illiquoe
1550 5748 1588 5812 1³¹.
1606 5751 1740 5815 obliquell

417 5857 446 5869 -
474 5829 515 5879 tt.
534 5829 716 5892 obtemperante
733 5824 793 5879 B¹ll
811 5829 867 5892 (sed
885 5830 904 5879 44
921 5829 982 5891 opt.)
1007 5854 1034 5864 -
1061 5828 1141 5890 lisque
1157 5830 1177 5880 t
1196 5829 1221 5879 iu
1238 5842 1291 5880 ras.
1309 5841 1381 5879 man.
1394 5828 1419 5887 4,
1437 5828 1501 5889 nep
1519 5827 1551 5886 ll,
1573 5828 1656 5888 eisque
1672 5827 1692 5876 0
1711 5853 1738 5864 -

415 5908 556 5968 oppormto
573 5904 609 5954 tt:
633 5909 756 5968 operento
771 5901 810 5966 13¹,
826 5910 934 5968 purento
949 5905 989 5968 tta,
1006 5904 1189 5967 ”perennia
1215 5929 1241 5941 -
1269 5903 1312 5955 44.
1327 5903 1428 5969 sulpura
1443 5903 1491 5955 ΑΒ
1509 5914 1578 5954 corr.
1596 5901 1624 5953 iu
1639 5900 1742 5967 fulgora

418 5979 649 6045 -tnnpeanu
