4342 7459
730 1230 854 1294 nnn.
881 1228 1173 1294 caux-xx.
1198 1226 1245 1312 §s
1260 1173 1407 1293 ‹nn-⁸7⁴.
1665 1225 1729 1293 noa

409 1391 618 1455 conauluntur
635 1396 691 1453 eut
713 1386 898 1463 defendunt,
919 1397 1098 1472 rogantemt
1121 1389 1206 1473 quod
1221 1389 1278 1473 qui
1291 1386 1413 1452 faciunt
1426 1386 1595 1472 plurimum
1610 1389 1729 1472 gratiae

409 1490 647 1566 consequuntur
675 1482 895 1566 latissimeque
921 1502 1031 1546 eorum
1058 1492 1165 1548 manat
1192 1482 1358 1548 industria.
1400 1480 1451 1546 68.
1476 1484 1542 1546 lam
1562 1482 1643 1547 illud
1664 1504 1728 1548 non

409 1585 484 1640 sunt
503 1574 752 1641 admonendi-
768 1584 818 1639 eet
838 1577 922 1639 enim
945 1576 979 1639 in
1001 1586 1151 1659 promptu
1163 1611 1222 1650 -,
1244 1583 1279 1640 ut
1298 1576 1440 1640 animum
1461 1574 1634 1652 advertent,
1656 1598 1729 1642 eum

407 1670 516 1733 invare
545 1669 627 1734 elion
655 1669 771 1743 velint,
799 1689 841 1733 ne
870 1690 951 1752 quoa
979 1669 1150 1734 offendent.
1202 1671 1303 1752 Saepe
1324 1669 1410 1734 enim
1430 1678 1484 1733 eut
1505 1690 1560 1735 eoa
1581 1671 1729 1746 laedunt,

409 1783 491 1848 quoe
517 1782 583 1826 non
613 1763 746 1836 debent,
772 1772 828 1828 eut
854 1783 928 1839 eoa,
957 1784 1037 1848 quoa
1060 1784 1124 1827 nnn
1146 1763 1291 1847 expedit:
1322 1764 1350 1827 ei
1372 1762 1594 1847 inprudentes,
1621 1765 1753 1847 neqlee

409 1858 531 1941 qentiee
559 1865 625 1932 est,
653 1856 680 1920 ai
706 1856 859 1931 scientes,
891 1857 1089 1920 temeritatis.
1144 1858 1299 1922 Utendum
1327 1858 1422 1921 etiem
1449 1868 1499 1923 eet
1526 1861 1730 1924 excusatione

408 1951 559 2015 edveraue
581 1970 647 2023 eos,
669 1970 751 2034 quoe
772 1949 893 2013 invitus
915 1949 1068 2026 ollendea,
1090 1970 1287 2036 quacumque
1309 1950 1429 2033 poesie,
1453 1971 1518 2034 qua
1531 1972 1566 2017 re
1580 1952 1628 2028 id,
1644 1950 1730 2035 quod

407 2043 540 2118 leceris,
567 2062 697 2108 neceaee
723 2043 820 2107 luerit
848 2063 908 2106 nec
936 2044 1029 2107 aliter
1055 2043 1159 2108 fecere
1181 2045 1342 2128 potueris,
1372 2046 1549 2130 ceteriaque
1571 2048 1677 2130 operio
1699 2054 1732 2110 et

409 2138 523 2204 officiis
545 2136 606 2201 erit
626 2136 677 2213 id,
698 2136 784 2220 quod
807 2137 959 2201 violatum
981 2137 1155 2213 videbitur,
1176 2138 1457 2220 compensandum.

492 2232 564 2294 xx.
593 2228 645 2293 69.
675 2229 737 2293 Sed
766 2250 838 2293 cum
866 2232 898 2293 in
925 2229 1107 2294 hominihus
1133 2233 1280 2295 iuvandis
1308 2240 1365 2296 aut
1392 2252 1497 2297 morer
1519 2233 1655 2315 spectari
1675 2240 1769 2299 antu

407 2325 534 2390 fortune
556 2324 673 2398 nolent,
695 2323 782 2388 dictu
803 2323 933 2408 quidem
955 2332 1003 2388 eet
1023 2324 1163 2406 proclive
1185 2325 1293 2407 itaque
1314 2323 1407 2408 uolgo
1428 2326 1620 2410 loquuntur,
1641 2348 1676 2393 ee
1698 2329 1732 2392 in

408 2420 571 2485 beneficiio
601 2415 793 2482 collocandis
823 2437 928 2482 morea
957 2417 1140 2492 hominum,
1169 2438 1233 2481 non
1261 2418 1418 2483 lonunem
1441 2422 1547 2503 aequi.
1589 2422 1732 2487 lloneete

409 2515 509 2578 oratio
532 2519 592 2576 ent.
637 2509 699 2574 Sed
727 2510 800 2592 quia
830 2518 879 2573 eet
906 2510 1033 2574 tandem
1061 2510 1116 2595 qui
1137 2510 1243 2595 inopie
1265 2519 1297 2576 et
1318 2513 1430 2595 optimi
1451 2513 1511 2576 viri
1532 2533 1646 2579 caune
1666 2535 1732 2579 non

409 2613 579 2691 euteponat
604 2604 638 2668 in
666 2623 763 2688 opere
790 2600 894 2667 dende
920 2606 1050 2687 gratiam
1076 2603 1229 2668 fortunati
1251 2613 1284 2669 et
1305 2606 1468 2691 potentini
1511 2609 1625 2691 Aquo
1647 2610 1732 2674 euim

410 2700 591 2786 expeditior
611 2706 644 2761 et
665 2698 799 2762 celerior
819 2699 1030 2762 remuneratio
1052 2696 1121 2762 lore
1143 2697 1284 2773 uidetur,
1304 2700 1337 2763 in
1352 2720 1426 2765 eum
1439 2698 1507 2766 lere
1521 2710 1571 2767 eet
1582 2703 1769 2768 voluntante

408 2804 518 2860 nostre
539 2792 736 2876 propensior.
779 2791 843 2854 Sed
863 2790 1178 2856 animadvertendum
1204 2800 1255 2856 eet
1279 2792 1483 2876 diligentius,
1511 2815 1593 2881 quae
1620 2805 1734 2861 nutura

408 2908 516 2954 rerum
537 2889 587 2952 eit.
630 2884 783 2949 Nimirum
805 2886 891 2949 enim
913 2885 1005 2969 inope
1026 2885 1097 2960 ille,
1119 2886 1147 2948 ei
1167 2885 1272 2950 bonne
1292 2895 1342 2950 eet
1362 2888 1427 2962 uir,
1449 2889 1544 2952 etiem
1565 2889 1592 2954 ei
1614 2890 1734 2956 reterre

409 2983 541 3066 qratiam
563 2999 629 3044 nou
650 2986 773 3062 potent,
794 2978 913 3044 habere
934 2985 1020 3043 certe
1042 2986 1156 3061 poteet
1200 2978 1372 3044 Commode
1394 2988 1517 3056 eutem,
1539 2984 1732 3067 quicumque

410 3076 505 3150 dixit,
527 3066 693 3160 pecuniam
717 3073 773 3156 qui
795 3072 924 3146 haheat,
946 3092 1012 3135 non
1033 3071 1226 3145 reddidiene,
1248 3074 1303 3155 qui
1325 3072 1511 3149 reddiderit,
1526 3095 1590 3139 non
1604 3075 1733 3154 haltere,

410 3171 540 3255 gretiam
561 3176 666 3234 entem
688 3174 720 3229 et
741 3166 797 3249 qui
818 3167 975 3230 rettulerit
995 3164 1114 3230 hebere
1136 3174 1167 3229 et
1189 3167 1244 3249 qui
1264 3166 1380 3230 hebeat
1400 3166 1569 3232 rettulisse.
1603 3172 1656 3247 et,
1677 3174 1771 3255 quiae

411 3285 446 3330 ee
466 3262 657 3347 locupletes,
678 3259 867 3334 honoratos,
888 3261 999 3324 beatos
1020 3265 1143 3342 putent,
1164 3258 1188 3322 ii
1210 3279 1252 3323 ne
1274 3259 1406 3342 obligari
1428 3260 1559 3343 quidem
1580 3260 1734 3328 benelicio

411 3357 539 3431 uolunt3
561 3355 640 3439 quin
660 3354 755 3417 etiem
777 3353 967 3417 beneficium
990 3372 1025 3416 ae
1047 3352 1174 3417 dedieee
1196 3352 1401 3429 arbitrantur,
1425 3375 1497 3444 curn
1511 3355 1573 3438 ipai
1588 3358 1734 3441 quemrie

411 3470 558 3534 magnum
581 3447 714 3531 aliquod
736 3448 933 3530 acceperint,
959 3454 1056 3530 etque
1078 3446 1174 3509 etiem
1196 3465 1214 3510 a
1236 3466 1271 3510 ee
1291 3454 1349 3509 eut
1370 3448 1522 3531 postulari
1544 3459 1599 3514 eut
1620 3470 1735 3534 exepe-

412 3545 489 3608 ctari
510 3540 635 3625 aliquid
656 3541 871 3624 auspicentur,
898 3540 1172 3624 patrociniorero
1201 3560 1236 3604 ee
1257 3560 1332 3604 ueoe
1353 3549 1407 3605 eut
1427 3541 1560 3608 clienter
1580 3545 1735 3627 appellari

412 3636 522 3700 mortia
542 3635 643 3698 instar
663 3641 803 3718 putant‘
830 3632 881 3699 70.
903 3636 943 3698 et
958 3654 1031 3697 vero
1049 3633 1105 3697 ille
1128 3634 1242 3708 tenuia,
1264 3654 1347 3726 eune,
1369 3634 1523 3719 quicquid
1545 3636 1662 3702 factum
1683 3639 1772 3714 nitet

412 3751 447 3795 ee
470 3736 661 3813 npectetum,
682 3748 748 3791 non
769 3726 925 3791 ionuuem
948 3735 1051 3810 putet,
1073 3747 1139 3790 non
1160 3728 1254 3792 modo
1277 3726 1341 3802 illi,
1362 3729 1419 3812 qni
1440 3737 1489 3793 eat
1509 3732 1655 3806 meritur,
1676 3732 1734 3797 ned

414 3825 509 3890 etiem
531 3823 606 3898 illie,
627 3841 646 3887 e
668 3822 784 3905 quibus
806 3828 969 3905 exspectat
982 3853 1023 3868 -
1038 3829 1111 3904 eget
1131 3821 1215 3884 enim
1232 3820 1340 3885 multis
1354 3854 1411 3896 -,
1432 3832 1554 3906 gratum
1575 3845 1611 3890 ee
1632 3826 1734 3890 videri

413 3918 534 3993 eludet,
555 3935 661 4000 neque
683 3935 758 3979 vern
782 3915 886 3978 verbie
907 3922 1003 3998 auget
1023 3935 1116 3979 nuum
1137 3935 1267 3990 munna,
1289 3916 1316 3980 ai
1332 3935 1395 3998 quo
1409 3914 1491 3980 forte
1504 3915 1662 4002 fungitur,
1676 3920 1735 3986 red

413 4014 508 4076 etiem
530 4018 691 4075 extenuet.
734 4007 977 4092 Videndumque
1006 4008 1087 4071 illud
1114 4017 1178 4084 eet,
1205 4008 1310 4094 qnod,
1337 4009 1365 4072 ei
1386 4010 1571 4092 opulentum
1592 4012 1736 4078 lortune·

412 4114 544 4189 tumque
566 4101 759 4173 defenderis,
781 4103 815 4166 in
838 4122 900 4164 uuo
922 4101 979 4164 illo
1002 4110 1071 4175 eut,
1093 4103 1122 4165 ei
1141 4100 1239 4175 forte,
1262 4103 1295 4163 in
1316 4101 1425 4166 liberie
1447 4103 1515 4166 eine
1537 4113 1644 4170 menet
1666 4119 1774 4190 gre-ee

412 4200 475 4263 tie:
497 4201 547 4265 nin
569 4207 674 4261 autem
697 4198 834 4278 inopem,
858 4195 990 4278 probum
1014 4202 1118 4257 temen
1141 4203 1174 4258 et
1194 4194 1380 4269 modeatum,
1402 4215 1590 4261 omneenou
1605 4198 1735 4281 inprobi

413 4292 566 4368 humiles,
590 4310 672 4373 quae
695 4308 808 4372 magna
829 4290 861 4353 in
884 4288 1003 4371 populo
1026 4287 1194 4350 multitudo
1216 4296 1274 4363 eet,
1295 4287 1486 4372 praesidium
1508 4289 1570 4352 eibi
1592 4300 1736 4374 peretum

413 4388 532 4452 vident.
584 4381 634 4446 lt.
664 4384 920 4460 Quamobrem
949 4380 1062 4445 melius
1092 4380 1177 4464 apud
1205 4380 1304 4444 bonos
1331 4400 1426 4464 quam
1453 4383 1537 4465 apud
1557 4382 1736 4451 fortunetoe

412 4477 598 4543 heneficium
632 4477 780 4542 collocari
813 4484 900 4560 puto.
951 4472 1062 4538 Dendn
1092 4474 1220 4539 omnino
1248 4493 1346 4557 opera
1372 4482 1421 4537 eat
1449 4483 1485 4538 ut
1511 4478 1599 4542 omni
1626 4479 1736 4563 generi

415 4575 491 4638 eatie
512 4572 615 4636 lacere
636 4572 804 4656 possimus,
827 4569 894 4645 eed,
916 4571 942 4633 ni
965 4588 1015 4631 ree
1036 4568 1071 4632 in
1093 4566 1331 4631 contentionem
1353 4567 1469 4643 veniet,
1490 4570 1639 4636 nimirum
1653 4574 1775 4639 The-ee

415 4665 571 4729 mietocler
594 4674 642 4729 eet
662 4673 773 4730 euctor
792 4663 1004 4737 adhibendus,
1026 4662 1081 4746 qui
1103 4682 1172 4727 cum
1191 4661 1420 4737 coneuleretur,
1441 4670 1546 4726 utrum
1567 4665 1652 4730 bono
1667 4670 1736 4734 viro

414 4759 547 4843 peuperi
573 4778 612 4821 en
640 4760 743 4823 minue
772 4759 903 4843 probato
930 4756 1019 4822 diviti
1046 4756 1145 4820 filiam
1172 4756 1358 4831 collocaret,
1389 4757 1480 4838 allqo
1502 4776 1601 4820 vero»
1631 4760 1737 4846 inquit

479 4955 860 5019 eptoamnraunsep-
883 4952 1403 5018 zcoeoecenterp-ltledlenall-
1429 4950 1737 5008 emolumentorum

414 5042 463 5094 cp:
483 5032 686 5082 nummu
702 5034 795 5084 Blleb
813 5057 840 5068 -
860 5031 928 5083 4444
944 5042 1028 5093 om.p
1047 5052 1075 5067 -·
1095 5026 1621 5094 superuacaneum-wude
1636 5033 1736 5085 Noninr

416 5105 511 5170 pree.
531 5132 559 5143 -
583 5108 608 5156 44.
627 5107 839 5170 conquierunt
864 5131 891 5142 -
917 5105 1110 5168 upnuocp:
1131 5104 1287 5166 peretto-
1307 5103 1476 5155 9.tdom.b
1497 5105 1733 5171 -etdettteropz

414 5186 449 5230 eat
464 5193 518 5239 eo;
537 5195 591 5232 om.
605 5181 676 5233 lille
695 5209 722 5219 -
747 5183 787 5233 40.
806 5182 832 5230 te
849 5178 960 5231 4444444444
976 5178 1127 5229 4444444443
1147 5204 1174 5216 -
1198 5179 1238 5227 44.
1256 5176 1372 5227 mouetur
1387 5189 1405 5242 p
1423 5203 1450 5214 -
1470 5179 1510 5229 te.
1529 5178 1635 5230 4444444444
1650 5192 1687 5245 op
1707 5207 1734 5218 -

414 5257 454 5307 43.
473 5262 496 5308 et
513 5270 566 5308 om.
580 5269 618 5320 op
638 5280 664 5292 -
690 5255 729 5307 tl.
746 5257 834 5320 pretio
850 5268 867 5318 p
886 5281 914 5292 -
938 5255 978 5305 47.
997 5255 1118 5303 nimirum
1133 5253 1199 5303 euim
1214 5253 1286 5314 leone
1301 5253 1351 5314 ille,
1369 5254 1413 5303 etei
1429 5253 1506 5304 donee
1522 5262 1557 5305 eet
1571 5256 1737 5307 cinnomo

411 5338 490 5393 potest
507 5332 606 5382 Nonius
624 5345 649 5395 p.
659 5331 700 5381 34.
716 5356 743 5366 -
762 5330 827 5382 loeti
839 5330 852 5381 i
866 5332 882 5381 l
903 5355 931 5367 -
950 5329 989 5381 43.
1002 5329 1129 5380 coemere
1144 5335 1228 5378 oeten
1243 5329 1393 5391 quictem
1409 5329 1474 5380 dicit
1487 5330 1621 5392 pecuum
1637 5330 1737 5381 Nonioe

414 5417 441 5468 p.
452 5405 509 5455 280.
530 5431 557 5442 —
581 5411 664 5455 omen
680 5418 764 5469 emp
789 5434 815 5446 -
839 5407 880 5456 tt.
898 5402 1160 5469 prminrn--tnbere
1176 5415 1230 5453 om.
1244 5402 1337 5454 Blleb
1355 5429 1383 5442 -
1402 5405 1685 5456 retulerit-aetaliae
1700 5416 1737 5457 oo

417 5505 444 5516 -
467 5481 508 5530 et.
526 5480 551 5530 u·
570 5480 626 5539 lla,
648 5481 684 5541 ld
700 5492 730 5542 o,
753 5493 836 5543 om.p
865 5507 892 5517 -
919 5477 1174 5542 recticulum
1202 5501 1228 5514 -
1255 5482 1302 5528 oet
1322 5481 1384 5529 ente
1403 5479 1528 5541 postulati
1549 5494 1604 5532 om.
1622 5492 1688 5545 opo
1709 5508 1736 5518 -

415 5552 456 5604 et.
474 5567 535 5604 erro
551 5560 593 5604 tuo
608 5568 634 5604 ee
650 5566 688 5616 op
707 5580 734 5591 -
759 5556 800 5604 25.
817 5556 935 5617 [octeout
952 5551 1078 5604 llelmiue.
1099 5578 1126 5588 -
1151 5552 1298 5614 repeton
1312 5565 1332 5604 e
1349 5579 1375 5589 ·-
1395 5554 1435 5604 27.
1453 5567 1479 5604 ec
1493 5559 1629 5617 patemo
1650 5582 1675 5591 -
1694 5555 1736 5606 28.

416 5628 529 5692 turpiter
546 5629 566 5677 ll
585 5655 617 5665 -
634 5629 675 5678 33.
693 5633 728 5679 eet
744 5628 805 5679 4444444
821 5628 841 5678 Β
860 5653 889 5666 -
908 5628 949 5679 30.
967 5630 994 5679 te
1009 5629 1053 5679 ttto
1068 5641 1119 5677 eno
1134 5640 1151 5689 p
1170 5651 1196 5664 -
1216 5629 1239 5678 et
1255 5638 1306 5690 cp:
1326 5640 1380 5679 om.
1393 5628 1500 5686 litlot,
1526 5628 1593 5680 «ced
1611 5627 1661 5680 hec
1678 5641 1739 5694 par·

416 5701 495 5752 ticule
511 5705 568 5754 sine
585 5701 667 5753 dubio
684 5715 752 5766 opus
769 5705 819 5764 eet,
837 5715 899 5754 cnm
916 5700 992 5752 ellter
1006 5703 1071 5765 [orto
1088 5698 1195 5764 intelligi
1211 5703 1337 5766 nequeat.
1367 5702 1434 5756 Uene
1449 5700 1575 5766 loquendi
1591 5702 1656 5754 entia
1672 5715 1737 5753 con-

417 5781 478 5839 etet,
496 5793 521 5829 v.
535 5779 588 5829 Cic.
608 5779 642 5828 de
660 5782 725 5828 oret.
744 5777 900 5838 111,te‚tt;
923 5777 957 5827 ed
975 5778 1005 5838 0.
1019 5776 1049 5828 tr.
1069 5778 1088 5837 l,
1101 5776 1127 5837 3,
1139 5776 1169 5835 4;
1192 5776 1226 5826 ed
1244 5780 1297 5829 ltt.
1312 5777 1380 5839 xlv,
1393 5778 1433 5837 43,
1446 5779 1479 5838 ²3
1502 5790 1550 5843 pro
1567 5775 1656 5828 nilon.
1674 5776 1736 5839 tol,

418 5854 522 5905 lucret.
537 5854 567 5912 V,
579 5854 641 5914 7⁴9,
661 5853 694 5905 cl.
708 5855 830 5905 Gereton.
843 5853 878 5905 ed
895 5855 949 5905 Clc.
968 5867 994 5918 p.
1008 5851 1059 5906 llil.
1078 5865 1105 5917 p.
1118 5851 1167 5903 ³29
1183 5851 1217 5902 ed
1235 5853 1295 5904 Or.»
1319 5853 1399 5904 luen.
1428 5851 1466 5904 cl.
1485 5850 1588 5916 Madvig
1605 5849 1736 5904 Emendd.

417 5928 585 5994 43444433.
607 5955 634 5968 -
661 5927 955 5993 34444444444144444444
975 5940 1015 5991 on
1041 5953 1068 5966 -
1096 5927 1281 5993 3344444444
1308 5953 1336 5966 -
1361 5927 1602 5992 3334443444».
