4342 7459
443 1243 504 1308 568
1017 1241 1071 1304 lili
1095 1239 1201 1303 FATO

444 1405 571 1489 quidem
595 1403 802 1486 exquirentes
825 1421 862 1464 ea
884 1400 1034 1475 consilia,
1058 1420 1140 1484 quae
1155 1398 1196 1463 ad
1211 1418 1320 1483 pacem
1336 1400 1421 1464 etad
1437 1400 1637 1465 concordiam
1653 1401 1769 1465 civium

443 1500 645 1584 pertinerent.
689 1496 765 1559 Cum
788 1497 872 1559 euim
896 1515 1006 1559 omnes
1028 1504 1100 1577 post
1121 1493 1284 1556 interitum
1308 1494 1448 1557 Caesaris
1471 1515 1622 1558 novarum
1644 1504 1770 1578 pedur-

442 1593 605 1655 batiouum
629 1610 742 1653 causae
764 1590 873 1673 quaeri
895 1589 1079 1651 riderentur
1102 1588 1206 1668 iisque
1228 1607 1298 1649 esse
1321 1587 1550 1651 occurrendum
1575 1598 1769 1671 putaremus,

443 1684 632 1750 omniafere
654 1693 764 1747 nostra
785 1686 818 1747 iu
840 1683 890 1745 bis
912 1681 1197 1745 deliberationibus
1220 1681 1464 1745 consumebatur
1484 1684 1602 1746 oratio:
1624 1683 1722 1769 idque
1738 1695 1770 1751 et

419 1800 535 1863 ssaepe
557 1779 636 1842 alias
664 1786 695 1840 et
717 1776 854 1861 quodam
876 1774 1026 1840 liberiore
1056 1794 1151 1859 quam
1174 1774 1295 1837 solebat
1314 1782 1347 1837 et
1367 1777 1467 1857 magis
1489 1795 1589 1839 vacuo
1611 1778 1650 1840 ab
1671 1780 1768 1843 inter-

440 1873 623 1936 ventoribus
646 1873 712 1946 die,
734 1891 806 1934 cum
829 1867 868 1933 ad
890 1890 941 1933 me
961 1871 1015 1933 ille
1037 1870 1195 1942 venisset,
1212 1869 1313 1951 primo
1331 1890 1382 1944 ea,
1405 1889 1486 1951 quae
1503 1878 1593 1935 erant
1606 1871 1767 1939 cotidiana

442 1976 473 2030 et
494 1967 584 2051 quasi
607 1967 746 2047 legitima
768 1965 877 2039 nobis,
899 1963 940 2027 de
962 1984 1040 2046 pace
1063 1962 1155 2027 etde
1178 1965 1255 2027 otio.

525 2061 564 2122 ll.
586 2056 616 2121 3.
640 2060 763 2136 Quibus
778 2060 869 2133 actis,
892 2057 978 2133 Quid
994 2059 1090 2141 ergo?
1112 2058 1216 2141 iuquit
1237 2057 1306 2133 ille,
1329 2058 1480 2141 quoniam
1503 2063 1656 2127 oratorias
1676 2083 1769 2128 exer·

441 2156 606 2218 citationes
627 2173 691 2216 nou
714 2153 917 2237 tequidem,
944 2160 979 2214 ut
1000 2171 1111 2234 spero,
1140 2152 1315 2235 reliquisti,
1343 2151 1399 2215 sed
1423 2160 1508 2216 certe
1530 2153 1766 2239 philosophiam

403 2250 503 2322 inillis
526 2248 750 2331 anteposuisti,
771 2266 945 2331 possumne
967 2245 1089 2329 aliquid
1112 2245 1247 2310 audiret
1284 2247 1332 2309 Tu
1355 2266 1444 2319 vero,
1467 2248 1614 2332 iuquam,
1638 2252 1689 2315 vel
1712 2275 1770 2317 au·

440 2344 508 2406 dire
534 2344 585 2406 vel
614 2343 740 2418 dicere3
786 2362 845 2405 uec
877 2343 982 2414 enim,
1016 2339 1047 2403 id
1082 2341 1170 2423 quod
1202 2348 1287 2402 recte
1322 2340 1506 2417 existimas,
1540 2344 1679 2407 oratoria
1712 2346 1768 2411 illa

439 2437 545 2500 studia
567 2436 702 2511 deserui,
725 2436 840 2519 quibus
862 2436 956 2498 etiam
978 2440 1009 2497 te
1030 2433 1169 2507 incendi,
1192 2454 1383 2517 quamquam
1406 2436 1693 2518 flagrantissumum
1715 2461 1769 2504 ac·

440 2551 599 2614 ceperam,
633 2550 691 2593 nec
720 2549 758 2593 ea
787 2550 868 2613 quae
898 2549 982 2591 nuuc
1012 2534 1112 2593 tracto
1141 2529 1303 2601 minuunt,
1333 2527 1390 2591 sed
1412 2538 1528 2612 augent
1549 2532 1656 2614 potius
1679 2532 1766 2599 illam

440 2626 628 2690 facultatem.
677 2626 755 2688 Nam
786 2645 857 2688 cum
887 2625 949 2685 boc
977 2640 1093 2703 genere
1122 2620 1360 2708 philosophiae,
1391 2623 1476 2706 quod
1508 2645 1565 2687 nos
1593 2626 1767 2709 sequimur,

403 2738 584 2802 ismagnam
606 2718 702 2781 babet
722 2727 831 2781 orator
851 2717 1051 2790 societatem
1074 2714 1277 2778 subtilitatem
1300 2715 1386 2778 enim
1406 2718 1445 2778 ab
1460 2718 1629 2783 Academia
1644 2728 1769 2785 mutua·

441 2824 492 2879 tur
524 2822 555 2877 et
583 2816 613 2876 ei
640 2812 777 2876 vicissim
814 2810 918 2874 reddit
954 2809 1128 2873 ubertatem
1168 2810 1322 2873 orationis
1353 2818 1384 2874 et
1412 2821 1598 2876 ornamenta
1629 2813 1767 2879 dicendi.

442 2908 709 2984 Quamobrem,
738 2906 883 2988 iuquam,
913 2904 1063 2987 quoniam
1085 2904 1249 2984 utriusque
1272 2904 1368 2967 studii
1391 2914 1499 2969 nostra
1520 2909 1680 2991 possessio
1703 2921 1766 2986 est,

441 3002 537 3066 bodie
559 3010 631 3064 utro
652 2999 714 3062 irui
736 2998 827 3061 malis
849 2998 936 3080 optio
958 2997 1000 3060 sit
1021 3004 1083 3060 tua.
1127 2998 1206 3060 Tum
1223 2997 1361 3074 Hirtius,
1384 2999 1631 3077 Gratissemnm,
1653 3004 1767 3087 inquit,

442 3105 473 3162 et
494 3105 621 3160 tuorum
643 3094 785 3157 omnium
807 3092 926 3167 simile3
948 3090 1029 3153 nibil
1052 3091 1136 3153 euim
1159 3111 1308 3174 umquam
1323 3092 1434 3157 abnuit
1448 3115 1520 3158 meo
1534 3097 1639 3160 studio
1654 3100 1767 3162 solun-

403 3198 488 3262 sntas
510 3198 575 3253 tea.
618 3185 648 3250 i.
679 3186 741 3250 Sed
764 3187 912 3268 quoniam
934 3184 1092 3248 rhetorica
1114 3184 1192 3247 mibi
1215 3195 1320 3249 vestra
1347 3193 1423 3250 suut
1448 3196 1524 3252 nota
1552 3196 1648 3274 teque
1670 3192 1704 3255 in
1726 3194 1766 3258 iis

442 3293 473 3349 et
494 3284 670 3348 audirimus
692 3300 788 3363 saepe
814 3287 846 3343 et
867 3278 1045 3353 audiemus,
1068 3285 1164 3362 atque
1186 3281 1266 3342 banc
1281 3280 1541 3346 Academicomm
1564 3294 1674 3349 contra
1694 3309 1767 3371 pro-

441 3378 579 3461 positum
601 3374 781 3460 disputandi
804 3373 1065 3438 consuetudinem
1088 3372 1229 3436 indicant
1250 3381 1281 3436 te
1297 3375 1473 3456 suscepisse
1489 3378 1687 3446 Tusculanae
1702 3382 1768 3446 dis·

440 3473 636 3555 putationes,
664 3490 782 3553 ponere
803 3468 942 3551 aliquid,
964 3467 1004 3530 ad
1027 3468 1113 3551 quod
1136 3466 1279 3542 audiam,
1303 3470 1329 3531 si
1351 3470 1407 3532 tibi
1429 3490 1494 3532 nou
1518 3481 1566 3535 est
1588 3475 1766 3549 molestum,

439 3566 524 3629 volo.
556 3568 604 3627 bn
627 3565 716 3639 mibi,
738 3566 883 3647 inquam,
906 3569 1011 3645 potest
1032 3562 1201 3645 quicquam
1224 3581 1293 3625 esse
1316 3563 1497 3638 molestum,
1521 3568 1607 3649 quod
1622 3568 1680 3631 tibi
1696 3589 1766 3651 gra·

401 3668 505 3731 estem
527 3659 663 3722 loturum
687 3659 752 3721 sitt
787 3656 849 3719 Sed
871 3656 914 3718 ita
936 3655 1056 3730 audies,
1079 3664 1114 3718 ut
1136 3657 1308 3719 Romanum
1330 3657 1505 3733 bominem,
1528 3668 1564 3722 ut
1585 3661 1695 3726 timide
1718 3663 1766 3726 in-

439 3754 633 3838 gredientem
662 3751 701 3814 ad
729 3749 791 3814 boc
818 3768 918 3831 genus
946 3748 1143 3831 disputandi,
1173 3758 1208 3812 ut
1234 3750 1330 3833 longo
1359 3752 1527 3816 intervallo
1554 3753 1632 3817 baec
1659 3757 1765 3821 studia

438 3857 642 3932 repetentem.
687 3847 747 3920 lta,
770 3844 887 3928 iuquit,
909 3842 1035 3906 audiam
1059 3851 1089 3905 te
1111 3843 1335 3926 disputantem,
1357 3853 1392 3909 ut
1414 3866 1451 3910 ea
1473 3847 1555 3929 lego,
1578 3869 1661 3931 quae
1684 3853 1764 3915 scri·

438 3942 539 4025 peisti.
576 3940 712 4004 Proinde
734 3940 849 4003 ordire.
885 3938 1138 4018 †Considamus
1161 3940 1212 4002 bic
1235 3938 1252 3973 *
1271 3940 1288 3972 ³*
1306 3937 1323 3969 ⁴*

522 4037 574 4099 lll.
606 4034 636 4098 5.
664 4035 806 4110 Quorum
828 4035 859 4096 iu
882 4034 973 4107 aliis,
1001 4041 1036 4095 ut
1056 4032 1089 4094 iu
1112 4033 1278 4115 Antipatro
1301 4042 1411 4116 poeta,
1442 4044 1477 4098 ut
1498 4037 1531 4098 in
1555 4037 1687 4101 brumali
1712 4040 1763 4102 die

399 4132 535 4204 senatis,
557 4137 592 4193 ut
613 4132 644 4192 in
667 4130 761 4192 simul
783 4129 1019 4212 aegrotantibus
1041 4126 1208 4201 iratribus,
1239 4136 1274 4189 ut
1296 4128 1328 4189 iu
1353 4131 1459 4203 urina,
1484 4138 1518 4193 ut
1540 4133 1574 4193 iu'
1594 4132 1763 4214 unguibus,

437 4233 471 4288 ut
493 4227 525 4287 iu
548 4225 681 4308 reliquis
704 4223 888 4297 eiusmodi,
911 4229 1042 4285 naturae
1058 4224 1206 4304 contagio
1222 4223 1320 4297 valet,
1336 4244 1431 4306 quam
1448 4244 1507 4305 ego
1525 4246 1587 4288 nou
1603 4226 1699 4301 tollo,
1715 4228 1762 4290 vis

500 4526 523 4576 2.
539 4526 665 4586 pertinere
681 4525 749 4573 13¹-
770 4524 793 4572 3.
806 4524 892 4585 bisque
903 4523 968 4573 AVO
989 4549 1015 4558 -
1035 4522 1059 4572 l.
1073 4523 1111 4570 bis
1129 4523 1165 4571 C:
1186 4524 1217 4570 iis
1234 4524 1253 4570 0
1273 4549 1299 4557 —
1319 4523 1514 4572 consumebatur
1524 4525 1577 4573 ΑΨ
1591 4551 1616 4560 —
1638 4528 1724 4588 itaque
1740 4534 1763 4577 et

432 4614 503 4663 saepe
520 4601 585 4649 ulios
607 4601 676 4650 coni.
696 4600 816 4649 Davisius
836 4625 862 4634 -
887 4600 911 4647 5.
930 4597 1036 4647 solebam
1054 4598 1185 4646 blanutius
1204 4622 1231 4632 -
1258 4598 1281 4647 6.
1301 4600 1390 4647 adme
1407 4600 1447 4647 itte
1464 4602 1500 4648 C:
1530 4601 1569 4649 iile
1586 4603 1620 4650 ed
1636 4604 1711 4652 meO
1733 4632 1759 4640 —

432 4689 463 4725 eo
481 4676 517 4726 C:
536 4675 581 4724 itte
598 4675 618 4723 0
638 4701 664 4709 -
683 4675 832 4734 quotidiano
849 4673 869 4721 0
889 4698 915 4707 —
935 4672 960 4721 8.
978 4670 1157 4732 acceptisA¹V
1177 4697 1203 4706 -
1223 4674 1339 4720 oratorie
1356 4675 1503 4722 exercitatio
1522 4675 1552 4722 li¹
1567 4703 1592 4711 -
1613 4678 1759 4728 itidem.

433 4748 536 4812 Erlaug.
566 4775 593 4785 -
620 4755 685 4799 recte
702 4750 791 4798 audire
808 4749 971 4797 existiment
991 4745 1095 4808 Erlang.
1124 4772 1149 4780 -
1184 4747 1223 4795 ts.
1243 4747 1348 4796 obtioV
1374 4773 1401 4783 -
1429 4748 1469 4797 20.
1488 4751 1597 4798 retorice
1614 4750 1653 4807 Α“,
1677 4754 1761 4802 retbe-

430 4828 486 4875 rice
503 4823 534 4874 A²
550 4852 582 4861 -
599 4832 684 4874 uestro
701 4825 848 4873 Manutius:
866 4827 952 4870 nostre
970 4823 989 4871 C
1010 4847 1037 4856 -
1056 4822 1094 4870 bis
1111 4821 1154 4870 AV
1172 4847 1199 4856 —
1219 4823 1260 4870 at.
1275 4824 1385 4883 positum
1402 4826 1471 4872 coni.
1487 4826 1616 4884 Davisius,
1635 4829 1699 4877 satis
1717 4826 1759 4877 ille

430 4899 539 4963 quidem
557 4913 571 4948 a
588 4901 692 4949 Mosero
709 4898 819 4961 aliisque
836 4896 963 4946 retutatus
983 4922 1009 4933 -
1028 4898 1068 4947 22.
1084 4897 1213 4958 smcipisse
1229 4899 1246 4946 Β
1267 4923 1293 4932 -
1314 4899 1488 4959 disputationis
1499 4898 1531 4947 V*
1549 4928 1574 4935 -
1601 4899 1640 4950 at.
1655 4904 1712 4951 uoto
1724 4931 1760 4940 --

429 4980 531 5039 protum
548 4975 636 5023 om.V
662 5001 687 5008 —
718 4987 752 5022 an
768 4971 863 5034 vulgo:
888 4969 921 5019 ed
937 4971 976 5030 Αἱ,
999 4976 1026 5019 ut
1043 4973 1100 5020 A²B
1127 4998 1151 5005 —
1184 4973 1224 5023 at.
1242 4973 1380 5034 futurumst
1396 4974 1569 5026 scribendum
1588 4990 1648 5027 esse
1666 4983 1758 5029 mouet

431 5050 573 5112 Madvigius
591 5050 624 5098 de
643 5049 708 5099 tinu.
725 5049 810 5112 p.752
827 5059 881 5108 sq.;
903 5046 952 5109 ipsi
970 5046 1079 5096 modum
1098 5049 1294 5097 coniunctivum
1313 5047 1446 5112 erpellere
1465 5050 1658 5111 dubitavimus,
1679 5056 1758 5115 atque

428 5127 543 5187 totamm
559 5127 590 5174 sit
607 5125 677 5173 idem
696 5123 750 5174 tere
770 5121 841 5186 quod
858 5122 972 5183 tutorum
988 5135 1038 5170 esse
1052 5129 1131 5184 potest
1149 5123 1236 5173 valere
1255 5124 1403 5174 iudicamus
1427 5154 1453 5161 —
1478 5132 1499 5175 et
1517 5125 1545 5175 θ’
1565 5152 1591 5160 -
1616 5127 1656 5175 28.
1675 5130 1760 5177 ordire

428 5202 586 5251 considemus
601 5201 640 5249 bic
657 5202 691 5257 Α,
714 5197 762 5247 sed
784 5197 927 5245 domestic
949 5209 1029 5245 manu
1048 5210 1103 5246 rec.
1123 5199 1148 5246 in
1166 5195 1259 5246 lacuna
1278 5200 1421 5261 scripturn,
1445 5201 1529 5249 ordire
1546 5202 1704 5251 considemus
1721 5204 1760 5252 bic

429 5279 477 5340 (bic
494 5277 519 5325 ln
536 5275 598 5335 ras.)
617 5289 665 5322 non
683 5280 718 5323 est
733 5274 813 5336 igitur
829 5273 858 5331 B,
877 5285 930 5333 quo
948 5272 973 5321 in
991 5273 1083 5321 codice
1102 5273 1127 5321 tu
1146 5275 1264 5335 margine
1283 5278 1343 5337 post
1360 5276 1398 5322 tic
1415 5274 1572 5325 adnotatum
1593 5280 1649 5326 est:
1670 5277 1759 5326 ebbiec

427 5358 582 5403 retrouersus
598 5351 675 5398 ΠΝ
688 5350 755 5410 (otiis
771 5349 881 5409 nquior
898 5349 927 5396 dc
944 5348 1050 5396 eiusdem
1066 5361 1170 5409 corpore
1187 5350 1308 5396 cretionis
1324 5350 1365 5397 sed
1382 5351 1479 5399 omissis
1495 5353 1522 5399 in
1539 5353 1619 5400 medio
1634 5353 1757 5414 pluribus,

427 5429 545 5489 itemque
564 5429 624 5474 ante
642 5438 703 5472 non:
722 5423 760 5472 bic
777 5424 949 5483 interpositum
966 5425 1009 5479 est,
1028 5423 1093 5482 quod
1110 5423 1234 5483 inprime
1250 5423 1313 5471 libro
1330 5426 1359 5473 de
1376 5430 1473 5473 nutura
1491 5427 1593 5475 deorenn
1615 5430 1649 5487 tl,
1660 5428 1701 5485 23,
1713 5430 1757 5491 es)

427 5505 552 5552 dimissum
573 5506 622 5561 est,
643 5499 685 5547 ubi
707 5500 736 5547 de
757 5498 861 5547 secundo
883 5497 946 5546 libro
970 5498 1133 5546 diuinationis
1149 5502 1184 5547 est
1200 5501 1370 5560 interpositum
1377 5514 1386 5558 ,⁴
1404 5502 1488 5549 ordire
1504 5503 1660 5551 considemus
1675 5504 1708 5550 ici
1727 5504 1756 5561 V,

426 5580 509 5627 ordire
526 5576 682 5625 considemus
698 5576 744 5623 tric.
763 5574 802 5622 bic
819 5574 891 5622 deest.
911 5587 1017 5635 quorum
1040 5574 1158 5637 Erlang.;
1183 5575 1250 5622 iuter
1266 5576 1371 5624 Proinde
1389 5577 1472 5624 ordire
1496 5579 1522 5626 et
1546 5578 1703 5626 considemus
1719 5578 1758 5627 bic

426 5653 507 5704 multa
525 5653 621 5702 deesse
639 5649 716 5701 Orelli
734 5650 856 5706 adnutum
882 5664 929 5699 nos
947 5649 1025 5699 codd.
1046 5649 1126 5698 fidem
1145 5650 1229 5698 secuti
1247 5649 1365 5711 postilla
1384 5650 1466 5699 v'erba
1484 5649 1574 5714 plures
1593 5653 1711 5715 paginas,
1731 5654 1756 5702 iu

424 5728 600 5791 quibuscum
619 5727 651 5776 de
670 5724 726 5775 aliis
744 5725 838 5784 rebus,
864 5728 919 5775 tum
938 5726 971 5775 de
989 5723 1192 5773 adsensionibus
1210 5723 1371 5786 disputatum
1390 5725 1469 5775 tuisse
1488 5727 1518 5789 ξς
1531 5726 1563 5776 lb
1580 5730 1606 5776 et
1625 5728 1655 5777 lt
1674 5727 1756 5778 doce-

424 5817 498 5864 mur,
525 5803 689 5853 intercidisse
713 5803 747 5849 ita
771 5801 935 5861 iudicamus,
960 5804 987 5850 ut
1010 5802 1123 5863 genuina
1145 5798 1225 5848 verba
1250 5802 1354 5849 Proinde
1371 5803 1469 5860 ordire;
1493 5816 1550 5850 cum
1566 5803 1756 5851 consedissemus

424 5882 515 5942 postea
534 5875 690 5941 interpolate
708 5889 768 5926 esse
786 5876 914 5926 dicamus.
937 5903 963 5911 -
988 5876 1028 5924 ae.
1048 5876 1106 5924 otiis
1124 5888 1191 5924 corr.
1206 5876 1231 5923 in
1249 5875 1342 5924 ekisV
1357 5903 1383 5913 -
1407 5881 1436 5925 ut
1452 5876 1560 5925 imbrum
1578 5877 1614 5925 eli
1631 5877 1670 5925 die
1686 5882 1752 5926 neta

421 5955 443 6003 is
459 5954 478 6003 B
498 5979 525 5988 -
545 5953 587 6003 at.
606 5952 665 6002 totto
681 5952 720 6001 uis
738 5952 767 6014 v,
787 5950 884 6015 quibus
903 5950 991 6003 verbis
1008 5964 1089 6016 supra
1106 5949 1203 6001 lineam
1221 5963 1301 6001 mauu
1319 5951 1378 6001 ead.
1398 5951 1518 6004 additum
1536 5954 1578 6004 est
1594 5964 1636 6001 on.
