<?xml version="1.0" encoding="UTF-8"?>
<!DOCTYPE html PUBLIC "-//W3C//DTD XHTML 1.0 Transitional//EN"
    "http://www.w3.org/TR/xhtml1/DTD/xhtml1-transitional.dtd">
<html xmlns="http://www.w3.org/1999/xhtml" xml:lang="en" lang="en">
 <head>
  <title>
</title>
<meta http-equiv="Content-Type" content="text/html;charset=utf-8" />
  <meta name='ocr-system' content='tesseract 3.04.00' />
  <meta name='ocr-capabilities' content='ocr_page ocr_carea ocr_par ocr_line ocrx_word'/>
</head>
<body>
  <div class='ocr_page' id='page_1' title='image "./operaquaesupers00halmgoog/operaquaesupers00halmgoog_0737.png"; bbox 0 0 4342 7459; ppageno 0'>
   <div class='ocr_carea' id='block_1_1' title="bbox 748 1253 1727 1345">
    <p class='ocr_par' dir='ltr' id='par_1_1' title="bbox 748 1253 1727 1345">
     <span class='ocr_line' id='line_1_1' title="bbox 748 1253 1727 1345; baseline -0.003 -18"><span class='ocrx_word' id='word_1_1' title='bbox 748 1263 885 1328; x_wconf 66' lang='lat' dir='ltr'>nnus</span> <span class='ocrx_word' id='word_1_2' title='bbox 916 1260 1178 1327; x_wconf 68' lang='lat' dir='ltr'>crnxr-xn</span> <span class='ocrx_word' id='word_1_3' title='bbox 1206 1257 1412 1345; x_wconf 68' lang='lat' dir='ltr'>asso-so.</span> <span class='ocrx_word' id='word_1_4' title='bbox 1669 1253 1727 1325; x_wconf 76' lang='lat' dir='ltr'>nt</span> 
     </span>
    </p>
   </div>
   <div class='ocr_carea' id='block_1_2' title="bbox 361 1420 1778 4789">
    <p class='ocr_par' dir='ltr' id='par_1_2' title="bbox 361 1420 1778 4789">
     <span class='ocr_line' id='line_1_2' title="bbox 410 1420 1733 1507; baseline -0.002 -18"><span class='ocrx_word' id='word_1_5' title='bbox 410 1446 481 1490; x_wconf 89' lang='lat' dir='ltr'>esse</span> <span class='ocrx_word' id='word_1_6' title='bbox 514 1425 703 1500; x_wconf 90' lang='lat' dir='ltr'>consilium,</span> <span class='ocrx_word' id='word_1_7' title='bbox 735 1423 821 1507; x_wconf 91' lang='lat' dir='ltr'>quod</span> <span class='ocrx_word' id='word_1_8' title='bbox 851 1422 1081 1487; x_wconf 84' lang='lat' dir='ltr'>Themistocles</span> <span class='ocrx_word' id='word_1_9' title='bbox 1114 1421 1271 1498; x_wconf 76' lang='lat' dir='ltr'><strong>adferret,</strong></span> <span class='ocrx_word' id='word_1_10' title='bbox 1304 1422 1360 1485; x_wconf 91' lang='lat' dir='ltr'>sed</span> <span class='ocrx_word' id='word_1_11' title='bbox 1394 1420 1524 1486; x_wconf 90' lang='lat' dir='ltr'>minime</span> <span class='ocrx_word' id='word_1_12' title='bbox 1555 1422 1733 1486; x_wconf 83' lang='lat' dir='ltr'>bonostum.</span> 
     </span>
     <span class='ocr_line' id='line_1_3' title="bbox 410 1513 1734 1605; baseline -0.002 -22"><span class='ocrx_word' id='word_1_13' title='bbox 410 1522 524 1605; x_wconf 85' lang='lat' dir='ltr'>ltaque</span> <span class='ocrx_word' id='word_1_14' title='bbox 539 1518 758 1591; x_wconf 71' lang='lat' dir='ltr'>Athenienses,</span> <span class='ocrx_word' id='word_1_15' title='bbox 780 1517 866 1601; x_wconf 91' lang='lat' dir='ltr'>quod</span> <span class='ocrx_word' id='word_1_16' title='bbox 888 1516 1056 1581; x_wconf 91' lang='lat' dir='ltr'>honestum</span> <span class='ocrx_word' id='word_1_17' title='bbox 1078 1536 1144 1580; x_wconf 93' lang='lat' dir='ltr'>non</span> <span class='ocrx_word' id='word_1_18' title='bbox 1166 1522 1260 1591; x_wconf 86' lang='lat' dir='ltr'>esset,</span> <span class='ocrx_word' id='word_1_19' title='bbox 1282 1514 1315 1579; x_wconf 91' lang='lat' dir='ltr'>id</span> <span class='ocrx_word' id='word_1_20' title='bbox 1336 1516 1477 1581; x_wconf 82' lang='lat' dir='ltr'>neutile</span> <span class='ocrx_word' id='word_1_21' title='bbox 1498 1513 1734 1600; x_wconf 88' lang='lat' dir='ltr'>quidemputa·</span> 
     </span>
     <span class='ocr_line' id='line_1_4' title="bbox 409 1608 1733 1696; baseline -0.003 -18"><span class='ocrx_word' id='word_1_22' title='bbox 409 1622 522 1679; x_wconf 83' lang='lat' dir='ltr'>serunt</span> <span class='ocrx_word' id='word_1_23' title='bbox 543 1621 705 1696; x_wconf 89' lang='lat' dir='ltr'>totamque</span> <span class='ocrx_word' id='word_1_24' title='bbox 728 1631 796 1675; x_wconf 90' lang='lat' dir='ltr'>eam</span> <span class='ocrx_word' id='word_1_25' title='bbox 818 1630 896 1686; x_wconf 85' lang='lat' dir='ltr'>rem,</span> <span class='ocrx_word' id='word_1_26' title='bbox 918 1631 1011 1695; x_wconf 88' lang='lat' dir='ltr'>qnam</span> <span class='ocrx_word' id='word_1_27' title='bbox 1035 1630 1075 1674; x_wconf 88' lang='lat' dir='ltr'>ne</span> <span class='ocrx_word' id='word_1_28' title='bbox 1097 1608 1264 1673; x_wconf 85' lang='lat' dir='ltr'>audierant</span> <span class='ocrx_word' id='word_1_29' title='bbox 1284 1610 1424 1693; x_wconf 90' lang='lat' dir='ltr'>quidem,</span> <span class='ocrx_word' id='word_1_30' title='bbox 1445 1617 1574 1674; x_wconf 85' lang='lat' dir='ltr'>auctore</span> <span class='ocrx_word' id='word_1_31' title='bbox 1596 1608 1733 1674; x_wconf 86' lang='lat' dir='ltr'>Aristide</span> 
     </span>
     <span class='ocr_line' id='line_1_5' title="bbox 407 1701 1734 1791; baseline -0.003 -20"><span class='ocrx_word' id='word_1_32' title='bbox 407 1707 669 1791; x_wconf 84' lang='lat' dir='ltr'>repudiaverunt.</span> <span class='ocrx_word' id='word_1_33' title='bbox 711 1705 826 1769; x_wconf 83' lang='lat' dir='ltr'>btoiius</span> <span class='ocrx_word' id='word_1_34' title='bbox 847 1704 880 1769; x_wconf 91' lang='lat' dir='ltr'>hi</span> <span class='ocrx_word' id='word_1_35' title='bbox 903 1725 997 1789; x_wconf 91' lang='lat' dir='ltr'>quam</span> <span class='ocrx_word' id='word_1_36' title='bbox 1020 1725 1096 1780; x_wconf 89' lang='lat' dir='ltr'>uos,</span> <span class='ocrx_word' id='word_1_37' title='bbox 1117 1704 1171 1786; x_wconf 89' lang='lat' dir='ltr'>qui</span> <span class='ocrx_word' id='word_1_38' title='bbox 1194 1703 1312 1787; x_wconf 85' lang='lat' dir='ltr'>piratas</span> <span class='ocrx_word' id='word_1_39' title='bbox 1332 1703 1492 1779; x_wconf 86' lang='lat' dir='ltr'>inmunes,</span> <span class='ocrx_word' id='word_1_40' title='bbox 1514 1701 1617 1767; x_wconf 84' lang='lat' dir='ltr'>socios</span> <span class='ocrx_word' id='word_1_41' title='bbox 1638 1703 1734 1768; x_wconf 84' lang='lat' dir='ltr'>aeeti-</span> 
     </span>
     <span class='ocr_line' id='line_1_6' title="bbox 408 1801 1758 1883; baseline -0.001 -19"><span class='ocrx_word' id='word_1_42' title='bbox 408 1801 496 1883; x_wconf 78' lang='lat' dir='ltr'>gates</span> <span class='ocrx_word' id='word_1_43' title='bbox 515 1801 680 1865; x_wconf 89' lang='lat' dir='ltr'>babemus.</span> <span class='ocrx_word' id='word_1_44' title='bbox 1742 1805 1758 1853; x_wconf 69' lang='grc' dir='ltr'><strong>ὕ</strong></span> 
     </span>
     <span class='ocr_line' id='line_1_7' title="bbox 492 1889 1732 1977; baseline -0.002 -20"><span class='ocrx_word' id='word_1_45' title='bbox 492 1895 563 1957; x_wconf 82' lang='grc' dir='ltr'><strong>ΧΙΙ.</strong></span> <span class='ocrx_word' id='word_1_46' title='bbox 586 1896 713 1958; x_wconf 83' lang='lat' dir='ltr'>bianeat</span> <span class='ocrx_word' id='word_1_47' title='bbox 735 1912 828 1976; x_wconf 76' lang='lat' dir='ltr'>ergo,</span> <span class='ocrx_word' id='word_1_48' title='bbox 849 1892 937 1977; x_wconf 92' lang='lat' dir='ltr'>quod</span> <span class='ocrx_word' id='word_1_49' title='bbox 959 1899 1050 1975; x_wconf 80' lang='lat' dir='ltr'>turpe</span> <span class='ocrx_word' id='word_1_50' title='bbox 1072 1893 1128 1965; x_wconf 90' lang='lat' dir='ltr'>sit,</span> <span class='ocrx_word' id='word_1_51' title='bbox 1150 1889 1184 1953; x_wconf 96' lang='lat' dir='ltr'>id</span> <span class='ocrx_word' id='word_1_52' title='bbox 1206 1907 1377 1974; x_wconf 81' lang='lat' dir='ltr'><strong>numquam</strong></span> <span class='ocrx_word' id='word_1_53' title='bbox 1400 1909 1470 1954; x_wconf 83' lang='lat' dir='ltr'>asse</span> <span class='ocrx_word' id='word_1_54' title='bbox 1492 1890 1581 1967; x_wconf 86' lang='lat' dir='ltr'>utile,</span> <span class='ocrx_word' id='word_1_55' title='bbox 1603 1911 1645 1956; x_wconf 90' lang='lat' dir='ltr'>ns</span> <span class='ocrx_word' id='word_1_56' title='bbox 1665 1898 1732 1955; x_wconf 89' lang='lat' dir='ltr'>tum</span> 
     </span>
     <span class='ocr_line' id='line_1_8' title="bbox 408 1982 1733 2073; baseline -0.003 -21"><span class='ocrx_word' id='word_1_57' title='bbox 408 1989 557 2073; x_wconf 89' lang='lat' dir='ltr'>quidem,</span> <span class='ocrx_word' id='word_1_58' title='bbox 587 2007 657 2049; x_wconf 90' lang='lat' dir='ltr'>oum</span> <span class='ocrx_word' id='word_1_59' title='bbox 680 1985 731 2060; x_wconf 94' lang='lat' dir='ltr'>id,</span> <span class='ocrx_word' id='word_1_60' title='bbox 759 1987 845 2070; x_wconf 92' lang='lat' dir='ltr'>quod</span> <span class='ocrx_word' id='word_1_61' title='bbox 867 1986 947 2049; x_wconf 88' lang='lat' dir='ltr'>utile</span> <span class='ocrx_word' id='word_1_62' title='bbox 969 2005 1040 2048; x_wconf 88' lang='lat' dir='ltr'>esse</span> <span class='ocrx_word' id='word_1_63' title='bbox 1061 1991 1172 2067; x_wconf 89' lang='lat' dir='ltr'>putes,</span> <span class='ocrx_word' id='word_1_64' title='bbox 1201 1982 1397 2065; x_wconf 84' lang='lat' dir='ltr'>adipiscara;</span> <span class='ocrx_word' id='word_1_65' title='bbox 1430 1984 1493 2047; x_wconf 89' lang='lat' dir='ltr'>boo</span> <span class='ocrx_word' id='word_1_66' title='bbox 1515 1982 1598 2048; x_wconf 84' lang='lat' dir='ltr'>enim</span> <span class='ocrx_word' id='word_1_67' title='bbox 1620 1985 1733 2069; x_wconf 90' lang='lat' dir='ltr'>ipsum,</span> 
     </span>
     <span class='ocr_line' id='line_1_9' title="bbox 408 2074 1734 2164; baseline -0.002 -20"><span class='ocrx_word' id='word_1_68' title='bbox 408 2081 487 2144; x_wconf 88' lang='lat' dir='ltr'>utite</span> <span class='ocrx_word' id='word_1_69' title='bbox 509 2088 620 2164; x_wconf 84' lang='lat' dir='ltr'>putare</span> <span class='ocrx_word' id='word_1_70' title='bbox 642 2079 731 2164; x_wconf 93' lang='lat' dir='ltr'>quod</span> <span class='ocrx_word' id='word_1_71' title='bbox 749 2088 841 2164; x_wconf 81' lang='lat' dir='ltr'>turpe</span> <span class='ocrx_word' id='word_1_72' title='bbox 857 2081 908 2154; x_wconf 89' lang='lat' dir='ltr'>sit,</span> <span class='ocrx_word' id='word_1_73' title='bbox 923 2079 1142 2144; x_wconf 86' lang='lat' dir='ltr'>calamitosum</span> <span class='ocrx_word' id='word_1_74' title='bbox 1158 2083 1217 2141; x_wconf 89' lang='lat' dir='ltr'>est.</span> <span class='ocrx_word' id='word_1_75' title='bbox 1260 2074 1312 2139; x_wconf 78' lang='lat'>50.</span> <span class='ocrx_word' id='word_1_76' title='bbox 1336 2076 1398 2141; x_wconf 88' lang='lat' dir='ltr'>Sed</span> <span class='ocrx_word' id='word_1_77' title='bbox 1413 2076 1575 2154; x_wconf 81' lang='lat' dir='ltr'>incidunt,</span> <span class='ocrx_word' id='word_1_78' title='bbox 1590 2085 1734 2163; x_wconf 87' lang='lat' dir='ltr'>utsupra</span> 
     </span>
     <span class='ocr_line' id='line_1_10' title="bbox 408 2170 1735 2258; baseline -0.002 -21"><span class='ocrx_word' id='word_1_79' title='bbox 408 2175 493 2249; x_wconf 82' lang='lat' dir='ltr'>dixi,</span> <span class='ocrx_word' id='word_1_80' title='bbox 522 2194 618 2257; x_wconf 88' lang='lat' dir='ltr'>saepe</span> <span class='ocrx_word' id='word_1_81' title='bbox 647 2194 778 2250; x_wconf 87' lang='lat' dir='ltr'>causae,</span> <span class='ocrx_word' id='word_1_82' title='bbox 806 2194 876 2238; x_wconf 91' lang='lat' dir='ltr'>oum</span> <span class='ocrx_word' id='word_1_83' title='bbox 898 2191 1074 2258; x_wconf 77' lang='lat' dir='ltr'>repugnare</span> <span class='ocrx_word' id='word_1_84' title='bbox 1097 2171 1218 2234; x_wconf 87' lang='lat' dir='ltr'>utilitas</span> <span class='ocrx_word' id='word_1_85' title='bbox 1239 2170 1397 2235; x_wconf 84' lang='lat' dir='ltr'>honestati</span> <span class='ocrx_word' id='word_1_86' title='bbox 1418 2170 1580 2248; x_wconf 81' lang='lat' dir='ltr'>videatur,</span> <span class='ocrx_word' id='word_1_87' title='bbox 1609 2179 1646 2235; x_wconf 90' lang='lat' dir='ltr'>nt</span> <span class='ocrx_word' id='word_1_88' title='bbox 1666 2171 1735 2234; x_wconf 91' lang='lat' dir='ltr'>sni·</span> 
     </span>
     <span class='ocr_line' id='line_1_11' title="bbox 408 2264 1771 2351; baseline -0.006 -20"><span class='ocrx_word' id='word_1_89' title='bbox 408 2267 666 2331; x_wconf 80' lang='lat' dir='ltr'>madvertendum</span> <span class='ocrx_word' id='word_1_90' title='bbox 690 2268 748 2342; x_wconf 93' lang='lat' dir='ltr'>sit,</span> <span class='ocrx_word' id='word_1_91' title='bbox 770 2275 966 2351; x_wconf 72' lang='lat' dir='ltr'>repugnetne</span> <span class='ocrx_word' id='word_1_92' title='bbox 988 2266 1083 2349; x_wconf 86' lang='lat' dir='ltr'>plane</span> <span class='ocrx_word' id='word_1_93' title='bbox 1106 2284 1146 2327; x_wconf 89' lang='lat' dir='ltr'>an</span> <span class='ocrx_word' id='word_1_94' title='bbox 1167 2264 1271 2346; x_wconf 90' lang='lat' dir='ltr'>possit</span> <span class='ocrx_word' id='word_1_95' title='bbox 1291 2283 1363 2327; x_wconf 90' lang='lat' dir='ltr'>oum</span> <span class='ocrx_word' id='word_1_96' title='bbox 1385 2264 1551 2331; x_wconf 86' lang='lat' dir='ltr'>honestate</span> <span class='ocrx_word' id='word_1_97' title='bbox 1573 2266 1771 2348; x_wconf 68' lang='lat' dir='ltr'>coniungite</span> 
     </span>
     <span class='ocr_line' id='line_1_12' title="bbox 407 2357 1734 2445; baseline -0.003 -20"><span class='ocrx_word' id='word_1_98' title='bbox 407 2362 486 2425; x_wconf 85' lang='lat' dir='ltr'>Eius</span> <span class='ocrx_word' id='word_1_99' title='bbox 508 2362 633 2442; x_wconf 76' lang='lat' dir='ltr'>generis</span> <span class='ocrx_word' id='word_1_100' title='bbox 655 2361 715 2425; x_wconf 88' lang='lat' dir='ltr'>hae</span> <span class='ocrx_word' id='word_1_101' title='bbox 739 2370 813 2426; x_wconf 88' lang='lat' dir='ltr'>suut</span> <span class='ocrx_word' id='word_1_102' title='bbox 835 2360 1054 2445; x_wconf 88' lang='lat' dir='ltr'>quaestiones:</span> <span class='ocrx_word' id='word_1_103' title='bbox 1078 2359 1112 2421; x_wconf 91' lang='lat' dir='ltr'>Si</span> <span class='ocrx_word' id='word_1_104' title='bbox 1134 2357 1273 2440; x_wconf 83' lang='lat' dir='ltr'>exempli</span> <span class='ocrx_word' id='word_1_105' title='bbox 1294 2358 1394 2439; x_wconf 72' lang='lat' dir='ltr'>gratia</span> <span class='ocrx_word' id='word_1_106' title='bbox 1416 2358 1582 2423; x_wconf 75' lang='lat' dir='ltr'>virbonus</span> <span class='ocrx_word' id='word_1_107' title='bbox 1596 2358 1734 2421; x_wconf 82' lang='lat' dir='ltr'>Alexan·</span> 
     </span>
     <span class='ocr_line' id='line_1_13' title="bbox 409 2444 1734 2538; baseline -0.002 -20"><span class='ocrx_word' id='word_1_108' title='bbox 409 2454 485 2518; x_wconf 89' lang='lat' dir='ltr'>drea</span> <span class='ocrx_word' id='word_1_109' title='bbox 506 2455 653 2518; x_wconf 83' lang='lat' dir='ltr'>Rhodum</span> <span class='ocrx_word' id='word_1_110' title='bbox 683 2475 831 2538; x_wconf 76' lang='lat' dir='ltr'>magnum</span> <span class='ocrx_word' id='word_1_111' title='bbox 858 2453 1008 2517; x_wconf 81' lang='lat' dir='ltr'>frumenti</span> <span class='ocrx_word' id='word_1_112' title='bbox 1037 2470 1203 2514; x_wconf 90' lang='lat' dir='ltr'>numerum</span> <span class='ocrx_word' id='word_1_113' title='bbox 1219 2444 1393 2514; x_wconf 80' lang='lat' dir='ltr'>&#39;advexerit</span> <span class='ocrx_word' id='word_1_114' title='bbox 1413 2451 1448 2514; x_wconf 92' lang='lat' dir='ltr'>in</span> <span class='ocrx_word' id='word_1_115' title='bbox 1470 2451 1665 2518; x_wconf 80' lang='lat' dir='ltr'>Rhodiorum</span> <span class='ocrx_word' id='word_1_116' title='bbox 1686 2453 1734 2516; x_wconf 92' lang='lat' dir='ltr'>in·</span> 
     </span>
     <span class='ocr_line' id='line_1_14' title="bbox 410 2544 1734 2632; baseline -0.002 -20"><span class='ocrx_word' id='word_1_117' title='bbox 410 2549 483 2632; x_wconf 93' lang='lat' dir='ltr'>opis</span> <span class='ocrx_word' id='word_1_118' title='bbox 506 2557 538 2612; x_wconf 90' lang='lat' dir='ltr'>et</span> <span class='ocrx_word' id='word_1_119' title='bbox 558 2549 642 2612; x_wconf 81' lang='lat' dir='ltr'>fame</span> <span class='ocrx_word' id='word_1_120' title='bbox 665 2569 852 2632; x_wconf 86' lang='lat' dir='ltr'>summaque</span> <span class='ocrx_word' id='word_1_121' title='bbox 874 2567 1018 2612; x_wconf 87' lang='lat' dir='ltr'>annonae</span> <span class='ocrx_word' id='word_1_122' title='bbox 1040 2546 1180 2619; x_wconf 83' lang='lat' dir='ltr'>caritate,</span> <span class='ocrx_word' id='word_1_123' title='bbox 1201 2544 1227 2607; x_wconf 90' lang='lat' dir='ltr'>si</span> <span class='ocrx_word' id='word_1_124' title='bbox 1251 2544 1336 2608; x_wconf 91' lang='lat' dir='ltr'>idem</span> <span class='ocrx_word' id='word_1_125' title='bbox 1358 2545 1438 2607; x_wconf 86' lang='lat' dir='ltr'>sciat</span> <span class='ocrx_word' id='word_1_126' title='bbox 1459 2546 1638 2628; x_wconf 84' lang='lat' dir='ltr'>complures</span> <span class='ocrx_word' id='word_1_127' title='bbox 1652 2565 1734 2610; x_wconf 83' lang='lat' dir='ltr'>mer·</span> 
     </span>
     <span class='ocr_line' id='line_1_15' title="bbox 409 2636 1733 2725; baseline -0.002 -21"><span class='ocrx_word' id='word_1_128' title='bbox 409 2651 531 2706; x_wconf 85' lang='lat' dir='ltr'>catores</span> <span class='ocrx_word' id='word_1_129' title='bbox 546 2642 745 2706; x_wconf 76' lang='lat' dir='ltr'>Alexandrea</span> <span class='ocrx_word' id='word_1_130' title='bbox 768 2643 900 2706; x_wconf 82' lang='lat' dir='ltr'>solvisse</span> <span class='ocrx_word' id='word_1_131' title='bbox 921 2658 1082 2725; x_wconf 85' lang='lat' dir='ltr'>naresque</span> <span class='ocrx_word' id='word_1_132' title='bbox 1104 2638 1138 2701; x_wconf 95' lang='lat' dir='ltr'>in</span> <span class='ocrx_word' id='word_1_133' title='bbox 1160 2656 1254 2701; x_wconf 86' lang='lat' dir='ltr'>eursu</span> <span class='ocrx_word' id='word_1_134' title='bbox 1268 2636 1427 2700; x_wconf 80' lang='lat' dir='ltr'>frumento</span> <span class='ocrx_word' id='word_1_135' title='bbox 1442 2647 1572 2703; x_wconf 88' lang='lat' dir='ltr'>onustas</span> <span class='ocrx_word' id='word_1_136' title='bbox 1587 2646 1733 2723; x_wconf 82' lang='lat' dir='ltr'>potentes</span> 
     </span>
     <span class='ocr_line' id='line_1_16' title="bbox 409 2730 1771 2817; baseline -0.004 -20"><span class='ocrx_word' id='word_1_137' title='bbox 409 2736 555 2799; x_wconf 80' lang='lat' dir='ltr'>libodum</span> <span class='ocrx_word' id='word_1_138' title='bbox 579 2736 709 2810; x_wconf 86' lang='lat' dir='ltr'>viderit,</span> <span class='ocrx_word' id='word_1_139' title='bbox 742 2737 924 2800; x_wconf 77' lang='lat' dir='ltr'>dicturusne</span> <span class='ocrx_word' id='word_1_140' title='bbox 947 2736 988 2799; x_wconf 92' lang='lat' dir='ltr'>sit</span> <span class='ocrx_word' id='word_1_141' title='bbox 1009 2735 1042 2798; x_wconf 95' lang='lat' dir='ltr'>id</span> <span class='ocrx_word' id='word_1_142' title='bbox 1065 2730 1197 2796; x_wconf 82' lang='lat' dir='ltr'>Rhodiis</span> <span class='ocrx_word' id='word_1_143' title='bbox 1218 2750 1258 2795; x_wconf 92' lang='lat' dir='ltr'>an</span> <span class='ocrx_word' id='word_1_144' title='bbox 1280 2731 1408 2795; x_wconf 85' lang='lat' dir='ltr'>silentio</span> <span class='ocrx_word' id='word_1_145' title='bbox 1429 2753 1521 2797; x_wconf 88' lang='lat' dir='ltr'>snum</span> <span class='ocrx_word' id='word_1_146' title='bbox 1544 2734 1771 2817; x_wconf 68' lang='lat' dir='ltr'>quamplura</span> 
     </span>
     <span class='ocr_line' id='line_1_17' title="bbox 410 2821 1735 2913; baseline -0.001 -23"><span class='ocrx_word' id='word_1_147' title='bbox 410 2830 490 2892; x_wconf 89' lang='lat' dir='ltr'>rirno</span> <span class='ocrx_word' id='word_1_148' title='bbox 512 2829 723 2893; x_wconf 67' lang='lat' dir='ltr'>venditurus?</span> <span class='ocrx_word' id='word_1_149' title='bbox 767 2830 949 2913; x_wconf 80' lang='lat' dir='ltr'>Sapientem</span> <span class='ocrx_word' id='word_1_150' title='bbox 977 2835 1010 2891; x_wconf 91' lang='lat' dir='ltr'>et</span> <span class='ocrx_word' id='word_1_151' title='bbox 1035 2827 1154 2889; x_wconf 89' lang='lat' dir='ltr'>bonum</span> <span class='ocrx_word' id='word_1_152' title='bbox 1183 2824 1284 2887; x_wconf 86' lang='lat' dir='ltr'>virum</span> <span class='ocrx_word' id='word_1_153' title='bbox 1305 2821 1472 2909; x_wconf 73' lang='lat' dir='ltr'>tingimust</span> <span class='ocrx_word' id='word_1_154' title='bbox 1502 2826 1633 2891; x_wconf 92' lang='lat' dir='ltr'>deeius</span> <span class='ocrx_word' id='word_1_155' title='bbox 1655 2826 1735 2890; x_wconf 87' lang='lat' dir='ltr'>deli·</span> 
     </span>
     <span class='ocr_line' id='line_1_18' title="bbox 409 2917 1734 3007; baseline 0.001 -23"><span class='ocrx_word' id='word_1_156' title='bbox 409 2922 572 2986; x_wconf 88' lang='lat' dir='ltr'>beratione</span> <span class='ocrx_word' id='word_1_157' title='bbox 602 2930 634 2985; x_wconf 92' lang='lat' dir='ltr'>et</span> <span class='ocrx_word' id='word_1_158' title='bbox 661 2923 892 2986; x_wconf 87' lang='lat' dir='ltr'>consultatione</span> <span class='ocrx_word' id='word_1_159' title='bbox 921 2922 1122 3007; x_wconf 80' lang='lat' dir='ltr'>quaerimus,</span> <span class='ocrx_word' id='word_1_160' title='bbox 1151 2919 1205 3003; x_wconf 92' lang='lat' dir='ltr'>qui</span> <span class='ocrx_word' id='word_1_161' title='bbox 1236 2920 1396 2983; x_wconf 86' lang='lat' dir='ltr'>notaturus</span> <span class='ocrx_word' id='word_1_162' title='bbox 1423 2917 1563 2985; x_wconf 84' lang='lat' dir='ltr'>Rhodios</span> <span class='ocrx_word' id='word_1_163' title='bbox 1591 2940 1655 2986; x_wconf 91' lang='lat' dir='ltr'>non</span> <span class='ocrx_word' id='word_1_164' title='bbox 1682 2922 1734 2995; x_wconf 84' lang='lat' dir='ltr'>sit,</span> 
     </span>
     <span class='ocr_line' id='line_1_19' title="bbox 361 3010 1733 3097; baseline 0 -19"><span class='ocrx_word' id='word_1_165' title='bbox 361 3052 363 3054; x_wconf 58' lang='lat'>&gt;</span> <span class='ocrx_word' id='word_1_166' title='bbox 410 3018 437 3078; x_wconf 90' lang='lat' dir='ltr'>si</span> <span class='ocrx_word' id='word_1_167' title='bbox 460 3015 493 3078; x_wconf 96' lang='lat' dir='ltr'>id</span> <span class='ocrx_word' id='word_1_168' title='bbox 515 3024 608 3097; x_wconf 89' lang='lat' dir='ltr'>turpe</span> <span class='ocrx_word' id='word_1_169' title='bbox 629 3016 767 3091; x_wconf 85' lang='lat' dir='ltr'>iudicet,</span> <span class='ocrx_word' id='word_1_170' title='bbox 795 3016 852 3079; x_wconf 85' lang='lat' dir='ltr'>sed</span> <span class='ocrx_word' id='word_1_171' title='bbox 882 3016 1003 3080; x_wconf 91' lang='lat' dir='ltr'>dubitet</span> <span class='ocrx_word' id='word_1_172' title='bbox 1024 3034 1064 3077; x_wconf 91' lang='lat' dir='ltr'>an</span> <span class='ocrx_word' id='word_1_173' title='bbox 1085 3022 1178 3095; x_wconf 88' lang='lat' dir='ltr'>turpe</span> <span class='ocrx_word' id='word_1_174' title='bbox 1201 3032 1265 3076; x_wconf 95' lang='lat' dir='ltr'>non</span> <span class='ocrx_word' id='word_1_175' title='bbox 1288 3014 1340 3077; x_wconf 86' lang='lat' dir='ltr'>sit.</span> <span class='ocrx_word' id='word_1_176' title='bbox 1390 3010 1443 3077; x_wconf 83' lang='lat' dir='ltr'>ot.</span> <span class='ocrx_word' id='word_1_177' title='bbox 1473 3016 1510 3077; x_wconf 87' lang='lat' dir='ltr'>ln</span> <span class='ocrx_word' id='word_1_178' title='bbox 1531 3016 1733 3080; x_wconf 77' lang='lat' dir='ltr'>huiusmodi</span> 
     </span>
     <span class='ocr_line' id='line_1_20' title="bbox 411 3108 1734 3193; baseline 0 -21"><span class='ocrx_word' id='word_1_179' title='bbox 411 3110 515 3172; x_wconf 74' lang='lat' dir='ltr'>musis</span> <span class='ocrx_word' id='word_1_180' title='bbox 536 3108 624 3172; x_wconf 90' lang='lat' dir='ltr'>atiud</span> <span class='ocrx_word' id='word_1_181' title='bbox 639 3111 771 3193; x_wconf 79' lang='lat' dir='ltr'>Diogeni</span> <span class='ocrx_word' id='word_1_182' title='bbox 787 3110 963 3193; x_wconf 76' lang='lat' dir='ltr'>Babylonio</span> <span class='ocrx_word' id='word_1_183' title='bbox 985 3110 1086 3174; x_wconf 83' lang='lat' dir='ltr'>videri</span> <span class='ocrx_word' id='word_1_184' title='bbox 1109 3110 1198 3183; x_wconf 88' lang='lat' dir='ltr'>solet,</span> <span class='ocrx_word' id='word_1_185' title='bbox 1219 3129 1334 3193; x_wconf 73' lang='lat' dir='ltr'>magno</span> <span class='ocrx_word' id='word_1_186' title='bbox 1356 3118 1389 3174; x_wconf 91' lang='lat' dir='ltr'>et</span> <span class='ocrx_word' id='word_1_187' title='bbox 1406 3114 1494 3193; x_wconf 70' lang='lat' dir='ltr'>graui</span> <span class='ocrx_word' id='word_1_188' title='bbox 1509 3110 1632 3186; x_wconf 85' lang='lat' dir='ltr'>Stoico,</span> <span class='ocrx_word' id='word_1_189' title='bbox 1647 3108 1734 3173; x_wconf 89' lang='lat' dir='ltr'>atiud</span> 
     </span>
     <span class='ocr_line' id='line_1_21' title="bbox 410 3201 1774 3287; baseline -0.001 -22"><span class='ocrx_word' id='word_1_190' title='bbox 410 3203 593 3285; x_wconf 80' lang='lat' dir='ltr'>Antipatro,</span> <span class='ocrx_word' id='word_1_191' title='bbox 623 3203 777 3284; x_wconf 85' lang='lat' dir='ltr'>discipulo</span> <span class='ocrx_word' id='word_1_192' title='bbox 800 3202 886 3277; x_wconf 87' lang='lat' dir='ltr'>eius,</span> <span class='ocrx_word' id='word_1_193' title='bbox 915 3203 1036 3267; x_wconf 91' lang='lat' dir='ltr'>bomini</span> <span class='ocrx_word' id='word_1_194' title='bbox 1058 3203 1261 3266; x_wconf 78' lang='lat' dir='ltr'>acutissimos</span> <span class='ocrx_word' id='word_1_195' title='bbox 1288 3201 1454 3287; x_wconf 74' lang='lat' dir='ltr'>Antipatro</span> <span class='ocrx_word' id='word_1_196' title='bbox 1482 3205 1589 3268; x_wconf 90' lang='lat' dir='ltr'>omnia</span> <span class='ocrx_word' id='word_1_197' title='bbox 1614 3202 1774 3287; x_wconf 79' lang='lat' dir='ltr'>pateis-tt</span> 
     </span>
     <span class='ocr_line' id='line_1_22' title="bbox 411 3296 1735 3381; baseline -0.001 -21"><span class='ocrx_word' id='word_1_198' title='bbox 411 3296 543 3374; x_wconf 87' lang='lat' dir='ltr'>cienda,</span> <span class='ocrx_word' id='word_1_199' title='bbox 564 3305 599 3361; x_wconf 90' lang='lat' dir='ltr'>ut</span> <span class='ocrx_word' id='word_1_200' title='bbox 620 3317 661 3361; x_wconf 95' lang='lat' dir='ltr'>ne</span> <span class='ocrx_word' id='word_1_201' title='bbox 683 3298 762 3381; x_wconf 95' lang='lat' dir='ltr'>quid</span> <span class='ocrx_word' id='word_1_202' title='bbox 785 3298 932 3373; x_wconf 89' lang='lat' dir='ltr'>omnino,</span> <span class='ocrx_word' id='word_1_203' title='bbox 956 3296 1040 3380; x_wconf 89' lang='lat' dir='ltr'>quod</span> <span class='ocrx_word' id='word_1_204' title='bbox 1063 3296 1208 3361; x_wconf 83' lang='lat' dir='ltr'>venditor</span> <span class='ocrx_word' id='word_1_205' title='bbox 1228 3298 1329 3373; x_wconf 88' lang='lat' dir='ltr'>norit,</span> <span class='ocrx_word' id='word_1_206' title='bbox 1351 3305 1477 3381; x_wconf 85' lang='lat' dir='ltr'>ensptor</span> <span class='ocrx_word' id='word_1_207' title='bbox 1497 3298 1638 3381; x_wconf 74' lang='lat' dir='ltr'>ignoret,</span> <span class='ocrx_word' id='word_1_208' title='bbox 1658 3298 1735 3360; x_wconf 83' lang='lat' dir='ltr'>Dio-</span> 
     </span>
     <span class='ocr_line' id='line_1_23' title="bbox 411 3390 1737 3477; baseline 0.002 -24"><span class='ocrx_word' id='word_1_209' title='bbox 411 3390 483 3473; x_wconf 72' lang='lat' dir='ltr'>geni</span> <span class='ocrx_word' id='word_1_210' title='bbox 504 3390 716 3464; x_wconf 83' lang='lat' dir='ltr'>venditorem,</span> <span class='ocrx_word' id='word_1_211' title='bbox 738 3400 894 3474; x_wconf 88' lang='lat' dir='ltr'>quatenns</span> <span class='ocrx_word' id='word_1_212' title='bbox 915 3392 983 3454; x_wconf 88' lang='lat' dir='ltr'>inre</span> <span class='ocrx_word' id='word_1_213' title='bbox 1006 3391 1090 3454; x_wconf 82' lang='lat' dir='ltr'>civili</span> <span class='ocrx_word' id='word_1_214' title='bbox 1112 3393 1315 3456; x_wconf 87' lang='lat' dir='ltr'>constitutum</span> <span class='ocrx_word' id='word_1_215' title='bbox 1337 3393 1396 3468; x_wconf 87' lang='lat' dir='ltr'>sit,</span> <span class='ocrx_word' id='word_1_216' title='bbox 1418 3394 1522 3457; x_wconf 84' lang='lat' dir='ltr'>dicere</span> <span class='ocrx_word' id='word_1_217' title='bbox 1545 3393 1620 3458; x_wconf 84' lang='lat' dir='ltr'>vitia</span> <span class='ocrx_word' id='word_1_218' title='bbox 1641 3413 1737 3477; x_wconf 87' lang='lat' dir='ltr'>opor·</span> 
     </span>
     <span class='ocr_line' id='line_1_24' title="bbox 412 3484 1735 3571; baseline 0.002 -24"><span class='ocrx_word' id='word_1_219' title='bbox 412 3493 490 3558; x_wconf 90' lang='lat' dir='ltr'>tere,</span> <span class='ocrx_word' id='word_1_220' title='bbox 511 3492 615 3548; x_wconf 89' lang='lat' dir='ltr'>cetera</span> <span class='ocrx_word' id='word_1_221' title='bbox 637 3485 705 3548; x_wconf 87' lang='lat' dir='ltr'>sine</span> <span class='ocrx_word' id='word_1_222' title='bbox 729 3484 854 3548; x_wconf 82' lang='lat' dir='ltr'>insidiis</span> <span class='ocrx_word' id='word_1_223' title='bbox 876 3505 970 3568; x_wconf 74' lang='lat' dir='ltr'>agera</span> <span class='ocrx_word' id='word_1_224' title='bbox 991 3493 1034 3559; x_wconf 89' lang='lat' dir='ltr'>st,</span> <span class='ocrx_word' id='word_1_225' title='bbox 1056 3486 1207 3568; x_wconf 87' lang='lat' dir='ltr'>qnoniam</span> <span class='ocrx_word' id='word_1_226' title='bbox 1229 3485 1364 3561; x_wconf 80' lang='lat' dir='ltr'>vendat,</span> <span class='ocrx_word' id='word_1_227' title='bbox 1384 3486 1467 3551; x_wconf 81' lang='lat' dir='ltr'>veile</span> <span class='ocrx_word' id='word_1_228' title='bbox 1489 3505 1585 3571; x_wconf 89' lang='lat' dir='ltr'>quam</span> <span class='ocrx_word' id='word_1_229' title='bbox 1606 3495 1735 3570; x_wconf 85' lang='lat' dir='ltr'>optume</span> 
     </span>
     <span class='ocr_line' id='line_1_25' title="bbox 412 3578 1737 3664; baseline 0.002 -24"><span class='ocrx_word' id='word_1_230' title='bbox 412 3578 559 3641; x_wconf 81' lang='lat' dir='ltr'>vendere.</span> <span class='ocrx_word' id='word_1_231' title='bbox 604 3578 763 3653; x_wconf 78' lang='lat' dir='ltr'>«Adrexi,</span> <span class='ocrx_word' id='word_1_232' title='bbox 786 3579 938 3663; x_wconf 84' lang='lat' dir='ltr'>exposui,</span> <span class='ocrx_word' id='word_1_233' title='bbox 959 3578 1062 3644; x_wconf 87' lang='lat' dir='ltr'>vendo</span> <span class='ocrx_word' id='word_1_234' title='bbox 1084 3598 1190 3642; x_wconf 89' lang='lat' dir='ltr'>meum</span> <span class='ocrx_word' id='word_1_235' title='bbox 1212 3600 1276 3643; x_wconf 93' lang='lat' dir='ltr'>non</span> <span class='ocrx_word' id='word_1_236' title='bbox 1299 3579 1400 3663; x_wconf 88' lang='lat' dir='ltr'>pturis</span> <span class='ocrx_word' id='word_1_237' title='bbox 1422 3599 1517 3664; x_wconf 86' lang='lat' dir='ltr'>qnam</span> <span class='ocrx_word' id='word_1_238' title='bbox 1537 3582 1635 3645; x_wconf 87' lang='lat' dir='ltr'>ceteri</span> <span class='ocrx_word' id='word_1_239' title='bbox 1642 3626 1652 3656; x_wconf 98' lang='lat'>,</span> <span class='ocrx_word' id='word_1_240' title='bbox 1672 3579 1737 3644; x_wconf 79' lang='lat' dir='ltr'>for-</span> 
     </span>
     <span class='ocr_line' id='line_1_26' title="bbox 412 3670 1775 3756; baseline 0.001 -20"><span class='ocrx_word' id='word_1_241' title='bbox 412 3681 496 3736; x_wconf 86' lang='lat' dir='ltr'>tasse</span> <span class='ocrx_word' id='word_1_242' title='bbox 518 3673 610 3736; x_wconf 88' lang='lat' dir='ltr'>etiam</span> <span class='ocrx_word' id='word_1_243' title='bbox 633 3673 775 3747; x_wconf 90' lang='lat' dir='ltr'>minoris,</span> <span class='ocrx_word' id='word_1_244' title='bbox 797 3694 869 3737; x_wconf 90' lang='lat' dir='ltr'>oum</span> <span class='ocrx_word' id='word_1_245' title='bbox 891 3674 993 3737; x_wconf 90' lang='lat' dir='ltr'>maior</span> <span class='ocrx_word' id='word_1_246' title='bbox 1015 3681 1064 3737; x_wconf 90' lang='lat' dir='ltr'>est</span> <span class='ocrx_word' id='word_1_247' title='bbox 1084 3673 1193 3756; x_wconf 86' lang='lat' dir='ltr'>eopia:</span> <span class='ocrx_word' id='word_1_248' title='bbox 1215 3675 1266 3737; x_wconf 91' lang='lat' dir='ltr'>oni</span> <span class='ocrx_word' id='word_1_249' title='bbox 1280 3670 1489 3738; x_wconf 82' lang='lat' dir='ltr'>btiniuriats</span> <span class='ocrx_word' id='word_1_250' title='bbox 1522 3671 1775 3738; x_wconf 73' lang='lat' dir='ltr'>52.Exoritnr¹⁸</span> 
     </span>
     <span class='ocr_line' id='line_1_27' title="bbox 413 3766 1738 3850; baseline 0.004 -23"><span class='ocrx_word' id='word_1_251' title='bbox 413 3766 569 3848; x_wconf 86' lang='lat' dir='ltr'>Antipatri</span> <span class='ocrx_word' id='word_1_252' title='bbox 598 3766 680 3828; x_wconf 92' lang='lat' dir='ltr'>ratio</span> <span class='ocrx_word' id='word_1_253' title='bbox 709 3786 751 3830; x_wconf 83' lang='lat' dir='ltr'>ex</span> <span class='ocrx_word' id='word_1_254' title='bbox 777 3766 877 3829; x_wconf 85' lang='lat' dir='ltr'>altera</span> <span class='ocrx_word' id='word_1_255' title='bbox 906 3776 1014 3850; x_wconf 87' lang='lat' dir='ltr'>parte:</span> <span class='ocrx_word' id='word_1_256' title='bbox 1051 3766 1157 3843; x_wconf 73' lang='lat' dir='ltr'>«Quid</span> <span class='ocrx_word' id='word_1_257' title='bbox 1179 3768 1249 3831; x_wconf 74' lang='lat' dir='ltr'>sisi</span> <span class='ocrx_word' id='word_1_258' title='bbox 1284 3776 1336 3842; x_wconf 86' lang='lat' dir='ltr'>tu,</span> <span class='ocrx_word' id='word_1_259' title='bbox 1366 3788 1438 3833; x_wconf 85' lang='lat' dir='ltr'>oum</span> <span class='ocrx_word' id='word_1_260' title='bbox 1459 3766 1640 3832; x_wconf 89' lang='lat' dir='ltr'>hominibus</span> <span class='ocrx_word' id='word_1_261' title='bbox 1662 3787 1738 3832; x_wconf 90' lang='lat' dir='ltr'>con-</span> 
     </span>
     <span class='ocr_line' id='line_1_28' title="bbox 413 3858 1738 3946; baseline 0.004 -25"><span class='ocrx_word' id='word_1_262' title='bbox 413 3859 518 3922; x_wconf 85' lang='lat' dir='ltr'>sulere</span> <span class='ocrx_word' id='word_1_263' title='bbox 549 3859 665 3923; x_wconf 83' lang='lat' dir='ltr'>debeas</span> <span class='ocrx_word' id='word_1_264' title='bbox 695 3867 728 3923; x_wconf 91' lang='lat' dir='ltr'>et</span> <span class='ocrx_word' id='word_1_265' title='bbox 756 3862 873 3924; x_wconf 85' lang='lat' dir='ltr'>servire</span> <span class='ocrx_word' id='word_1_266' title='bbox 900 3858 1056 3926; x_wconf 88' lang='lat' dir='ltr'>humanae</span> <span class='ocrx_word' id='word_1_267' title='bbox 1083 3861 1227 3926; x_wconf 85' lang='lat' dir='ltr'>societati</span> <span class='ocrx_word' id='word_1_268' title='bbox 1250 3881 1352 3946; x_wconf 87' lang='lat' dir='ltr'>esque</span> <span class='ocrx_word' id='word_1_269' title='bbox 1374 3862 1445 3946; x_wconf 73' lang='lat' dir='ltr'>legs</span> <span class='ocrx_word' id='word_1_270' title='bbox 1466 3870 1560 3926; x_wconf 89' lang='lat' dir='ltr'>natus</span> <span class='ocrx_word' id='word_1_271' title='bbox 1581 3863 1626 3927; x_wconf 91' lang='lat' dir='ltr'>sis</span> <span class='ocrx_word' id='word_1_272' title='bbox 1647 3871 1680 3927; x_wconf 90' lang='lat' dir='ltr'>et</span> <span class='ocrx_word' id='word_1_273' title='bbox 1700 3882 1738 3926; x_wconf 89' lang='lat' dir='ltr'>es</span> 
     </span>
     <span class='ocr_line' id='line_1_29' title="bbox 414 3952 1738 4040; baseline 0.004 -25"><span class='ocrx_word' id='word_1_274' title='bbox 414 3952 532 4016; x_wconf 85' lang='lat' dir='ltr'>habeas</span> <span class='ocrx_word' id='word_1_275' title='bbox 553 3954 706 4037; x_wconf 86' lang='lat' dir='ltr'>principia</span> <span class='ocrx_word' id='word_1_276' title='bbox 728 3962 870 4030; x_wconf 88' lang='lat' dir='ltr'>naturae,</span> <span class='ocrx_word' id='word_1_277' title='bbox 893 3956 1009 4038; x_wconf 90' lang='lat' dir='ltr'>quibus</span> <span class='ocrx_word' id='word_1_278' title='bbox 1030 3974 1142 4040; x_wconf 87' lang='lat' dir='ltr'>parere</span> <span class='ocrx_word' id='word_1_279' title='bbox 1163 3965 1300 4039; x_wconf 82' lang='lat' dir='ltr'>atquae</span> <span class='ocrx_word' id='word_1_280' title='bbox 1321 3957 1413 4040; x_wconf 89' lang='lat' dir='ltr'>sequi</span> <span class='ocrx_word' id='word_1_281' title='bbox 1427 3954 1555 4031; x_wconf 84' lang='lat' dir='ltr'>debeas,</span> <span class='ocrx_word' id='word_1_282' title='bbox 1569 3965 1604 4020; x_wconf 93' lang='lat' dir='ltr'>ut</span> <span class='ocrx_word' id='word_1_283' title='bbox 1617 3955 1738 4020; x_wconf 87' lang='lat' dir='ltr'>utititas</span> 
     </span>
     <span class='ocr_line' id='line_1_30' title="bbox 413 4046 1738 4131; baseline 0.003 -22"><span class='ocrx_word' id='word_1_284' title='bbox 413 4053 469 4110; x_wconf 91' lang='lat' dir='ltr'>tua</span> <span class='ocrx_word' id='word_1_285' title='bbox 489 4046 667 4110; x_wconf 88' lang='lat' dir='ltr'>eommunis</span> <span class='ocrx_word' id='word_1_286' title='bbox 690 4047 732 4111; x_wconf 89' lang='lat' dir='ltr'>sit</span> <span class='ocrx_word' id='word_1_287' title='bbox 751 4049 872 4111; x_wconf 88' lang='lat' dir='ltr'>utilitas</span> <span class='ocrx_word' id='word_1_288' title='bbox 894 4050 1094 4131; x_wconf 83' lang='lat' dir='ltr'>vicissimque</span> <span class='ocrx_word' id='word_1_289' title='bbox 1117 4049 1295 4112; x_wconf 84' lang='lat' dir='ltr'>eommunis</span> <span class='ocrx_word' id='word_1_290' title='bbox 1316 4050 1436 4114; x_wconf 90' lang='lat' dir='ltr'>utititas</span> <span class='ocrx_word' id='word_1_291' title='bbox 1457 4056 1513 4114; x_wconf 91' lang='lat' dir='ltr'>tua</span> <span class='ocrx_word' id='word_1_292' title='bbox 1534 4048 1592 4124; x_wconf 87' lang='lat' dir='ltr'>sit,</span> <span class='ocrx_word' id='word_1_293' title='bbox 1619 4046 1738 4113; x_wconf 86' lang='lat' dir='ltr'>oeisbis</span> 
     </span>
     <span class='ocr_line' id='line_1_31' title="bbox 412 4139 1776 4228; baseline 0.003 -26"><span class='ocrx_word' id='word_1_294' title='bbox 412 4139 568 4214; x_wconf 88' lang='lat' dir='ltr'>bomiues,</span> <span class='ocrx_word' id='word_1_295' title='bbox 590 4139 668 4224; x_wconf 95' lang='lat' dir='ltr'>quid</span> <span class='ocrx_word' id='word_1_296' title='bbox 691 4139 731 4202; x_wconf 90' lang='lat' dir='ltr'>iis</span> <span class='ocrx_word' id='word_1_297' title='bbox 753 4142 837 4205; x_wconf 87' lang='lat' dir='ltr'>adsit</span> <span class='ocrx_word' id='word_1_298' title='bbox 859 4143 1091 4205; x_wconf 83' lang='lat' dir='ltr'>commoditatis</span> <span class='ocrx_word' id='word_1_299' title='bbox 1114 4149 1146 4204; x_wconf 90' lang='lat' dir='ltr'>et</span> <span class='ocrx_word' id='word_1_300' title='bbox 1160 4142 1315 4225; x_wconf 75' lang='lat' dir='ltr'>copiast»</span> <span class='ocrx_word' id='word_1_301' title='bbox 1348 4143 1565 4228; x_wconf 83' lang='lat' dir='ltr'>Respondebit</span> <span class='ocrx_word' id='word_1_302' title='bbox 1577 4145 1737 4227; x_wconf 74' lang='lat' dir='ltr'>Diogenes</span> <span class='ocrx_word' id='word_1_303' title='bbox 1745 4149 1776 4199; x_wconf 77' lang='lat'>⁸⁰</span> 
     </span>
     <span class='ocr_line' id='line_1_32' title="bbox 411 4230 1737 4319; baseline 0.002 -23"><span class='ocrx_word' id='word_1_304' title='bbox 411 4230 546 4297; x_wconf 79' lang='lat' dir='ltr'>fortasse</span> <span class='ocrx_word' id='word_1_305' title='bbox 569 4235 636 4298; x_wconf 81' lang='lat' dir='ltr'>sio:</span> <span class='ocrx_word' id='word_1_306' title='bbox 675 4234 789 4297; x_wconf 75' lang='lat' dir='ltr'>«Atina</span> <span class='ocrx_word' id='word_1_307' title='bbox 811 4235 1003 4309; x_wconf 76' lang='lat' dir='ltr'>cotaeleto,</span> <span class='ocrx_word' id='word_1_308' title='bbox 1031 4234 1119 4298; x_wconf 90' lang='lat' dir='ltr'>atiud</span> <span class='ocrx_word' id='word_1_309' title='bbox 1141 4244 1263 4309; x_wconf 75' lang='lat' dir='ltr'>taome,</span> <span class='ocrx_word' id='word_1_310' title='bbox 1285 4255 1392 4319; x_wconf 89' lang='lat' dir='ltr'>neque</span> <span class='ocrx_word' id='word_1_311' title='bbox 1415 4256 1475 4319; x_wconf 76' lang='lat' dir='ltr'>ego</span> <span class='ocrx_word' id='word_1_312' title='bbox 1496 4245 1634 4301; x_wconf 87' lang='lat' dir='ltr'>nuncto</span> <span class='ocrx_word' id='word_1_313' title='bbox 1655 4235 1737 4310; x_wconf 85' lang='lat' dir='ltr'>ocio,</span> 
     </span>
     <span class='ocr_line' id='line_1_33' title="bbox 413 4326 1738 4415; baseline 0.002 -24"><span class='ocrx_word' id='word_1_314' title='bbox 413 4328 440 4391; x_wconf 95' lang='lat' dir='ltr'>si</span> <span class='ocrx_word' id='word_1_315' title='bbox 463 4329 519 4391; x_wconf 91' lang='lat' dir='ltr'>tibi</span> <span class='ocrx_word' id='word_1_316' title='bbox 540 4348 605 4391; x_wconf 96' lang='lat' dir='ltr'>uon</span> <span class='ocrx_word' id='word_1_317' title='bbox 630 4328 718 4402; x_wconf 93' lang='lat' dir='ltr'>dioo,</span> <span class='ocrx_word' id='word_1_318' title='bbox 746 4346 829 4412; x_wconf 88' lang='lat' dir='ltr'>quse</span> <span class='ocrx_word' id='word_1_319' title='bbox 850 4337 964 4392; x_wconf 89' lang='lat' dir='ltr'>natura</span> <span class='ocrx_word' id='word_1_320' title='bbox 985 4328 1119 4392; x_wconf 88' lang='lat' dir='ltr'>deorum</span> <span class='ocrx_word' id='word_1_321' title='bbox 1141 4329 1198 4403; x_wconf 91' lang='lat' dir='ltr'>sit,</span> <span class='ocrx_word' id='word_1_322' title='bbox 1229 4330 1285 4413; x_wconf 91' lang='lat' dir='ltr'>qui</span> <span class='ocrx_word' id='word_1_323' title='bbox 1307 4329 1351 4393; x_wconf 88' lang='lat' dir='ltr'>sit</span> <span class='ocrx_word' id='word_1_324' title='bbox 1370 4326 1442 4393; x_wconf 87' lang='lat' dir='ltr'>iinis</span> <span class='ocrx_word' id='word_1_325' title='bbox 1463 4330 1634 4405; x_wconf 90' lang='lat' dir='ltr'>bonorum,</span> <span class='ocrx_word' id='word_1_326' title='bbox 1656 4348 1738 4415; x_wconf 87' lang='lat' dir='ltr'>quse</span> 
     </span>
     <span class='ocr_line' id='line_1_34' title="bbox 413 4421 1738 4508; baseline 0 -23"><span class='ocrx_word' id='word_1_327' title='bbox 413 4422 474 4485; x_wconf 92' lang='lat' dir='ltr'>tibi</span> <span class='ocrx_word' id='word_1_328' title='bbox 495 4422 567 4504; x_wconf 87' lang='lat' dir='ltr'>plns</span> <span class='ocrx_word' id='word_1_329' title='bbox 589 4423 778 4506; x_wconf 88' lang='lat' dir='ltr'>prodessent</span> <span class='ocrx_word' id='word_1_330' title='bbox 800 4423 926 4503; x_wconf 74' lang='lat' dir='ltr'>cognita</span> <span class='ocrx_word' id='word_1_331' title='bbox 948 4441 1043 4506; x_wconf 89' lang='lat' dir='ltr'>quarn</span> <span class='ocrx_word' id='word_1_332' title='bbox 1066 4421 1159 4485; x_wconf 88' lang='lat' dir='ltr'>tritici</span> <span class='ocrx_word' id='word_1_333' title='bbox 1180 4422 1296 4485; x_wconf 81' lang='lat' dir='ltr'>vilitas.</span> <span class='ocrx_word' id='word_1_334' title='bbox 1334 4422 1397 4487; x_wconf 93' lang='lat' dir='ltr'>Sed</span> <span class='ocrx_word' id='word_1_335' title='bbox 1414 4443 1493 4498; x_wconf 90' lang='lat' dir='ltr'>non,</span> <span class='ocrx_word' id='word_1_336' title='bbox 1509 4423 1663 4508; x_wconf 90' lang='lat' dir='ltr'>quioquid</span> <span class='ocrx_word' id='word_1_337' title='bbox 1681 4422 1738 4486; x_wconf 95' lang='lat' dir='ltr'>tibi</span> 
     </span>
     <span class='ocr_line' id='line_1_35' title="bbox 414 4512 1741 4601; baseline 0.003 -25"><span class='ocrx_word' id='word_1_338' title='bbox 414 4513 524 4577; x_wconf 87' lang='lat' dir='ltr'>audire</span> <span class='ocrx_word' id='word_1_339' title='bbox 547 4516 624 4579; x_wconf 87' lang='lat' dir='ltr'>utile</span> <span class='ocrx_word' id='word_1_340' title='bbox 646 4524 711 4590; x_wconf 88' lang='lat' dir='ltr'>est,</span> <span class='ocrx_word' id='word_1_341' title='bbox 732 4516 766 4578; x_wconf 93' lang='lat' dir='ltr'>id</span> <span class='ocrx_word' id='word_1_342' title='bbox 788 4515 866 4579; x_wconf 90' lang='lat' dir='ltr'>mibi</span> <span class='ocrx_word' id='word_1_343' title='bbox 889 4515 995 4579; x_wconf 89' lang='lat' dir='ltr'>dicere</span> <span class='ocrx_word' id='word_1_344' title='bbox 1017 4535 1149 4580; x_wconf 83' lang='lat' dir='ltr'>necesse</span> <span class='ocrx_word' id='word_1_345' title='bbox 1168 4523 1244 4579; x_wconf 83' lang='lat' dir='ltr'>esto</span> <span class='ocrx_word' id='word_1_346' title='bbox 1289 4512 1340 4580; x_wconf 78' lang='lat'>53.</span> <span class='ocrx_word' id='word_1_347' title='bbox 1364 4517 1483 4581; x_wconf 85' lang='lat' dir='ltr'>almmo</span> <span class='ocrx_word' id='word_1_348' title='bbox 1504 4536 1581 4580; x_wconf 82' lang='lat' dir='ltr'>vero</span> <span class='ocrx_word' id='word_1_349' title='bbox 1605 4513 1741 4601; x_wconf 82' lang='lat' dir='ltr'>[inquiet</span> 
     </span>
     <span class='ocr_line' id='line_1_36' title="bbox 413 4603 1778 4693; baseline 0.002 -23"><span class='ocrx_word' id='word_1_350' title='bbox 413 4603 479 4690; x_wconf 83' lang='lat' dir='ltr'>itte]</span> <span class='ocrx_word' id='word_1_351' title='bbox 509 4628 639 4672; x_wconf 86' lang='lat' dir='ltr'>neeesse</span> <span class='ocrx_word' id='word_1_352' title='bbox 668 4617 731 4685; x_wconf 87' lang='lat' dir='ltr'>est,</span> <span class='ocrx_word' id='word_1_353' title='bbox 749 4610 790 4671; x_wconf 50' lang='lat' dir='ltr'>*si</span> <span class='ocrx_word' id='word_1_354' title='bbox 821 4607 951 4693; x_wconf 88' lang='lat' dir='ltr'>quidem</span> <span class='ocrx_word' id='word_1_355' title='bbox 978 4610 1148 4673; x_wconf 91' lang='lat' dir='ltr'>meministi</span> <span class='ocrx_word' id='word_1_356' title='bbox 1171 4629 1241 4674; x_wconf 87' lang='lat' dir='ltr'>asse</span> <span class='ocrx_word' id='word_1_357' title='bbox 1262 4609 1345 4673; x_wconf 86' lang='lat' dir='ltr'>inter</span> <span class='ocrx_word' id='word_1_358' title='bbox 1364 4609 1511 4674; x_wconf 90' lang='lat' dir='ltr'>bomines</span> <span class='ocrx_word' id='word_1_359' title='bbox 1532 4618 1643 4673; x_wconf 87' lang='lat' dir='ltr'>natura</span> <span class='ocrx_word' id='word_1_360' title='bbox 1664 4616 1778 4673; x_wconf 77' lang='lat' dir='ltr'>con-tt</span> 
     </span>
     <span class='ocr_line' id='line_1_37' title="bbox 414 4700 1740 4789; baseline 0.005 -28"><span class='ocrx_word' id='word_1_361' title='bbox 414 4700 554 4766; x_wconf 82' lang='lat' dir='ltr'>iunctam</span> <span class='ocrx_word' id='word_1_362' title='bbox 576 4702 788 4767; x_wconf 73' lang='lat' dir='ltr'>societatem.»</span> <span class='ocrx_word' id='word_1_363' title='bbox 841 4704 1021 4780; x_wconf 63' lang='lat' dir='ltr'>uideminin</span> <span class='ocrx_word' id='word_1_364' title='bbox 1052 4705 1177 4789; x_wconf 88' lang='lat' dir='ltr'>inquiet</span> <span class='ocrx_word' id='word_1_365' title='bbox 1197 4704 1270 4781; x_wconf 91' lang='lat' dir='ltr'>ille,</span> <span class='ocrx_word' id='word_1_366' title='bbox 1301 4704 1382 4769; x_wconf 84' lang='lat' dir='ltr'>saed</span> <span class='ocrx_word' id='word_1_367' title='bbox 1412 4725 1488 4771; x_wconf 90' lang='lat' dir='ltr'>num</span> <span class='ocrx_word' id='word_1_368' title='bbox 1516 4705 1578 4769; x_wconf 90' lang='lat' dir='ltr'>ista</span> <span class='ocrx_word' id='word_1_369' title='bbox 1603 4706 1740 4769; x_wconf 85' lang='lat' dir='ltr'>societas</span> 
     </span>
    </p>
   </div>
   <div class='ocr_carea' id='block_1_3' title="bbox 412 4954 1742 5920">
    <p class='ocr_par' dir='ltr' id='par_1_3' title="bbox 412 4954 1742 5920">
     <span class='ocr_line' id='line_1_38' title="bbox 479 4954 1742 5021; baseline 0.004 -17"><span class='ocrx_word' id='word_1_370' title='bbox 479 4954 671 5005; x_wconf 56' lang='lat' dir='ltr'>amoeno</span> <span class='ocrx_word' id='word_1_371' title='bbox 695 4981 728 4993; x_wconf 89' lang='lat'><em>-</em></span> <span class='ocrx_word' id='word_1_372' title='bbox 753 4955 1055 5017; x_wconf 57' lang='lat' dir='ltr'>incommemoratos</span> <span class='ocrx_word' id='word_1_373' title='bbox 1070 4957 1138 5021; x_wconf 68' lang='lat' dir='ltr'>qaam</span> <span class='ocrx_word' id='word_1_374' title='bbox 1153 4957 1387 5009; x_wconf 63' lang='lat' dir='ltr'>mamona</span> <span class='ocrx_word' id='word_1_375' title='bbox 1406 4957 1491 5008; x_wconf 82' lang='lat' dir='ltr'>—tto</span> <span class='ocrx_word' id='word_1_376' title='bbox 1507 4958 1574 5021; x_wconf 84' lang='lat' dir='ltr'>qaod</span> <span class='ocrx_word' id='word_1_377' title='bbox 1590 4958 1742 5009; x_wconf 80' lang='lat' dir='ltr'>otbsstsssss</span> 
     </span>
     <span class='ocr_line' id='line_1_39' title="bbox 412 5025 1742 5094; baseline 0.004 -16"><span class='ocrx_word' id='word_1_378' title='bbox 412 5025 704 5094; x_wconf 67' lang='lat' dir='ltr'>mummssssp</span> <span class='ocrx_word' id='word_1_379' title='bbox 728 5054 756 5066; x_wconf 95' lang='lat'><em>-</em></span> <span class='ocrx_word' id='word_1_380' title='bbox 779 5029 897 5082; x_wconf 59' lang='lat' dir='ltr'>saara</span> <span class='ocrx_word' id='word_1_381' title='bbox 921 5057 948 5067; x_wconf 91' lang='lat'>-</span> <span class='ocrx_word' id='word_1_382' title='bbox 973 5031 1195 5082; x_wconf 60' lang='lat' dir='ltr'>aeremitae:</span> <span class='ocrx_word' id='word_1_383' title='bbox 1218 5033 1377 5083; x_wconf 70' lang='lat' dir='ltr'>atttsmo</span> <span class='ocrx_word' id='word_1_384' title='bbox 1401 5058 1428 5069; x_wconf 89' lang='lat'><em>-</em></span> <span class='ocrx_word' id='word_1_385' title='bbox 1452 5032 1742 5084; x_wconf 71' lang='lat' dir='ltr'>aasamuczuu</span> 
     </span>
     <span class='ocr_line' id='line_1_40' title="bbox 412 5102 1741 5171; baseline 0.004 -19"><span class='ocrx_word' id='word_1_386' title='bbox 412 5102 503 5152; x_wconf 79' lang='lat' dir='ltr'>sattso</span> <span class='ocrx_word' id='word_1_387' title='bbox 524 5130 550 5138; x_wconf 96' lang='lat'>-</span> <span class='ocrx_word' id='word_1_388' title='bbox 570 5103 594 5153; x_wconf 81' lang='lat'>9.</span> <span class='ocrx_word' id='word_1_389' title='bbox 612 5102 957 5156; x_wconf 70' lang='lat' dir='ltr'>atdeotwczotdstarslii</span> <span class='ocrx_word' id='word_1_390' title='bbox 975 5106 1110 5168; x_wconf 73' lang='lat' dir='ltr'>(nonbo)</span> <span class='ocrx_word' id='word_1_391' title='bbox 1141 5131 1165 5141; x_wconf 96' lang='lat'>-</span> <span class='ocrx_word' id='word_1_392' title='bbox 1194 5108 1235 5157; x_wconf 85' lang='lat' dir='ltr'>ts.</span> <span class='ocrx_word' id='word_1_393' title='bbox 1253 5105 1327 5158; x_wconf 80' lang='lat' dir='ltr'>boso</span> <span class='ocrx_word' id='word_1_394' title='bbox 1354 5132 1382 5145; x_wconf 90' lang='lat'>-</span> <span class='ocrx_word' id='word_1_395' title='bbox 1408 5106 1741 5171; x_wconf 51' lang='lat' dir='ltr'>amma-mousson</span> 
     </span>
     <span class='ocr_line' id='line_1_41' title="bbox 412 5178 1740 5245; baseline 0.003 -18"><span class='ocrx_word' id='word_1_396' title='bbox 412 5178 536 5228; x_wconf 62' lang='lat' dir='ltr'>admo</span> <span class='ocrx_word' id='word_1_397' title='bbox 552 5179 651 5230; x_wconf 85' lang='lat' dir='ltr'>Nonius</span> <span class='ocrx_word' id='word_1_398' title='bbox 669 5193 695 5245; x_wconf 88' lang='lat' dir='ltr'>p.</span> <span class='ocrx_word' id='word_1_399' title='bbox 707 5178 764 5232; x_wconf 79' lang='lat' dir='ltr'>tot.</span> <span class='ocrx_word' id='word_1_400' title='bbox 780 5207 806 5218; x_wconf 97' lang='lat'><em>-</em></span> <span class='ocrx_word' id='word_1_401' title='bbox 826 5180 983 5232; x_wconf 70' lang='lat' dir='ltr'>decaudrsa</span> <span class='ocrx_word' id='word_1_402' title='bbox 999 5182 1034 5232; x_wconf 85' lang='lat' dir='ltr'>C:</span> <span class='ocrx_word' id='word_1_403' title='bbox 1052 5180 1210 5231; x_wconf 63' lang='lat' dir='ltr'>sensuam</span> <span class='ocrx_word' id='word_1_404' title='bbox 1227 5193 1256 5241; x_wconf 88' lang='lat' dir='ltr'>o;</span> <span class='ocrx_word' id='word_1_405' title='bbox 1275 5182 1339 5233; x_wconf 84' lang='lat' dir='ltr'>item</span> <span class='ocrx_word' id='word_1_406' title='bbox 1355 5194 1382 5232; x_wconf 79' lang='lat' dir='ltr'>a.</span> <span class='ocrx_word' id='word_1_407' title='bbox 1396 5181 1437 5234; x_wconf 82' lang='lat' dir='ltr'>tt.</span> <span class='ocrx_word' id='word_1_408' title='bbox 1450 5206 1478 5217; x_wconf 92' lang='lat'><em>—</em></span> <span class='ocrx_word' id='word_1_409' title='bbox 1498 5183 1539 5234; x_wconf 86' lang='lat' dir='ltr'>ts.</span> <span class='ocrx_word' id='word_1_410' title='bbox 1551 5180 1696 5232; x_wconf 71' lang='lat' dir='ltr'>troam</span> <span class='ocrx_word' id='word_1_411' title='bbox 1707 5182 1740 5244; x_wconf 84' lang='lat' dir='ltr'>ti,</span> 
     </span>
     <span class='ocr_line' id='line_1_42' title="bbox 413 5252 1739 5320; baseline 0.003 -19"><span class='ocrx_word' id='word_1_412' title='bbox 413 5252 478 5303; x_wconf 85' lang='lat' dir='ltr'>item</span> <span class='ocrx_word' id='word_1_413' title='bbox 496 5266 521 5302; x_wconf 87' lang='lat' dir='ltr'>v.</span> <span class='ocrx_word' id='word_1_414' title='bbox 536 5254 575 5304; x_wconf 73' lang='lat' dir='ltr'>tt.</span> <span class='ocrx_word' id='word_1_415' title='bbox 597 5281 624 5291; x_wconf 93' lang='lat'>-</span> <span class='ocrx_word' id='word_1_416' title='bbox 649 5254 689 5306; x_wconf 82' lang='lat' dir='ltr'>ts.</span> <span class='ocrx_word' id='word_1_417' title='bbox 709 5269 774 5319; x_wconf 81' lang='lat' dir='ltr'>qaas</span> <span class='ocrx_word' id='word_1_418' title='bbox 789 5270 866 5305; x_wconf 71' lang='lat' dir='ltr'>morso</span> <span class='ocrx_word' id='word_1_419' title='bbox 881 5256 1006 5318; x_wconf 56' lang='lat' dir='ltr'>lunesto</span> <span class='ocrx_word' id='word_1_420' title='bbox 1022 5262 1123 5306; x_wconf 77' lang='lat' dir='ltr'>onustas</span> <span class='ocrx_word' id='word_1_421' title='bbox 1136 5256 1274 5319; x_wconf 76' lang='lat' dir='ltr'>potestibus</span> <span class='ocrx_word' id='word_1_422' title='bbox 1290 5256 1402 5308; x_wconf 81' lang='lat' dir='ltr'>Abodam</span> <span class='ocrx_word' id='word_1_423' title='bbox 1416 5258 1508 5308; x_wconf 77' lang='lat' dir='ltr'>viderit</span> <span class='ocrx_word' id='word_1_424' title='bbox 1529 5257 1629 5307; x_wconf 80' lang='lat' dir='ltr'>Nonius</span> <span class='ocrx_word' id='word_1_425' title='bbox 1645 5269 1672 5320; x_wconf 87' lang='lat' dir='ltr'>p.</span> <span class='ocrx_word' id='word_1_426' title='bbox 1682 5256 1739 5305; x_wconf 86' lang='lat' dir='ltr'>sot.</span> 
     </span>
     <span class='ocr_line' id='line_1_43' title="bbox 415 5328 1739 5398; baseline 0.001 -20"><span class='ocrx_word' id='word_1_427' title='bbox 415 5353 442 5365; x_wconf 93' lang='lat'>-</span> <span class='ocrx_word' id='word_1_428' title='bbox 458 5330 497 5379; x_wconf 79' lang='lat' dir='ltr'>tt.</span> <span class='ocrx_word' id='word_1_429' title='bbox 511 5332 595 5381; x_wconf 80' lang='lat' dir='ltr'>otram</span> <span class='ocrx_word' id='word_1_430' title='bbox 606 5332 697 5383; x_wconf 80' lang='lat' dir='ltr'>bosam</span> <span class='ocrx_word' id='word_1_431' title='bbox 711 5335 843 5398; x_wconf 48' lang='lat' dir='ltr'>mauras:</span> <span class='ocrx_word' id='word_1_432' title='bbox 859 5334 890 5383; x_wconf 81' lang='lat' dir='ltr'>ds</span> <span class='ocrx_word' id='word_1_433' title='bbox 906 5334 958 5384; x_wconf 60' lang='lat' dir='ltr'>dos</span> <span class='ocrx_word' id='word_1_434' title='bbox 974 5330 1120 5382; x_wconf 78' lang='lat' dir='ltr'>liberatione</span> <span class='ocrx_word' id='word_1_435' title='bbox 1135 5336 1159 5381; x_wconf 90' lang='lat' dir='ltr'>st</span> <span class='ocrx_word' id='word_1_436' title='bbox 1175 5331 1356 5382; x_wconf 72' lang='lat' dir='ltr'>consultatione</span> <span class='ocrx_word' id='word_1_437' title='bbox 1372 5333 1513 5395; x_wconf 69' lang='lat' dir='ltr'>quievimus</span> <span class='ocrx_word' id='word_1_438' title='bbox 1528 5331 1628 5383; x_wconf 87' lang='lat' dir='ltr'>Nonius</span> <span class='ocrx_word' id='word_1_439' title='bbox 1644 5343 1671 5395; x_wconf 86' lang='lat' dir='ltr'>p.</span> <span class='ocrx_word' id='word_1_440' title='bbox 1682 5328 1739 5380; x_wconf 81' lang='grc'>309.</span> 
     </span>
     <span class='ocr_line' id='line_1_44' title="bbox 415 5405 1741 5470; baseline -0.002 -15"><span class='ocrx_word' id='word_1_441' title='bbox 415 5429 442 5440; x_wconf 94' lang='grc'><strong>-</strong></span> <span class='ocrx_word' id='word_1_442' title='bbox 461 5405 547 5455; x_wconf 66' lang='grc' dir='ltr'>πίννη</span> <span class='ocrx_word' id='word_1_443' title='bbox 564 5405 654 5456; x_wconf 85' lang='lat' dir='ltr'>bonum</span> <span class='ocrx_word' id='word_1_444' title='bbox 671 5421 734 5458; x_wconf 91' lang='lat' dir='ltr'>cum</span> <span class='ocrx_word' id='word_1_445' title='bbox 751 5408 835 5459; x_wconf 81' lang='lat' dir='ltr'>Nouio</span> <span class='ocrx_word' id='word_1_446' title='bbox 852 5421 867 5458; x_wconf 96' lang='lat' dir='ltr'>o</span> <span class='ocrx_word' id='word_1_447' title='bbox 883 5433 917 5447; x_wconf 94' lang='lat'>-</span> <span class='ocrx_word' id='word_1_448' title='bbox 933 5410 974 5458; x_wconf 83' lang='lat' dir='ltr'>st.</span> <span class='ocrx_word' id='word_1_449' title='bbox 986 5408 1117 5470; x_wconf 73' lang='lat' dir='ltr'>Dvopsaes</span> <span class='ocrx_word' id='word_1_450' title='bbox 1133 5417 1268 5470; x_wconf 83' lang='lat' dir='ltr'>superscr.</span> <span class='ocrx_word' id='word_1_451' title='bbox 1281 5419 1318 5457; x_wconf 91' lang='lat' dir='ltr'>m.</span> <span class='ocrx_word' id='word_1_452' title='bbox 1331 5419 1387 5457; x_wconf 86' lang='lat' dir='ltr'>ooo.</span> <span class='ocrx_word' id='word_1_453' title='bbox 1400 5408 1437 5457; x_wconf 87' lang='lat' dir='ltr'>ott</span> <span class='ocrx_word' id='word_1_454' title='bbox 1454 5419 1468 5456; x_wconf 94' lang='lat' dir='ltr'>o</span> <span class='ocrx_word' id='word_1_455' title='bbox 1488 5434 1515 5444; x_wconf 91' lang='lat'>-</span> <span class='ocrx_word' id='word_1_456' title='bbox 1533 5406 1575 5457; x_wconf 74' lang='lat' dir='ltr'>ii.</span> <span class='ocrx_word' id='word_1_457' title='bbox 1591 5407 1709 5468; x_wconf 83' lang='lat' dir='ltr'>qaattsos</span> <span class='ocrx_word' id='word_1_458' title='bbox 1726 5414 1741 5453; x_wconf 93' lang='lat' dir='ltr'>o</span> 
     </span>
     <span class='ocr_line' id='line_1_45' title="bbox 415 5477 1741 5544; baseline 0.001 -16"><span class='ocrx_word' id='word_1_459' title='bbox 415 5503 443 5514; x_wconf 91' lang='lat'><em>-</em></span> <span class='ocrx_word' id='word_1_460' title='bbox 462 5480 583 5544; x_wconf 80' lang='lat' dir='ltr'>oportere]</span> <span class='ocrx_word' id='word_1_461' title='bbox 601 5494 707 5544; x_wconf 75' lang='lat' dir='ltr'>operm</span> <span class='ocrx_word' id='word_1_462' title='bbox 728 5482 750 5533; x_wconf 83' lang='lat' dir='ltr'>il</span> <span class='ocrx_word' id='word_1_463' title='bbox 777 5509 804 5520; x_wconf 96' lang='lat'>-</span> <span class='ocrx_word' id='word_1_464' title='bbox 832 5483 873 5533; x_wconf 79' lang='lat' dir='ltr'>td.</span> <span class='ocrx_word' id='word_1_465' title='bbox 892 5496 942 5543; x_wconf 81' lang='lat' dir='ltr'>qao</span> <span class='ocrx_word' id='word_1_466' title='bbox 957 5482 1072 5532; x_wconf 83' lang='lat' dir='ltr'>suoioro</span> <span class='ocrx_word' id='word_1_467' title='bbox 1099 5504 1126 5514; x_wconf 97' lang='lat'>-</span> <span class='ocrx_word' id='word_1_468' title='bbox 1154 5477 1195 5530; x_wconf 76' lang='lat'>28.</span> <span class='ocrx_word' id='word_1_469' title='bbox 1214 5484 1243 5529; x_wconf 82' lang='lat' dir='ltr'>st</span> <span class='ocrx_word' id='word_1_470' title='bbox 1262 5492 1316 5530; x_wconf 88' lang='lat' dir='ltr'>om.</span> <span class='ocrx_word' id='word_1_471' title='bbox 1335 5480 1354 5529; x_wconf 83' lang='lat' dir='ltr'>B</span> <span class='ocrx_word' id='word_1_472' title='bbox 1381 5505 1408 5515; x_wconf 98' lang='lat'>-</span> <span class='ocrx_word' id='word_1_473' title='bbox 1435 5480 1476 5531; x_wconf 73' lang='lat'>29.</span> <span class='ocrx_word' id='word_1_474' title='bbox 1495 5486 1541 5531; x_wconf 84' lang='lat' dir='ltr'>tao</span> <span class='ocrx_word' id='word_1_475' title='bbox 1556 5483 1588 5531; x_wconf 86' lang='lat' dir='ltr'>sit</span> <span class='ocrx_word' id='word_1_476' title='bbox 1603 5480 1741 5530; x_wconf 74' lang='lat' dir='ltr'>amasis</span> 
     </span>
     <span class='ocr_line' id='line_1_46' title="bbox 412 5554 1737 5618; baseline 0.002 -15"><span class='ocrx_word' id='word_1_477' title='bbox 412 5555 509 5605; x_wconf 80' lang='lat' dir='ltr'>utititas</span> <span class='ocrx_word' id='word_1_478' title='bbox 525 5557 547 5606; x_wconf 86' lang='lat' dir='ltr'>H</span> <span class='ocrx_word' id='word_1_479' title='bbox 578 5583 605 5593; x_wconf 93' lang='lat'><em>-</em></span> <span class='ocrx_word' id='word_1_480' title='bbox 635 5555 732 5605; x_wconf 75' lang='lat' dir='ltr'>utititas</span> <span class='ocrx_word' id='word_1_481' title='bbox 748 5562 794 5606; x_wconf 81' lang='lat' dir='ltr'>too</span> <span class='ocrx_word' id='word_1_482' title='bbox 810 5557 841 5606; x_wconf 84' lang='lat' dir='ltr'>sit</span> <span class='ocrx_word' id='word_1_483' title='bbox 857 5557 967 5607; x_wconf 67' lang='lat' dir='ltr'>odida.</span> <span class='ocrx_word' id='word_1_484' title='bbox 985 5554 1112 5606; x_wconf 84' lang='lat' dir='ltr'>cstabiso</span> <span class='ocrx_word' id='word_1_485' title='bbox 1141 5578 1168 5588; x_wconf 97' lang='lat'><em>-</em></span> <span class='ocrx_word' id='word_1_486' title='bbox 1199 5554 1240 5607; x_wconf 80' lang='grc'>30.</span> <span class='ocrx_word' id='word_1_487' title='bbox 1257 5554 1290 5606; x_wconf 85' lang='lat' dir='ltr'>s&#39;is</span> <span class='ocrx_word' id='word_1_488' title='bbox 1305 5555 1360 5606; x_wconf 79' lang='lat' dir='ltr'>bb:</span> <span class='ocrx_word' id='word_1_489' title='bbox 1385 5555 1432 5605; x_wconf 81' lang='lat' dir='ltr'>bita</span> <span class='ocrx_word' id='word_1_490' title='bbox 1449 5555 1484 5618; x_wconf 85' lang='lat' dir='ltr'>il,</span> <span class='ocrx_word' id='word_1_491' title='bbox 1506 5556 1544 5606; x_wconf 82' lang='lat' dir='ltr'>bts</span> <span class='ocrx_word' id='word_1_492' title='bbox 1561 5568 1592 5617; x_wconf 82' lang='lat' dir='ltr'>e,</span> <span class='ocrx_word' id='word_1_493' title='bbox 1613 5555 1661 5618; x_wconf 80' lang='lat' dir='ltr'>btjs</span> <span class='ocrx_word' id='word_1_494' title='bbox 1677 5566 1692 5605; x_wconf 93' lang='lat' dir='ltr'>o</span> <span class='ocrx_word' id='word_1_495' title='bbox 1710 5580 1737 5591; x_wconf 98' lang='lat'><em>-</em></span> 
     </span>
     <span class='ocr_line' id='line_1_47' title="bbox 413 5629 1742 5694; baseline 0.002 -16"><span class='ocrx_word' id='word_1_496' title='bbox 413 5630 544 5692; x_wconf 74' lang='lat' dir='ltr'>despondit</span> <span class='ocrx_word' id='word_1_497' title='bbox 561 5643 589 5690; x_wconf 85' lang='lat' dir='ltr'>s;</span> <span class='ocrx_word' id='word_1_498' title='bbox 609 5632 743 5693; x_wconf 80' lang='lat' dir='ltr'>Respondet</span> <span class='ocrx_word' id='word_1_499' title='bbox 759 5642 775 5681; x_wconf 97' lang='lat' dir='ltr'>o</span> <span class='ocrx_word' id='word_1_500' title='bbox 799 5658 826 5669; x_wconf 96' lang='lat'>—</span> <span class='ocrx_word' id='word_1_501' title='bbox 852 5632 893 5683; x_wconf 76' lang='lat'>3⁴.</span> <span class='ocrx_word' id='word_1_502' title='bbox 911 5632 1016 5694; x_wconf 69' lang='lat' dir='ltr'>tortasse</span> <span class='ocrx_word' id='word_1_503' title='bbox 1032 5630 1068 5679; x_wconf 82' lang='lat' dir='ltr'>sio</span> <span class='ocrx_word' id='word_1_504' title='bbox 1083 5630 1206 5692; x_wconf 74' lang='lat' dir='ltr'>dooqsass</span> <span class='ocrx_word' id='word_1_505' title='bbox 1222 5641 1236 5679; x_wconf 96' lang='lat' dir='ltr'>o</span> <span class='ocrx_word' id='word_1_506' title='bbox 1255 5656 1283 5666; x_wconf 94' lang='lat'><em>-</em></span> <span class='ocrx_word' id='word_1_507' title='bbox 1302 5630 1372 5682; x_wconf 81' lang='lat' dir='ltr'>atiud</span> <span class='ocrx_word' id='word_1_508' title='bbox 1388 5635 1424 5681; x_wconf 83' lang='lat' dir='ltr'>cst</span> <span class='ocrx_word' id='word_1_509' title='bbox 1439 5634 1521 5681; x_wconf 84' lang='lat' dir='ltr'>tacsrs</span> <span class='ocrx_word' id='word_1_510' title='bbox 1537 5644 1553 5681; x_wconf 96' lang='lat' dir='ltr'>o</span> <span class='ocrx_word' id='word_1_511' title='bbox 1572 5657 1599 5667; x_wconf 97' lang='lat'>-</span> <span class='ocrx_word' id='word_1_512' title='bbox 1622 5630 1682 5681; x_wconf 86' lang='lat' dir='ltr'>osto.</span> <span class='ocrx_word' id='word_1_513' title='bbox 1699 5629 1742 5681; x_wconf 82' lang='lat' dir='ltr'>ssd</span> 
     </span>
     <span class='ocr_line' id='line_1_48' title="bbox 414 5702 1742 5771; baseline 0.002 -18"><span class='ocrx_word' id='word_1_514' title='bbox 414 5703 490 5755; x_wconf 80' lang='lat' dir='ltr'>tibio</span> <span class='ocrx_word' id='word_1_515' title='bbox 515 5733 547 5742; x_wconf 94' lang='lat'>—</span> <span class='ocrx_word' id='word_1_516' title='bbox 573 5707 614 5756; x_wconf 76' lang='lat'>32.</span> <span class='ocrx_word' id='word_1_517' title='bbox 634 5706 695 5767; x_wconf 81' lang='lat' dir='ltr'>qaid</span> <span class='ocrx_word' id='word_1_518' title='bbox 711 5707 742 5755; x_wconf 79' lang='lat' dir='ltr'>sit</span> <span class='ocrx_word' id='word_1_519' title='bbox 757 5707 815 5760; x_wconf 81' lang='lat' dir='ltr'>Asis</span> <span class='ocrx_word' id='word_1_520' title='bbox 830 5706 861 5766; x_wconf 84' lang='lat' dir='ltr'>b;</span> <span class='ocrx_word' id='word_1_521' title='bbox 880 5709 936 5770; x_wconf 79' lang='lat' dir='ltr'>ossis</span> <span class='ocrx_word' id='word_1_522' title='bbox 951 5708 983 5757; x_wconf 80' lang='lat' dir='ltr'>sit</span> <span class='ocrx_word' id='word_1_523' title='bbox 997 5706 1055 5771; x_wconf 65' lang='lat' dir='ltr'>Auis</span> <span class='ocrx_word' id='word_1_524' title='bbox 1071 5716 1087 5753; x_wconf 93' lang='lat' dir='ltr'>o</span> <span class='ocrx_word' id='word_1_525' title='bbox 1104 5730 1137 5740; x_wconf 95' lang='lat'><em>-</em></span> <span class='ocrx_word' id='word_1_526' title='bbox 1159 5702 1199 5753; x_wconf 80' lang='grc'>33.</span> <span class='ocrx_word' id='word_1_527' title='bbox 1217 5703 1305 5754; x_wconf 73' lang='lat' dir='ltr'>addas</span> <span class='ocrx_word' id='word_1_528' title='bbox 1321 5716 1350 5754; x_wconf 87' lang='lat' dir='ltr'>s:</span> <span class='ocrx_word' id='word_1_529' title='bbox 1369 5704 1467 5754; x_wconf 83' lang='lat' dir='ltr'>atttitos</span> <span class='ocrx_word' id='word_1_530' title='bbox 1484 5706 1586 5757; x_wconf 83' lang='lat' dir='ltr'>BHbo</span> <span class='ocrx_word' id='word_1_531' title='bbox 1603 5730 1635 5742; x_wconf 93' lang='lat'>-</span> <span class='ocrx_word' id='word_1_532' title='bbox 1652 5704 1742 5756; x_wconf 72' lang='lat' dir='ltr'>austro</span> 
     </span>
     <span class='ocr_line' id='line_1_49' title="bbox 414 5773 1739 5843; baseline 0.005 -17"><span class='ocrx_word' id='word_1_533' title='bbox 414 5777 491 5829; x_wconf 82' lang='lat' dir='ltr'>ttbs&#39;b</span> <span class='ocrx_word' id='word_1_534' title='bbox 510 5804 536 5817; x_wconf 95' lang='lat'><em>-</em></span> <span class='ocrx_word' id='word_1_535' title='bbox 557 5778 597 5831; x_wconf 73' lang='lat' dir='ltr'>tt.</span> <span class='ocrx_word' id='word_1_536' title='bbox 616 5786 651 5830; x_wconf 82' lang='lat' dir='ltr'>ost</span> <span class='ocrx_word' id='word_1_537' title='bbox 669 5781 783 5843; x_wconf 79' lang='lat' dir='ltr'>tantetdt</span> <span class='ocrx_word' id='word_1_538' title='bbox 801 5793 884 5832; x_wconf 90' lang='lat' dir='ltr'>om.o</span> <span class='ocrx_word' id='word_1_539' title='bbox 902 5806 931 5819; x_wconf 95' lang='lat'><em>-</em></span> <span class='ocrx_word' id='word_1_540' title='bbox 948 5782 1015 5831; x_wconf 75' lang='lat' dir='ltr'>idom</span> <span class='ocrx_word' id='word_1_541' title='bbox 1030 5780 1092 5830; x_wconf 72' lang='lat' dir='ltr'>nabi</span> <span class='ocrx_word' id='word_1_542' title='bbox 1109 5779 1177 5830; x_wconf 80' lang='lat' dir='ltr'>Bab</span> <span class='ocrx_word' id='word_1_543' title='bbox 1195 5803 1222 5816; x_wconf 89' lang='lat'>-</span> <span class='ocrx_word' id='word_1_544' title='bbox 1241 5773 1320 5832; x_wconf 73' lang='lat' dir='ltr'>Immo</span> <span class='ocrx_word' id='word_1_545' title='bbox 1334 5792 1547 5833; x_wconf 67' lang='lat' dir='ltr'>coronamus</span> <span class='ocrx_word' id='word_1_546' title='bbox 1563 5783 1599 5831; x_wconf 80' lang='lat' dir='ltr'>sat</span> <span class='ocrx_word' id='word_1_547' title='bbox 1615 5790 1666 5843; x_wconf 85' lang='lat' dir='ltr'>op:</span> <span class='ocrx_word' id='word_1_548' title='bbox 1684 5792 1739 5832; x_wconf 89' lang='lat' dir='ltr'>om.</span> 
     </span>
     <span class='ocr_line' id='line_1_50' title="bbox 414 5851 1109 5920; baseline 0.006 -18"><span class='ocrx_word' id='word_1_549' title='bbox 414 5851 516 5904; x_wconf 78' lang='lat' dir='ltr'>Biton</span> <span class='ocrx_word' id='word_1_550' title='bbox 535 5880 561 5890; x_wconf 86' lang='lat'><em>-</em></span> <span class='ocrx_word' id='word_1_551' title='bbox 580 5855 676 5920; x_wconf 72' lang='lat' dir='ltr'>inquiet</span> <span class='ocrx_word' id='word_1_552' title='bbox 692 5856 733 5908; x_wconf 81' lang='lat' dir='ltr'>tlte</span> <span class='ocrx_word' id='word_1_553' title='bbox 749 5868 834 5920; x_wconf 78' lang='lat' dir='ltr'>omo</span> <span class='ocrx_word' id='word_1_554' title='bbox 852 5882 879 5894; x_wconf 95' lang='lat'>-</span> <span class='ocrx_word' id='word_1_555' title='bbox 901 5857 943 5909; x_wconf 81' lang='grc'>36.</span> <span class='ocrx_word' id='word_1_556' title='bbox 961 5856 1002 5908; x_wconf 80' lang='lat' dir='ltr'>ao</span> <span class='ocrx_word' id='word_1_557' title='bbox 1017 5866 1109 5906; x_wconf 79' lang='lat' dir='ltr'>omo.</span> 
     </span>
    </p>
   </div>
   <div class='ocr_carea' id='block_1_4' title="bbox 470 5944 1480 6014">
    <p class='ocr_par' dir='ltr' id='par_1_4' title="bbox 470 5944 1480 6014">
     <span class='ocr_line' id='line_1_51' title="bbox 470 5944 1480 6014; baseline -0.001 -20"><span class='ocrx_word' id='word_1_558' title='bbox 470 5944 652 5997; x_wconf 72' lang='lat' dir='ltr'>amoma.</span> <span class='ocrx_word' id='word_1_559' title='bbox 1438 5946 1480 6014; x_wconf 69' lang='lat' dir='ltr'>pq</span> 
     </span>
    </p>
   </div>
   <div class='ocr_carea' id='block_1_5' title="bbox 0 0 2185 7459">
    <p class='ocr_par' dir='ltr' id='par_1_5' title="bbox 0 0 2185 7459">
     <span class='ocr_line' id='line_1_52' title="bbox 0 0 2185 7459; baseline 0 0"><span class='ocrx_word' id='word_1_560' title='bbox 0 0 2185 7459; x_wconf 95' lang='lat' dir='ltr'> </span> 
     </span>
    </p>
   </div>
  </div>
 </body>
</html>
