4342 7459
721 1220 788 1282 so.
810 1220 834 1281 1.
865 1220 940 1283 cn.
960 1219 1195 1281 xrx-xxu.
1223 1215 1269 1300 §s
1291 1215 1433 1281 ia-so.
1672 1212 1734 1282 aaa

412 1379 560 1461 regiones
581 1387 614 1442 et
634 1399 756 1441 rursum
780 1378 867 1440 omni
889 1378 975 1439 cultu
997 1386 1126 1461 propter
1146 1379 1210 1439 vim
1232 1377 1358 1459 trigoris
1379 1384 1434 1440 aut
1447 1376 1558 1440 caloris
1574 1376 1734 1440 vacantis?
1763 1399 1766 1409 ·

411 1468 462 1535 to.
484 1474 550 1535 Nos
573 1473 655 1535 enim
678 1493 717 1535 ne
738 1493 822 1535 nunc
843 1471 970 1553 quidem
994 1472 1092 1534 oculis
1107 1471 1264 1533 cernimus
1280 1491 1331 1545 ea,
1354 1489 1435 1554 quae
1451 1470 1607 1543 videmus3
1630 1489 1735 1553 nequo

410 1573 460 1628 est
487 1566 573 1627 enim
601 1565 686 1628 ullus
716 1586 828 1627 sensus
856 1566 888 1627 in
918 1584 1068 1646 corpore,
1098 1566 1169 1637 sed,
1199 1573 1235 1627 ut
1256 1586 1319 1628 non
1342 1556 1463 1647 physici
1485 1563 1588 1626 solum
1611 1565 1734 1636 docent,-

410 1680 519 1722 verum
548 1659 646 1721 etiam
672 1660 803 1732 medici,
832 1659 887 1741 qui
915 1658 975 1720 ista
1004 1665 1113 1738 aperta
1135 1667 1166 1720 et
1188 1658 1347 1740 patefacta
1369 1659 1530 1731 viderunt,
1552 1658 1622 1720 vioe
1645 1653 1734 1741 quasi

409 1752 567 1836 quaedam
594 1762 668 1815 sunt
693 1753 734 1815 ad
763 1752 889 1826 oculos,
923 1752 962 1813 ad
990 1753 1093 1823 auris,
1124 1752 1165 1813 ad
1188 1753 1272 1817 narie
1293 1772 1313 1814 a
1335 1751 1409 1815 sede
1432 1752 1528 1814 animi
1550 1750 1758 1834 perforasse

410 1848 521 1928 ltaque
551 1867 645 1929 saepe
668 1856 722 1908 aut
743 1846 931 1927 cogitatione
953 1854 1008 1907 aut
1028 1846 1135 1928 aliqua
1158 1848 1188 1908 vi
1209 1846 1310 1908 morbi
1333 1846 1477 1929 impediti
1499 1845 1616 1927 apertis
1638 1853 1734 1926 atque

408 1940 540 2022 integris
563 1949 596 2003 et
616 1940 716 2002 oeulis
738 1948 769 2001 et
790 1939 918 2001 auribus
940 1959 999 2000 nec
1016 1938 1158 2001 videmus
1180 1959 1237 2002 neo
1253 1938 1415 2012 audimus,
1438 1947 1472 2000 ut
1486 1937 1578 2000 tacile
1593 1935 1734 2016 intellegi

409 2035 509 2115 possit
531 2034 670 2096 animum
693 2044 725 2096 et
747 2032 853 2095 videre
876 2042 907 2095 et
929 2033 1055 2106 audire,
1078 2052 1142 2095 non
1165 2054 1218 2096 eas
1239 2033 1354 2116 partis,
1376 2052 1458 2114 quae
1473 2032 1564 2112 quasi
1579 2030 1734 2093 fenestrae

409 2127 473 2188 sint
495 2108 616 2200 animi:
631 2128 747 2209 quihus
770 2136 875 2189 umen
898 2128 1013 2188 sentire
1036 2125 1116 2188 nihil
1139 2135 1234 2209 queat
1256 2146 1359 2197 mens,
1382 2126 1442 2188 nisi
1463 2123 1495 2187 id
1511 2133 1582 2205 agat
1596 2132 1628 2187 et
1641 2121 1733 2199 adsit.

409 2219 519 2293 Quint
543 2220 630 2303 quod
650 2220 761 2282 eadem
781 2229 886 2282 monte
908 2240 958 2282 res
985 2218 1210 2282 dissimillimas
1237 2218 1506 2300 comprendimus,
1527 2226 1562 2280 ut
1586 2217 1734 2288 colorem,
1745 2228 1772 2274 to

408 2332 572 2394 saporem,
605 2314 756 2388 calorem,
790 2315 935 2385 odorem,
968 2316 1104 2375 sonum?
1137 2332 1218 2393 quae
1249 2332 1419 2395 numquam
1442 2312 1584 2394 quinque
1617 2309 1734 2371 nuntiis

407 2409 533 2470 animus
556 2417 777 2489 cognosceret,
800 2409 860 2470 nisi
882 2407 921 2469 ad
945 2428 1015 2469 eum
1038 2409 1144 2469 omnia
1166 2406 1356 2468 referrentur
1378 2414 1410 2467 et
1431 2406 1457 2467 is
1477 2404 1617 2467 omnium
1639 2401 1735 2465 iudex

408 2500 497 2561 solue
520 2509 614 2561 esset.
647 2504 751 2582 Atque
774 2520 812 2563 ea
833 2499 975 2582 protecto
996 2509 1062 2562 tum
1085 2500 1184 2562 multo
1207 2500 1336 2582 puriora
1358 2507 1388 2561 el
1403 2499 1590 2561 dilucidiora
1605 2516 1735 2559 cemen-

408 2603 471 2666 tur,
502 2613 575 2656 oum
598 2614 661 2676 quo
693 2603 804 2657 natura
826 2593 886 2655 tert
907 2593 988 2655 iiher
1008 2594 1133 2655 animus
1156 2594 1356 2675 pervenerit..
1387 2588 1437 2653 it.
1460 2593 1538 2655 Nam
1562 2612 1644 2665 nunc
1666 2590 1735 2673 qui·

409 2685 491 2760 dem,
514 2707 706 2770 quamquam
728 2687 885 2750 foramina
906 2688 973 2762 illa,
998 2706 1080 2770 quae
1103 2686 1273 2768 patented
1296 2686 1434 2749 animum
1456 2705 1474 2748 a
1495 2706 1645 2768 corpore,
1672 2684 1772 2748 cal-ie

409 2779 564 2843 lidissimo
593 2781 726 2843 artificio
753 2788 864 2843 natura
884 2780 1035 2843 fabricata
1059 2788 1118 2852 cst,
1147 2788 1251 2843 tamen
1274 2781 1404 2843 terrenis
1426 2781 1645 2861 concretisque
1667 2798 1736 2841 cor·

409 2875 540 2956 poribus
569 2883 644 2936 sunt
671 2875 862 2955 intersaepta
892 2873 1028 2956 quodam
1058 2874 1169 2936 modo:
1201 2894 1274 2935 cum
1304 2883 1408 2936 autem
1431 2873 1509 2934 nihil
1531 2872 1591 2934 erit
1611 2879 1736 2954 praeter

409 2968 568 3041 animum,
591 2968 679 3029 nulla
699 2988 750 3030 res
773 2968 898 3030 obiecta
918 2967 1069 3049 impediet
1083 2985 1157 3049 ⁸quo
1180 2967 1284 3028 minus
1306 2966 1457 3049 percipiat
1476 2964 1570 3046 quale
1592 2962 1736 3047 quidque

408 3062 455 3124 sit.
493 3063 581 3124 XXl.
605 3060 755 3135 Quamvis
786 3061 917 3143 copiose
950 3061 1027 3123 haec
1058 3060 1246 3131 diceremus,
1279 3060 1306 3121 si
1337 3079 1387 3121 res
1420 3058 1609 3141 postularet,
1639 3078 1734 3142 quam

409 3156 522 3228 multe,
555 3175 650 3238 quam
673 3156 777 3228 varia,
805 3161 922 3238 quanta
944 3153 1123 3237 spectacula
1144 3154 1267 3215 animus
1288 3154 1321 3214 in
1344 3152 1421 3215 locis
1443 3152 1629 3216 caelestibus
1652 3159 1772 3215 esseteo

410 3246 588 3312 habiturus.
632 3244 682 3308 l8.
706 3248 796 3323 Quae
820 3249 947 3331 quidem
970 3248 1112 3328 cogitans
1134 3246 1222 3308 soleo
1245 3266 1339 3328 saepe
1362 3246 1468 3309 mirari
1489 3267 1554 3309 non
1575 3246 1734 3318 nullorum

409 3344 611 3406 insolentiam
634 3342 915 3424 philosophorum,
938 3341 994 3424 qui
1016 3350 1144 3403 naturae
1167 3340 1377 3421 cognitionem
1392 3339 1587 3404 admirantur
1601 3341 1734 3424 eiusque

410 3436 568 3498 inventori
599 3443 631 3497 et
669 3437 805 3518 principi
839 3437 954 3517 gratias
984 3434 1162 3496 exultantes
1190 3441 1287 3514 agunt
1318 3452 1456 3516 eumque
1483 3442 1673 3497 venerantur
1701 3440 1736 3496 ut

411 3528 520 3602 deum;
552 3528 703 3591 liberatos
731 3531 815 3591 enim
843 3549 877 3591 se
900 3549 957 3609 per
978 3548 1049 3590 eum
1072 3527 1180 3589 dicunt
1205 3527 1395 3608 gravissimis
1427 3526 1581 3600 dominis,
1613 3535 1734 3589 terrore

410 3623 604 3704 sempiterno
619 3631 651 3684 et
666 3622 781 3685 diurno
796 3643 833 3686 ac
848 3631 1002 3684 nocturno
1018 3628 1114 3682 metu.
1137 3619 1207 3694 Quo
1223 3621 1363 3682 terrore?
1386 3639 1450 3701 quo
1466 3624 1570 3683 metu‘l
1587 3639 1668 3704 quae
1684 3624 1733 3682 est
1743 3630 1771 3678 te

409 3735 485 3778 anus
508 3726 573 3778 tam
594 3716 694 3777 delira
716 3734 798 3798 quae
814 3716 923 3777 timeat
937 3716 1011 3786 ista,
1035 3733 1117 3796 qnae
1134 3734 1188 3776 vos
1203 3712 1366 3787 videlieet,
1387 3715 1414 3776 si
1429 3712 1558 3798 physica
1574 3736 1638 3779 non
1653 3718 1734 3781 didi·

409 3805 1735 3891 eissetis,timeretist1lcherunsiatemplaaltaOrci,pallidaieti,ohnu·

409 3902 488 3966 hila
511 3902 685 3965 tenebris
709 3902 804 3965 loca.
837 3905 907 3965 Nou
930 3901 1027 3984 pudet
1049 3900 1270 3982 philosophum
1293 3900 1326 3962 in
1341 3920 1379 3963 eo
1394 3901 1532 3984 gloriari,
1554 3904 1639 3987 quod
1653 3905 1735 3969 haec

408 4016 472 4060 nou
493 3997 605 4059 timeat
625 4004 658 4058 et
679 3995 763 4078 quod
785 3995 865 4058 falsa
887 4013 957 4057 esse
979 3994 1182 4074 cognoverit?
1211 3996 1235 4055 E
1257 4014 1322 4076 quo
1350 3994 1490 4077 intellegi
1514 4005 1618 4079 potest
1639 4020 1735 4082 wem

410 4090 492 4152 acuti
509 4099 622 4150 natura
639 4088 718 4160 sint,
741 4089 890 4169 quoniam
907 4089 984 4149 haec
1000 4088 1068 4150 sine
1084 4090 1227 4150 doctrina
1243 4088 1391 4150 credituri
1408 4088 1544 4152 luerunt.
1576 4088 1625 4152 l9.
1642 4095 1772 4158 Prae-to

410 4182 527 4244 clarum
550 4190 655 4243 autem
679 4183 784 4243 nescio
808 4179 883 4263 quid
906 4181 1013 4263 adepti
1036 4191 1125 4255 sunt,
1149 4181 1235 4264 quod
1259 4182 1435 4244 didicerunt
1455 4204 1504 4256 se,
1527 4206 1598 4249 oum
1613 4195 1735 4271 tempus

411 4275 518 4338 mortis
532 4273 680 4346 venisset,
698 4283 778 4336 totos
791 4294 859 4335 esse
876 4275 1047 4355 perituros.
1072 4275 1163 4349 Quod
1180 4283 1213 4335 ut
1227 4276 1269 4337 ita
1280 4276 1319 4336 sit
1330 4310 1369 4317 -
1381 4275 1461 4337 nihil
1474 4278 1558 4340 enim
1570 4301 1676 4363 pugno
1686 4316 1734 4355 -,

411 4367 485 4449 quid
516 4366 609 4428 hahet
637 4369 697 4430 ista
720 4389 772 4429 res
798 4376 854 4430 aut
880 4367 1026 4430 laetabile
1048 4378 1102 4430 aut
1123 4369 1317 4449 gloriosum?
1347 4370 1412 4431 Nec
1435 4379 1539 4433 tamen
1561 4373 1636 4436 mihi
1660 4396 1735 4438 sane

410 4461 580 4542 quicquam
608 4462 746 4522 occurrit
773 4481 829 4522 cur
859 4480 923 4522 non
952 4459 1146 4544 Pythagorae
1176 4464 1215 4523 sit
1243 4471 1274 4523 et
1302 4463 1440 4525 Platonis
1468 4485 1541 4528 vera
1571 4470 1735 4532 sententia.

411 4552 447 4614 Ut
470 4553 555 4614 enim
578 4554 730 4616 rationem
754 4554 843 4615 Plato
866 4554 985 4615 nullam
1007 4556 1142 4616 adferret
1159 4556 1285 4617 -vide
1302 4556 1378 4638 quid
1399 4558 1519 4620 homini
1536 4556 1669 4623 tribuam
1683 4573 1771 4636 -,³s

411 4648 479 4729 ipsa
500 4647 688 4709 anctoritate
712 4666 761 4707 me
784 4646 958 4729 frangeret:
981 4657 1026 4710 tot
1046 4658 1152 4710 autem
1170 4648 1308 4712 rationes
1323 4650 1441 4724 attulit,
1465 4660 1500 4712 ut
1517 4652 1595 4715 velle
1611 4656 1734 4731 ceteris,

412 4742 473 4805 sihi
495 4751 582 4803 certe
605 4741 798 4823 persuasisse
821 4740 974 4802 videatur.

494 4835 596 4895 xxii.
620 4831 670 4893 50.
702 4834 765 4895 Sed
788 4834 913 4916 plurimi
938 4841 1046 4896 contra
1067 4835 1209 4897 nituntur
1230 4837 1417 4920 animosque
1440 4840 1531 4921 quasi
1554 4841 1657 4922 capite
1681 4841 1735 4904 da-

413 4937 534 4991 mnatos
566 4935 666 4989 morte
701 4927 848 5000 multant,
882 4947 985 5010 neque
1012 4926 1100 4988 aliud
1130 4936 1178 4990 est
1200 4930 1370 5013 quicquam
1393 4952 1449 4994 cur
1474 4932 1669 4996 incredibilis
1696 4935 1735 4997 iis
1815 4909 1824 4939 ⁸

474 5158 499 5208 3.
518 5159 584 5206 enim
604 5161 640 5206 est
660 5157 679 5205 B
703 5181 729 5191 -
753 5157 777 5205 Ἰ.
796 5156 901 5218 intelligi
919 5156 944 5204 h.
964 5155 980 5204 l.
1000 5160 1026 5204 et
1044 5170 1068 5204 v.
1081 5157 1114 5205 29
1132 5159 1180 5208 Glt
1203 5185 1230 5195 -
1255 5160 1279 5210 8.
1298 5174 1347 5210 non
1365 5168 1524 5213 eus--euot
1540 5167 1619 5215 animi
1636 5170 1735 5219 Nonius

414 5246 437 5296 p.
455 5233 495 5283 36.
517 5258 542 5268 -
563 5232 588 5281 9.
606 5237 663 5279 eant
680 5233 699 5279 Ο
719 5257 746 5266 -
768 5232 806 5280 io.
827 5231 898 5293 Quid]
920 5232 962 5291 qui
980 5232 1028 5279 cu
1047 5235 1073 5279 et
1092 5235 1167 5291 (corr.
1189 5234 1247 5283 ead.
1267 5248 1302 5284 m.
1322 5236 1431 5298 inquid)
1450 5238 1467 5286 Β
1488 5266 1515 5274 -
1534 5240 1699 5291 disimitiimcs
1715 5245 1735 5292 G

416 5332 441 5342 -
458 5307 686 5368 comprehendimus
702 5306 722 5354 0
740 5331 767 5339 -
788 5306 830 5354 lt.
849 5306 976 5362 cilicii,
995 5308 1139 5356 ntidemO
1160 5333 1187 5344 -
1208 5307 1245 5357 li.
1265 5310 1424 5360 Ncm--od
1440 5314 1537 5362 animos
1552 5328 1569 5363 o
1585 5329 1736 5376 corpore--

415 5387 505 5430 wara
522 5381 665 5442 {conemur
676 5380 775 5428 Nonius
793 5392 817 5441 p.
833 5379 873 5427 35.
890 5405 915 5413 -
936 5380 975 5427 45.
994 5380 1144 5429 calidissimo
1161 5383 1181 5431 a
1200 5407 1226 5417 -
1247 5384 1285 5432 ⁴7.
1305 5385 1469 5446 interseptae
1483 5412 1509 5421 -
1525 5389 1564 5438 48.
1578 5391 1651 5450 quote
1662 5392 1736 5452 quid·

415 5468 459 5516 que
474 5459 510 5504 est
527 5455 596 5503 Bake
615 5452 631 5503 l.
645 5452 660 5503 l.
681 5468 706 5517 p.
720 5455 760 5503 76.
781 5479 807 5489 -·
835 5455 875 5503 25.
895 5455 985 5503 dianio
1007 5460 1146 5505 sooctamu
1169 5458 1188 5506 ll
1208 5485 1234 5495 -
1257 5460 1297 5509 27.
1315 5460 1467 5510 Acherunsia
1487 5464 1578 5524 tempto
1597 5466 1651 5514 cita
1667 5466 1735 5526 Orci,

416 5528 529 5591 [sancta]
545 5529 646 5585 salvete,
665 5529 779 5592 inserat!
797 5527 894 5575 Pallida
909 5528 964 5587 teti,
983 5530 1099 5579 obnubilo
1116 5532 1220 5581 tenebris
1238 5532 1318 5595 lotos,
1337 5536 1450 5599 selemia]
1469 5537 1539 5586 mccl
1557 5537 1655 5589 Vahlen
1669 5540 1734 5589 Eun.

415 5606 487 5654 Pois.
507 5602 562 5653 Rel.
582 5615 608 5665 p.
629 5603 675 5650 ⁴02
693 5600 750 5651 coll.
770 5602 888 5651 Varrone
907 5604 934 5651 L.
949 5605 975 5654 L.
990 5605 1042 5662 Vll,
1056 5607 1079 5655 6.
1099 5609 1196 5668 (sancta
1213 5608 1313 5658 addidit
1330 5610 1358 5658 0.
1373 5610 1509 5672 Ribbeck.)
1525 5637 1551 5648 -
1570 5613 1735 5663 Αοὴσηυίαο

417 5703 441 5714 -
459 5680 501 5727 teti
517 5677 619 5727 osubito
636 5679 698 5732 otu
717 5677 764 5725 telo
780 5678 865 5725 noddo
883 5679 916 5734 u;
940 5678 995 5736 loti,
1019 5680 1112 5729 Nobila
1129 5682 1148 5730 0
1169 5708 1195 5716 -
1217 5682 1257 5733 30.
1277 5686 1555 5746 quoniomnfuemnt
1577 5688 1611 5736 C:
1637 5690 1680 5749 qui
1696 5714 1736 5726 ··

415 5752 507 5811 {saint
523 5753 557 5808 0.
582 5750 641 5800 coll.
660 5753 802 5816 Wopkens.
822 5766 846 5816 p.
867 5753 906 5801 ⁴9.
926 5755 1046 5804 Gareton.
1065 5756 1099 5805 ad
1123 5755 1210 5806 llilon.
1230 5771 1255 5821 p.
1275 5761 1331 5809 ⁴05.
1350 5761 1414 5810 Bon.
1435 5784 1462 5796 —
1488 5760 1527 5811 32.
1545 5765 1574 5809 ot
1595 5775 1649 5813 om.
1669 5766 1688 5814 u
1705 5789 1732 5800 -

417 5825 454 5876 23.
472 5826 586 5877 tostobde
603 5827 650 5875 Gli
672 5854 696 5862 -
717 5827 757 5876 35.
776 5829 842 5876 enim
858 5841 947 5876 wem
961 5830 1084 5879 rotiomm
1102 5831 1158 5893 (sed
1175 5845 1261 5882 ueram
1278 5833 1337 5885 ead.
1352 5846 1387 5884 m.
1401 5836 1505 5899 punctis
1523 5838 1649 5900 notatum)
1667 5840 1687 5889 G
1706 5862 1733 5875 -

418 5899 454 5951 28.
472 5901 660 5964 domavit}
680 5925 707 5935 -
726 5899 767 5950 ³⁹.
785 5900 898 5952 ioco.
