4342 7459
435 1229 477 1296 58
781 1235 1102 1301 scannulcontttt
1123 1233 1410 1300 Posrsntontm

435 1405 560 1488 gatione
582 1404 792 1481 concludunt,
813 1406 931 1469 nullam
954 1405 1095 1488 deniqne
1117 1412 1214 1467 artem
1241 1424 1311 1468 esse
1336 1424 1395 1467 nec
1421 1403 1546 1467 dicendi
1573 1424 1631 1467 nec
1656 1405 1757 1470 diese-

434 1499 523 1561 rendi
552 1507 673 1581 putant.
715 1501 780 1563 Nos
806 1506 912 1562 autem
941 1499 1118 1581 praeceptis
1145 1497 1384 1563 dialecticorum
1413 1506 1446 1561 et
1470 1507 1629 1562 oratorum
1652 1500 1757 1574 ctiam,

434 1592 582 1675 qnoniam
611 1600 777 1675 utramque
803 1593 867 1655 vim
895 1593 1041 1655 virtutem
1071 1612 1141 1655 esse
1164 1593 1262 1656 nostri
1291 1600 1419 1673 putant,
1452 1592 1498 1655 sic
1525 1600 1690 1674 parentes,
1722 1600 1759 1655 ut

434 1684 573 1766 legibus,
596 1686 699 1748 verbis
722 1706 852 1770 quoqne
875 1687 967 1749 novis
982 1686 1122 1767 cogimur
1136 1685 1202 1748 uti:
1225 1705 1307 1768 quae
1321 1686 1422 1760 docti,
1444 1693 1480 1747 ut
1495 1685 1575 1759 dixi,
1597 1705 1615 1747 a
1630 1685 1758 1749 Graecis

410 1787 542 1862 opetere
571 1779 702 1853 malent,
732 1779 850 1843 indocti
879 1799 920 1841 ne
949 1799 967 1841 a
996 1779 1088 1841 nobis
1111 1778 1239 1862 quidem
1261 1780 1434 1862 accipient,
1463 1788 1499 1842 ut
1519 1778 1634 1842 trustra
1656 1779 1759 1842 omnis

435 1872 626 1954 suscipiatur
645 1872 741 1934 tabor.
785 1871 814 1937 o.
837 1874 902 1935 lam
925 1894 999 1936 vcro
1021 1872 1169 1956 physica,
1198 1873 1224 1935 si
1246 1873 1430 1954 Epicurum,
1452 1871 1485 1936 id
1507 1880 1571 1947 est,
1596 1873 1623 1936 si
1645 1875 1761 1937 Demo-

435 1966 546 2028 critum
575 1966 758 2047 probarem,
785 1988 911 2050 possem
939 1968 1076 2029 scribere
1104 1966 1147 2028 ita
1178 1966 1287 2048 plane,
1313 1975 1349 2029 ut
1378 1967 1560 2030 Amafinius.
1605 1966 1690 2041 Quid
1713 1974 1762 2031 est

435 2059 518 2121 enim
542 2079 707 2142 magnum,
730 2082 799 2124 oum
815 2081 925 2124 causas
941 2080 1046 2122 rerum
1063 2058 1228 2123 efficientis
1243 2061 1427 2134 sustuleris,
1446 2062 1486 2124 de
1501 2063 1761 2145 corpusculorum
1779 2096 1781 2100 ·

434 2154 542 2216 -ita
571 2154 656 2217 enim
682 2155 821 2238 appellat
849 2164 971 2218 atomos
993 2190 1034 2201 -
1056 2155 1265 2218 concursione
1291 2154 1420 2217 fortuita
1442 2155 1557 2237 loquit
1591 2157 1705 2220 Nostra
1726 2163 1761 2220 tu

399 2246 566 2330 inphysica
595 2248 698 2311 nosti:
728 2269 808 2330 quae
837 2270 907 2311 cum
937 2249 1157 2312 contineantur
1185 2268 1224 2311 ex
1255 2248 1419 2311 effectione
1444 2256 1538 2311 etex
1559 2251 1691 2313 materia
1713 2269 1761 2324 ea,

436 2359 531 2424 qnam
564 2341 655 2423 fingit
686 2349 718 2404 et
744 2342 860 2405 format
881 2343 1021 2416 ellectio,
1055 2340 1236 2405 adhibenda
1258 2343 1352 2404 etiam
1375 2342 1546 2423 geometria
1568 2350 1630 2405 est:
1665 2363 1760 2426 quam

436 2433 623 2516 quibusnam
646 2436 812 2519 quisquam
835 2438 1002 2499 enuntiare
1017 2435 1120 2500 verbis
1142 2444 1195 2498 aut
1211 2456 1305 2519 quem
1320 2436 1360 2498 ad
1375 2435 1623 2517 intellegendum
1638 2436 1757 2520 poterit

436 2524 615 2588 adduceret
644 2529 730 2591 Haeo
751 2529 820 2612 ipsa
843 2531 882 2592 de
903 2531 967 2592 vita
995 2537 1027 2592 et
1048 2529 1187 2592 moribus
1211 2538 1242 2592 et
1265 2530 1304 2591 de
1328 2530 1514 2612 expetendis
1535 2530 1761 2612 fugiendisque

437 2620 531 2682 rebus
542 2620 579 2655 ss
593 2621 641 2684 illi
656 2624 738 2685 enim
755 2624 939 2706 simpliciter
952 2610 1084 2706 pecudis
1100 2631 1131 2684 et
1149 2622 1285 2685 bominis
1300 2622 1385 2685 idem
1400 2623 1517 2685 bonum
1534 2643 1603 2685 esse
1615 2629 1761 2686 censent:

400 2730 428 2776 11
437 2711 521 2795 apud
549 2722 674 2777 nostros
703 2725 807 2779 autem
829 2737 894 2779 non
917 2718 1042 2798 ignoras
1066 2736 1147 2799 quae
1171 2718 1212 2779 sit
1233 2725 1265 2778 et
1287 2725 1404 2799 quanta
1427 2716 1592 2779 subtilitas.
1637 2713 1666 2777 7.
1690 2717 1763 2780 Sive

438 2805 521 2869 enim
552 2812 711 2871 Zenonem
740 2831 891 2894 sequare,
922 2831 1069 2893 magnum
1097 2817 1145 2873 est
1174 2810 1299 2872 efficere
1327 2819 1363 2872 ut
1384 2812 1456 2893 quis
1478 2810 1656 2892 intellegat,
1685 2809 1763 2893 qnid

437 2900 478 2962 sit
496 2900 575 2963 illud
591 2922 699 2964 verum
716 2911 747 2965 et
762 2905 897 2988 simplex
911 2905 1038 2977 bonum,
1054 2905 1139 2987 quod
1156 2925 1219 2966 non
1235 2905 1337 2987 possit
1351 2904 1390 2965 ab
1406 2904 1568 2967 honestate
1584 2904 1706 2984 seiungi
1721 2936 1764 2949 -

438 2996 523 3076 quod
544 2996 664 3059 bonum
687 2997 780 3080 quale
803 3000 843 3061 sit
865 3007 959 3081 negat
980 3001 1109 3061 omnino
1129 2999 1285 3080 Epicurus
1305 2998 1374 3059 sine
1398 2997 1613 3080 voluptatibus
1635 3017 1763 3060 sensnm

437 3091 636 3154 moventibus
658 3111 699 3156 ne
720 3093 873 3175 suspicari
896 3092 1025 3176 quidem
1042 3115 1098 3154 -ε
1120 3093 1147 3155 si
1169 3112 1245 3155 vero
1268 3090 1469 3155 Academiam
1494 3099 1632 3153 veterem
1656 3109 1764 3172 perse·

400 3202 587 3266 aequamur,
611 3205 705 3269 quam
721 3207 794 3261 nos,
816 3195 851 3250 ut
866 3188 943 3261 scis,
965 3187 1153 3270 probamus,
1176 3205 1271 3269 quam
1287 3192 1381 3247 erunt
1399 3185 1453 3247 illa
1468 3194 1559 3246 acute
1576 3183 1765 3266 explicanda

440 3279 550 3341 nobisl
580 3300 675 3363 quam
702 3289 829 3363 argute,
858 3302 953 3364 quam
975 3282 1110 3343 obscure
1133 3281 1227 3343 etiam
1250 3285 1357 3341 contra
1380 3279 1502 3341 Stoicos
1526 3277 1763 3341 disserendum!

442 3373 555 3435 Totum
584 3374 682 3455 igitur
709 3375 788 3436 illud
816 3376 1035 3457 philosophiae
1058 3376 1196 3438 studium
1219 3372 1295 3435 mibi
1320 3372 1448 3454 quidem
1470 3373 1538 3454 ipse
1561 3393 1650 3435 sumo
1673 3371 1765 3435 etad

439 3466 522 3529 ritae
553 3470 762 3531 constantiam
796 3477 948 3551 quantum
985 3489 1113 3550 possum
1152 3476 1184 3530 et
1218 3467 1257 3529 ad
1286 3466 1527 3529 delectationem
1560 3468 1673 3541 animi,
1706 3487 1766 3530 nec

439 3558 538 3622 ullum
568 3562 719 3636 arbitror,
747 3569 782 3624 ut
809 3562 894 3644 apud
923 3561 1085 3624 Platonem
1115 3570 1181 3635 est,
1212 3562 1312 3623 maius
1335 3569 1391 3624 aut
1411 3560 1523 3623 melius
1545 3581 1563 3623 a
1586 3561 1634 3623 dis
1657 3560 1766 3625 datum

436 3893 620 3958 gumentatione
642 3893 766 3957 Bentley,
790 3896 817 3943 at
838 3893 907 3944 bene
932 3893 1016 3944 attulit
1037 3893 1114 3944 Orelli
1137 3893 1314 3944 Alexandrum
1338 3893 1453 3957 Aphrod.
1479 3893 1549 3959 apud
1573 3894 1680 3946 suidam
1698 3910 1720 3946 s.
1739 3911 1765 3947 v.

436 3964 627 4033 διεξοδικούςε
654 3966 708 4034 τὴν
732 3965 912 4034 διαλεκτικὴν
924 3998 962 4007 --
973 3966 1016 4035 μὴ
1041 3966 1216 4034 διεξοδικοὺς
1241 3971 1388 4020 ,11ιεῖ11911
1414 3967 1481 4033 τοὺς
1503 3968 1623 4036 λόγους,
1651 3965 1712 4038 ἀλλ’
1736 3972 1767 4023 ἐν

437 4041 573 4115 ἐρωτήσει
591 4039 816 4114 1111211111111.
839 4046 877 4096 Cl.
896 4047 976 4095 etiam
994 4046 1086 4109 fragm.
1107 4048 1169 4114 aspi
1186 4042 1353 4115 ἐρωτήσεως
1370 4048 1395 4095 in
1414 4046 1488 4095 libet.
1508 4048 1550 4094 Gr.
1571 4045 1613 4093 ed.
1633 4039 1730 4109 Speirg.
1746 4048 1765 4107 l,

438 4120 486 4169 ltili
498 4124 525 4169 et
536 4121 589 4169 Cic.
601 4119 635 4170 de
648 4121 717 4170 Orat.
728 4122 747 4180 l,
761 4121 776 4184 fi
787 4120 860 4171 11-
875 4122 898 4168 1.
912 4122 1054 4185 disserendi]
1066 4122 1187 4171 scribendi
1199 4125 1256 4169 G-
1271 4123 1295 4170 8.
1309 4122 1435 4170 raetorum
1447 4121 1515 4169 coni.
1528 4122 1626 4170 Pearee
1640 4147 1664 4156 -
1680 4124 1765 4185 etiam]

437 4198 460 4242 et
480 4195 535 4252 Λ1;
558 4196 633 4243 etiam
657 4208 710 4245 om.
729 4196 827 4245 Manui.
848 4197 876 4244 et
893 4193 984 4245 Lamb.
1006 4223 1033 4232 -
1058 4197 1081 4245 3.
1100 4196 1224 4259 virtutem]
1250 4208 1329 4243 unam
1346 4196 1490 4253 bisuntium
1515 4194 1641 4257 equidem
1659 4195 1765 4247 malim:

437 4274 571 4329 utramque
580 4284 659 4319 unam
669 4273 793 4320 virtutem.
809 4272 847 4321 De
861 4285 918 4320 voc.
932 4270 1100 4320 1111111101
1114 4272 1183 4319 Orat.
1197 4271 1239 4329 111,
1253 4269 1267 4332 ἓ
1280 4269 1320 4318 65.
1335 4295 1360 4303 -
1379 4270 1414 4316 sic
1425 4281 1478 4317 om.
1494 4271 1513 4318 G
1525 4294 1550 4303 —
1566 4268 1590 4319 l.
1604 4284 1700 4331 quoque
1712 4273 1765 4331 GV,

439 4346 468 4393 ut
484 4346 553 4393 coni.
567 4345 685 4395 Ernesti:
704 4359 858 4407 quamquam
869 4352 888 4395 Α
899 4349 917 4396 Ρ
927 4361 954 4405 1;
972 4359 1161 4407 nonnumquam
1178 4345 1272 4395 Davics
1287 4370 1311 4380 -
1333 4344 1357 4393 1.
1370 4344 1462 4391 mutent
1473 4370 1487 4380 -
1497 4370 1510 4379 -
1522 4345 1643 4405 accipient
1654 4346 1765 4396 Davies:

438 4419 539 4468 11111111
550 4446 588 4457 --
599 4422 726 4483 accipiunt
742 4422 824 4470 Cr-
843 4421 943 4485 indocti]
962 4422 1014 4469 iam
1029 4434 1088 4469 vero
1100 4419 1129 4469 G¹
1143 4447 1169 4455 -
1190 4435 1206 4469 a
1224 4418 1293 4468 nobis
1309 4431 1340 4467 ne
1356 4432 1409 4466 acc.
1423 4418 1521 4479 quidem
1537 4419 1588 4477 10Ι
1609 4432 1766 4482 perperam

438 4507 470 4543 ne
485 4507 502 4543 a
518 4494 588 4543 nabis
603 4497 716 4557 quiden,
741 4498 769 4544 ut
786 4498 827 4545 est
843 4497 869 4545 in
888 4497 923 4556 C,
947 4494 1025 4544 Orelli
1046 4496 1211 4556 arrogantius
1229 4492 1327 4543 dictum
1346 4496 1433 4558 putat,
1458 4494 1484 4542 in
1507 4506 1538 4542 ne
1549 4518 1586 4529 ·-
1598 4495 1697 4555 quidem
1713 4496 1767 4546 vim

439 4569 553 4632 augendi
571 4583 631 4620 esse
648 4573 779 4628 staturum
798 4572 826 4619 at
842 4569 904 4619 nihil
922 4568 992 4619 eliud
1009 4571 1079 4619 valet
1096 4572 1144 4620 nisi
1162 4572 1282 4619 nostrum
1295 4570 1477 4619 «1111111111».
1490 4595 1523 4604 -
1540 4568 1650 4617 1111111
1665 4582 1692 4617 r:
1712 4582 1767 4619 om.

440 4645 474 4705 C,
497 4644 545 4695 sed
568 4644 630 4695 add.
653 4648 695 4695 est
717 4658 775 4695 voc.
800 4646 826 4694 in
849 4647 868 4694 G
893 4646 918 4693 in
938 4658 1021 4706 marg.
1040 4657 1077 4694 m.
1096 4647 1213 4701 recent.;
1241 4645 1266 4694 iu
1284 4647 1302 4694 Ρ
1321 4657 1412 4707 margo
1430 4644 1523 4693 habet:
1552 4645 1631 4693 amnis
1648 4657 1726 4705 opera
1742 4646 1769 4693 in

438 4720 572 4769 scribendis
588 4719 636 4768 iltis
652 4721 816 4782 susciperetur
831 4720 941 4782 [rustrm
961 4733 1011 4782 ego
1029 4718 1133 4770 aialim:
1155 4721 1235 4769 omnis
1250 4718 1370 4768 scribendi
1388 4720 1460 4767 11111
1477 4716 1527 4778 (vel
1544 4720 1628 4779 opera)
1646 4720 1769 4779 11111111-

438 4800 489 4845 tur.
511 4823 536 4833 -
555 4796 581 4844 id
597 4794 640 4859 eet]
657 4796 722 4844 idem
739 4798 759 4845 G
776 4822 809 4832 -
825 4796 849 4844 7.
867 4798 1003 4857 pessumi
1024 4819 1049 4829 -
1069 4795 1217 4856 Amaianius
1234 4796 1268 4851 C,
1290 4795 1392 4857 sanutus
1408 4808 1422 4842 r
1444 4820 1476 4830 -
1498 4794 1523 4843 8.
1542 4794 1673 4855 efficientes
1689 4794 1769 4843 Lam-

440 4870 531 4921 binus:
549 4872 706 4935 emeientium
718 4871 797 4929 Gor,
816 4883 896 4933 quam
914 4868 1054 4921 lectionem
1072 4872 1160 4932 inepte
1179 4869 1297 4919 defendit
1308 4868 1468 4919 Wernsdori
1478 4870 1502 4918 in
1514 4869 1584 4929 Sper.
1597 4869 1670 4917 1111.
1683 4869 1768 4930 ptitot.

438 4947 466 4994 tn
482 4947 558 4996 dead.
578 4948 768 5009 (Leucopetrae
785 4945 857 5005 1801)
876 4958 903 5008 p.
917 4945 955 4994 10.
976 4970 1003 4979 -
1024 4946 1048 4993 9.
1068 4946 1195 5005 appeliant
1212 4946 1232 4993 G
1252 4969 1277 4979 -
1299 4945 1338 4992 10.
1355 4945 1476 5005 phisicam
1493 4943 1551 5002 PV,
1571 4942 1771 5003 philosophetur

442 5047 469 5057 -
487 5035 544 5070 cum
561 5022 653 5072 GPV:
673 5034 727 5071 om.
744 5022 819 5071 Aor
837 5046 864 5057 -
883 5033 940 5069 cum
956 5021 1121 5080 conficiantur
1139 5021 1225 5069 Moser
1243 5020 1268 5069 in
1281 5020 1364 5079 Spmb.
1377 5021 1433 5068 erit.
1447 5020 1481 5067 ad
1493 5019 1542 5068 Cic.
1556 5032 1631 5081 spec.
1644 5020 1687 5078 lv,
1706 5033 1732 5083 p.
1743 5019 1769 5070 8.

442 5122 468 5132 -
488 5109 519 5146 ea
536 5109 600 5157 quae
617 5098 636 5145 G
651 5122 677 5131 -
697 5098 738 5145 11.
757 5097 833 5144 etiam
850 5097 869 5145 G
888 5099 915 5145 et
932 5097 1077 5145 Manutius:
1097 5095 1162 5144 enim
1179 5095 1283 5144 APVr
1300 5096 1358 5144 etO
1376 5107 1437 5145 cum
1455 5096 1530 5156 signo
1548 5096 1673 5144 crucis-
1694 5108 1770 5156 quam

441 5171 548 5221 Durand
568 5172 643 5233 siguo
664 5172 876 5234 interrogationis
899 5176 958 5234 post
979 5171 1102 5219 adducere
1123 5172 1224 5234 posito:
1251 5172 1370 5232 quoniam
1392 5171 1475 5227 Gor,
1502 5168 1550 5218 sed
1573 5171 1593 5219 0
1616 5183 1676 5219 cum
1694 5171 1770 5232 signo

441 5249 541 5303 crucis,
559 5246 612 5295 iam
629 5248 772 5303 Manutius,
792 5260 946 5308 quamquam
963 5246 1078 5301 Ernesti,
1097 5247 1157 5307 quin
1174 5247 1249 5295 etiem
1268 5246 1376 5303 Davies3
1395 5246 1514 5306 quoniam
1531 5243 1650 5293 defendit
1666 5244 1771 5308 Madvig

441 5338 467 5389 p.
483 5324 529 5373 108
547 5322 734 5372 emendatione
748 5322 865 5373 [iurandi
883 5336 934 5372 non
947 5324 1059 5384 cognita.
1075 5349 1101 5357 -
1123 5322 1162 5371 13.
1176 5322 1299 5370 adducere
1314 5322 1374 5369 boec
1391 5322 1446 5382 ipsa
1463 5320 1537 5376 edd.;
1558 5321 1699 5369 addnmre?
1715 5321 1771 5369 lam

440 5411 499 5448 nero
516 5398 546 5446 de
560 5397 613 5445 otta
631 5400 682 5447 cet.
702 5396 818 5447 Durand.
845 5398 898 5446 Nos
915 5397 1018 5459 signum
1037 5395 1146 5445 lacunae
1165 5399 1225 5458 post
1241 5395 1313 5445 rebus
1331 5397 1481 5458 posuimus,
1506 5396 1688 5457 praedicatum
1707 5408 1771 5446 sen-

441 5475 554 5534 tentiae,
572 5471 645 5523 velut
661 5487 753 5534 «quam
769 5473 840 5521 varie
856 5474 1033 5521 trectanturtn
1053 5470 1218 5521 intercidisse
1236 5473 1293 5520 rati.
1313 5498 1340 5505 -
1360 5476 1383 5519 et
1399 5472 1428 5519 de
1446 5472 1478 5519 C:
1497 5472 1526 5519 de
1544 5472 1585 5520 10
1600 5497 1625 5504 -
1646 5470 1686 5521 et.
1705 5471 1772 5520 11111

443 5565 495 5601 om.
516 5549 623 5608 lamb,
642 5551 701 5612 post
715 5550 816 5610 pecudis
833 5547 915 5597 habet
932 5549 951 5596 G
973 5574 994 5582 -
1019 5547 1057 5594 15.
1077 5552 1160 5594 umen
1178 5547 1299 5596 Guietus:
1318 5547 1382 5594 enim
1400 5545 1443 5593 Cr
1462 5571 1488 5580 —
1512 5545 1551 5593 16.
1569 5550 1689 5606 sequatur
1706 5547 1767 5594 G-

443 5627 483 5675 11.
501 5625 596 5688 verum]
613 5638 692 5674 unum
709 5623 815 5673 Walter
835 5651 861 5659 -
878 5628 957 5684 potest
975 5635 989 5670 r
1011 5648 1034 5657 -
1055 5622 1094 5670 18.
1114 5622 1214 5669 omnino
1231 5626 1306 5681 nepot
1323 5621 1355 5673 G:
1380 5632 1405 5668 se
1420 5625 1495 5682 nepot
1511 5633 1534 5668 o.
1554 5620 1612 5669 lias.
1635 5647 1660 5656 -
1681 5620 1721 5669 19.
1740 5634 1771 5669 ne

441 5702 565 5762 ruspiceui
581 5701 680 5761 quidem
696 5698 818 5750 Durand:
836 5712 880 5747 nec
896 5696 1019 5759 suspicari
1037 5697 1121 5750 G0r;
1142 5695 1175 5745 ci.
1190 5696 1301 5757 iladvig.
1315 5694 1347 5742 ad
1362 5695 1415 5743 Cic.
1429 5694 1462 5743 de
1482 5695 1544 5743 dnn.
1564 5707 1588 5755 p.
1602 5693 1659 5743 819.
1682 5693 1771 5743 Cbrist

443 5776 533 5826 statuit
550 5778 611 5825 ante
629 5789 673 5825 nec
689 5787 754 5835 unp.
774 5771 886 5822 verbum
904 5773 993 5821 sentire
1011 5773 1185 5822 intercidisse.
1207 5798 1233 5808 -
1252 5772 1273 5818 si
1290 5770 1356 5833 uero]
1373 5772 1423 5820 sive
1439 5769 1619 5820 Turnebus-
1637 5781 1770 5829 perseque-

443 5864 501 5900 mur
518 5852 537 5900 P
556 5878 583 5887 -
607 5850 648 5900 10.
669 5862 746 5911 quam
764 5862 815 5898 nou
834 5853 861 5896 ut
885 5849 919 5906 C,
946 5861 1022 5909 quam
1038 5851 1066 5896 ut
1081 5861 1096 5897 r
1114 5872 1139 5882 -
1162 5851 1234 5897 nunt
1251 5846 1371 5897 Ernesti:
1398 5852 1453 5897 erat
1470 5848 1504 5906 G,
1528 5846 1575 5895 erit
1592 5844 1721 5895 GPVOr
1738 5867 1766 5879 -

444 5926 485 5977 21.
502 5925 565 5975 illud
580 5926 659 5991 ipttur
675 5926 696 5976 G
715 5950 741 5962 -
760 5923 802 5975 23.
820 5928 942 5986 11111111
958 5922 1018 5973 PV.
