4342 7459
687 1259 755 1324 Lm.
769 1260 809 1322 ll.
840 1258 914 1324 Car.
929 1259 1221 1325 xxvi-xxvii.
1248 1256 1294 1343 §§
1309 1255 1350 1322 64
1359 1255 1458 1326 -69,
1672 1245 1734 1320 9644

497 1419 628 1483 XXVII.
661 1416 713 1482 67.
741 1420 827 1483 llaec
849 1419 946 1501 igitur
966 1420 1176 1485 Athenienses
1198 1420 1255 1484 tui.
1292 1418 1354 1484 Sed
1376 1419 1539 1483 videamus
1561 1419 1734 1494 Platonem,

414 1514 468 1600 qui
496 1515 580 1576 iusta
607 1514 756 1577 lunarum
785 1515 876 1578 reicit
901 1514 941 1576 ad
969 1514 1157 1597 interpretes
1178 1512 1383 1597 religionum:
1417 1533 1510 1597 quem
1533 1534 1592 1578 noe
1614 1533 1734 1577 morem

412 1617 567 1673 tenemus.
609 1608 656 1671 Da
685 1606 860 1691 sepulchris
888 1617 994 1672 autem
1021 1609 1098 1672 dicit
1125 1608 1211 1672 haec
1256 1610 1348 1672 Vetat
1370 1628 1411 1671 ex
1432 1627 1508 1691 agro
1530 1607 1616 1671 culto
1645 1626 1735 1679 eove,

413 1703 469 1788 qui
496 1700 559 1764 coli
585 1700 702 1783 possit,
731 1700 827 1764 ullam
857 1709 977 1785 partem
1007 1704 1089 1766 sumi
1117 1702 1305 1786 sepulchr03
1340 1703 1395 1766 sed
1424 1722 1507 1786 quae
1535 1710 1646 1764 natura
1667 1700 1734 1783 agri

411 1803 533 1859 tantum
564 1795 659 1857 modo
688 1791 813 1857 efficere
844 1798 963 1877 possit,
996 1803 1031 1858 ut
1060 1806 1253 1860 mortuorum
1286 1816 1418 1880 corpora
1447 1796 1516 1860 sine
1545 1793 1758 1859 destinentur

411 1890 556 1953 virorum
582 1888 731 1972 recipiat,
761 1908 799 1951 ea
826 1889 1026 1972 potissimum
1049 1898 1085 1952 ut
1106 1889 1307 1972 conpleatur:
1337 1909 1418 1973 6666
1440 1898 1543 1954 autem
1565 1897 1649 1952 terra
1670 1888 1736 1951 iru-

412 2002 467 2066 gos
488 1978 572 2044 ferre
594 1988 626 2044 et
647 1989 682 2044 ut
703 1990 802 2045 mater
823 1982 911 2045 cibos
934 1985 1138 2065 suppeditare
1160 1985 1276 2067 possit,
1307 2004 1374 2047 eam
1402 2005 1442 2048 66
1470 1985 1541 2067 quie
1564 1985 1655 2048 nohis
1677 1983 1735 2046 rni-

411 2083 488 2139 nuat
515 2095 597 2138 neve
625 2075 715 2138 vivos
744 2095 824 2137 neve
852 2084 1003 2138 mortuus.
1053 2074 1105 2138 68.
1138 2078 1266 2160 Exstrui
1293 2087 1397 2142 autem
1426 2087 1510 2142 vetat
1531 2077 1734 2161 sepulchrum

412 2170 507 2234 altius
537 2189 631 2253 quam
661 2169 746 2252 6666
776 2170 903 2251 quinque
924 2171 1056 2232 homines
1085 2172 1226 2254 quinque
1254 2171 1367 2234 diebus
1397 2173 1606 2246 absolverint,
1634 2189 1734 2234 neca

411 2263 516 2349 lapide
539 2264 669 2326 excitari
692 2264 765 2345 plus
786 2283 845 2327 neo
867 2264 976 2345 inponi
999 2284 1094 2346 quam
1118 2263 1204 2347 6666
1227 2267 1327 2349 capiat
1348 2264 1473 2329 laudern
1497 2265 1629 2338 mortui,
1656 2262 1773 2327 inci-¹⁰

411 2377 476 2422 sam
506 2377 547 2420 ne
577 2356 650 2441 plus
678 2364 828 2439 quattuor
855 2358 962 2420 herois
993 2359 1154 2432 versibus,
1186 2378 1267 2441 quos
1297 2358 1408 2441 longos
1439 2358 1578 2442 appellat
1598 2358 1732 2421 Ennius.

412 2451 572 2515 Habemus
594 2450 690 2530 igitur
711 2448 808 2512 huius
832 2470 961 2534 666666
983 2454 1201 2514 auctoritatem
1225 2451 1264 2514 66
1287 2453 1461 2534 sepulchris
1483 2452 1595 2515 summi
1619 2452 1695 2524 riri,
1716 2468 1736 2514 a

411 2564 475 2630 quo
505 2545 579 2606 item
610 2543 756 2606 funerum
787 2553 932 2626 sumptus
962 2541 1146 2627 praefinitur
1177 2564 1217 2606 ex
1246 2547 1394 2609 censibus
1423 2566 1442 2610 a
1470 2546 1564 2609 minis
1592 2546 1736 2629 quinque

410 2657 510 2723 usque
532 2635 571 2699 ad
595 2637 724 2699 ruinam.
760 2632 929 2723 [Deinceps
951 2640 1027 2701 dicit
1049 2638 1160 2701 eadem
1183 2639 1236 2700 illa
1259 2641 1298 2702 de
1320 2639 1543 2702 inmortalitate
1559 2641 1734 2703 animorum

411 2732 588 2814 etreliqua
609 2737 681 2814 post
704 2740 835 2793 mortem
861 2730 1086 2814 tranquillitate
1109 2731 1274 2807 bonorum,
1297 2734 1408 2815 poenis
1430 2727 1620 2817 impiorum]
1747 2739 1774 2784 ⁴⁶

495 2821 546 2887 69.
567 2823 699 2886 Habetis
716 2824 834 2906 [igitur]
851 2825 1044 2907 explicatum
1060 2846 1195 2899 omnem,
1211 2834 1246 2888 ut
1260 2828 1403 2901 arbitror,
1417 2828 1605 2910 religionum
1621 2826 1736 2894 locum.

413 2921 451 2999 Q.
474 2921 540 2982 Nos
562 2936 654 2990 vero,
676 2917 790 2991 frater,
813 2920 995 3001 etcopiose
1019 2918 1163 3003 quidem,
1186 2917 1241 2981 sed
1265 2940 1361 3003 perge
1383 2928 1496 2983 cetera.
1539 2921 1581 2983 Μ.
1604 2921 1734 3003 Pergam

411 3012 577 3097 equidem,
600 3020 632 3075 et
654 3011 801 3094 quoniam
824 3012 947 3074 lihitum
972 3020 1020 3075 est
1041 3012 1132 3074 vohis
1154 3033 1204 3075 me
1225 3015 1264 3076 ad
1287 3015 1366 3078 haec
1388 3014 1560 3097 inpellere,
1581 3012 1734 3077 hodierno

411 3125 559 3172 sermone
590 3101 769 3178 conficiam,
797 3124 906 3189 spero,
935 3105 996 3168 hoc
1025 3107 1210 3189 praesertim
1240 3108 1301 3170 die.
1344 3108 1445 3171 Video
1467 3108 1551 3171 enim
1573 3107 1733 3170 Platonem

409 3199 494 3266 idern
523 3199 638 3263 fecisse
668 3218 859 3282 omnemque
882 3201 1057 3262 orationem
1080 3200 1150 3262 eius
1173 3199 1212 3262 de
1234 3201 1356 3284 legibus
1378 3209 1555 3285 peroratam
1579 3220 1648 3264 esse
1670 3210 1772 3264 66640

409 3296 530 3357 aestivo
553 3293 616 3357 die.
660 3294 711 3356 Sic
739 3293 837 3375 igitur
862 3293 972 3356 faciam
1003 3300 1034 3356 et
1061 3291 1163 3356 dicam
1187 3293 1226 3357 66
1249 3295 1497 3378 magistralibus3
1525 3293 1557 3357 id
1580 3295 1665 3358 enim
1687 3301 1735 3357 eet

410 3387 575 3471 proiecto,
608 3386 692 3469 6666
728 3388 893 3450 constituta
922 3387 1075 3469 religione
1105 3407 1172 3449 rem
1203 3388 1358 3471 publicam
1393 3389 1554 3451 contiueat
1583 3387 1732 3450 maxime.

409 3483 472 3544 Att.
494 3483 543 3544 Tu
565 3501 641 3544 vero
662 3479 713 3543 dic
736 3489 768 3543 et
791 3482 881 3544 islam
904 3481 1060 3543 rationem
1083 3500 1178 3564 quam
1201 3482 1334 3564 coepisti
1355 3490 1439 3544 tene.

475 3734 499 3783 4.
518 3733 597 3796 igitur
613 3733 699 3782 oniti
718 3733 743 3781 46
761 3733 879 3782 extrema
897 3732 992 3796 pagiua
1013 3758 1039 3768 -
1058 3732 1184 3782 6444664666
1199 3729 1213 3783 4
1230 3733 1293 3782 uili
1313 3758 1340 3769 -
1359 3733 1493 3782 audiamur
1509 3733 1579 3782 coni.
1592 3732 1687 3784 Daelee
1705 3758 1732 3769 -

408 3809 433 3859 4.
451 3808 658 3870 iuuusunerwn
671 3804 732 3872 picit
748 3809 783 3858 66
799 3809 835 3870 (64
851 3807 978 3872 suplici
995 3805 1149 3871 iuterpteaA
1178 3834 1204 3844 -
1230 3809 1368 3859 morellii
1395 3834 1421 3844 —
1450 3807 1474 3859 4.
1493 3808 1734 3870 6666666664νοῦ

411 3907 438 3920 -
458 3884 483 3935 4.
501 3886 603 3947 quoeA
621 3896 701 3935 corr:
720 3884 828 3945 666660
848 3909 875 3920 -
894 3883 1069 3934 isilberhti
1090 3910 1116 3919 -
1136 3882 1444 3941 8.uiuoB,sriuurA²0
1462 3908 1489 3920 -
1507 3890 1619 3933 66664664
1634 3880 1735 3934 A¹B¹ll

411 3985 438 3996 -
457 3964 532 4009 66464
548 3960 567 4009 Β
585 3983 612 3994 -
632 3957 656 4007 9.
670 3959 896 4020 66466664664666
908 3972 962 4008 om.
976 3958 1006 4018 C,
1024 3957 1085 4007 add.
1099 3958 1239 4009 Turnebus
1253 3958 1331 4021 (66464
1342 3955 1427 4022 suppl.
1441 3959 1570 4018 Goerenz)
1589 3986 1616 3997 -
1637 3959 1676 4008 ro.
1688 3971 1736 4008 ee-

408 4034 530 4084 eitoritA
557 4058 584 4069 -
608 4033 667 4096 plus
683 4032 745 4083 edd.
764 4036 839 4083 vett:
856 4035 928 4095 prius
945 4035 974 4095 C,
992 4034 1102 4095 amplius
1118 4033 1214 4082 Daeiee
1240 4056 1268 4067 -
1303 4046 1379 4095 66666
1396 4045 1445 4092 ooo
1463 4034 1483 4083 44
1504 4060 1531 4070 -
1557 4034 1596 4083 lt.
1614 4033 1734 4084 leroch

410 4107 434 4169 lb
450 4110 476 4158 ln
494 4113 513 4158 A
531 4121 591 4172 sup.
613 4107 682 4170 lin),
705 4109 808 4157 heroicis
824 4107 924 4172 aliquot
946 4108 1007 4158 edd.
1032 4111 1096 4157 vett.
1124 4134 1150 4144 -
1179 4107 1302 4170 46666644
1326 4132 1352 4142 -
1379 4107 1483 4156 leonius
1499 4108 1528 4165 B,
1546 4107 1678 4157 6666644644
1706 4132 1730 4141 -

409 4182 449 4232 43.
468 4184 526 4233 item
543 4184 561 4232 l.
577 4184 616 4232 Fr.
629 4184 759 4244 Wagner:
777 4183 900 4234 iter-amc
919 4207 946 4218 -
966 4182 1106 4231 rensiburC
1126 4208 1154 4219 -
1173 4184 1264 4231 664666
1281 4182 1302 4231 Η
1322 4207 1348 4216 -
1369 4180 1408 4232 44.
1427 4182 1461 4231 66
1477 4195 1554 4231 onom
1566 4177 1734 4242 Feldhuegel,

409 4269 490 4321 quam
508 4259 687 4308 coniecturam
701 4260 726 4308 iu
744 4258 936 4309 commentario
947 4258 1100 4306 retractavit
1120 4284 1146 4294 -
1165 4253 1240 4305 illiti
1260 4282 1287 4293 -
1304 4256 1568 4307 inmortalitateniill
1587 4282 1613 4292 -
1633 4259 1735 4306 664666-

407 4347 466 4385 rum
483 4333 505 4382 44
525 4358 552 4369 -
572 4334 612 4382 45.
630 4330 813 4394 tranquillitati
827 4335 856 4382 C.
886 4332 973 4381 Verba
986 4334 1145 4393 decerpe„
1157 4332 1291 4393 impiorum
1307 4329 1459 4394 complures
1470 4331 1633 4394 Wagnerum
1650 4333 1735 4382 seculi

409 4409 545 4461 Ciceronis
554 4421 613 4459 esse
626 4410 798 4470 negaverunt,
812 4411 838 4455 et
847 4409 919 4455 reete
929 4406 1048 4468 quidem,
1062 4409 1092 4455 ut
1106 4405 1182 4455 nobis
1191 4419 1297 4470 666666
1310 4406 1423 4464 videtur,
1437 4419 1600 4471 quamquam
1610 4406 1737 4458 Feldhue·

408 4483 449 4548 gel
467 4483 537 4534 beno
554 4485 656 4533 monuit
673 4481 722 4532 illis
739 4480 828 4532 verbis
846 4481 936 4531 eiectis
953 4482 1076 4543 superius
1093 4480 1210 4530 bohemus
1223 4483 1302 4544 ipitur
1317 4480 1485 4531 incommode
1503 4482 1627 4533 interiore
1643 4483 1737 4533 lebetis

407 4560 486 4625 iplter
503 4559 596 4622 excipi.
625 4560 716 4608 Potest
732 4556 904 4607 inclamasse
922 4558 951 4605 ul
967 4554 1079 4605 alterum
1094 4558 1174 4620 ipitur
1189 4555 1348 4619 glossemate
1361 4557 1461 4607 intruso
1478 4570 1510 4607 ex
1522 4559 1660 4621 superiore
1677 4557 1736 4608 adl-

409 4636 527 4693 eerelur‚
547 4644 629 4697 quare
643 4644 692 4682 noe
704 4632 754 4681 hoc
765 4629 954 4681 includendum
967 4632 1126 4694 putavimus.
1150 4657 1174 4666 -
1196 4632 1235 4681 46.
1247 4631 1348 4695 hobab]
1360 4631 1468 4682 beotiell
1487 4657 1515 4668 -
1534 4634 1690 4695 emplicololi
1705 4661 1732 4672 -

409 4708 656 4771 arbitroretipionreri
673 4706 723 4756 4444
752 4732 778 4742 -
805 4706 845 4756 44.
864 4704 916 4769 nos]
934 4720 984 4755 non
1002 4707 1021 4755 C
1041 4732 1069 4743 -
1096 4719 1172 4769 perpe
1188 4712 1271 4756 cetero
1287 4703 1362 4757 A¹tl:
1377 4720 1454 4771 perpe
1470 4708 1505 4758 66
1520 4714 1602 4758 cetero
1619 4710 1658 4769 A2,
1673 4722 1735 4771 per-

408 4784 459 4834 ieeo
474 4782 582 4833 loerch
612 4805 638 4816 ·-
667 4782 706 4831 se.
725 4780 831 4831 44444644
861 4807 884 4817 -
916 4781 956 4830 re.
973 4786 1002 4828 64
1018 4794 1090 4843 spero
1108 4779 1201 4832 hamb.
1223 4807 1248 4817 —
1273 4782 1396 4843 proemii
1412 4782 1472 4840 4444,
1493 4784 1734 4844 praesertimdteA

409 4859 436 4910 tn
454 4871 507 4909 ras.
529 4884 555 4893 -
574 4857 615 4907 2⁰.
634 4856 754 4919 detipiboa
771 4856 789 4905 B
809 4883 835 4892 -
855 4868 906 4906 esre
922 4856 1009 4905 omli
1037 4883 1063 4892 -
1092 4857 1133 4907 44.
1152 4858 1192 4908 646
1208 4857 1243 4905 ric
1259 4854 1325 4906 dett.
1344 4855 1457 4920 aliquot:
1476 4858 1529 4907 dies
1544 4858 1615 4918 Bw,
1633 4858 1672 4907 646
1688 4859 1733 4919 ll²;

409 4934 486 4984 664466
503 4933 543 4982 646
559 4933 625 4995 (sine
637 4931 681 4992 sic)
699 4934 719 4982 A
736 4933 762 4981 in
780 4944 832 4981 ras.
852 4930 941 4980 habet.
977 4932 1013 4981 Ex
1037 4936 1161 4997 corrupta
1185 4931 1297 4983 lectione
1321 4933 1372 4981 6466
1393 4935 1505 4996 apparet
1520 4936 1594 4983 recte
1611 4933 1637 4982 iu
1655 4931 1733 4982 codd.

409 5008 474 5058 dett.
492 5009 528 5057 sie
544 5006 664 5057 additum
681 5019 755 5066 esse,
778 5005 849 5069 quod
872 5010 1032 5069 spreverunt
1052 5007 1170 5058 editores
1186 5008 1326 5073 postreml3
1356 5007 1488 5058 intercidit
1504 5009 1575 5058 enirn
1592 5005 1693 5070 syllaba
1711 5009 1738 5057 ie

409 5086 471 5134 ante
488 5084 523 5148 ip.
544 5109 570 5118 -
589 5079 687 5132 466646
707 5084 767 5143 (non
785 5082 850 5131 46664
865 5082 908 5142 est)
926 5082 1005 5131 etiarn
1022 5085 1041 5131 A
1061 5081 1199 5140 distincte3
1218 5082 1244 5131 id
1260 5083 1326 5132 enim
1341 5083 1403 5133 6444
1423 5107 1450 5118 ·-
1468 5083 1509 5132 ii.
1527 5083 1650 5147 6646646646
1666 5083 1685 5133 B
1704 5107 1732 5119 -

408 5157 449 5207 23.
468 5158 531 5207 dicet
547 5158 632 5207 4464666
648 5152 691 5215 e¹;
717 5162 740 5207 et
756 5162 830 5206 istum
846 5159 865 5205 A
884 5157 909 5205 in
928 5168 980 5206 ras.
999 5156 1081 5207 habet
1108 5185 1135 5194 -
1163 5159 1355 5221 puumeoeplsti
1371 5157 1449 5210 codd.
1468 5157 1545 5209 dett:
1569 5170 1735 5221 666666666-

405 5232 466 5295 pleat
484 5232 503 5283 C
524 5258 550 5267 -
573 5228 617 5281 ἰτ-
637 5244 726 5283 cicero
741 5244 777 5282 ne
791 5232 874 5282 usom'
885 5227 980 5281 sinui.
998 5227 1073 5281 rste.
1091 5228 1164 5284 rude.
1181 5230 1233 5284 cri.
1245 5247 1286 5284 ur.
1303 5237 1339 5289 A;
1361 5245 1388 5281 ι.
1403 5244 1475 5284 rerer
1490 5245 1621 5285 ciceronis
1636 5244 1672 5283 ne
1687 5244 1735 5282 u·

410 5319 483 5359 erres
500 5318 573 5358 6666
584 5319 606 5357 rr
621 5303 713 5357 urard
730 5303 947 5357 recessissem.
967 5307 1000 5364 44;
1019 5307 1055 5356 44.
1070 5306 1096 5355 Y.
1110 5307 1136 5358 C.
1156 5308 1229 5357 liber
1241 5309 1281 5358 ,44.
1299 5308 1409 5371 suplicii.
1428 5309 1519 5372 lneiplt
1533 5308 1596 5358 tiber
1606 5309 1649 5359 444.
1667 5308 1699 5358 44.

937 5565 1198 5643 —4—
