4342 7459
704 1260 773 1322 nm.
795 1259 833 1321 v.
860 1257 933 1322 cu.
957 1258 1214 1322 xxv-xxvi.
1240 1255 1286 1341 §s
1307 1255 1453 1322 70-7o.
1677 1246 1739 1318 rat

407 1428 477 1491 Hoc
504 1447 604 1490 unum
627 1427 732 1490 Aristo
761 1426 881 1489 tenuit:
909 1434 1034 1508 praeter
1064 1426 1140 1495 sitia
1162 1435 1257 1510 atque
1279 1426 1410 1489 virtutes
1431 1428 1559 1508 negavit
1578 1447 1646 1489 rem
1668 1447 1739 1490 esse

408 1520 506 1583 ullam
528 1528 584 1582 aut
604 1519 784 1602 fugiendam
807 1527 861 1582 aut
883 1519 1104 1602 expetendam.
1142 1521 1281 1583 Positum
1305 1529 1353 1582 est
1373 1540 1392 1584 a
1414 1520 1531 1583 nostris
1553 1522 1585 1584 in
1608 1521 1648 1582 iis
1668 1540 1739 1584 esse

409 1613 519 1688 rebus,
547 1633 631 1695 quae
657 1613 832 1676 secundum
855 1621 998 1675 naturam
1020 1621 1141 1688 essent,
1169 1634 1232 1677 non
1261 1614 1379 1677 dolere.
1427 1615 1496 1678 Hoc
1525 1614 1740 1697 Hieronymus

410 1728 568 1770 summum
598 1709 717 1770 honum
744 1726 815 1769 esse
844 1706 934 1768 dixit
977 1707 1018 1768 At
1046 1726 1120 1769 vero
1150 1708 1293 1791 Callipho
1323 1714 1354 1770 et
1383 1717 1457 1790 post
1478 1727 1548 1771 eum
1570 1708 1740 1781 Diodorus,

411 1822 484 1865 cum
505 1801 586 1865 alter
607 1801 802 1882 voluptatem
823 1799 1017 1872 adamasset,
1039 1800 1120 1863 alter
1140 1802 1327 1864 vacuitatem
1351 1801 1487 1875 doloris,
1509 1810 1622 1865 neuter
1642 1802 1764 1865 hone-⁸

411 1905 493 1960 state
514 1915 623 1959 carere
645 1895 763 1976 potuit,
786 1913 869 1977 quae
891 1901 939 1955 est
960 1913 978 1956 a
1000 1894 1115 1956 nostris
1138 1893 1263 1957 laudata
1287 1896 1432 1958 maxime.
1470 1892 1521 1957 7t.
1544 1894 1741 1971 Quinetiam

410 1990 472 2073 ipsi
496 1989 665 2070 voluptarii
689 1986 883 2050 deverticula
905 1995 1060 2069 quaerunt
1081 1994 1112 2049 et
1133 1987 1265 2072 virtutes
1294 1987 1413 2051 hahent
1433 1991 1465 2051 in
1488 2009 1543 2053 ore
1564 1997 1650 2052 totos
1673 1989 1741 2051 dies

410 2084 668 2166 voluptatemque
692 2081 791 2163 primo
814 2080 976 2142 dumtaxat
997 2080 1104 2160 expeti
1127 2080 1251 2153 dicunt,
1274 2080 1390 2143 deinde
1405 2082 1634 2146 consuetudine
1650 2082 1742 2165 quasi

411 2178 544 2241 alteram
566 2174 726 2258 quandam
749 2181 891 2235 naturam
914 2172 1012 2246 effici,
1035 2192 1098 2255 qua
1120 2173 1248 2254 impulsi
1265 2173 1361 2236 multa
1376 2172 1495 2236 faciant
1509 2174 1629 2238 nnllam
1645 2193 1742 2258 quae·

413 2278 517 2334 rentes
548 2268 750 2351 voluptatem.
792 2266 890 2330 Stoici
919 2276 1048 2329 restant
1091 2268 1129 2329 Ei
1160 2265 1289 2349 quidem
1319 2286 1382 2328 non
1411 2286 1507 2329 unam
1529 2268 1666 2350 aliquam
1688 2273 1780 2331 aut⁴⁰

412 2367 544 2428 alteram
572 2381 636 2422 rem
662 2380 680 2423 a
704 2360 810 2431 nobis,
841 2359 897 2421 sed
920 2366 1015 2422 totam
1037 2359 1077 2421 ad
1100 2379 1134 2422 se
1157 2365 1296 2422 nostram
1318 2360 1554 2442 philosophiam
1576 2359 1744 2424 transtule-

412 2467 497 2522 runt.
532 2457 650 2538 Atque,
676 2463 712 2517 ut
732 2453 849 2535 reliqui
871 2452 957 2515 sures
980 2471 1087 2515 earum
1111 2473 1230 2526 rerum,
1254 2472 1332 2534 quas
1354 2462 1524 2535 ceperunt,
1546 2455 1635 2537 signa
1657 2474 1744 2516 com·

412 2558 550 2622 mutant,
577 2550 622 2610 sic
650 2547 715 2620 illi,
742 2555 778 2609 ut
803 2546 969 2608 sententiis
991 2547 1108 2608 nostris
1131 2565 1190 2628 pro
1213 2546 1279 2608 suis
1302 2553 1484 2621 uterentur,
1514 2547 1643 2611 nomina
1665 2555 1744 2608 tam

416 2664 510 2730 vam
533 2661 637 2704 rerum
659 2649 751 2702 notm
775 2645 984 2702 mutaremus
1020 2640 1067 2701 lta
1088 2639 1276 2722 relinquitur
1290 2638 1358 2701 sola
1372 2638 1452 2701 haec
1466 2639 1635 2723 disciplina
1650 2638 1745 2721 digna

414 2736 567 2803 studiosis
596 2735 804 2815 ingenuarum
831 2732 964 2805 artium,
992 2733 1086 2813 digne
1116 2732 1262 2804 eruditis,
1292 2729 1389 2813 digna
1418 2732 1509 2795 claris
1536 2734 1628 2807 viris,
1648 2732 1782 2815 dignata

416 2830 622 2916 principibus,
645 2826 740 2908 dignu
761 2825 900 2907 regibus.
933 2823 984 2888 75.
1008 2826 1099 2900 Quae
1123 2847 1194 2888 cum
1211 2824 1343 2889 dixisset
1357 2826 1553 2908 paulumque
1568 2827 1744 2900 institisset,

417 2924 503 3000 Quid
525 2926 596 2985 est?
625 2922 743 3003 inquit,
773 2920 890 2982 satisne
913 2920 1002 2983 vohis
1026 2919 1134 2982 videor
1160 2940 1217 3001 pro
1240 2939 1311 2982 meo
1333 2920 1403 2982 iure
1424 2920 1458 2981 in
1481 2921 1594 2983 rosh-is
1616 2920 1745 2983 auribus

416 3018 668 3093 commentatos?
689 3016 732 3076 Et
752 3034 827 3095 ego,
850 3015 898 3075 Tu
919 3034 1012 3086 sero,
1034 3013 1180 3095 inquam,
1203 3014 1290 3087 Piso,
1311 3020 1348 3076 ut
1361 3033 1457 3095 saepe
1472 3013 1567 3088 alias,
1590 3015 1636 3077 sic
1650 3012 1745 3077 hodie

416 3112 457 3173 ita
480 3129 576 3172 nosse
598 3110 659 3171 ista
681 3109 767 3171 εἰειιε
789 3127 839 3180 cs,
861 3113 910 3179 ut,
933 3108 959 3169 εἰ
984 3108 1028 3169 tui
1050 3107 1142 3168 nohis
1158 3113 1299 3188 potestas
1315 3106 1442 3188 saepius
1456 3105 1564 3181 fieret,
1586 3127 1651 3170 nou
1665 3106 1747 3169 mul·

417 3213 483 3266 tum
512 3202 642 3265 Graecis
670 3201 913 3283 supplicandum
942 3209 1096 3283 putarem.
1140 3199 1235 3273 Quod
1262 3201 1391 3282 quidem
1422 3219 1462 3263 eo
1484 3200 1615 3283 probavi
1636 3201 1783 3283 magisne

419 3298 493 3380 quia
514 3296 645 3359 memini
670 3295 811 3357 Staseam
826 3293 1093 3375 Neapolitanum,¹
1106 3292 1267 3357 doctorem
1282 3293 1372 3356 illum
1387 3301 1492 3368 tunm,
1514 3294 1655 3358 nobilem
1670 3313 1747 3358 sane

417 3390 676 3473 Peripateticum,
698 3387 861 3469 aliquanto
884 3387 944 3449 ista
968 3406 1058 3449 secus
1078 3387 1184 3450 dicere
1201 3388 1345 3461 solitum,
1367 3388 1594 3451 assentientem
1615 3388 1670 3463 iis,
1692 3388 1747 3471 qui

419 3484 550 3547 multum
574 3483 607 3544 in
628 3481 752 3544 fortuna
774 3479 913 3542 secunda
935 3488 990 3543 aut
1011 3480 1162 3555 adversa,
1185 3481 1319 3543 multum
1341 3481 1374 3544 in
1394 3481 1488 3543 honis
1504 3481 1664 3545 animalis
1678 3501 1748 3545 cor

418 3578 503 3661 poris
527 3583 694 3658 ponerent.
736 3574 808 3646 Est,
838 3581 873 3635 ut
895 3573 992 3646 dicis,
1014 3574 1137 3656 inquit:
1166 3573 1223 3637 sed
1244 3573 1323 3637 haec
1345 3574 1383 3637 ah
1406 3574 1579 3651 Antiocho,
1600 3575 1748 3639 familiari

418 3678 540 3743 nostro,
572 3668 721 3731 dicuntur
748 3665 846 3728 multo
878 3668 991 3729 melius
1021 3676 1053 3729 et
1081 3666 1208 3742 fortius,
1245 3689 1339 3751 quam
1369 3688 1388 3730 a
1415 3668 1525 3732 Stasea
1545 3668 1785 3732 dicebanturttt

418 3782 608 3849 quamquam
638 3780 697 3842 ego
721 3780 783 3823 non
805 3779 939 3841 quaero,
967 3760 1045 3842 quid
1068 3761 1165 3824 tibia
1187 3782 1236 3825 me
1258 3762 1424 3844 probatum
1446 3763 1499 3837 sit,
1520 3762 1578 3826 sed
1598 3761 1674 3824 hnic
1697 3760 1749 3824 ci·

418 3858 525 3920 ceroni
548 3862 671 3927 nostro,
694 3873 787 3936 quem
810 3854 1001 3936 discipulum
1024 3855 1119 3938 cupio
1142 3875 1161 3917 a
1183 3864 1214 3918 te
1237 3855 1412 3918 abducere·

501 3950 619 4012 XXVl.
642 3946 694 4009 76.
726 3950 806 4010 Tum
829 3949 962 4010 Lucius:
992 3949 1068 4010 hlihi
1092 3967 1166 4011 vero
1188 3949 1250 4011 ista
1271 3948 1362 4012 valde
1389 3949 1521 4031 proheta
1543 3956 1634 4025 sunt,
1662 3948 1749 4034 quod

418 4046 493 4109 item
514 4043 603 4106 fratri
627 4052 713 4124 puto.
750 4043 829 4103 Tum
853 4040 930 4102 mihi
955 4042 1040 4112 Piso,
1067 4040 1153 4116 Quid
1175 4061 1266 4123 ergo,
1288 4042 1410 4125 inquit,
1434 4043 1532 4106 dasne
1554 4040 1749 4106 adulescenti

419 4140 563 4201 reniam?
593 4156 633 4198 an
656 4156 728 4196 eum
752 4135 874 4197 discere
897 4153 933 4195 ea
957 4135 1073 4205 mavis,
1106 4154 1280 4218 quaecum
1304 4135 1396 4218 plane
1423 4137 1642 4219 perdidicerit,
1669 4133 1787 4197 nihilne

419 4232 518 4293 sciat?
541 4232 608 4311 Ego
631 4248 706 4290 vero
729 4228 798 4299 isti,
821 4229 964 4309 inquam,
986 4230 1145 4309 permitto,
1169 4227 1226 4289 sed
1246 4248 1352 4290 nonne
1368 4230 1539 4292 meministi
1560 4229 1656 4293 licere
1672 4226 1750 4289 mihi

419 4323 650 4404 improbare,
676 4342 757 4405 quae
780 4330 854 4384 sunt
875 4341 892 4382 a
916 4331 946 4382 te
970 4320 1076 4383 dicta?
1108 4322 1187 4396 Quis
1218 4322 1301 4383 enim
1325 4330 1429 4403 potest
1451 4342 1503 4396 ca,
1534 4342 1615 4405 quae
1638 4321 1750 4405 proha-

419 4418 494 4480 bilia
517 4417 684 4480 videantur
705 4416 752 4486 ei,
775 4435 838 4477 non
861 4415 1018 4495 prohare‘t
1047 4417 1097 4476 An
1113 4435 1198 4488 vero,
1223 4415 1341 4497 inquit,
1364 4416 1530 4499 quisquam
1554 4424 1657 4498 potest
1677 4434 1751 4498 prn-

419 4512 510 4583 hare‚
534 4509 617 4591 quod
640 4518 842 4591 perceptum,
865 4508 947 4590 quod
971 4509 1249 4589 comprehensum,
1272 4507 1536 4590 quodcognitum
1553 4508 1749 4571 nonhabet?

419 4605 487 4665 Non
511 4613 558 4666 est
576 4604 637 4676 ita,
660 4604 803 4686 inquam,
826 4603 908 4675 Piso,
932 4622 1044 4682 magna
1060 4602 1230 4664 dissensio.
1267 4602 1351 4664 Nihil
1368 4610 1416 4664 est
1430 4603 1514 4664 enim
1532 4602 1634 4676 aliud,
1656 4616 1787 4684 quamne

420 4697 548 4760 obrem
571 4696 648 4759 mihi
671 4697 790 4779 percipi
812 4695 891 4758 nihil
914 4714 1008 4778 posse
1032 4695 1189 4768 videatur,
1218 4696 1281 4757 nisi
1313 4696 1398 4777 quod
1419 4696 1616 4780 percipiendi
1637 4696 1686 4760 vis
1707 4698 1750 4759 ita

486 4957 511 5004 Ξ.
530 4961 574 5003 ont
587 4956 720 5018 petendom
737 4955 797 5003 B-
817 4968 867 5003 esse
884 4967 937 5003 om.
957 4955 1016 5003 0-
1039 4953 1062 5004 l.
1083 4955 1211 5016 Calliphon
1229 4967 1289 5004 cum
1307 4955 1447 5004 Schuetzio
1462 4954 1482 5002 0
1495 4980 1522 4989 -
1541 4955 1566 5004 6.
1584 4955 1753 5006 odorum

422 5034 481 5081 0-
503 5033 528 5082 6.
542 5035 608 5094 Quin
625 5035 701 5081 etiam
712 5058 749 5068 --
762 5038 887 5093 quaerunt
898 5059 935 5068 --
947 5030 1036 5079 hahent
1048 5055 1084 5065 ··
1097 5030 1180 5078 dicem
1193 5028 1350 5078 Lambinus:
1371 5029 1435 5089 (loiri
1451 5029 1575 5077 etiamn
1587 5036 1752 5092 quaeram--

420 5108 525 5156 ioheosu
536 5134 550 5143 ·
560 5133 574 5143 -
586 5109 670 5155 dicant
682 5106 774 5162 codd.;
795 5110 812 5167 ἦ
825 5109 889 5167 Quin
907 5108 982 5155 etiam
992 5132 1007 5142 -
1016 5130 1030 5140 -
1042 5111 1166 5165 quaerant
1178 5130 1191 5139 -
1201 5130 1215 5139 -
1227 5102 1332 5152 habeant
1344 5129 1358 5138 -
1366 5129 1380 5138 -
1393 5104 1477 5151 dicant
1495 5104 1519 5152 hl
1533 5129 1561 5139 -
1580 5105 1605 5153 8.
1618 5106 1753 5154 domincot

417 5185 500 5242 priore
519 5182 566 5230 BE
580 5206 606 5216 -
621 5182 645 5229 9.
658 5182 754 5242 sociant
768 5183 915 5231 Ernestius:
935 5183 1031 5244 sociant
1043 5179 1122 5228 codd.
1137 5182 1163 5228 et
1177 5180 1228 5227 llo
1243 5202 1269 5214 -
1284 5178 1380 5227 nudam
1391 5204 1405 5214 -
1415 5205 1427 5214 -
1439 5182 1535 5227 restent
1546 5180 1644 5229 Nonius
1656 5194 1682 5244 p.
1693 5181 1750 5230 378.

424 5253 509 5305 -'l0.
528 5257 551 5303 ei
568 5256 602 5304 B:
623 5256 654 5304 lli
671 5257 704 5311 03
722 5257 743 5304 li
761 5258 785 5305 hl
807 5283 831 5291 -
851 5259 891 5305 tt.
911 5271 963 5305 rem
982 5256 1117 5304 Davisius:
1135 5266 1188 5302 om.
1209 5251 1303 5308 codd.;
1323 5252 1393 5315 [rem]
1412 5253 1431 5302 0
1450 5278 1477 5287 -
1498 5253 1538 5303 ti.
1556 5254 1681 5316 crepemus
1698 5257 1752 5304 Da·

421 5330 486 5379 sisio
502 5332 611 5379 auctore
624 5331 643 5378 0
657 5355 683 5364 -
705 5333 742 5379 ts.
757 5332 834 5393 dipsa
848 5332 1004 5392 principibus
1015 5344 1068 5380 om,
1084 5332 1105 5379 l)
1120 5357 1146 5365 —
1168 5330 1207 5378 te.
1223 5341 1366 5389 porumque
1383 5332 1446 5388 (non
1456 5329 1624 5390 pomumque]
1637 5329 1690 5378 BE.
1711 5328 1749 5379 Ci.

421 5405 454 5454 ad
473 5416 498 5468 p.
517 5403 574 5461 tot,
596 5406 634 5452 tt.
656 5432 681 5440 —
703 5406 743 5454 ⁴7.
763 5406 835 5469 Ouid]
854 5406 956 5467 quodE
977 5433 1003 5442 -
1022 5411 1057 5455 est
1074 5419 1127 5455 om.
1147 5406 1167 5454 D
1186 5429 1212 5437 -
1231 5404 1294 5452 sotis
1311 5415 1363 5452 om.
1383 5404 1403 5453 E
1423 5429 1448 5438 -
1468 5402 1687 5452 nohit--oostris
1703 5404 1751 5453 BE

421 5505 453 5516 -
469 5480 509 5528 ⁴8.
530 5481 715 5527 cornmeudotos
733 5481 780 5529 BE
800 5506 825 5515 -
850 5481 904 5529 otio
921 5481 971 5529 BE
993 5507 1018 5516 -
1043 5479 1082 5528 ⁴9.
1101 5479 1170 5527 nohis
1190 5483 1299 5539 potestas
1316 5479 1416 5540 saepius
1432 5479 1466 5527 B:
1485 5480 1558 5541 copia
1574 5478 1643 5527 nobis
1657 5492 1753 5540 seosper

421 5555 577 5615 Olpotestas
598 5553 699 5604 habent
718 5557 797 5604 etiam
816 5556 874 5615 (ID)
896 5583 922 5591 -
945 5557 988 5605 it.
1011 5554 1103 5603 nemini
1127 5555 1187 5601 istor
1210 5566 1266 5602 eom
1284 5554 1332 5602 BE
1355 5579 1382 5588 -
1406 5554 1447 5602 22.
1467 5554 1603 5615 aliqnando
1624 5552 1702 5601 BEO
1722 5578 1749 5587 -

421 5629 462 5680 2⁸.
474 5632 597 5691 [amauri
614 5637 698 5680 nostro
711 5631 743 5679 n:
762 5636 846 5678 nostro
861 5630 988 5690 {omitiori
1005 5629 1025 5677 0
1042 5654 1067 5663 -
1088 5630 1129 5678 25.
1148 5641 1165 5676 o
1182 5627 1279 5691 Stoico]
1297 5628 1346 5676 isto
1362 5641 1392 5677 eo
1410 5629 1445 5685 B;
1463 5630 1524 5677 istos
1540 5642 1570 5678 eo
1588 5627 1647 5677 E-
1666 5627 1707 5677 27.
1720 5626 1752 5676 od

422 5710 445 5754 ts
466 5707 483 5755 li
505 5732 530 5743 -
556 5706 596 5755 30.
615 5706 690 5766 pinne
712 5704 744 5752 li:
769 5704 904 5764 procctore
928 5706 947 5752 0
971 5728 997 5737 -
1021 5702 1181 5763 perdidicerit
1205 5704 1380 5753 Goerenzius:
1406 5704 1543 5765 perdiderit
1563 5703 1597 5758 133
1621 5702 1753 5763 perdidicit

424 5780 483 5829 cod.
502 5781 649 5845 Spirensis;
669 5779 780 5826 didicerit
798 5781 817 5826 t)
839 5805 863 5813 -
884 5778 924 5827 at.
944 5778 985 5826 isti
1002 5778 1108 5837 inquom
1125 5777 1204 5827 codd.
1217 5780 1307 5839 (etiam
1320 5780 1354 5838 E,
1373 5778 1473 5841 dequo
1486 5775 1753 5840 deceptusesthlad-

425 5856 529 5917 riginsl:
548 5856 662 5914 inquom,
681 5854 762 5902 irtihl
785 5881 805 5889 -
829 5853 917 5917 oenoe]
935 5855 961 5902 io
978 5866 1017 5902 me
1034 5853 1097 5901 B-
1114 5852 1196 5902 lucere
1211 5854 1272 5902 mihi
1288 5855 1337 5902 isin
1350 5853 1459 5915 probare
1475 5853 1509 5910 B;
1526 5852 1587 5900 mihi
1602 5851 1676 5901 licere
1689 5864 1753 5914 pro-

424 5927 484 5979 dere
499 5930 549 5979 isto
565 5929 626 5978 0-
645 5928 687 5978 32.
703 5934 783 5991 potest
798 5930 837 5990 eo]
853 5934 940 5990 posteo
955 5928 975 5977 B
990 5956 1016 5964 -
1036 5941 1102 5990 qaae
1119 5930 1180 5991 (non
1197 5931 1282 5992 quum)
1300 5931 1380 5980 etiam
1397 5927 1457 5981 li-
1477 5927 1518 5979 36.
1535 5926 1598 5978 nihil
1609 5927 1747 5992 percipio.
