4342 7459
442 1222 503 1289 iso
727 1227 781 1290 llll
802 1225 959 1290 FllllBUS
981 1224 1179 1289 BONORUM
1199 1226 1252 1289 ET
1274 1224 1476 1292 ldhLOllllhl

441 1416 511 1460 esse
540 1392 634 1458 lilius.
679 1393 933 1477 Theophrastum
956 1402 1062 1457 tamen
1083 1393 1287 1458 adhibeamus
1310 1395 1349 1457 ad
1376 1395 1548 1478 pleraque,
1579 1394 1653 1458 dum
1676 1397 1771 1460 modo

441 1492 511 1576 plus
525 1492 558 1555 in
574 1490 688 1553 virtute
703 1495 883 1561 teneamus,
899 1508 993 1571 quam
1009 1489 1063 1551 illc
1080 1490 1196 1562 tenuit,
1216 1486 1371 1553 firmitatis
1386 1498 1418 1552 et
1432 1490 1564 1552 roboris.
1599 1484 1650 1551 43.
1666 1490 1771 1555 Simus

440 1587 537 1667 igitur
564 1582 704 1647 contenti
734 1582 794 1643 his.
839 1584 984 1664 Namque
1012 1582 1125 1643 horum
1157 1583 1274 1664 posteri
1305 1583 1451 1645 meliores
1480 1581 1526 1644 illi
1550 1582 1678 1665 quidem
1701 1602 1772 1648 mea

417 1785 476 1837 aut
504 1772 566 1855 ipsi
597 1789 637 1833 ex
666 1769 789 1833 senati
813 1768 1080 1832 essevideantur.
1127 1770 1264 1832 Primum
1288 1769 1498 1852 Theophrasti
1528 1770 1631 1835 Strato
1665 1770 1773 1856 physi-

440 1888 511 1931 cum
534 1886 568 1929 sc
590 1864 706 1928 voluit:
735 1863 768 1925 in
797 1883 861 1946 quo
897 1864 957 1925 etsi
987 1870 1035 1925 est
1061 1882 1210 1944 magnus,
1241 1871 1344 1925 tamen
1368 1883 1448 1928 nova
1472 1864 1626 1949 pleraque
1649 1872 1680 1929 et
1701 1887 1773 1950 per·

440 1980 539 2046 pauca
561 1960 600 2023 de
622 1958 773 2020 moribus.
818 1956 920 2018 liuius
943 1957 1026 2040 Lyco
1049 1958 1191 2020 oratione
1215 1955 1373 2040 locuples,
1407 1959 1500 2020 rehus
1523 1959 1602 2041 ipsis
1624 1960 1771 2023 ieiunior.

441 2055 622 2118 Concinnus
644 2050 761 2114 deinde
783 2058 814 2112 et
844 2050 972 2131 elegans
999 2050 1094 2112 huius
1117 2051 1238 2134 Aristo,
1273 2050 1328 2113 sed
1352 2071 1402 2125 ea,
1432 2071 1512 2135 quae
1535 2053 1772 2117 desideratura

440 2168 554 2231 magno
583 2144 791 2231 philosopho,
820 2144 955 2225 gravitas
985 2144 1018 2206 in
1047 2166 1085 2208 eo
1113 2165 1176 2208 non
1206 2143 1282 2207 tuit:
1315 2146 1429 2229 scripta
1459 2165 1535 2208 sane
1566 2154 1598 2209 et
1620 2148 1718 2210 multa
1740 2155 1772 2210 et

403 2242 555 2327 iopolita,
585 2239 642 2303 sed
664 2239 773 2302 nescio
796 2258 860 2321 quo
889 2246 981 2322 pacto
1005 2240 1224 2302 auctoritatem
1248 2238 1349 2301 oratio
1372 2259 1435 2301 non
1458 2238 1562 2302 hahet.
1607 2236 1658 2302 ll.
1679 2242 1772 2303 Prae·

440 2345 528 2400 tereo
550 2334 684 2407 multos,
715 2332 750 2394 in
771 2331 821 2394 his
844 2332 972 2394 doctum
994 2331 1154 2395 hominem
1177 2341 1209 2395 θῖ
1230 2352 1374 2404 suavem,
1403 2332 1644 2417 Hieronymum,
1675 2353 1769 2417 quem

440 2430 502 2493 iam
525 2449 581 2492 cur
602 2426 845 2509 Peripateticum
867 2424 1024 2507 appellem
1047 2427 1165 2489 nescio.
1203 2426 1364 2488 Summum
1388 2426 1472 2488 enim
1488 2426 1605 2489 honum
1622 2426 1771 2510 exposuit

440 2525 627 2588 vacuitatem
649 2519 786 2582 doloris:
810 2519 866 2601 qui
889 2526 994 2581 autem
1017 2520 1057 2582 de
1080 2539 1201 2582 summo
1223 2519 1307 2581 hono
1328 2519 1489 2592 dissentit,
1513 2519 1553 2582 de
1575 2528 1642 2583 tota
1663 2519 1770 2603 philo·

441 2616 573 2700 sophiae
594 2614 716 2678 ratione
739 2612 897 2676 dissentit.
942 2613 1098 2676 Critolaus
1126 2613 1241 2676 imitari
1264 2612 1364 2675 voluit
1385 2613 1551 2695 antiquos,
1583 2620 1616 2676 ct
1639 2613 1768 2696 quidem

404 2719 490 2774 inest
515 2709 664 2791 gravitate
692 2708 857 2790 proximus
886 2715 917 2769 et
945 2707 1101 2782 redundat
1130 2706 1247 2769 oratio:
1275 2725 1311 2767 ac
1338 2714 1444 2769 tamen
1470 2725 1507 2769 nc
1534 2708 1562 2769 is
1585 2707 1715 2790 quidem
1735 2707 1769 2768 in

439 2803 551 2888 patriis
572 2801 725 2865 institutis
748 2809 862 2863 manet.
898 2800 1070 2873 Diodorus,
1094 2800 1163 2862 cius
1185 2798 1326 2873 auditor,
1348 2800 1493 2882 adiungit
1514 2801 1553 2863 ad
1573 2802 1768 2865 honestatem

439 2897 626 2960 vacuitatem
654 2894 783 2957 doloris.
829 2894 888 2955 llic
911 2914 1037 2977 quoque
1067 2913 1143 2956 snus
1165 2902 1231 2956 est:
1262 2893 1302 2956 de
1325 2894 1555 2957 summobono
1578 2895 1769 2958 dissentiens

439 3011 512 3055 vere
538 2987 763 3072 Peripateticus
792 2987 854 3050 dici
882 3007 946 3049 non
975 2995 1089 3071 potest.
1134 2988 1343 3070 Antiquomm
1367 2995 1471 3049 autem
1494 2988 1684 3051 sententiam
1705 2990 1769 3050 An-

439 3082 565 3147 tiochus
587 3088 695 3144 noster
716 3081 793 3145 mihi
816 3081 939 3145 videtur
960 3082 1110 3165 persequi
1135 3081 1390 3162 diligentissime,
1423 3101 1517 3164 qnam
1545 3082 1677 3148 candem
1698 3082 1769 3145 Ari·

401 3176 544 3240 sostoteli
565 3173 664 3237 tuisse
687 3182 719 3237 et
746 3174 924 3238 Polemonis
946 3174 1049 3238 docet.

522 3268 575 3331 Vl.
598 3263 648 3330 ⁴5.
671 3268 756 3331 Facit
777 3268 873 3349 igitur
894 3270 1009 3331 Lucius
1031 3276 1139 3331 noster
1160 3268 1347 3353 prudenter,
1370 3271 1426 3352 qui
1448 3270 1557 3333 audire
1580 3270 1620 3333 de
1642 3289 1766 3335 summo

439 3364 523 3427 hono
552 3362 749 3446 potissimum
777 3361 871 3436 velit3
903 3362 965 3424 hoc
992 3363 1076 3424 enim
1106 3362 1274 3424 constituto
1305 3365 1337 3424 in
1364 3362 1568 3446 philosophia
1595 3364 1768 3427 constituta

439 3465 513 3521 sunt
538 3455 653 3518 omnia.
697 3457 775 3517 Nam
805 3455 917 3517 ceteris
949 3456 980 3516 in
1008 3454 1103 3516 rebus
1134 3454 1200 3517 sive
1222 3456 1476 3538 praetermissum
1499 3457 1566 3520 sive
1588 3457 1766 3541 ignoratum

439 3558 487 3614 est
516 3549 695 3634 quippiam,
729 3568 793 3610 non
822 3548 893 3630 plus
926 3546 1117 3610 incommodi
1143 3556 1191 3610 est
1219 3567 1313 3631 quam
1344 3548 1454 3631 quanti
1483 3568 1631 3633 quaeque
1660 3570 1768 3614 earum

401 3658 542 3707 soterum
565 3650 630 3715 θεῖ,
658 3642 692 3703 in
715 3641 829 3724 quihus
852 3642 1030 3723 neglectum
1053 3648 1102 3703 θεῖ
1123 3640 1261 3723 aliquid:
1292 3662 1446 3706 summum
1470 3650 1574 3706 autem
1595 3644 1716 3706 honum
1740 3644 1766 3705 si

439 3738 616 3821 ignoretur,
646 3734 771 3797 vivendi
799 3736 951 3797 rationem
978 3734 1116 3816 ignorari
1148 3754 1278 3798 neccsse
1301 3744 1364 3810 est,
1394 3756 1434 3797 ex
1458 3755 1521 3819 quo
1550 3745 1657 3800 tantus
1679 3757 1767 3800 error

439 3830 658 3913 consequitur,
681 3837 716 3891 ut
738 3848 833 3912 quem
854 3830 888 3891 in
912 3835 1035 3913 portum
1058 3849 1092 3890 sc
1116 3829 1271 3910 recipiant
1285 3829 1364 3890 scire
1380 3849 1444 3891 non
1459 3830 1592 3913 possint.
1629 3829 1768 3913 Cognitis
1852 3850 1860 3871 ·

439 3932 545 3989 autem
566 3942 671 3987 rerum
693 3918 808 3984 linibus
831 3943 902 3984 cum
924 3922 1127 4005 intellegitur,
1150 3921 1226 4004 quid
1251 3923 1292 3984 sit
1313 3931 1345 3984 θῖ
1365 3923 1518 3987 honorum
1536 3931 1712 3986 extremum
1737 3930 1769 3987 et

440 4018 608 4091 malorum,
623 4016 751 4078 inventa
766 4016 849 4078 vitae
864 4016 915 4078 via
933 4024 981 4078 est
995 4015 1265 4098 conformatioque
1281 4017 1421 4079 omnium
1437 4016 1625 4079 officiorum.
1647 4012 1698 4079 ld.
1712 4018 1769 4079 Est

401 4113 533 4196 roigitur
559 4132 623 4196 quo
645 4108 786 4193 quidque
815 4107 985 4182 referatur,
1015 4130 1055 4172 ex
1078 4129 1158 4192 quo,
1188 4110 1218 4171 id
1242 4110 1328 4192 quod
1351 4130 1460 4173 omnes
1483 4118 1650 4193 expetunt,
1676 4111 1768 4174 heate

439 4206 566 4269 vivendi
597 4204 675 4267 ratio
701 4203 836 4265 inveniri
866 4211 898 4265 et
925 4203 1101 4286 comparari
1130 4210 1243 4285 potest.
1292 4203 1384 4277 Quod
1408 4205 1557 4287 quoniam
1587 4207 1706 4287 inquo
1729 4204 1768 4266 sit

439 4318 550 4381 magna
574 4295 730 4360 dissensio
753 4305 817 4371 θεῖ,
841 4295 1014 4359 Carneadia
1037 4296 1129 4358 nohis
1151 4295 1330 4359 adhihenda
1352 4294 1466 4359 divisio
1490 4304 1552 4371 est,
1575 4317 1637 4381 qua
1659 4305 1768 4363 noster

439 4390 613 4454 Antiochus
642 4389 777 4452 lihentcr
805 4390 850 4452 uti
881 4389 971 4452 solet.
1015 4390 1072 4452 llle
1100 4390 1197 4471 igitur
1219 4389 1298 4452 vidit
1328 4409 1393 4454 non
1415 4389 1509 4453 modo
1533 4399 1612 4473 quot
1631 4391 1768 4455 fuissent

439 4483 542 4549 adhuc
571 4482 832 4566 philosophcmm
862 4482 902 4545 dc
930 4502 1053 4545 summo
1083 4484 1185 4557 bono,
1215 4483 1271 4545 sed
1294 4491 1373 4564 quot
1395 4486 1522 4547 omnino
1546 4504 1615 4547 esse
1635 4492 1768 4568 possent

402 4577 625 4640 assententiae.
669 4577 808 4659 Negabat
830 4576 925 4659 igitur
947 4576 1042 4638 ullam
1066 4596 1136 4639 esse
1159 4585 1273 4650 artem,
1297 4596 1378 4660 quae
1401 4578 1469 4659 ipsa
1491 4598 1510 4640 a
1532 4597 1566 4640 sc
1588 4574 1768 4661 proficisce-

439 4680 541 4746 retur;
569 4671 685 4735 etenim
715 4691 839 4754 semper
864 4669 941 4733 illud
965 4677 1054 4732 extra
1076 4677 1140 4742 est,
1165 4668 1251 4752 quod
1274 4678 1340 4732 arte
1363 4668 1649 4753 comprehenditur.
1681 4670 1767 4734 Nihil

439 4786 519 4849 opus
546 4772 594 4828 est
616 4764 770 4846 exemplis
794 4764 856 4826 hcc
877 4763 979 4826 iacere
1002 4764 1144 4845 longius;
1176 4771 1225 4825 est
1247 4764 1328 4825 enim
1352 4765 1554 4846 perspicuum
1576 4765 1696 4828 nullam
1717 4782 1767 4827 ar-

439 4866 501 4921 tem
522 4860 622 4942 ipsam
645 4860 677 4919 iu
699 4878 733 4921 se
755 4860 889 4931 versari,
922 4858 978 4921 sed
1009 4877 1078 4920 θεεθ
1101 4855 1187 4919 aliud
1209 4864 1307 4919 artem
1329 4858 1446 4938 ipsam,
1473 4856 1559 4920 aliud
1582 4857 1670 4941 quod
1694 4874 1767 4940 pro·

438 4952 577 5034 positum
599 4953 641 5014 sit
661 4953 731 5014 arti.
768 4952 926 5028 Quoniam
948 4951 1063 5033 igitur,
1090 4958 1127 5012 ut
1148 4950 1305 5013 medicina
1328 4950 1535 5025 valetudinis,
1558 4949 1766 5032 navigationis

401 5046 638 5126 sognhematio,
666 5047 711 5108 sic
739 5045 865 5109 vivendi
894 5065 944 5109 ars
967 5055 1014 5108 est
1042 5044 1227 5129 prudentia,
1259 5064 1387 5106 necesse
1411 5052 1459 5107 est
1482 5064 1552 5106 eam
1575 5062 1704 5127 quoque
1726 5041 1766 5104 ah

438 5138 543 5221 aliqua
565 5159 600 5201 re
622 5158 691 5202 esse
714 5141 915 5203 constitutam
937 5147 969 5201 et
997 5138 1181 5221 proiectam.
1228 5134 1278 5198 ti.
1303 5137 1447 5201 Constitit
1469 5147 1575 5200 autem
1596 5136 1663 5200 tere
1684 5138 1767 5199 inter

502 5399 527 5447 7.
546 5399 576 5447 dc
591 5410 645 5447 om.
663 5398 682 5447 B
703 5425 729 5434 -
748 5398 897 5462 deluditur
914 5398 1035 5459 (neniis)
1054 5398 1073 5448 Ε
1094 5424 1119 5435 -
1138 5398 1205 5459 Lyco
1221 5398 1257 5447 D:
1281 5398 1367 5458 Lucios
1383 5395 1426 5447 alii
1444 5396 1539 5459 codd.;
1559 5410 1613 5449 om.
1631 5398 1660 5460 B,
1679 5409 1764 5447 vacuo

436 5474 520 5537 spatio
536 5474 640 5523 relicto.
661 5500 688 5509 -
707 5472 747 5523 ll.
764 5474 841 5521 votuit
858 5474 973 5534 antiquos
989 5474 1022 5522 B:
1041 5474 1158 5535 antiquos
1173 5473 1251 5522 coluit
1268 5474 1287 5522 0
1308 5498 1335 5508 -
1355 5474 1394 5522 ⁴5.
1415 5485 1447 5521 uc
1463 5478 1545 5523 taenea
1562 5473 1599 5521 B:
1617 5471 1764 5522 Auomooo

439 5575 466 5584 -
484 5562 515 5599 nc
531 5548 664 5599 Bromius:
683 5559 737 5597 om.
756 5548 835 5597 codd.
854 5551 881 5597 θῖ
897 5549 917 5597 0
935 5574 962 5583 -
987 5549 1026 5597 ⁴7.
1045 5562 1142 5598 nunmo
1158 5548 1191 5597 B:
1210 5561 1353 5609 summoque
1371 5548 1423 5598 ΜΟ
1444 5574 1470 5583 —-
1498 5549 1537 5600 ts.
1556 5546 1605 5598 dici
1620 5560 1680 5598 uere
1694 5547 1765 5610 peri-

433 5623 571 5685 pateticus
586 5623 635 5672 dici
651 5636 701 5671 con
714 5636 742 5685 p.
756 5624 790 5682 B;
809 5623 857 5672 dici
874 5636 932 5671 cere
940 5624 966 5671 P.
979 5637 1029 5671 con
1043 5636 1070 5685 p.
1084 5624 1138 5673 ΜΟ
1152 5648 1178 5657 -
1194 5623 1234 5672 49.
1247 5623 1371 5672 Aristoteli
1388 5623 1421 5672 B:
1440 5622 1577 5673 Aristotelis
1588 5622 1609 5672 0
1622 5648 1650 5658 -
1663 5619 1704 5672 il.
1718 5634 1764 5671 ec-

436 5697 501 5760 cum]
516 5711 605 5747 eurum
617 5698 636 5748 E
649 5723 676 5732 -
695 5698 736 5748 25.
749 5710 835 5747 rerum
850 5710 903 5746 om.
922 5697 941 5745 B
952 5698 971 5745 E
990 5696 1083 5757 (falsus
1101 5699 1142 5746 est
1159 5696 1302 5760 Madvigius
1319 5698 1345 5747 in
1363 5697 1429 5748 Add.
1448 5711 1475 5762 p.
1494 5697 1550 5761 637)
1570 5722 1598 5733 -
1623 5696 1727 5759 aliquod
1743 5696 1762 5744 B

439 5798 466 5807 -
479 5773 520 5821 27.
536 5778 639 5835 possunt
655 5774 741 5824 BE-
760 5774 801 5824 28.
816 5774 876 5835 quid
892 5773 971 5823 codd.
990 5772 1123 5837 plerique:
1143 5773 1210 5832 qood
1226 5773 1314 5821 ΒΟ-
1328 5773 1369 5823 29.
1387 5775 1454 5824 citcc
1469 5773 1512 5823 cio
1529 5771 1608 5823 codd.
1627 5768 1760 5836 plerique:

436 5850 459 5893 ct
475 5846 520 5898 uio
534 5860 588 5897 uno
604 5849 636 5906 B;
659 5855 683 5898 ct
698 5850 765 5899 vitoe
779 5849 823 5899 oio
839 5861 902 5899 cum
919 5849 1063 5897 Goerenzio
1080 5848 1101 5897 0
1120 5874 1147 5883 -
1166 5846 1218 5911 Est]
1236 5847 1298 5897 Cum
1314 5848 1333 5897 Β
1353 5875 1379 5884 -
1399 5848 1440 5899 30.
1459 5847 1567 5911 quidque
1582 5844 1662 5899 codd.
1681 5843 1763 5912 pleri·

437 5932 503 5984 que:
527 5924 705 5985 qoodqiicsso
723 5949 750 5959 -
770 5923 810 5973 33.
829 5922 1013 5985 θυεμ-θεοῖ]
1031 5922 1287 5985 ᾳυοιῖ--ᾳθοεῖΒΕ
1307 5949 1333 5988 7-
1353 5922 1394 5974 35.
1412 5934 1501 5975 oum.
1518 5921 1548 5977 B.
