4342 7459
680 1238 1460 1327 Ln.11.cn.xxvt-xxvn.558t-87.
1672 1234 1729 1301 t2t

414 1413 553 1477 Puteolis
575 1412 740 1496 granaria?
763 1413 883 1495 Collige
906 1416 1026 1488 omnia,
1048 1434 1131 1498 qnae
1151 1414 1270 1478 soletis.
1306 1413 1518 1477 aPraesidium
1533 1412 1735 1475 amicornm.»

415 1510 495 1571 Satis
517 1516 567 1571 est
589 1507 645 1569 tibi
668 1508 701 1569 in
723 1515 771 1581 te,
793 1508 871 1570 satis
894 1509 926 1570 in
949 1508 1089 1589 legibus,
1112 1509 1188 1571 satis
1212 1509 1245 1571 in
1261 1508 1471 1572 mediocribus
1485 1504 1631 1569 amicitiis
1646 1522 1736 1586 prae-

414 1604 504 1667 ridii:
527 1604 590 1666 iam
612 1603 771 1664 contemni
793 1620 857 1664 non
880 1604 1014 1684 pateris3
1037 1602 1147 1665 adium
1161 1610 1267 1665 autem
1283 1609 1316 1664 et
1332 1600 1483 1665 invidiam
1497 1598 1592 1662 facile
1605 1596 1735 1669 vitabis3

413 1698 452 1761 ad
474 1716 529 1760 eas
550 1697 635 1759 enim
660 1715 710 1758 res
732 1696 772 1758 ab
793 1697 932 1778 Epicuro
954 1703 1122 1779 praecepta
1144 1696 1265 1759 dantur.
1295 1696 1336 1757 Et
1357 1703 1462 1758 tammr
1484 1694 1579 1757 tantis
1599 1690 1736 1771 vectiga-

412 1791 494 1855 libus
522 1792 563 1854 ad
592 1790 810 1853 liberalitatem
839 1798 933 1853 utens
961 1792 1055 1853 etiam
1078 1792 1148 1853 sine
1171 1788 1230 1853 bac
1251 1788 1388 1872 Pyladea
1408 1787 1544 1851 amicitia
1566 1784 1760 1848 multorums

412 1892 444 1948 te
464 1884 688 1949 benevolentia
710 1885 870 1967 praeclare
893 1885 1021 1947 tuebere
1044 1892 1076 1948 et
1098 1886 1231 1948 munies.
1268 1881 1319 1944 85.
1341 1884 1381 1945 rt
1403 1882 1532 1965 quicum
1553 1880 1623 1943 ioca
1645 1878 1736 1951 seria,

413 1989 447 2045 ut
463 1979 590 2051 dieitur,
612 1978 741 2061 quicum
755 1999 883 2052 arcana,
907 1981 1035 2062 quicum
1050 1979 1171 2042 occulta
1186 1980 1314 2042 omnia‘i
1336 1980 1454 2039 Tecum
1469 1976 1598 2058 optime,
1620 1972 1737 2049 deinde

413 2077 508 2140 etiam
531 2093 603 2137 cum
626 2072 778 2135 mediocri
800 2074 912 2136 amico.
957 2074 1018 2135 Sed
1041 2073 1090 2136 lac
1112 2074 1172 2136 ista
1194 2093 1264 2136 esse
1286 2091 1350 2135 non
1372 2071 1566 2153 importuna,
1598 2067 1674 2152 quid
1696 2066 1736 2128 ad

412 2170 578 2234 utilitatem
602 2175 708 2230 tantae
731 2168 909 2249 pecuniael
943 2168 1038 2230 Vides
1060 2167 1168 2248 igitur,
1198 2168 1225 2230 si
1252 2166 1421 2230 amicitiam
1442 2184 1498 2227 sua
1520 2164 1650 2227 caritate
1672 2180 1737 2223 me·

412 2266 506 2337 tiara,
534 2262 615 2325 nihil
647 2281 717 2323 esse
745 2263 975 2344 praestantius,
1005 2262 1055 2324 sin
1083 2262 1312 2333 emolumento,
1341 2278 1480 2322 summas
1508 2256 1737 2322 familiaritates
1747 2269 1775 2315 to

412 2358 613 2441 praediorum
629 2355 864 2418 fructuosorum
879 2355 1025 2418 mercede
1040 2356 1191 2439 superari.
1212 2356 1263 2419 lle
1277 2355 1373 2437 igitur
1386 2355 1489 2436 ipsum
1503 2371 1589 2416 ames
1601 2355 1736 2432 oportet,

412 2472 476 2517 non
498 2471 582 2524 mea,
605 2448 632 2511 si
654 2450 720 2510 veri
742 2449 835 2512 amici
857 2448 954 2513 futuri
977 2469 1096 2512 sumus.

495 2544 626 2606 XXVll.
657 2541 719 2603 Sed
747 2544 779 2604 in
808 2543 905 2605 rebus
932 2544 1139 2625 apertissimis
1168 2544 1300 2607 nimium
1327 2543 1412 2625 longi
1435 2562 1551 2606 sumus.
1591 2538 1735 2603 Perfecto

412 2641 497 2705 enim
527 2646 558 2701 et
588 2635 739 2700 concluso
762 2656 868 2720 neque
889 2637 1057 2700 virtutibus
1078 2657 1182 2719 neque
1203 2637 1351 2700 amicitiis
1374 2657 1506 2720 nsquam
1529 2636 1633 2699 lacum
1655 2653 1735 2707 esse,

411 2735 438 2798 si
460 2733 500 2796 ad
522 2732 717 2813 uoluptatem
740 2731 848 2793 omnia
870 2730 1059 2805 referantur,
1082 2730 1163 2793 nibil
1184 2738 1349 2813 praeterea
1370 2740 1419 2795 est
1442 2750 1555 2813 magna
1576 2749 1673 2813 opere
1688 2728 1773 2790 dito

411 2827 557 2891 cendam.
595 2830 640 2887 Ac
669 2833 789 2897 tamen,
820 2846 860 2887 ne
889 2825 941 2887 cui
965 2825 1037 2888 loco
1060 2845 1124 2888 non
1147 2826 1290 2889 videatur
1311 2845 1381 2888 osse
1403 2844 1607 2908 responsum,
1635 2840 1735 2905 pauca

410 2923 504 2986 otiam
534 2938 618 2981 nuno
646 2917 748 2980 dicam
778 2919 818 2980 ad
846 2891 997 3002 reliquain
1028 2919 1203 2981 orationem
1233 2927 1329 2982 tuam.
1376 2916 1428 2982 86.
1451 2920 1610 2994 Quoniam
1640 2917 1736 2999 igitur

410 3016 513 3079 omnis
545 3032 668 3075 summa
699 3012 919 3095 philosophiae
950 3013 989 3075 ad
1019 3012 1111 3074 beate
1134 3012 1304 3074 vivendum
1332 3013 1482 3087 refertur,
1510 3013 1608 3094 idque
1637 3029 1734 3072 unum

410 3112 596 3191 expetentes
619 3104 762 3166 homiues
784 3125 818 3167 se
840 3105 880 3167 ad
902 3106 963 3168 boc
986 3106 1124 3169 studium
1147 3105 1366 3180 coutulerunt,
1387 3104 1479 3170 beate
1501 3113 1606 3170 autem
1629 3104 1735 3166 vivere

410 3203 464 3266 alii
493 3202 526 3263 in
556 3198 634 3271 alio,
663 3218 720 3260 vas
742 3199 777 3259 in
799 3198 961 3282 voluptate
983 3199 1117 3282 ponitis,
1147 3200 1222 3261 item
1244 3208 1353 3262 eontra
1375 3202 1532 3263 miseriam
1555 3217 1680 3261 omnem
1700 3197 1773 3258 into

410 3296 536 3367 dolore,
559 3291 591 3354 id
615 3294 749 3374 primunr
772 3294 948 3367 videamus,
969 3294 1062 3356 beate
1085 3294 1190 3356 vivere
1212 3300 1350 3357 vestrum
1364 3294 1459 3377 quale
1475 3295 1524 3356 sit.
1553 3295 1659 3375 Atque
1676 3290 1734 3352 boc

411 3390 545 3463 dabitis,
567 3395 603 3448 nt
624 3385 752 3469 opinor,
776 3388 803 3449 si
826 3386 922 3449 modo
945 3389 985 3449 sit
1007 3387 1129 3471 aliquid
1152 3408 1222 3451 esse
1244 3388 1388 3463 beatum,
1410 3388 1444 3451 id
1466 3393 1613 3470 oportere
1635 3392 1733 3448 totum

411 3485 486 3567 pani
509 3482 544 3544 in
566 3487 724 3562 potestate
746 3482 907 3563 sapientis.
951 3484 1029 3543 Nam
1052 3483 1079 3545 si
1102 3482 1201 3545 amitti
1216 3484 1279 3545 vita
1301 3483 1394 3546 beata
1414 3489 1531 3567 potest,
1552 3481 1644 3543 beata
1665 3497 1734 3540 esse

411 3596 474 3639 nan
497 3581 611 3657 potest
649 3574 729 3648 Quis
751 3577 834 3636 enirn
859 3572 988 3638 conlidit
1009 3597 1134 3658 semper
1155 3576 1213 3638 sibi
1235 3576 1314 3639 illud
1336 3577 1447 3639 stabile
1465 3584 1498 3639 et
1518 3576 1642 3639 firmum
1664 3591 1735 3655 per-

410 3689 608 3741 mansurum,
631 3667 718 3751 quod
740 3668 853 3750 fragile
876 3676 907 3731 et
929 3670 1081 3732 caducum
1106 3671 1168 3732 siti
1198 3670 1261 3744 Qui
1283 3679 1387 3733 autem
1404 3670 1520 3733 diffidit
1533 3666 1771 3752 perpetuitatisa

408 3763 565 3826 bonorum
587 3782 732 3836 suorum,
755 3764 861 3826 timeat
882 3784 1013 3827 necesse
1036 3772 1084 3827 est
1103 3774 1146 3825 'ne
1168 3764 1342 3846 aliquando
1356 3764 1481 3826 amissis
1496 3764 1560 3827 illis
1576 3765 1617 3826 sit
1630 3763 1734 3823 miser.

409 3859 524 3919 lleatus
539 3864 642 3918 autum
659 3878 729 3918 esec
752 3857 784 3918 in
805 3858 1012 3919 maximarum
1034 3850 1138 3920 rarum
1154 3858 1267 3919 timore
1282 3876 1375 3920 nemo
1389 3865 1509 3941 potest:
1531 3876 1624 3921 uerna
1641 3855 1736 3935 igitur

409 3970 479 4014 esse
500 3950 613 4012 beatus
641 3960 754 4034 potest.
798 3948 849 4012 87.
872 3954 981 4033 Neque
1003 3955 1087 4015 enim
1110 3954 1143 4015 in
1165 3952 1270 4033 aliqua
1295 3961 1397 4033 parte,
1431 3953 1486 4015 sed
1515 3954 1548 4016 in
1577 3950 1736 4036 perpetui-

410 4053 473 4107 tate
494 4044 646 4126 temporis
668 4047 731 4107 vita
754 4044 845 4107 beata
869 4046 931 4107 dici
954 4046 1049 4119 solet,
1073 4067 1132 4108 neo
1154 4045 1333 4128 appellatur
1354 4048 1482 4109 omnino
1498 4047 1563 4110 vita
1584 4046 1644 4107 nisi
1661 4062 1735 4105 cou-

409 4138 489 4200 lecta
511 4146 607 4219 atque
630 4139 787 4210 absoluta,
811 4159 869 4201 uec
892 4148 994 4221 potest
1019 4142 1187 4223 quisquam
1204 4141 1282 4202 alias
1297 4139 1409 4202 beatus
1425 4161 1510 4214 esse,
1532 4141 1610 4202 alias
1625 4139 1772 4199 miser:so

410 4234 464 4315 qui
487 4233 572 4294 enim
595 4232 786 4293 existimabit
808 4253 902 4314 posse
925 4253 959 4295 se
983 4235 1132 4295 miserum
1155 4254 1241 4306 esse,
1264 4233 1375 4297 beatus
1390 4254 1453 4297 non
1471 4237 1539 4297 erit.
1571 4236 1648 4295 Nam
1664 4254 1734 4294 curn

410 4334 555 4409 suscepta
588 4327 684 4387 semel
720 4335 767 4387 est
795 4327 886 4388 beata
915 4328 992 4399 vita,
1027 4337 1088 4389 tam
1119 4336 1281 4407 permanet
1304 4348 1398 4408 quam
1426 4329 1493 4410 ipsa
1516 4328 1571 4389 illa
1593 4328 1733 4389 effectrix

410 4420 520 4483 beatae
550 4420 632 4482 vitae
664 4422 816 4503 sapientia
845 4441 948 4502 neque
975 4430 1139 4503 exspectat
1167 4422 1312 4483 ultimum
1344 4431 1466 4504 tempus
1494 4423 1629 4495 aetatis‚·
1647 4419 1734 4504 quod

410 4514 527 4577 Croeso
550 4514 656 4576 scribit
680 4514 857 4577 Herodotus
880 4523 1081 4597 praeceptum
1105 4536 1122 4576 a
1147 4515 1273 4577 Solone.
1311 4517 1350 4577 At
1373 4517 1466 4588 onim,
1489 4536 1583 4597 quem
1606 4514 1644 4577 ad
1669 4536 1735 4575 mo·

410 4607 482 4670 dum
515 4616 580 4670 tute
612 4609 752 4681 dicebas,
786 4616 879 4690 negat
909 4609 1064 4691 Epicurus
1098 4609 1337 4671 diuturnitatem
1365 4609 1492 4692 quidem
1522 4611 1673 4691 temporis
1695 4610 1772 4672 adea

413 4789 606 4798 ...ρ-’.ι-
618 4790 762 4797 ---.-.

473 4899 496 4946 t.
515 4896 650 4959 praitoria]
667 4910 793 4959 mamona
811 4899 846 4952 Α;
865 4900 994 4960 prociona
1012 4902 1045 4954 B:
1063 4901 1183 4962 practica
1200 4900 1278 4950 codd.
1298 4901 1454 4951 deteriores.
1475 4928 1502 4937 -
1521 4903 1546 4951 ἰ.
1561 4903 1682 4964 praeridit
1700 4905 1733 4950 tl:

406 4973 560 5033 praemittam
577 4973 655 5020 ΑΒΟ
669 4999 694 5006 -
716 4972 738 5021 l.
754 4986 793 5020 res
810 4974 874 5020 enim
891 4974 937 5023 BE
951 4977 1025 5034 (enim
1038 4990 1090 5025 uon
1105 4990 1158 5025 ont.
1173 4977 1200 5034 Ε)
1216 5003 1242 5012 -
1263 4978 1287 5025 5.
1306 4976 1443 5024 libertatem
1454 4978 1472 5026 Α
1484 4978 1534 5027 BD
1550 5004 1575 5012 —
1594 4979 1669 5027 ctiam
1681 4980 1735 5027 lla-

409 5049 508 5095 natius:
528 5060 585 5094 eam
604 5047 699 5101 ABD:
719 5049 752 5095 eir
769 5050 825 5095 0-
848 5049 871 5095 6.
891 5054 914 5097 tc
930 5056 982 5099 om.
999 5054 1018 5100 D
1035 5080 1060 5087 -
1080 5052 1244 5101 beniuolentia
1261 5052 1310 5100 ΑΒ
1326 5079 1351 5086 -
1370 5054 1503 5113 praeclare
1519 5059 1536 5103 t.
1556 5053 1588 5101 B:
1606 5054 1737 5115 praeclare

408 5129 429 5170 st
445 5129 462 5171 t.
481 5124 556 5172 ADO
572 5149 596 5157 -
617 5122 717 5170 tuebare
734 5124 778 5171 Bt]
795 5151 820 5159 -
840 5125 895 5171 ioca
912 5131 935 5173 et
951 5127 1049 5175 seriari
1065 5153 1089 5162 -
1112 5127 1135 5175 8.
1158 5124 1240 5188 etiam]
1259 5131 1281 5174 et
1298 5125 1317 5174 B
1332 5152 1358 5159 —
1378 5127 1442 5190 crim]
1461 5128 1504 5188 qai
1520 5129 1579 5177 E·
1599 5129 1649 5189 sac]
1666 5129 1736 5188 fucta

409 5198 467 5245 Β-
486 5199 623 5257 inportuna
641 5199 669 5246 Α1
681 5199 712 5245 n:
733 5201 884 5258 inoportuna
902 5212 970 5249 corr.
985 5202 1003 5249 ⁴t
1018 5201 1075 5249 tort.
1095 5202 1179 5264 prima
1199 5213 1294 5257 manu;
1313 5201 1482 5263 inopportuna
1495 5203 1514 5252 0
1528 5229 1553 5238 —
1575 5204 1614 5252 to.
1627 5203 1673 5263 ain]
1692 5218 1735 5250 irio

410 5273 427 5320 e
446 5297 472 5307 -
489 5273 683 5334 [moruncurt]
700 5275 869 5332 menusanum
886 5275 905 5322 c
923 5301 947 5309 -
967 5275 1006 5322 rr.
1029 5261 1108 5336 intur
1123 5277 1204 5336 ipsum
1222 5275 1287 5324 nn:
1305 5276 1386 5337 ipsum
1402 5278 1481 5338 {parur
1498 5278 1517 5327 o
1533 5305 1559 5314 -
1581 5278 1620 5326 ⁴3.
1639 5279 1695 5336 sec]
1708 5277 1735 5324 si

411 5347 471 5395 n-
491 5347 558 5408 lonpi
574 5347 667 5405 (uictus
685 5348 703 5396 l]
725 5376 748 5383 -
770 5348 884 5411 Perfecta]
900 5349 1011 5409 protecto
1029 5348 1057 5397 A*
1077 5376 1103 5385 -
1131 5350 1169 5398 tt.
1188 5350 1310 5414 concluso]
1328 5352 1447 5401 concludo
1466 5352 1496 5402 ΑΙ
1517 5379 1543 5388 -
1569 5354 1609 5402 lb.
1628 5365 1732 5412 inopim-

407 5434 463 5481 pere
485 5421 533 5470 AB
554 5447 587 5456 -
611 5422 649 5467 te.
669 5436 699 5467 ac
721 5427 803 5469 tornea
825 5423 888 5470 AB:
912 5425 1061 5472 AttomcnO
1087 5450 1112 5457 -
1139 5424 1178 5472 te.
1198 5426 1276 5473 amnti
1298 5438 1396 5474 summa
1413 5429 1446 5477 A:
1471 5441 1568 5477 summa
1585 5430 1664 5476 omnis
1683 5428 1733 5476 llll

412 5523 437 5530 -
450 5496 489 5543 ΞΟ.
509 5496 535 5542 in
546 5495 637 5557 actore]
656 5497 736 5543 indole
755 5497 772 5544 Ε
788 5524 808 5530 -
833 5496 873 5544 23.
887 5496 959 5543 beata
977 5501 1037 5546 aute
1055 5511 1106 5545 esse
1123 5511 1176 5547 om.
1196 5500 1214 5547 ll
1231 5526 1255 5535 -
1275 5500 1316 5549 bl.
1337 5502 1401 5560 Ouid
1418 5502 1463 5549 tit:
1477 5528 1503 5537 -
1522 5516 1618 5564 seniper
1634 5502 1679 5550 eibi
1698 5504 1732 5549 A:

409 5570 452 5617 sibi
467 5584 563 5630 suuper
579 5570 654 5617 ulto
673 5597 694 5603 --
716 5572 776 5618 ittnd
794 5576 811 5619 n
824 5572 854 5618 R:
874 5573 898 5618 id
917 5572 991 5620 tillo
1013 5600 1037 5608 ·-
1057 5574 1098 5620 ⁹25.
1118 5574 1206 5635 diffidit
1225 5575 1283 5623 BE:
1303 5574 1397 5637 diffidet
1414 5578 1464 5625 ant
1478 5602 1506 5613 -
1525 5579 1565 5626 28.
1584 5590 1634 5626 arse
1651 5575 1735 5624 beatus

410 5648 470 5695 te:
494 5647 580 5694 beatas
597 5660 646 5693 esse
666 5647 683 5694 t:
693 5649 716 5695 ll
740 5672 766 5680 —
792 5648 830 5694 ill.
851 5648 907 5710 diri]
926 5649 983 5695 duci
1000 5648 1048 5695 ΑΒ
1074 5673 1100 5680 -
1127 5661 1171 5696 nec
1189 5649 1279 5697 ABG:
1304 5664 1383 5711 neque
1400 5652 1453 5699 ΜΟ
1474 5678 1498 5684 --
1525 5652 1579 5700 uita
1596 5653 1657 5701 AB:
1682 5653 1735 5699 uita

409 5721 478 5769 beata
496 5723 546 5769 blt)
558 5749 589 5756 —
607 5722 647 5769 30.
662 5721 774 5769 absoluta
787 5735 839 5770 our.
853 5723 871 5770 ll
883 5748 909 5756 -
929 5724 968 5769 32.
983 5727 1017 5768 est
1034 5722 1106 5769 senet
1119 5722 1136 5769 Β
1150 5724 1210 5781 (uon
1226 5723 1251 5783 E)
1265 5750 1290 5757 -
1311 5724 1351 5773 34.
1365 5726 1395 5773 At
1406 5726 1471 5773 raim
1483 5727 1627 5774 Manutius:
1647 5727 1735 5775 etenim

410 5795 484 5843 codd.
497 5822 521 5830 -
542 5797 582 5843 35.
596 5795 702 5843 ducebas
719 5797 763 5844 lli]
779 5823 804 5831 —
825 5798 1015 5846 diuturnitatem
1026 5800 1046 5846 ,t
1057 5801 1092 5846 G:
1111 5811 1155 5846 uec
1171 5798 1335 5848 diuturnitate
1353 5801 1411 5858 8133
1431 5814 1475 5848 nec
1491 5801 1680 5849 diuturnitatem
1698 5801 1732 5859 0;

415 5875 424 5929 ζ·
441 5886 484 5919 nec
501 5872 691 5920 diuturnitatem
709 5874 732 5921 ll
753 5899 778 5907 —
799 5874 896 5933 quidem
913 5885 965 5921 om.
986 5875 1007 5919 t}
1024 5875 1051 5921 et
1068 5872 1211 5923 Lambinus
1230 5875 1268 5935 (ua
1285 5875 1474 5924 diuturnitatem
1490 5875 1587 5935 quidem
1606 5874 1734 5940 Madvigio

408 5950 514 5997 anctore
533 5944 664 6005 lilotzius).
