4342 7459
446 1228 508 1295 288
772 1229 1097 1294 TUSCULANARUM
1117 1231 1446 1298 DISPUTATIONUM

445 1390 611 1473 cogitavit,
634 1410 715 1472 quae
737 1390 885 1471 cogitatio
908 1411 971 1454 una
993 1390 1130 1454 maxime
1152 1391 1313 1455 molestias
1333 1392 1434 1455 omnis
1451 1398 1602 1456 extenuat
1616 1399 1648 1456 et
1663 1391 1775 1468 diluit3

445 1484 575 1558 deinde,
598 1484 682 1568 qnod
704 1484 842 1547 bumana
863 1484 1000 1547 bumane
1027 1484 1159 1547 ferenda
1180 1486 1349 1567 intellegit;
1380 1493 1556 1568 postremo,
1578 1486 1663 1570 quod
1687 1486 1776 1549 videt

445 1578 561 1641 malum
583 1578 705 1640 nullum
728 1598 798 1641 esse
812 1578 874 1641 nisi
890 1578 1025 1661 c'ulpam,
1047 1578 1172 1660 culpam
1187 1586 1292 1642 autem
1307 1578 1427 1642 nullam
1442 1598 1522 1653 esse,
1544 1600 1616 1643 cum
1629 1579 1673 1655 id,
1688 1580 1775 1663 quod

444 1671 483 1732 ab
497 1670 626 1734 bomine
648 1692 711 1734 non
735 1672 872 1754 potuerit
888 1672 1050 1754 praestari,
1073 1673 1226 1735 evenerit.
1258 1669 1308 1735 35.
1324 1674 1402 1735 Nam
1418 1674 1577 1737 revocatio
1591 1674 1657 1750 ille,
1679 1694 1775 1758 quem

420 1763 561 1838 teuton,
583 1785 654 1827 cum
676 1785 693 1827 a
717 1765 904 1828 contuendis
928 1786 985 1829 nos
1007 1766 1098 1827 malis
1120 1773 1246 1839 avocat,
1270 1766 1358 1829 nulla
1379 1775 1436 1829 est.
1475 1768 1545 1830 Non
1568 1778 1617 1833 est
1639 1769 1775 1833 enimin

444 1868 551 1922 nostra
574 1866 728 1941 potestate
749 1857 961 1922 fodicantibus
984 1860 1023 1921 iis
1046 1859 1155 1932 rebus,
1179 1880 1257 1941 quas
1280 1860 1376 1923 malas
1399 1880 1468 1924 esse
1485 1863 1658 1944 opinemur,
1680 1861 1777 1926 dissi·

445 1954 574 2016 mulatio
590 1953 640 2015 vel
656 1953 792 2016 oblivio:
816 1953 969 2026 lacerant,
993 1963 1124 2027 vexant,
1147 1954 1292 2015 stimulos
1307 1954 1492 2029 admovent,
1515 1955 1596 2039 ignis
1612 1955 1775 2029 adbibent,

443 2047 599 2130 respirare
627 2066 691 2108 non
721 2047 837 2109 sinunt.
872 2049 911 2109 Et
938 2055 972 2109 tu
1000 2048 1144 2110 oblivisci
1174 2046 1279 2119 iubes,
1309 2047 1395 2130 quod
1418 2057 1526 2112 contra
1548 2056 1692 2112 naturam
1716 2055 1775 2123 est,

445 2142 498 2225 qui
529 2141 613 2225 quod
643 2160 662 2202 a
689 2148 800 2202 natura
831 2140 938 2202 datum
966 2149 1013 2203 est
1043 2140 1198 2204 auxilium
1220 2148 1411 2222 extorqueas
1439 2142 1605 2207 inveterati
1628 2143 1774 2206 dolorisl

407 2236 500 2297 toust
529 2234 614 2296 enim
642 2235 730 2296 tarda
758 2234 813 2297 illa
843 2233 969 2316 quidem
999 2235 1156 2298 medicina
1178 2234 1234 2298 sed
1264 2242 1368 2297 tamen
1392 2255 1522 2318 magna,
1551 2256 1647 2320 quam
1670 2235 1775 2299 adfert

443 2327 656 2413 longinquitas
679 2337 711 2390 et
731 2327 809 2390 dies.
843 2328 937 2391 lubes
959 2350 1008 2391 me
1026 2330 1110 2391 bona
1124 2329 1278 2410 cogitare,
1301 2328 1442 2391 oblivisci
1460 2331 1622 2393 malorum.
1644 2329 1775 2392 Diceres

443 2420 565 2505 aliquid
589 2430 621 2486 et
641 2441 755 2504 magno
779 2421 907 2505 quidem
929 2422 1122 2504 pbilosopbo
1145 2422 1290 2505 dignum,
1320 2423 1346 2485 si
1369 2442 1406 2485 ea
1428 2423 1511 2486 bona
1533 2443 1602 2487 esse
1626 2423 1773 2498 sentires,

444 2535 525 2600 quae
548 2524 653 2579 essent
675 2515 802 2578 bomine
824 2516 1018 2598 dignissima.

529 2612 626 2674 XVll.
648 2607 699 2671 36.
722 2609 912 2692 Pythagoras
934 2609 1011 2671 mibi
1033 2610 1060 2673 si
1084 2610 1204 2672 diceret
1225 2618 1279 2673 aut
1301 2610 1444 2673 Socrates
1467 2618 1522 2673 aut
1536 2611 1639 2674 Plato:
1665 2611 1773 2688 «Quid

406 2711 434 2757 ¹⁵
443 2706 526 2769 iaces
548 2712 602 2768 aut
623 2703 700 2787 quid
723 2722 844 2765 maeres
865 2712 921 2765 aut
941 2724 998 2766 cur
1025 2703 1204 2768 succumbis
1226 2704 1377 2786 cedisque
1398 2702 1566 2768 fortunae?
1596 2723 1678 2787 quae
1701 2724 1774 2787 per·

444 2799 560 2861 vellere
582 2805 612 2860 te
634 2796 765 2859 forsitan
795 2798 931 2879 potuerit
953 2805 983 2860 et
1010 2817 1164 2882 pungere,
1193 2816 1256 2859 uon
1281 2798 1383 2880 potuit
1405 2806 1489 2860 certe
1512 2799 1594 2861 vires
1615 2796 1774 2881 frangere.

442 2893 556 2974 Magna
576 2893 624 2954 vis
646 2898 695 2953 est
715 2890 748 2951 in
770 2891 953 2953 virtutibus:
976 2910 1030 2954 eas
1046 2894 1164 2965 excita,
1187 2891 1213 2953 si
1229 2889 1309 2953 forte
1326 2891 1496 2954 dormiunt
1518 2892 1584 2955 Iam
1599 2892 1655 2954 tibi
1671 2891 1775 2955 ederit

442 2986 589 3069 princeps
611 2983 773 3059 fortitudo,
797 3003 880 3067 quae
903 2993 934 3047 te
957 2979 1062 3047 animo
1084 2992 1172 3047 tanto
1189 3004 1258 3047 esse
1274 2993 1380 3067 coget,
1402 2994 1439 3047 ut
1452 2988 1574 3060 omnia,
1597 3006 1678 3070 quae
1697 3005 1775 3069 pos·

443 3078 507 3141 sint
527 3078 648 3142 bomini
671 3078 816 3152 evenire,
839 3087 1022 3141 contemnas
1046 3087 1076 3142 et
1100 3099 1157 3162 pro
1181 3078 1280 3143 nibilo
1303 3086 1410 3162 putes3
1433 3078 1534 3143 aderit
1552 3079 1773 3162 temperantia,

404 3178 523 3255 ecquae
546 3179 595 3235 est
616 3173 726 3236 eadem
751 3171 932 3245 moderatio,
956 3192 973 3234 a
995 3192 1045 3235 me
1068 3171 1196 3256 quidem
1219 3172 1313 3255 paulo
1335 3180 1407 3235 ante
1422 3173 1580 3254 appellata
1595 3172 1772 3256 frugalitas,

442 3286 524 3351 quae
546 3275 576 3330 te
600 3268 732 3349 turpiter
752 3275 784 3329 et
805 3267 949 3351 nequiter
963 3264 1066 3329 facere
1083 3265 1160 3328 nibil
1176 3267 1321 3348 patietur.
1349 3266 1433 3341 Quid
1449 3274 1497 3329 est
1511 3274 1616 3329 autem
1631 3267 1771 3349 nequius

442 3370 496 3425 aut
516 3362 641 3445 turpius
664 3359 853 3424 ecfeminato
873 3360 963 3421 virot
986 3362 1032 3423 lle
1055 3359 1174 3422 iustitia
1191 3350 1318 3443 quidem
1341 3360 1424 3422 sinet
1447 3367 1478 3422 te
1500 3359 1560 3423 ista
1575 3360 1698 3435 facere,
1720 3360 1772 3423 eui

441 3456 605 3519 minimum
628 3474 698 3517 esse
713 3455 837 3516 videtur
857 3453 889 3514 in
912 3452 970 3515 bac
992 3473 1086 3516 cansa
1109 3453 1181 3528 loci,
1204 3473 1285 3537 quae
1308 3460 1410 3516 tamen
1438 3453 1481 3515 ita
1503 3454 1587 3516 dicet
1601 3453 1773 3536 dupliciter

441 3568 511 3611 esse
533 3556 565 3611 te
586 3549 749 3621 iniustum,
765 3567 836 3609 cum
852 3554 884 3608 et
896 3546 1036 3610 alienum
1049 3547 1191 3628 adpetes,
1215 3549 1270 3631 qui
1286 3547 1428 3610 mortalis
1447 3556 1540 3610 natus
1556 3547 1770 3611 conditionem

403 3641 583 3725 ”postules
598 3640 821 3714 inmortalium,
843 3647 875 3702 et
889 3641 1027 3722 graviter
1040 3639 1123 3703 feras
1139 3648 1179 3714 te,
1202 3641 1288 3724 quod
1305 3642 1457 3704 utendum
1472 3643 1640 3726 acceperis,
1663 3641 1770 3704 reddi·

441 3736 535 3798 disse.
557 3732 609 3796 37.
624 3734 812 3797 Prudentiae
825 3733 987 3817 veroquid
1002 3735 1209 3816 respondebis
1222 3735 1347 3799 docenti
1362 3735 1508 3805 virtutem
1525 3755 1595 3798 sese
1611 3755 1681 3798 esse
1695 3755 1772 3798 con·

442 3836 569 3903 tentam,
584 3848 648 3911 quo
664 3828 760 3890 modo
775 3826 814 3890 ad
829 3828 910 3889 bene
924 3827 1106 3903 vivendum,
1129 3830 1173 3891 sic
1195 3830 1288 3891 etiam
1305 3829 1345 3893 ad
1360 3830 1477 3892 beate?
1502 3828 1591 3905 Quae
1607 3832 1633 3894 si
1649 3830 1771 3893 extrin-

441 3941 532 3986 secus
554 3922 684 4004 religata
707 3921 844 4004 pendeat
867 3929 898 3983 et
920 3940 983 3983 non
1006 3929 1038 3984 et
1059 3923 1178 3985 oriatur
1199 3943 1218 3985 a
1240 3942 1274 3985 se
1293 3933 1325 3986 et
1346 3944 1454 3985 rursus
1477 3923 1515 3986 ad
1538 3943 1573 3985 se
1594 3929 1772 3985 revertatur

442 4023 473 4079 et
495 4017 601 4080 omnia
622 4036 678 4079 sua
694 4017 857 4098 complexa
872 4015 952 4077 nibil
969 4025 1100 4099 quaerat
1115 4017 1262 4090 aliunde,
1285 4037 1348 4079 non
1363 4017 1513 4100 intellego
1529 4037 1584 4078 eur
1597 4023 1652 4078 aut
1666 4014 1771 4078 verbis

403 4115 503 4172 ³⁰tam
532 4108 735 4173 vehementer
765 4109 907 4171 ornanda
936 4119 992 4172 aut
1021 4130 1055 4172 re
1084 4119 1172 4172 tauto
1196 4130 1290 4193 opere
1313 4112 1492 4192 expetenda
1515 4108 1686 4172 videatur.»
1723 4104 1770 4168 lo

440 4204 623 4267 baecbona
646 4204 745 4267 mesi
774 4223 919 4277 revocas,
949 4205 1101 4286 Epicure,
1132 4224 1242 4286 pareo,
1272 4224 1402 4286 sequor,
1432 4212 1503 4266 utor
1528 4212 1558 4265 te
1586 4203 1656 4285 ipso
1679 4201 1771 4285 duce,

441 4299 612 4363 obliviscor
634 4300 727 4361 etiam
752 4299 922 4372 malorum,
945 4307 981 4361 ut
1002 4298 1110 4371 iubes,
1133 4318 1234 4381 eoque
1257 4297 1398 4371 facilius,
1421 4296 1506 4379 quod
1523 4316 1560 4359 ea
1575 4319 1614 4361 ne
1629 4299 1662 4360 in
1679 4295 1771 4359 malis

441 4394 570 4477 quidem
593 4392 739 4475 ponenda
761 4412 885 4455 censeo.
927 4392 988 4454 Sed
1018 4392 1156 4454 traducis
1180 4392 1390 4474 cogitationes
1413 4411 1497 4453 meas
1520 4390 1559 4452 ad
1582 4390 1771 4471 voluptates.

441 4487 552 4562 Quasi
576 4486 721 4568 Corporis
744 4486 838 4549 credo
860 4493 916 4547 aut
938 4505 1019 4569 quae
1043 4493 1172 4568 propter
1193 4505 1307 4567 corpus
1329 4485 1377 4546 vel
1402 4484 1617 4547 recordatione
1639 4482 1689 4544 vel
1713 4499 1771 4565 spe

401 4582 627 4664 &cogitentun
668 4582 747 4642 Num
771 4580 847 4664 qnid
875 4589 922 4642 est
944 4580 1057 4641 aliud‘t
1088 4586 1213 4640 rectene
1237 4579 1426 4660 interpretor
1448 4576 1634 4640 sententiam
1658 4576 1770 4637 tuam?

441 4676 551 4739 Solent
580 4675 664 4737 enim
697 4674 747 4736 isti
778 4694 892 4757 negare
921 4693 979 4736 nos
1002 4673 1188 4755 intellegere
1211 4670 1287 4753 quid
1310 4671 1394 4733 dicat
1416 4672 1582 4754 Epicurus.
1626 4666 1678 4730 38.
1700 4669 1772 4731 lloe

441 4768 519 4831 dicit
540 4776 571 4832 et
593 4769 654 4829 boc
675 4765 730 4828 ille
752 4767 908 4829 acriculus
932 4788 980 4829 me
1001 4767 1150 4829 audiente
1164 4765 1296 4828 Athenis
1312 4783 1410 4827 senex
1425 4766 1525 4838 Zeno,
1548 4764 1681 4826 istorum
1695 4781 1771 4825 acu·

441 4863 596 4934 tissimus,
627 4861 818 4923 contendere
848 4868 880 4922 et
911 4880 1023 4943 magna
1044 4881 1122 4923 voce
1145 4860 1249 4923 dicere
1273 4859 1409 4931 solebat,
1442 4878 1515 4920 eum
1539 4876 1608 4919 esse
1630 4856 1770 4929 beatum,

440 4956 494 5037 qui
517 4954 733 5038 praesentibus
757 4954 970 5036 voluptatibus
993 4954 1150 5017 frueretur
1172 4950 1406 5034 confideretque
1429 4971 1464 5013 se
1484 4950 1651 5014 fruiturum
1666 4948 1771 5012 autin

401 5050 526 5112 uomni
548 5049 656 5112 autin
680 5068 793 5130 magna
814 5056 902 5130 parte
925 5049 1007 5110 vitae
1030 5047 1140 5111 dolore
1162 5066 1228 5109 non
1249 5046 1481 5111 interveniente
1496 5052 1568 5118 aut,
1591 5043 1617 5107 si
1631 5043 1771 5107 interve·

504 5331 529 5381 t.
546 5329 664 5392 copttoott
682 5328 816 5377 Davisius:
842 5328 991 5390 cogitauerit
1013 5329 1063 5379 CO
1087 5353 1113 5363 -
1138 5325 1419 5377 idumaeumque
1441 5322 1524 5374 codex
1542 5321 1696 5371 Vetlcanus:
1719 5320 1771 5369 brt-

437 5418 516 5456 mouo
532 5404 595 5461 (303
614 5402 739 5452 tunsone
755 5402 799 5462 n¹;
817 5401 925 5452 nonam
941 5403 998 5452 11²ss
1020 5430 1045 5438 -
1065 5405 1089 5452 e.
1107 5415 1157 5452 son
1174 5407 1208 5451 est
1222 5402 1287 5451 enim
1301 5400 1381 5449 nete
1398 5398 1482 5458 rebus,
1501 5395 1660 5459 quorem
1675 5396 1771 5457 opino-

437 5495 505 5541 πων,
528 5478 692 5529 dissimulatio
713 5477 753 5526 oet
774 5476 863 5527 oblivio
886 5478 985 5527 Nonius
1008 5490 1067 5541 pag.
1088 5477 1127 5527 66.
1147 5502 1179 5512 -
1204 5476 1228 5525 6.
1246 5474 1320 5524 bisc
1341 5500 1367 5510 -
1387 5473 1411 5522 9.
1431 5472 1475 5533 qui
1491 5472 1558 5533 quod
1574 5484 1591 5521 o
1606 5475 1701 5520 soture
1717 5468 1770 5519 rto·¹

437 5564 491 5606 tren
511 5554 694 5606 utensilium
716 5550 881 5614 Tregderus:
907 5554 968 5612 qoto
984 5559 1080 5602 notura
1096 5553 1184 5601 dotem
1200 5556 1234 5601 est
1251 5548 1378 5600 auxilium
1395 5549 1430 5604 C;
1455 5548 1520 5610 quod
1536 5561 1554 5596 o
1569 5550 1665 5596 oatwo
1680 5546 1770 5595 worn

437 5638 472 5681 est
489 5631 615 5681 ossillum
632 5626 688 5685 elii;
707 5628 750 5689 qut
766 5641 784 5676 o
800 5634 894 5677 notura
911 5629 998 5676 Meum
1014 5626 1171 5676 seniliumo
1186 5652 1212 5662 -
1232 5624 1271 5675 tl.
1289 5629 1428 5686 pytoporos
1444 5623 1492 5671 Glt
1507 5647 1533 5657 -
1555 5621 1595 5670 ⁴9.
1607 5624 1770 5682 contempnas

439 5709 488 5758 Glt
508 5733 534 5743 -
553 5707 594 5757 at.
610 5703 763 5767 pottotorc
784 5729 810 5739 -
836 5702 877 5752 23.
895 5702 954 5766 loct]
972 5702 1077 5764 lequtC
1105 5728 1131 5737 -
1154 5700 1195 5752 tt.
1214 5698 1419 5749 condteonemtt
1444 5723 1470 5733 -
1494 5696 1534 5746 26.
1558 5694 1624 5759 quod
1646 5691 1705 5744 ead.
1727 5705 1765 5744 m.

439 5794 508 5831 corr.
526 5780 552 5830 ln
570 5780 630 5840 quid
646 5780 665 5828 u
684 5803 712 5814 -
731 5778 772 5829 28.
791 5782 813 5828 et
830 5780 891 5828 aute
908 5778 1008 5827 ortem
1024 5789 1077 5826 om.
1099 5777 1132 5826 lt.
1158 5775 1212 5825 «Cf.
1231 5776 1250 5833 l,
1269 5774 1316 5825 lb:
1341 5778 1453 5824 et--et
1468 5784 1579 5821 mrum.
1602 5768 1635 5819 de
1654 5770 1725 5819 Oret.
1743 5769 1766 5833 1,

439 5855 496 5904 tto.
514 5854 548 5905 de
566 5853 619 5903 Flu.
639 5853 658 5917 l,
676 5853 721 5902 bb:
740 5856 768 5901 et
784 5856 888 5901 ortum
903 5863 953 5901 esse
969 5865 982 5901 e
999 5863 1103 5913 corpore
1119 5855 1142 5900 et
1159 5850 1192 5899 od
1208 5863 1298 5912 corpor
1313 5849 1458 5912 referri.»
1477 5847 1519 5897 W.
1536 5872 1562 5882 -
1581 5844 1621 5895 30.
1638 5846 1768 5904 ranem

438 5926 465 5977 b.
479 5925 496 5977 l.
510 5928 529 5978 c
543 5951 569 5964 -
584 5928 624 5978 33.
640 5927 757 5990 ponendo
772 5938 823 5977 eeu
837 5927 952 5977 meon
966 5920 1239 5990 -aeeopoeord
1253 5949 1280 5963 -
1299 5923 1339 5975 et.
1353 5922 1483 5989 merlus
1499 5921 1562 5982 (³113
1581 5914 1765 5983 comesfl.
