4342 7459
726 1217 795 1279 Las.
817 1215 856 1277 11.
888 1214 963 1279 Car.
983 1215 1173 1279 xl-xul.
1202 1211 1249 1298 §s
1270 1211 1418 1277 444-34.
1672 1208 1730 1277 tat

409 1378 539 1462 aliquod
561 1375 764 1440 ostenderet?
785 1396 826 1441 an
847 1376 928 1441 haec
947 1375 1032 1438 inter
1053 1395 1089 1439 se
1109 1375 1295 1457 haruspices
1315 1376 1455 1449 Etrusci,
1476 1374 1553 1449 Elii,
1575 1374 1735 1459 Aegyptii,

409 1472 508 1536 Poeni
530 1471 754 1535 contuleruutl
796 1472 837 1533 At
857 1470 906 1543 id,
928 1463 1150 1553 praeterquam
1173 1470 1260 1553 quod
1282 1467 1350 1532 lieri
1372 1489 1436 1532 non
1459 1472 1577 1551 potuit,
1599 1490 1640 1533 ne
1660 1468 1737 1553 fingi

410 1567 539 1650 quidem
561 1572 683 1648 potest;
704 1565 785 1629 alios
808 1564 891 1627 enim
913 1564 976 1627 alio
999 1582 1087 1627 more
1109 1562 1253 1627 videmus
1275 1571 1349 1627 exta
1370 1564 1571 1646 interpretari
1591 1585 1650 1628 neo
1665 1581 1736 1628 esse

409 1681 504 1725 unam
526 1662 667 1724 omnium
689 1659 900 1741 disciplinam.
943 1655 994 1721 29.
1017 1659 1057 1721 Et
1075 1666 1173 1732 certe,
1196 1658 1223 1721 si
1240 1667 1289 1722 est
1303 1659 1336 1721 in
1352 1659 1435 1722 extis
1449 1658 1555 1740 aliqua
1569 1658 1631 1732 ris,
1654 1677 1736 1742 quae

409 1755 549 1819 declaret
570 1751 685 1828 lutura,
707 1773 838 1817 neeesse
861 1759 910 1815 cst
932 1773 1003 1815 eam
1025 1759 1081 1816 aut
1103 1772 1297 1816 cumrerum
1313 1761 1426 1819 natura
1446 1773 1516 1817 esse
1536 1754 1760 1818 coniunctama

409 1857 465 1912 aut
485 1848 674 1912 conformari
696 1849 834 1932 quodam
857 1846 952 1910 modo
975 1847 1105 1910 numine
1127 1847 1258 1910 deorum
1280 1849 1376 1930 rique
1391 1847 1508 1911 divina.
1539 1847 1617 1910 Cum
1631 1867 1737 1910 rerum

409 1953 523 2009 natura
549 1950 636 2007 444444
664 1950 793 2025 tamque
823 1940 984 2024 praeclara
1012 1941 1045 2003 in
1067 1960 1180 2003 omnes
1201 1950 1308 2025 partes
1330 1950 1498 2025 motusque
1520 1941 1637 2006 diliusa
1659 1940 1738 2025 quid

407 2038 526 2102 hahere
547 2044 655 2120 potest
675 2056 860 2108 commune,
888 2055 953 2097 non
975 2035 1077 2099 dicam
1101 2033 1311 2117 gallinaceum
1332 2034 1376 2099 sel
1397 2068 1441 2080 -
1462 2042 1537 2099 sunt
1557 2036 1659 2109 enim,
1682 2033 1738 2118 qui

409 2132 460 2196 vel
481 2130 683 2215 argutissima
704 2131 784 2194 hacc
805 2138 878 2194 exta
899 2150 970 2194 esse
993 2130 1172 2204 dicant-,
1194 2128 1249 2193 sed
1273 2130 1356 2193 tauri
1375 2130 1475 2212 opimi
1497 2130 1585 2194 iecur
1606 2136 1662 2193 aut
1683 2146 1741 2191 cor

410 2234 465 2290 aut
487 2226 618 2310 pulmot
641 2223 718 2309 quid
733 2225 828 2288 hahet
842 2225 1002 2298 naturale,
1018 2224 1105 2309 quod
1120 2224 1282 2288 declarare
1297 2225 1411 2306 possit,
1427 2223 1506 2308 quid
1519 2223 1661 2288 tutorum
1678 2222 1738 2286 siti
1747 2234 1776 2282 to

494 2320 580 2383 Xlll.
607 2315 660 2381 30.
685 2320 885 2386 Democritus
906 2327 1012 2383 tamen
1033 2339 1101 2382 non
1122 2317 1235 2382 inscite
1257 2327 1408 2402 nugatur,
1428 2328 1466 2382 ut
1486 2318 1652 2403 physicus,
1674 2335 1739 2400 quo

410 2433 526 2499 ponere
547 2413 627 2477 nihil
649 2413 856 2497 adrogantius
876 2446 920 2459 -

515 2506 631 2583 Quod
661 2517 724 2573 est
751 2517 840 2571 ante
869 2506 990 2591 pedes
1018 2528 1129 2571 nemo
1158 2515 1343 2590 spectat,
1376 2505 1478 2572 caeli
1509 2513 1741 2571 scrutantur

1110 2602 1242 2686 plagas
1263 2635 1305 2649 -

409 2717 521 2761 verum
547 2695 576 2760 is
602 2704 709 2759 tamen
736 2696 848 2760 hahitu
876 2704 1022 2762 satorum
1048 2705 1081 2761 et
1107 2695 1213 2760 colore
1240 2695 1395 2759 declarari
1420 2704 1530 2760 censet
1549 2696 1630 2759 haec
1651 2694 1781 2758 dum-u

410 2799 514 2855 taxato
535 2789 643 2874 pabuli
666 2810 767 2873 genus
788 2800 822 2854 et
843 2811 951 2854 earnm
974 2812 1091 2866 rerum,
1113 2811 1193 2875 quas
1215 2797 1299 2853 terra
1320 2799 1475 2873 procreet,
1496 2786 1546 2853 vel
1566 2789 1742 2854 ubertatem

410 2886 460 2949 rel
482 2885 681 2958 tenuitatem,
703 2884 918 2948 salubritatem
942 2887 1035 2949 etiam
1057 2893 1113 2949 aut
1133 2884 1347 2967 pestilentiam
1362 2885 1446 2948 exu's
1460 2879 1630 2967 significari
1644 2892 1742 2968 putat

410 2978 437 3041 0
459 2978 624 3043 mortalem
647 2979 796 3042 heatuml
834 2980 887 3042 eui
916 2987 1003 3043 certo
1031 2980 1099 3043 scio
1121 2979 1232 3041 ludum
1253 2997 1427 3063 numquam
1449 2976 1610 3052 defuisse,
1643 2977 1744 3041 hunc-

409 3073 461 3136 ine
483 3072 646 3137 homioem
668 3074 762 3136 tantis
786 3073 976 3137 delectatum
998 3094 1069 3138 esse
1091 3072 1204 3155 nugis,
1226 3079 1263 3136 ut
1285 3092 1350 3136 non
1372 3071 1495 3136 rideret
1517 3080 1584 3135 tum
1600 3071 1743 3136 futurum

410 3165 442 3230 id
464 3167 532 3230 reri
553 3166 678 3242 simile,
710 3167 739 3231 si
767 3168 910 3231 omnium
940 3168 1099 3250 pecudum
1129 3173 1203 3230 exta
1230 3166 1343 3231 eodem
1373 3175 1516 3251 tempore
1542 3166 1577 3229 in
1605 3164 1782 3229 eundemne

409 3258 551 3325 habitum
574 3281 609 3324 ss
631 3260 835 3345 coloremque
857 3262 1101 3325 converterentl
1137 3259 1200 3324 Sed
1222 3260 1250 3324 si
1273 3259 1384 3325 eadem
1405 3261 1486 3326 hora
1506 3261 1589 3326 aliae
1610 3258 1743 3343 pecudis

409 3354 498 3419 iectu
519 3353 655 3419 nitidum
678 3363 772 3439 atque
795 3356 923 3439 plenum
946 3363 1004 3430 est,
1026 3354 1108 3418 alias
1129 3354 1292 3418 horridum
1313 3364 1345 3419 et
1366 3355 1467 3430 exile,
1488 3356 1565 3439 quid
1586 3352 1743 3436 estquod

410 3449 564 3513 declarari
593 3450 695 3533 possit
722 3450 829 3513 hahitu
859 3459 1003 3513 extorum
1031 3456 1064 3512 et
1084 3448 1218 3512 coloret
1261 3444 1313 3511 34.
1335 3451 1385 3512 An
1407 3449 1468 3512 hoc
1489 3449 1633 3513 eiusdem
1655 3446 1743 3512 modi

412 3552 476 3616 est,
499 3544 594 3627 quale
617 3543 852 3627 Pherecydeum
874 3544 972 3619 illud,
1000 3542 1089 3627 quod
1112 3551 1160 3607 cst
1181 3562 1202 3607 a
1221 3552 1254 3607 to
1276 3542 1419 3608 dictum?
1453 3544 1508 3627 qui
1531 3563 1603 3607 cum
1626 3560 1743 3623 aquam

410 3655 451 3700 ex
472 3646 569 3722 puteo
591 3637 724 3701 vidisset
744 3638 899 3712 haustam,
922 3645 1025 3701 terrae
1048 3645 1168 3702 motum
1190 3638 1272 3701 dixit
1292 3637 1444 3701 futurum.
1487 3638 1612 3711 Parum,
1635 3636 1780 3711 credo,aa

408 3730 618 3814 inpudenter,
646 3729 751 3815 quod,
780 3755 851 3797 cum
872 3732 975 3796 sactus
998 3740 1083 3796 esset
1104 3739 1226 3806 motus,
1255 3732 1363 3796 dicere
1389 3733 1510 3797 audent
1534 3753 1618 3817 quae
1639 3730 1688 3795 ris
1709 3730 1742 3792 id

410 3824 571 3890 effecerit:
594 3826 732 3889 etiamne
752 3826 894 3891 futurum
918 3846 988 3891 osse
1009 3845 1114 3908 aquae
1134 3825 1220 3908 iugis
1241 3825 1349 3891 colore
1369 3827 1611 3911 praesentiuntl
1642 3827 1745 3891 Multa

409 3917 603 3983 istiusmodi
620 3920 768 3983 dicuntur
782 3921 815 3983 in
830 3920 965 3996 scholis,
980 3919 1037 3984 sed
1053 3918 1184 3984 credere
1199 3921 1306 3985 omnia
1321 3920 1394 3984 ride
1409 3941 1450 3984 ne
1465 3941 1530 3984 non
1544 3921 1586 3984 sit
1599 3940 1743 3985 neeesse.

409 4007 461 4075 34.
483 4013 600 4077 Verum
622 4014 687 4077 sint
708 4034 785 4078 sane
807 4015 869 4078 ista
882 4014 1081 4078 Democritea
1103 4032 1187 4077 vera.
1223 4013 1361 4089 Quando
1383 4035 1422 4080 ea
1442 4035 1502 4079 nos
1524 4015 1607 4078 extis
1629 4015 1743 4098 exqui-

410 4106 535 4170 rimus?
562 4116 618 4171 aut
639 4107 767 4191 quando
789 4106 912 4192 aliquid
934 4108 1108 4171 eiusmodi
1129 4108 1170 4170 ah
1190 4108 1358 4193 haruspice
1375 4110 1527 4194 inspectis
1548 4109 1632 4173 extis
1654 4108 1780 4172 audi-³⁰

410 4201 537 4265 vimus?
559 4203 599 4265 ah
613 4221 697 4285 aqua
712 4209 767 4265 aut
781 4202 821 4265 ah
836 4203 901 4284 igni
916 4203 1058 4284 pericula
1073 4210 1221 4278 moneut3
1246 4211 1312 4265 tum
1326 4204 1529 4278 hereditates,
1545 4213 1611 4267 tum
1628 4202 1742 4267 damna

412 4294 621 4371 denuntiant3
654 4296 767 4359 fissum
795 4296 950 4360 familiare
979 4303 1011 4358 el
1032 4294 1128 4372 vitale
1150 4303 1305 4372 tractant;
1338 4306 1434 4380 eaput
1455 4298 1569 4361 iecoris
1591 4320 1632 4363 ea
1654 4297 1742 4361 omni

409 4397 499 4474 parte
528 4389 771 4473 diligentissime
798 4389 1024 4465 considerant,
1057 4391 1084 4453 si
1113 4410 1189 4453 vero
1215 4390 1249 4452 id
1276 4410 1342 4455 non
1369 4401 1419 4456 est
1444 4394 1628 4467 inventum,
1661 4390 1742 4455 nihil

411 4494 521 4568 putant
542 4486 686 4550 accidere
708 4486 852 4569 potuisse
874 4486 1004 4550 tristius.

476 4803 1739 4867 t.eteout1-lelos,attsfl-a.poentH-ootoa-periom.H-poreefl

410 4905 443 4917 -·
460 4882 484 4931 44.
497 4885 638 4931 4444444444
654 4879 693 4938 Αἱ,
712 4892 807 4929 4444444
822 4884 882 4929 44444
899 4880 931 4930 Α2
947 4904 975 4915 -
1001 4880 1026 4930 6.
1043 4881 1143 4931 4444444
1160 4879 1182 4930 ll
1200 4904 1228 4914 -
1246 4876 1738 4943 osqore¹:uq1oau‚orqeso²-

409 4954 434 5005 l.
452 4961 576 5005 4444444444
593 4960 694 5016 tumque
709 4955 747 5014 444,
771 4960 867 5003 actua
883 4955 1068 5016 mrtcmqusll
1097 4980 1124 4990 -
1152 4959 1237 5016 portes
1257 4954 1371 5017 locosque
1392 4955 1488 5005 Davisii
1511 4968 1585 5020 susp.
1613 4981 1641 4993 -
1671 4956 1740 5021 44444]

409 5032 475 5093 quod
492 5031 514 5081 ll
534 5056 560 5067 -
587 5030 626 5081 444.
641 5029 760 5092 pulmone
776 5032 796 5079 Α
813 5055 846 5066 -
866 5029 956 5079 lateat
972 5031 1093 5081 lloeerus
1110 5028 1203 5080 meluit
1220 5055 1247 5065 -
1272 5031 1337 5091 quod
1353 5030 1486 5081 4444444444
1502 5032 1564 5081 ΑΗ;
1589 5044 1638 5093 quo
1654 5032 1740 5082 44444-

409 5120 470 5157 44444
486 5107 520 5166 B,
539 5119 589 5168 quo
605 5106 731 5155 4444444444·
748 5104 826 5157 codd.
840 5105 940 5155 annn.
954 5105 989 5165 0,
1008 5106 1058 5155 4444
1073 5106 1141 5168 quod
1156 5105 1289 5155 dsclorurs
1305 5104 1377 5155 illota
1395 5132 1422 5142 -
1444 5108 1483 5157 44.
1501 5107 1595 5172 inscite}
1613 5109 1664 5158 4444
1679 5109 1700 5157 si
1717 5108 1740 5159 li

412 5208 439 5218 -
458 5180 681 5245 laqueasse:
699 5180 844 5244 qued'rto
863 5205 889 5217 -
910 5180 950 5231 te.
969 5180 1007 5229 444
1022 5185 1107 5230 4444444
1122 5180 1209 5231 hoello
1226 5181 1247 5232 44
1267 5207 1294 5219 -
1313 5182 1358 5232 444
1374 5181 1481 5243 salise,
1498 5197 1548 5232 444
1564 5182 1625 5233 leae
1640 5183 1740 5234 Davisii

409 5270 483 5322 susp.
504 5284 532 5294 -
556 5258 596 5307 44.
616 5257 675 5308 4444.
691 5256 780 5319 poholt
795 5262 819 5306 44
834 5269 924 5306 4444444
938 5268 1025 5306 rorum
1041 5254 1101 5307 vel:
1125 5254 1213 5317 4444444
1228 5259 1252 5306 44
1268 5255 1379 5306 44444444
1395 5257 1422 5305 td
1437 5269 1515 5320 444444
1529 5271 1624 5307 rerum.
1646 5283 1672 5293 -
1696 5256 1738 5307 44.

408 5333 628 5384 444444444444--
641 5337 703 5395 puto
722 5332 855 5397 glossema
877 5344 938 5383 4444
960 5329 1102 5382 videbatur
1124 5332 1236 5382 Grutero
1264 5355 1292 5366 -
1318 5336 1382 5393 puto
1402 5331 1452 5382 til
1481 5356 1509 5369 -
1541 5334 1580 5383 48.
1598 5333 1685 5382 ludum
1702 5333 1736 5383 C:

408 5409 531 5459 4444444444
547 5409 643 5459 Dormit
661 5407 739 5458 codd.
760 5431 788 5444 -
816 5407 936 5458 4444444444
951 5405 1004 5458 440
1028 5432 1056 5443 -
1085 5405 1126 5456 49.
1144 5406 1272 5456 hominum
1288 5406 1310 5457 44
1334 5433 1362 5444 -
1389 5412 1487 5457 44444444
1503 5409 1651 5458 4444444444
1666 5409 1741 5471 444444

410 5483 546 5536 Ernestius
567 5510 590 5522 -
611 5483 673 5547 44444]
690 5496 748 5532 44444
764 5483 786 5533 44
806 5509 834 5520 -
858 5482 901 5533 444.
918 5482 1012 5542 4444444,
1030 5481 1141 5531 4444444444
1157 5482 1352 5542 corpsculum
1368 5482 1464 5532 nevies
1481 5485 1509 5532 44
1525 5483 1611 5541 mota,
1630 5482 1678 5533 sed
1696 5482 1739 5532 444

408 5559 556 5609 4444444444
579 5583 606 5593 -
633 5559 674 5608 at.
696 5558 842 5620 44444444
865 5583 893 5594 -
919 5558 962 5608 44.
983 5555 1419 5621 444]4444444444.444.44444.
1443 5582 1470 5593 ·-
1498 5558 1737 5621 44444444υὲ444-

408 5632 624 5684 4444444444ι
652 5659 679 5668 -
708 5631 878 5683 4444444444
900 5656 928 5668 -
954 5629 1085 5691 444444,
1108 5630 1205 5682 ausit
1230 5656 1257 5668 -
1284 5632 1483 5683 4444444444
1507 5658 1533 5668 -
1561 5631 1742 5692 4444444444

409 5705 547 5759 Ernestlus
566 5733 593 5743 -
611 5712 672 5757 44444
688 5707 721 5758 C:
740 5713 776 5757 444
787 5706 890 5771 iladvig
909 5731 935 5743 -
955 5720 1007 5770 quo
1017 5708 1070 5758 44444
1081 5707 1113 5768 ll,
1131 5703 1230 5770 quihus
1241 5706 1267 5756 ln
1279 5708 1397 5769 margins
1409 5706 1542 5757 adiectum
1554 5710 1595 5758 est
1605 5708 1697 5756 dietum
1711 5731 1739 5743 -

409 5780 614 5845 4444444444
634 5782 858 5833 -44444444444
878 5807 904 5819 -
923 5782 1061 5834 occludit
1080 5806 1107 5818 —
1126 5781 1356 5832 4444444444-
1375 5780 1559 5831 assem·
1579 5780 1742 5831 4444444444

409 5857 477 5983 η444444
494 5857 516 5908 u
535 5883 563 5895 -
581 5857 718 5960 4414444444
734 5857 769 5909 C:
787 5856 874 5909 4444444
889 5856 1070 5922 ilotttnqsrm,
1088 5866 1158 5920 quas
1175 5856 1329 5907 4444444444
1345 5855 1437 5908 nardo
1452 5866 1487 5906 an
1503 5855 1538 5906 444
1552 5852 1693 5920 probanda
1711 5877 1739 5891 -
