4342 7459
718 1260 787 1323 n..
808 1260 862 1322 ru.
892 1259 965 1324 cn.
988 1262 1189 1327 xix-xx.
1218 1261 1264 1347 §t
1286 1260 1432 1330 et-or.
1670 1261 1732 1329 tto

407 1428 555 1492 rideatur
576 1427 736 1491 monuisse
754 1435 790 1490 ut
809 1438 949 1503 caveret,
971 1431 1112 1513 itemque
1131 1432 1296 1509 formicae,
1318 1454 1411 1516 apes,
1434 1435 1573 1500 ciconiae
1599 1436 1733 1502 aliorum

408 1524 504 1586 etiam
537 1540 633 1584 causa
658 1521 813 1605 quaedam
840 1521 969 1585 iaciunt.
1012 1525 1111 1587 Multo
1135 1524 1183 1559 Η
1206 1527 1285 1589 haec
1312 1529 1493 1591 coniunctio
1516 1539 1564 1593 est
1583 1530 1733 1594 hominis.

408 1616 521 1699 ltaque
552 1621 662 1677 natura
694 1635 802 1677 sumus
832 1616 898 1697 apti
919 1616 960 1678 ad
982 1626 1105 1693 coetus,
1135 1620 1282 1695 eoncilia,
1312 1621 1464 1684 civitates.
1507 1620 1734 1688 simonium

408 1717 516 1774 autem
545 1714 676 1771 censent
703 1709 771 1790 regi
798 1711 928 1772 numine
950 1709 1080 1775 deorum
1103 1733 1239 1797 eumque
1262 1735 1331 1778 esse
1353 1715 1443 1798 quasi
1464 1736 1661 1783 communem
1681 1738 1735 1781 ur·

406 1807 481 1869 bem
505 1813 536 1868 et
557 1803 715 1866 civitatem
738 1802 902 1866 hominum
927 1814 959 1867 et
981 1804 1125 1881 deorum,
1149 1816 1181 1870 et
1203 1829 1300 1872 unum
1323 1829 1480 1892 quemque
1501 1820 1642 1895 nostrum
1665 1814 1758 1876 eiust

409 1900 521 1962 mundi
544 1917 614 1961 esse
635 1905 773 1979 partem,
796 1916 836 1958 cx
860 1917 924 1979 quo
946 1898 1025 1961 illud
1049 1910 1157 1964 natura
1180 1904 1348 1987 consequi,
1374 1911 1408 1966 ut
1430 1925 1627 1967 communem
1649 1904 1736 1967 utili-

407 1999 505 2055 tatem
527 2000 654 2054 nostrae
677 2000 921 2072 anteponamus.
959 1993 998 2057 Ut
1019 1997 1102 2058 euim
1125 1995 1211 2079 leges
1233 1998 1372 2060 omnium
1393 1998 1523 2061 salutem
1539 1998 1735 2080 singulorum

408 2087 503 2151 saluti
526 2094 740 2168 anteponunt,
774 2086 820 2148 sic
851 2086 1023 2150 virbonus
1046 2097 1078 2152 et
1099 2093 1224 2173 sapiens
1247 2099 1279 2154 et
1299 2090 1423 2173 legibus
1445 2111 1558 2174 parens
1581 2100 1613 2155 et
1634 2092 1736 2155 civilis

407 2179 505 2246 officii
535 2201 600 2244 non
632 2182 758 2263 ignarus
787 2180 917 2244 utilitati
940 2182 1078 2244 omnium
1101 2184 1174 2264 plus
1197 2205 1292 2268 quam
1314 2185 1408 2247 unius
1428 2186 1560 2249 alicuius
1581 2195 1636 2249 aut
1658 2206 1735 2249 suae

408 2277 556 2340 consulit.
593 2277 658 2337 Nec
687 2275 785 2356 magis
816 2282 863 2338 est
892 2276 1118 2359 vituperandus
1140 2278 1283 2361 proditor
1302 2279 1421 2362 patriae
1442 2299 1538 2361 quam
1560 2280 1772 2343 communisto

407 2371 555 2436 utilitatis
577 2378 632 2432 aut
653 2369 764 2432 salutis
789 2368 932 2434 desertor
953 2378 1080 2453 propter
1107 2391 1195 2433 suam
1225 2371 1391 2434 utilitatem
1419 2377 1473 2434 aut
1499 2372 1643 2435 salutem.
1686 2374 1735 2435 Ex

409 2462 533 2551 quolit
554 2471 590 2526 ut
610 2461 788 2525 laudandus
811 2464 837 2525 is
860 2465 915 2537 sit,
949 2465 1003 2547 qui
1034 2472 1165 2525 mortem
1188 2472 1316 2547 oppetat
1342 2484 1398 2547 pro
1421 2465 1618 2549 republica,
1649 2468 1735 2550 quod

411 2560 525 2623 deceat
555 2558 707 2620 cariorem
737 2557 830 2619 nohis
859 2577 927 2620 esse
955 2558 1087 2641 patriam
1111 2577 1205 2639 quam
1233 2558 1474 2640 nosmetipsos.
1511 2559 1734 2644 Quoniamque

409 2655 467 2718 illa
495 2672 559 2715 vox
588 2650 761 2712 inhumana
790 2660 823 2713 et
844 2652 994 2714 scelerata
1017 2650 1142 2713 ducitur
1163 2671 1287 2723 eorum,
1310 2652 1366 2734 qui
1387 2660 1504 2733 negant
1525 2672 1560 2716 se
1580 2673 1734 2729 recusare,

410 2768 473 2831 quo
490 2746 594 2807 minus
609 2744 687 2826 ipsis
703 2746 833 2808 mortuis
848 2753 999 2808 terrarum
1016 2744 1155 2807 omnium
1172 2744 1354 2825 deflagratio
1369 2754 1580 2828 consequatur
1593 2780 1633 2791 --
1648 2747 1733 2831 quod
1744 2761 1772 2807 ts

408 2840 532 2922 vulgari
565 2837 704 2920 quodam
737 2857 829 2900 versu
859 2838 977 2901 Graeco
1011 2837 1210 2921 pronuntiari
1240 2838 1320 2900 solet
1344 2873 1401 2912 —‚
1434 2847 1519 2902 certe
1548 2860 1657 2903 verum
1688 2848 1736 2905 est

409 2935 503 2998 etiam
532 2933 585 3006 iis,
615 2930 671 3013 qui
700 2932 870 3015 aliquando
899 2932 993 2995 futuri
1021 2933 1103 3005 sint,
1133 2952 1201 2994 esse
1229 2940 1357 3015 propter
1383 2933 1468 3015 ipsos
1497 2935 1734 2998 consulendum.

408 3030 480 3092 XX.
507 3024 558 3087 65.
593 3028 643 3088 Ex
673 3026 733 3087 hac
766 3027 942 3088 animorum
972 3026 1140 3088 affectione
1168 3033 1356 3087 testamenta
1383 3025 1734 3110 commendationesque

408 3122 611 3184 morientium
635 3128 728 3180 natae
751 3125 835 3180 sunt.
874 3121 1017 3202 Cumque
1040 3139 1133 3181 nemo
1156 3121 1188 3181 in
1205 3138 1326 3181 summa
1345 3118 1515 3181 solitudine
1530 3121 1625 3182 vitum
1641 3139 1734 3204 agere

408 3216 502 3288 velit,
525 3235 565 3276 ne
590 3233 660 3276 cum
684 3208 806 3274 infinita
829 3213 956 3295 quidem
981 3213 1176 3295 voluptatum
1198 3211 1405 3284 abnndantia,
1427 3210 1521 3274 facile
1543 3213 1773 3295 intellegiturn

408 3330 470 3373 nos
492 3307 531 3371 ad
555 3307 810 3370 coniunctionem
827 3308 1168 3390 congregationemque
1184 3306 1344 3369 hominum
1359 3312 1391 3367 et
1405 3306 1443 3367 ad
1459 3305 1633 3368 naturalem
1649 3324 1735 3367 com-

408 3403 596 3466 munitatem
626 3419 696 3462 esse
726 3408 825 3462 natos.
869 3399 1064 3482 impellimur
1093 3411 1198 3465 autem
1225 3408 1337 3463 natura
1364 3407 1399 3462 ut
1429 3399 1580 3481 prodesse
1603 3399 1734 3462 velimus

409 3516 506 3580 quam
528 3494 672 3578 plurimis
694 3494 726 3556 in
749 3494 922 3576 primisque
945 3494 1087 3557 docendo
1110 3495 1347 3578 rationibusque
1364 3492 1549 3576 prudentiae
1563 3493 1734 3557 tradendis.

409 3589 463 3652 66.
486 3589 597 3672 ltaque
620 3607 684 3649 non
706 3586 799 3649 facile
822 3595 870 3648 est
891 3588 1050 3662 iuvenire,
1073 3590 1127 3672 qui
1146 3588 1230 3672 quod
1253 3589 1332 3650 sciat
1347 3589 1416 3670 ipse
1432 3607 1496 3650 non
1512 3586 1613 3650 trudat
1628 3586 1734 3649 alteri:

408 3686 454 3747 ita
487 3704 551 3746 non
581 3682 683 3745 solum
711 3679 751 3742 ad
774 3681 959 3743 discendum
982 3684 1133 3765 propensi
1155 3703 1280 3757 sumus,
1308 3702 1416 3745 verum
1439 3683 1533 3746 etiam
1556 3682 1596 3744 ad
1619 3682 1772 3746 doceo-an

409 3782 497 3843 dum.
539 3777 643 3859 Atque
677 3783 711 3838 ut
740 3776 837 3837 tauris
867 3784 978 3838 natura
1007 3775 1114 3839 datum
1144 3786 1191 3841 est
1219 3785 1254 3839 ut
1280 3796 1338 3858 pro
1369 3776 1474 3838 vitulis
1497 3783 1606 3838 contra
1627 3773 1735 3837 leones

409 3892 532 3937 summa
562 3873 594 3933 ri
626 3872 811 3952 impetuque
841 3870 1050 3944 contendant,
1084 3872 1192 3945 sicii,
1227 3871 1282 3954 qui
1309 3868 1415 3932 valent
1441 3870 1555 3952 opibus
1583 3876 1678 3951 atque
1701 3866 1734 3928 id

409 3968 514 4030 iacere
544 3972 694 4047 possunt,
724 3972 760 4025 ut
784 3963 823 4025 de
846 3964 983 4025 Hercule
1005 3974 1037 4027 et
1059 3967 1097 4027 de
1121 3965 1234 4027 Libero
1257 3964 1452 4048 accepimus,
1482 3963 1522 4027 ad
1544 3961 1734 4025 servandum

410 4082 511 4145 genus
541 4061 707 4123 homiuum
737 4067 848 4121 natura
876 4058 1055 4122 incitantur.
1099 4061 1204 4141 Atque
1228 4058 1323 4120 etiam
1354 4058 1458 4119 lovem
1482 4078 1553 4119 cum
1575 4053 1734 4139 Optimum

412 4167 443 4219 et
465 4156 637 4218 Maximum
661 4154 796 4215 dicimus
819 4172 954 4233 cumque
973 4153 1108 4213 eundem
1125 4154 1314 4225 Salutarem,
1337 4152 1546 4235 Hospitalem,
1570 4151 1773 4222 Statorem,ao

411 4251 472 4313 hoc
503 4249 644 4329 intellegi
674 4247 837 4319 volumus,
865 4247 998 4307 salutem
1028 4247 1193 4309 hominum
1220 4247 1253 4308 in
1277 4249 1344 4308 eius
1367 4267 1436 4308 esse
1459 4246 1565 4308 tutela.
1606 4244 1734 4305 Minime

411 4354 514 4409 autem
546 4342 709 4413 convenit,
740 4361 810 4401 cum
841 4341 902 4422 ipsi
925 4341 1087 4403 internos
1110 4342 1188 4403 viles
1211 4340 1410 4423 neglectique
1432 4340 1545 4413 simus,
1574 4337 1735 4420 postulare

412 4447 446 4501 ut
475 4437 523 4499 dis
551 4435 778 4497 immortalibus
810 4436 872 4497 cari
905 4437 1002 4497 simus
1028 4443 1059 4499 et
1081 4437 1119 4498 ab
1143 4437 1181 4498 iis
1205 4434 1379 4515 diligamur.
1422 4432 1735 4509 Quemadmodum

411 4533 507 4614 igitur
536 4530 685 4592 memhris
715 4532 834 4592 utimur
864 4529 1067 4613 priusquam
1092 4529 1276 4602 didicimus,
1306 4530 1393 4591 cuius
1416 4548 1453 4591 ea
1475 4548 1569 4591 causa
1591 4526 1734 4590 utilitatis

410 4627 597 4697 habeamus,
627 4626 671 4687 sic
702 4625 783 4687 iuter
811 4644 870 4686 nos
901 4632 1012 4685 natura
1037 4625 1076 4685 ad
1100 4624 1224 4686 civilem
1248 4623 1504 4686 communitatem
1527 4622 1681 4685 coniuncti
1705 4628 1771 4686 etas

412 4720 584 4783 consociati
609 4740 727 4781 sumus.
760 4719 851 4795 Quod
875 4721 906 4781 ni
930 4721 974 4780 ita
996 4739 1030 4780 se
1051 4718 1196 4790 haberet,
1218 4737 1276 4779 nec
1303 4718 1441 4780 iustitiae
1465 4716 1548 4778 ullus
1571 4725 1735 4778 essetnec

412 4816 544 4878 bonitati
574 4814 675 4876 locus.
721 4810 771 4874 67.
794 4815 834 4875 Et
863 4833 927 4895 quo
956 4811 1051 4874 modo
1083 4812 1244 4873 hominum
1277 4813 1359 4873 iuter
1386 4810 1530 4872 homiues
1557 4810 1634 4872 iuris
1666 4829 1734 4871 esse

476 5134 501 5181 i.
520 5129 646 5180 llulto⁴¹
663 5129 723 5178 lucc
740 5141 802 5177 nos:
821 5129 898 5177 mutto
914 5129 974 5178 tusc
990 5129 1053 5178 AB:
1073 5129 1152 5178 liutto
1169 5130 1249 5192 magis
1265 5129 1325 5178 toto
1343 5129 1440 5191 (inepto
1456 5127 1642 5192 supplemento
1661 5127 1735 5178 lecu·

412 5221 461 5259 noe
480 5218 548 5268 quae
571 5203 617 5254 luit
635 5205 660 5254 in
678 5204 834 5266 archetypo)
852 5204 929 5254 codd.
949 5204 1014 5253 dett.
1034 5208 1060 5253 et
1083 5206 1137 5253 n10
1163 5231 1188 5239 -
1213 5205 1236 5253 3.
1256 5206 1340 5267 itaque
1356 5219 1381 5252 u.
1400 5216 1420 5252 s.
1439 5205 1492 5265 opti
1509 5204 1543 5252 od
1558 5209 1652 5264 coetus,
1675 5218 1736 5252 cou-

411 5286 480 5344 cilia,
499 5282 606 5330 miletis
623 5281 721 5330 Nonius
739 5279 877 5329 Marcellus
896 5292 921 5343 p.
940 5280 997 5339 isi,
1016 5281 1056 5329 20.
1078 5306 1104 5314 -
1133 5282 1156 5328 5.
1175 5285 1197 5327 el
1214 5280 1243 5327 de
1260 5292 1345 5327 eorum
1363 5280 1381 5327 Α
1402 5303 1428 5313 -
1449 5278 1488 5328 40.
1507 5285 1541 5327 est
1557 5279 1736 5340 uitupsrondus

413 5361 474 5410 AB:
493 5356 672 5417 vituperandus
688 5355 759 5403 esto
780 5381 806 5391 -
826 5356 865 5403 ta.
885 5356 907 5402 is
923 5355 953 5403 sit
972 5356 1001 5404 B:
1021 5355 1058 5402 lis
1074 5356 1105 5402 sit
1123 5358 1155 5411 Ας
1174 5355 1205 5402 sit
1223 5354 1243 5401 is
1260 5355 1279 5402 0
1300 5379 1325 5388 -
1345 5357 1461 5414 oppetunt
1479 5353 1526 5403 BE
1547 5379 1573 5389 -
1595 5354 1633 5403 43.
1653 5355 1737 5402 decem

413 5438 446 5485 G:
465 5434 546 5481 dicoot
563 5443 602 5494 pr.
616 5434 651 5486 A;
670 5430 755 5477 docem
772 5429 820 5478 BE
839 5432 865 5477 et
882 5442 951 5479 corr.
972 5429 1038 5490 (ead.
1054 5439 1099 5491 m.)
1120 5434 1137 5479 Α
1155 5458 1180 5468 -
1201 5429 1269 5478 nodis
1286 5441 1335 5478 esto
1349 5429 1462 5489 putrium
1479 5431 1541 5479 AB:
1561 5442 1609 5478 csse
1623 5428 1736 5489 putrium

412 5510 480 5559 nodis
498 5509 518 5556 0
537 5532 562 5541 -
584 5505 622 5556 tt.
643 5504 749 5568 ἀκοῦον]
768 5506 859 5553 dicitur
876 5507 899 5554 ii
917 5519 1059 5568 operarum
1072 5519 1173 5564 errore,
1192 5518 1273 5568 quem
1286 5505 1438 5567 propagavit
1450 5501 1570 5553 Klotzius.
1586 5529 1612 5537 -
1633 5504 1671 5550 ts.
1685 5507 1736 5549 ter-

412 5581 510 5645 rorum]
528 5586 603 5629 terret
621 5581 639 5629 li
656 5606 682 5615 -
703 5581 742 5629 to.
759 5581 862 5644 Graeco]
880 5584 996 5644 precius
1012 5609 1038 5617 -
1059 5582 1097 5630 48.
1110 5578 1261 5642 animorum]
1275 5580 1412 5627 amicorum
1424 5580 1460 5638 it,
1480 5591 1621 5642 operarum
1634 5589 1734 5626 errore.

415 5687 441 5695 -
458 5657 502 5715 ts.
522 5657 630 5717 &mque
647 5658 782 5705 Bromius:
802 5658 921 5718 Quodque
937 5656 1016 5706 codd.
1036 5660 1062 5705 et
1080 5657 1133 5705 iio
1155 5682 1179 5689 -
1200 5656 1239 5703 20.
1258 5668 1303 5702 nec
1319 5668 1374 5702 cum
1392 5654 1440 5703 BE
1460 5679 1485 5688 -
1505 5653 1546 5703 ti.
1566 5654 1631 5701 ulter
1648 5651 1734 5699 BE—

412 5737 452 5784 25.
471 5735 508 5781 ito
525 5732 583 5796 uos]
601 5727 653 5780 totis
666 5731 769 5792 (tomen)
788 5734 807 5780 Α
827 5759 858 5767 -
876 5732 916 5779 is.
935 5732 1013 5791 Atque
1029 5742 1082 5779 om.
1103 5731 1121 5780 B
1143 5755 1168 5765 -
1193 5731 1233 5779 ii.
1252 5730 1279 5793 ii]
1297 5730 1322 5778 ti
1338 5732 1386 5780 ΑΒ
1408 5754 1433 5764 -
1458 5729 1498 5778 32.
1517 5730 1575 5778 viles
1592 5729 1734 5776 Gruterus:

412 5810 477 5858 cules
488 5812 522 5864 Α;
541 5807 625 5856 ciuilo
641 5808 674 5862 lt;
694 5806 781 5854 obiecti
793 5807 827 5864 03
848 5807 908 5855 uites
920 5807 1007 5855 abucii
1019 5806 1150 5855 Palatinus
1164 5808 1255 5856 tertius
1268 5808 1370 5855 Gruteri
1385 5832 1412 5842 -
1432 5819 1478 5867 quo
1490 5817 1541 5853 oin.
1555 5804 1574 5852 B
1589 5828 1615 5837 -
1635 5800 1675 5850 33.
1690 5800 1737 5848 diis

413 5885 463 5935 ΑΟ
483 5909 508 5917 -
529 5880 569 5931 33.
588 5895 667 5930 cautu
683 5882 799 5931 utilitatis
817 5882 879 5930 An:
898 5881 1011 5930 utilitatis
1027 5895 1106 5931 causo
1123 5882 1175 5931 tto
1196 5908 1221 5918 -·
1242 5882 1281 5931 33.
1301 5881 1340 5945 iit]
1359 5882 1406 5932 Sed
1421 5880 1565 5945 Madvigius
1582 5878 1617 5944 (in
1636 5874 1735 5939 adnot.)

415 5987 440 5996 -
460 5957 518 6023 tw]
536 5953 584 6020 oti
601 5957 741 6021 imunt
759 5956 787 6006 B·
