<?xml version="1.0" encoding="UTF-8"?>
<!DOCTYPE html PUBLIC "-//W3C//DTD XHTML 1.0 Transitional//EN"
    "http://www.w3.org/TR/xhtml1/DTD/xhtml1-transitional.dtd">
<html xmlns="http://www.w3.org/1999/xhtml" xml:lang="en" lang="en">
 <head>
  <title>
</title>
<meta http-equiv="Content-Type" content="text/html;charset=utf-8" />
  <meta name='ocr-system' content='tesseract 3.04.00' />
  <meta name='ocr-capabilities' content='ocr_page ocr_carea ocr_par ocr_line ocrx_word'/>
</head>
<body>
  <div class='ocr_page' id='page_1' title='image "./operaquaesupers00halmgoog/operaquaesupers00halmgoog_0717.png"; bbox 0 0 4342 7459; ppageno 0'>
   <div class='ocr_carea' id='block_1_1' title="bbox 703 1220 1721 1313">
    <p class='ocr_par' dir='ltr' id='par_1_1' title="bbox 703 1220 1721 1313">
     <span class='ocr_line' id='line_1_1' title="bbox 703 1220 1721 1313; baseline -0.004 -19"><span class='ocrx_word' id='word_1_1' title='bbox 703 1232 771 1295; x_wconf 72' lang='lat' dir='ltr'>nr.</span> <span class='ocrx_word' id='word_1_2' title='bbox 786 1231 826 1294; x_wconf 89' lang='lat' dir='ltr'>n</span> <span class='ocrx_word' id='word_1_3' title='bbox 856 1229 1201 1296; x_wconf 60' lang='lat' dir='ltr'>curan-xm.</span> <span class='ocrx_word' id='word_1_4' title='bbox 1227 1227 1273 1313; x_wconf 69' lang='lat' dir='ltr'>ss</span> <span class='ocrx_word' id='word_1_5' title='bbox 1287 1227 1433 1294; x_wconf 77' lang='lat' dir='ltr'>er-es.</span> <span class='ocrx_word' id='word_1_6' title='bbox 1662 1220 1721 1291; x_wconf 82' lang='lat' dir='ltr'>rot</span> 
     </span>
    </p>
   </div>
   <div class='ocr_carea' id='block_1_2' title="bbox 407 1387 1780 4747">
    <p class='ocr_par' dir='ltr' id='par_1_2' title="bbox 407 1387 1780 4747">
     <span class='ocr_line' id='line_1_2' title="bbox 407 1387 1727 1472; baseline -0.005 -14"><span class='ocrx_word' id='word_1_7' title='bbox 407 1393 540 1458; x_wconf 88' lang='lat' dir='ltr'>multum</span> <span class='ocrx_word' id='word_1_8' title='bbox 561 1391 595 1453; x_wconf 90' lang='lat' dir='ltr'>in</span> <span class='ocrx_word' id='word_1_9' title='bbox 617 1388 666 1454; x_wconf 85' lang='lat' dir='ltr'>his</span> <span class='ocrx_word' id='word_1_10' title='bbox 688 1390 777 1453; x_wconf 89' lang='lat' dir='ltr'>libris</span> <span class='ocrx_word' id='word_1_11' title='bbox 799 1396 925 1453; x_wconf 90' lang='lat' dir='ltr'>secutus</span> <span class='ocrx_word' id='word_1_12' title='bbox 947 1409 1028 1463; x_wconf 89' lang='lat' dir='ltr'>sum,</span> <span class='ocrx_word' id='word_1_13' title='bbox 1049 1407 1113 1453; x_wconf 92' lang='lat' dir='ltr'>non</span> <span class='ocrx_word' id='word_1_14' title='bbox 1135 1390 1368 1472; x_wconf 89' lang='lat' dir='ltr'>interpretatus,</span> <span class='ocrx_word' id='word_1_15' title='bbox 1383 1397 1416 1453; x_wconf 91' lang='lat' dir='ltr'>et</span> <span class='ocrx_word' id='word_1_16' title='bbox 1429 1387 1600 1453; x_wconf 72' lang='lat' dir='ltr'><strong>Phalereus</strong></span> <span class='ocrx_word' id='word_1_17' title='bbox 1614 1389 1727 1452; x_wconf 82' lang='lat' dir='ltr'>Deme-</span> 
     </span>
     <span class='ocr_line' id='line_1_3' title="bbox 407 1481 1728 1568; baseline -0.003 -18"><span class='ocrx_word' id='word_1_18' title='bbox 407 1487 502 1557; x_wconf 85' lang='lat' dir='ltr'>trius,</span> <span class='ocrx_word' id='word_1_19' title='bbox 529 1484 584 1568; x_wconf 89' lang='lat' dir='ltr'>qui</span> <span class='ocrx_word' id='word_1_20' title='bbox 606 1483 773 1557; x_wconf 82' lang='lat' dir='ltr'>Periclem,</span> <span class='ocrx_word' id='word_1_21' title='bbox 800 1484 976 1567; x_wconf 90' lang='lat' dir='ltr'>principem</span> <span class='ocrx_word' id='word_1_22' title='bbox 998 1482 1167 1555; x_wconf 76' lang='lat' dir='ltr'>Graeciae,</span> <span class='ocrx_word' id='word_1_23' title='bbox 1190 1482 1361 1565; x_wconf 79' lang='lat' dir='ltr'>vituperat,</span> <span class='ocrx_word' id='word_1_24' title='bbox 1384 1481 1470 1566; x_wconf 94' lang='lat' dir='ltr'>quod</span> <span class='ocrx_word' id='word_1_25' title='bbox 1491 1490 1610 1547; x_wconf 80' lang='lat' dir='ltr'>tautmu</span> <span class='ocrx_word' id='word_1_26' title='bbox 1631 1502 1728 1565; x_wconf 89' lang='lat' dir='ltr'>pecu·</span> 
     </span>
     <span class='ocr_line' id='line_1_4' title="bbox 407 1574 1727 1661; baseline -0.003 -18"><span class='ocrx_word' id='word_1_27' title='bbox 407 1580 492 1643; x_wconf 86' lang='lat' dir='ltr'>nium</span> <span class='ocrx_word' id='word_1_28' title='bbox 514 1579 547 1641; x_wconf 92' lang='lat' dir='ltr'>in</span> <span class='ocrx_word' id='word_1_29' title='bbox 571 1578 733 1661; x_wconf 87' lang='lat' dir='ltr'>praeclara</span> <span class='ocrx_word' id='word_1_30' title='bbox 755 1578 810 1640; x_wconf 87' lang='lat' dir='ltr'>illa</span> <span class='ocrx_word' id='word_1_31' title='bbox 831 1576 1005 1661; x_wconf 78' lang='lat' dir='ltr'>propylaea</span> <span class='ocrx_word' id='word_1_32' title='bbox 1027 1574 1208 1640; x_wconf 85' lang='lat' dir='ltr'>coniecerit</span> <span class='ocrx_word' id='word_1_33' title='bbox 1242 1576 1303 1639; x_wconf 86' lang='lat' dir='ltr'>Sed</span> <span class='ocrx_word' id='word_1_34' title='bbox 1326 1575 1366 1639; x_wconf 92' lang='lat' dir='ltr'>de</span> <span class='ocrx_word' id='word_1_35' title='bbox 1387 1576 1448 1640; x_wconf 88' lang='lat' dir='ltr'>boc</span> <span class='ocrx_word' id='word_1_36' title='bbox 1469 1596 1583 1660; x_wconf 86' lang='lat' dir='ltr'>genere</span> <span class='ocrx_word' id='word_1_37' title='bbox 1605 1585 1672 1642; x_wconf 91' lang='lat' dir='ltr'>toto</span> <span class='ocrx_word' id='word_1_38' title='bbox 1693 1578 1727 1640; x_wconf 92' lang='lat' dir='ltr'>in</span> 
     </span>
     <span class='ocr_line' id='line_1_5' title="bbox 407 1669 1728 1754; baseline -0.001 -19"><span class='ocrx_word' id='word_1_39' title='bbox 407 1673 447 1735; x_wconf 90' lang='lat' dir='ltr'>iis</span> <span class='ocrx_word' id='word_1_40' title='bbox 468 1672 578 1746; x_wconf 90' lang='lat' dir='ltr'>libris,</span> <span class='ocrx_word' id='word_1_41' title='bbox 608 1691 690 1754; x_wconf 88' lang='lat' dir='ltr'>quos</span> <span class='ocrx_word' id='word_1_42' title='bbox 713 1670 753 1734; x_wconf 91' lang='lat' dir='ltr'>de</span> <span class='ocrx_word' id='word_1_43' title='bbox 774 1690 809 1732; x_wconf 91' lang='lat' dir='ltr'>re</span> <span class='ocrx_word' id='word_1_44' title='bbox 832 1670 960 1753; x_wconf 87' lang='lat' dir='ltr'>publica</span> <span class='ocrx_word' id='word_1_45' title='bbox 981 1670 1108 1754; x_wconf 75' lang='lat' dir='ltr'>scripsi,</span> <span class='ocrx_word' id='word_1_46' title='bbox 1138 1669 1305 1752; x_wconf 86' lang='lat' dir='ltr'>diligenter</span> <span class='ocrx_word' id='word_1_47' title='bbox 1331 1678 1381 1734; x_wconf 92' lang='lat' dir='ltr'>est</span> <span class='ocrx_word' id='word_1_48' title='bbox 1401 1670 1604 1754; x_wconf 89' lang='lat' dir='ltr'>disputatum.</span> <span class='ocrx_word' id='word_1_49' title='bbox 1646 1672 1728 1735; x_wconf 86' lang='lat' dir='ltr'>Tota</span> 
     </span>
     <span class='ocr_line' id='line_1_6' title="bbox 408 1763 1752 1849; baseline -0.001 -20"><span class='ocrx_word' id='word_1_50' title='bbox 408 1766 506 1849; x_wconf 90' lang='lat' dir='ltr'>igitur</span> <span class='ocrx_word' id='word_1_51' title='bbox 526 1766 607 1830; x_wconf 89' lang='lat' dir='ltr'>ratio</span> <span class='ocrx_word' id='word_1_52' title='bbox 629 1764 740 1829; x_wconf 88' lang='lat' dir='ltr'>talium</span> <span class='ocrx_word' id='word_1_53' title='bbox 761 1763 966 1845; x_wconf 74' lang='lat' dir='ltr'>largitionum</span> <span class='ocrx_word' id='word_1_54' title='bbox 988 1782 1104 1847; x_wconf 89' lang='lat' dir='ltr'>genere</span> <span class='ocrx_word' id='word_1_55' title='bbox 1125 1763 1239 1826; x_wconf 83' lang='lat' dir='ltr'>vitiosa</span> <span class='ocrx_word' id='word_1_56' title='bbox 1254 1772 1317 1839; x_wconf 89' lang='lat' dir='ltr'>est,</span> <span class='ocrx_word' id='word_1_57' title='bbox 1332 1765 1526 1847; x_wconf 75' lang='lat' dir='ltr'>temporibus</span> <span class='ocrx_word' id='word_1_58' title='bbox 1541 1766 1752 1841; x_wconf 76' lang='lat' dir='ltr'>necessaris,t</span> 
     </span>
     <span class='ocr_line' id='line_1_7' title="bbox 409 1855 1730 1942; baseline -0.002 -19"><span class='ocrx_word' id='word_1_59' title='bbox 409 1868 441 1923; x_wconf 90' lang='lat' dir='ltr'>et</span> <span class='ocrx_word' id='word_1_60' title='bbox 461 1866 528 1923; x_wconf 90' lang='lat' dir='ltr'>tum</span> <span class='ocrx_word' id='word_1_61' title='bbox 551 1859 656 1942; x_wconf 90' lang='lat' dir='ltr'>ipsum</span> <span class='ocrx_word' id='word_1_62' title='bbox 679 1865 711 1920; x_wconf 93' lang='lat' dir='ltr'>et</span> <span class='ocrx_word' id='word_1_63' title='bbox 732 1858 771 1920; x_wconf 91' lang='lat' dir='ltr'>ad</span> <span class='ocrx_word' id='word_1_64' title='bbox 794 1857 959 1920; x_wconf 75' lang='lat' dir='ltr'>facultates</span> <span class='ocrx_word' id='word_1_65' title='bbox 979 1855 1249 1921; x_wconf 86' lang='lat' dir='ltr'>accommodanda</span> <span class='ocrx_word' id='word_1_66' title='bbox 1262 1865 1294 1920; x_wconf 91' lang='lat' dir='ltr'>et</span> <span class='ocrx_word' id='word_1_67' title='bbox 1307 1857 1523 1922; x_wconf 83' lang='lat' dir='ltr'>mediocritate</span> <span class='ocrx_word' id='word_1_68' title='bbox 1538 1857 1730 1922; x_wconf 87' lang='lat' dir='ltr'>moderanda</span> 
     </span>
     <span class='ocr_line' id='line_1_8' title="bbox 409 1946 1730 2035; baseline -0.002 -18"><span class='ocrx_word' id='word_1_69' title='bbox 409 1960 468 2017; x_wconf 83' lang='lat' dir='ltr'>est</span> <span class='ocrx_word' id='word_1_70' title='bbox 510 1950 624 2014; x_wconf 84' lang='lat' dir='ltr'>xvl11.</span> <span class='ocrx_word' id='word_1_71' title='bbox 647 1946 699 2014; x_wconf 79' lang='grc'><strong>64.</strong></span> <span class='ocrx_word' id='word_1_72' title='bbox 721 1951 758 2012; x_wconf 92' lang='lat' dir='ltr'>ln</span> <span class='ocrx_word' id='word_1_73' title='bbox 779 1950 835 2013; x_wconf 91' lang='lat' dir='ltr'>illo</span> <span class='ocrx_word' id='word_1_74' title='bbox 857 1956 961 2013; x_wconf 91' lang='lat' dir='ltr'>autem</span> <span class='ocrx_word' id='word_1_75' title='bbox 983 1950 1083 2014; x_wconf 88' lang='lat' dir='ltr'>altero</span> <span class='ocrx_word' id='word_1_76' title='bbox 1106 1968 1223 2032; x_wconf 87' lang='lat' dir='ltr'>genere</span> <span class='ocrx_word' id='word_1_77' title='bbox 1244 1950 1412 2033; x_wconf 90' lang='lat' dir='ltr'>largiendi,</span> <span class='ocrx_word' id='word_1_78' title='bbox 1443 1949 1529 2035; x_wconf 93' lang='lat' dir='ltr'>quod</span> <span class='ocrx_word' id='word_1_79' title='bbox 1551 1970 1570 2014; x_wconf 90' lang='lat' dir='ltr'>a</span> <span class='ocrx_word' id='word_1_80' title='bbox 1591 1951 1730 2015; x_wconf 87' lang='lat' dir='ltr'>liberali·</span> 
     </span>
     <span class='ocr_line' id='line_1_9' title="bbox 409 2043 1731 2129; baseline -0.001 -20"><span class='ocrx_word' id='word_1_81' title='bbox 409 2054 473 2110; x_wconf 90' lang='lat' dir='ltr'>tate</span> <span class='ocrx_word' id='word_1_82' title='bbox 493 2043 712 2129; x_wconf 87' lang='lat' dir='ltr'>proficiscitur,</span> <span class='ocrx_word' id='word_1_83' title='bbox 734 2063 799 2106; x_wconf 92' lang='lat' dir='ltr'>non</span> <span class='ocrx_word' id='word_1_84' title='bbox 821 2064 885 2107; x_wconf 89' lang='lat' dir='ltr'>uno</span> <span class='ocrx_word' id='word_1_85' title='bbox 908 2045 1003 2107; x_wconf 89' lang='lat' dir='ltr'>modo</span> <span class='ocrx_word' id='word_1_86' title='bbox 1024 2045 1058 2106; x_wconf 93' lang='lat' dir='ltr'>in</span> <span class='ocrx_word' id='word_1_87' title='bbox 1079 2043 1260 2127; x_wconf 74' lang='lat' dir='ltr'>disparibus</span> <span class='ocrx_word' id='word_1_88' title='bbox 1282 2044 1385 2107; x_wconf 88' lang='lat' dir='ltr'>causis</span> <span class='ocrx_word' id='word_1_89' title='bbox 1407 2044 1523 2109; x_wconf 84' lang='lat' dir='ltr'>adlecti</span> <span class='ocrx_word' id='word_1_90' title='bbox 1544 2065 1615 2109; x_wconf 89' lang='lat' dir='ltr'>esse</span> <span class='ocrx_word' id='word_1_91' title='bbox 1635 2045 1731 2109; x_wconf 87' lang='lat' dir='ltr'>debe-</span> 
     </span>
     <span class='ocr_line' id='line_1_10' title="bbox 410 2137 1731 2223; baseline 0.001 -20"><span class='ocrx_word' id='word_1_92' title='bbox 410 2159 490 2203; x_wconf 88' lang='lat' dir='ltr'>mus.</span> <span class='ocrx_word' id='word_1_93' title='bbox 532 2138 603 2202; x_wconf 81' lang='lat' dir='ltr'>Alia</span> <span class='ocrx_word' id='word_1_94' title='bbox 632 2157 728 2202; x_wconf 87' lang='lat' dir='ltr'>causa</span> <span class='ocrx_word' id='word_1_95' title='bbox 756 2145 804 2201; x_wconf 91' lang='lat' dir='ltr'>est</span> <span class='ocrx_word' id='word_1_96' title='bbox 832 2138 918 2212; x_wconf 92' lang='lat' dir='ltr'>eius,</span> <span class='ocrx_word' id='word_1_97' title='bbox 946 2138 999 2221; x_wconf 92' lang='lat' dir='ltr'>qui</span> <span class='ocrx_word' id='word_1_98' title='bbox 1029 2137 1207 2200; x_wconf 79' lang='lat' dir='ltr'>calamitate</span> <span class='ocrx_word' id='word_1_99' title='bbox 1237 2138 1407 2220; x_wconf 89' lang='lat' dir='ltr'>premitur,</span> <span class='ocrx_word' id='word_1_100' title='bbox 1436 2140 1575 2214; x_wconf 87' lang='lat' dir='ltr'>eteius,</span> <span class='ocrx_word' id='word_1_101' title='bbox 1602 2140 1731 2223; x_wconf 89' lang='lat' dir='ltr'>quires</span> 
     </span>
     <span class='ocr_line' id='line_1_11' title="bbox 410 2227 1770 2316; baseline 0.001 -20"><span class='ocrx_word' id='word_1_102' title='bbox 410 2232 564 2299; x_wconf 84' lang='lat' dir='ltr'>meliores.</span> <span class='ocrx_word' id='word_1_103' title='bbox 586 2234 711 2315; x_wconf 87' lang='lat' dir='ltr'>quaerit</span> <span class='ocrx_word' id='word_1_104' title='bbox 736 2232 832 2296; x_wconf 90' lang='lat' dir='ltr'>nullis</span> <span class='ocrx_word' id='word_1_105' title='bbox 862 2232 927 2295; x_wconf 92' lang='lat' dir='ltr'>suis</span> <span class='ocrx_word' id='word_1_106' title='bbox 955 2231 1048 2295; x_wconf 85' lang='lat' dir='ltr'>rebus</span> <span class='ocrx_word' id='word_1_107' title='bbox 1074 2231 1227 2294; x_wconf 76' lang='lat' dir='ltr'>adversis.</span> <span class='ocrx_word' id='word_1_108' title='bbox 1269 2227 1320 2293; x_wconf 77' lang='lat'>62.</span> <span class='ocrx_word' id='word_1_109' title='bbox 1343 2231 1533 2314; x_wconf 84' lang='lat' dir='ltr'>Propensior</span> <span class='ocrx_word' id='word_1_110' title='bbox 1553 2233 1770 2316; x_wconf 79' lang='lat' dir='ltr'>benignitastt</span> 
     </span>
     <span class='ocr_line' id='line_1_12' title="bbox 411 2323 1733 2408; baseline 0.002 -17"><span class='ocrx_word' id='word_1_111' title='bbox 411 2347 480 2391; x_wconf 90' lang='lat' dir='ltr'>esse</span> <span class='ocrx_word' id='word_1_112' title='bbox 509 2325 641 2389; x_wconf 85' lang='lat' dir='ltr'>debebit</span> <span class='ocrx_word' id='word_1_113' title='bbox 669 2325 703 2387; x_wconf 93' lang='lat' dir='ltr'>in</span> <span class='ocrx_word' id='word_1_114' title='bbox 733 2326 953 2399; x_wconf 87' lang='lat' dir='ltr'>calamitosos,</span> <span class='ocrx_word' id='word_1_115' title='bbox 984 2324 1045 2388; x_wconf 90' lang='lat' dir='ltr'>nisi</span> <span class='ocrx_word' id='word_1_116' title='bbox 1073 2324 1155 2388; x_wconf 83' lang='lat' dir='ltr'>forte</span> <span class='ocrx_word' id='word_1_117' title='bbox 1183 2332 1276 2387; x_wconf 87' lang='lat' dir='ltr'>erunt</span> <span class='ocrx_word' id='word_1_118' title='bbox 1298 2323 1382 2408; x_wconf 91' lang='lat' dir='ltr'>digni</span> <span class='ocrx_word' id='word_1_119' title='bbox 1406 2325 1592 2390; x_wconf 80' lang='lat' dir='ltr'>calamitate.</span> <span class='ocrx_word' id='word_1_120' title='bbox 1634 2327 1671 2389; x_wconf 93' lang='lat' dir='ltr'>ln</span> <span class='ocrx_word' id='word_1_121' title='bbox 1692 2329 1733 2393; x_wconf 90' lang='lat' dir='ltr'>iis</span> 
     </span>
     <span class='ocr_line' id='line_1_13' title="bbox 413 2415 1734 2505; baseline 0.002 -21"><span class='ocrx_word' id='word_1_122' title='bbox 413 2428 534 2495; x_wconf 86' lang='lat' dir='ltr'>tamen,</span> <span class='ocrx_word' id='word_1_123' title='bbox 557 2420 613 2504; x_wconf 92' lang='lat' dir='ltr'>qui</span> <span class='ocrx_word' id='word_1_124' title='bbox 635 2439 670 2482; x_wconf 91' lang='lat' dir='ltr'>se</span> <span class='ocrx_word' id='word_1_125' title='bbox 692 2419 834 2483; x_wconf 86' lang='lat' dir='ltr'>adiuvari</span> <span class='ocrx_word' id='word_1_126' title='bbox 857 2419 975 2493; x_wconf 83' lang='lat' dir='ltr'>volent,</span> <span class='ocrx_word' id='word_1_127' title='bbox 997 2439 1061 2481; x_wconf 94' lang='lat' dir='ltr'>non</span> <span class='ocrx_word' id='word_1_128' title='bbox 1084 2439 1125 2483; x_wconf 90' lang='lat' dir='ltr'>ne</span> <span class='ocrx_word' id='word_1_129' title='bbox 1146 2415 1344 2500; x_wconf 81' lang='lat' dir='ltr'>adfligentur,</span> <span class='ocrx_word' id='word_1_130' title='bbox 1365 2418 1421 2482; x_wconf 88' lang='lat' dir='ltr'>sed</span> <span class='ocrx_word' id='word_1_131' title='bbox 1442 2427 1478 2482; x_wconf 92' lang='lat' dir='ltr'>ut</span> <span class='ocrx_word' id='word_1_132' title='bbox 1500 2419 1642 2484; x_wconf 89' lang='lat' dir='ltr'>altiorem</span> <span class='ocrx_word' id='word_1_133' title='bbox 1664 2442 1734 2505; x_wconf 89' lang='lat' dir='ltr'>gra·</span> 
     </span>
     <span class='ocr_line' id='line_1_14' title="bbox 414 2510 1735 2588; baseline 0.002 -12"><span class='ocrx_word' id='word_1_134' title='bbox 414 2513 488 2577; x_wconf 91' lang='lat' dir='ltr'>dum</span> <span class='ocrx_word' id='word_1_135' title='bbox 511 2513 700 2586; x_wconf 84' lang='lat' dir='ltr'>ascendant,</span> <span class='ocrx_word' id='word_1_136' title='bbox 721 2513 858 2576; x_wconf 88' lang='lat' dir='ltr'>restricti</span> <span class='ocrx_word' id='word_1_137' title='bbox 880 2514 1008 2577; x_wconf 87' lang='lat' dir='ltr'>omnino</span> <span class='ocrx_word' id='word_1_138' title='bbox 1031 2532 1101 2575; x_wconf 89' lang='lat' dir='ltr'>esse</span> <span class='ocrx_word' id='word_1_139' title='bbox 1122 2511 1212 2574; x_wconf 92' lang='lat' dir='ltr'>nullo</span> <span class='ocrx_word' id='word_1_140' title='bbox 1235 2510 1330 2574; x_wconf 90' lang='lat' dir='ltr'>modo</span> <span class='ocrx_word' id='word_1_141' title='bbox 1353 2512 1517 2588; x_wconf 86' lang='lat' dir='ltr'>debemus,</span> <span class='ocrx_word' id='word_1_142' title='bbox 1545 2516 1600 2578; x_wconf 87' lang='lat' dir='ltr'>sed</span> <span class='ocrx_word' id='word_1_143' title='bbox 1623 2515 1657 2579; x_wconf 94' lang='lat' dir='ltr'>in</span> <span class='ocrx_word' id='word_1_144' title='bbox 1679 2516 1735 2579; x_wconf 91' lang='lat' dir='ltr'>de·</span> 
     </span>
     <span class='ocr_line' id='line_1_15' title="bbox 414 2605 1733 2691; baseline 0.001 -21"><span class='ocrx_word' id='word_1_145' title='bbox 414 2607 549 2691; x_wconf 86' lang='lat' dir='ltr'>ligendis</span> <span class='ocrx_word' id='word_1_146' title='bbox 572 2606 696 2671; x_wconf 86' lang='lat' dir='ltr'>idoneis</span> <span class='ocrx_word' id='word_1_147' title='bbox 717 2605 866 2670; x_wconf 86' lang='lat' dir='ltr'>iudicium</span> <span class='ocrx_word' id='word_1_148' title='bbox 883 2614 915 2669; x_wconf 91' lang='lat' dir='ltr'>et</span> <span class='ocrx_word' id='word_1_149' title='bbox 928 2606 1125 2688; x_wconf 74' lang='lat' dir='ltr'>diligentiam</span> <span class='ocrx_word' id='word_1_150' title='bbox 1140 2605 1302 2669; x_wconf 91' lang='lat' dir='ltr'>adhibere.</span> <span class='ocrx_word' id='word_1_151' title='bbox 1330 2606 1408 2668; x_wconf 90' lang='lat' dir='ltr'>Nam</span> <span class='ocrx_word' id='word_1_152' title='bbox 1424 2607 1582 2689; x_wconf 87' lang='lat' dir='ltr'>praeclare</span> <span class='ocrx_word' id='word_1_153' title='bbox 1596 2609 1733 2673; x_wconf 78' lang='lat' dir='ltr'>Ennius:</span> 
     </span>
     <span class='ocr_line' id='line_1_16' title="bbox 582 2698 1771 2764; baseline -0.004 -2"><span class='ocrx_word' id='word_1_154' title='bbox 582 2700 682 2763; x_wconf 85' lang='lat' dir='ltr'>Bene</span> <span class='ocrx_word' id='word_1_155' title='bbox 708 2699 808 2763; x_wconf 84' lang='lat' dir='ltr'>lucta</span> <span class='ocrx_word' id='word_1_156' title='bbox 835 2699 931 2763; x_wconf 88' lang='lat' dir='ltr'>male</span> <span class='ocrx_word' id='word_1_157' title='bbox 958 2699 1081 2763; x_wconf 88' lang='lat' dir='ltr'>locuta</span> <span class='ocrx_word' id='word_1_158' title='bbox 1109 2700 1205 2762; x_wconf 85' lang='lat' dir='ltr'>male</span> <span class='ocrx_word' id='word_1_159' title='bbox 1232 2698 1331 2762; x_wconf 83' lang='lat' dir='ltr'>facta</span> <span class='ocrx_word' id='word_1_160' title='bbox 1355 2699 1532 2764; x_wconf 87' lang='lat' dir='ltr'>arbitror.</span> <span class='ocrx_word' id='word_1_161' title='bbox 1743 2710 1771 2758; x_wconf 81' lang='lat' dir='ltr'>tt</span> 
     </span>
     <span class='ocr_line' id='line_1_17' title="bbox 414 2791 1734 2880; baseline 0 -20"><span class='ocrx_word' id='word_1_162' title='bbox 414 2791 465 2860; x_wconf 85' lang='grc'><strong>63.</strong></span> <span class='ocrx_word' id='word_1_163' title='bbox 495 2792 590 2870; x_wconf 88' lang='lat' dir='ltr'>Quod</span> <span class='ocrx_word' id='word_1_164' title='bbox 618 2801 725 2859; x_wconf 90' lang='lat' dir='ltr'>autem</span> <span class='ocrx_word' id='word_1_165' title='bbox 753 2794 906 2857; x_wconf 89' lang='lat' dir='ltr'>tributum</span> <span class='ocrx_word' id='word_1_166' title='bbox 933 2801 983 2858; x_wconf 88' lang='lat' dir='ltr'>est</span> <span class='ocrx_word' id='word_1_167' title='bbox 1009 2793 1094 2856; x_wconf 89' lang='lat' dir='ltr'>bono</span> <span class='ocrx_word' id='word_1_168' title='bbox 1116 2793 1186 2856; x_wconf 76' lang='lat' dir='ltr'>viro</span> <span class='ocrx_word' id='word_1_169' title='bbox 1208 2801 1239 2857; x_wconf 91' lang='lat' dir='ltr'>et</span> <span class='ocrx_word' id='word_1_170' title='bbox 1261 2799 1366 2874; x_wconf 62' lang='lat' dir='ltr'>pato,</span> <span class='ocrx_word' id='word_1_171' title='bbox 1391 2793 1424 2855; x_wconf 93' lang='lat' dir='ltr'>in</span> <span class='ocrx_word' id='word_1_172' title='bbox 1447 2812 1485 2856; x_wconf 87' lang='lat' dir='ltr'>eo</span> <span class='ocrx_word' id='word_1_173' title='bbox 1507 2815 1577 2858; x_wconf 91' lang='lat' dir='ltr'>eum</span> <span class='ocrx_word' id='word_1_174' title='bbox 1600 2805 1641 2859; x_wconf 82' lang='lat' dir='ltr'>e&#39;x</span> <span class='ocrx_word' id='word_1_175' title='bbox 1662 2796 1734 2880; x_wconf 87' lang='lat' dir='ltr'>ipso</span> 
     </span>
     <span class='ocr_line' id='line_1_18' title="bbox 413 2884 1736 2968; baseline 0 -15"><span class='ocrx_word' id='word_1_176' title='bbox 413 2886 533 2953; x_wconf 78' lang='lat' dir='ltr'>fructus</span> <span class='ocrx_word' id='word_1_177' title='bbox 555 2895 619 2962; x_wconf 90' lang='lat' dir='ltr'>est,</span> <span class='ocrx_word' id='word_1_178' title='bbox 649 2895 715 2950; x_wconf 93' lang='lat' dir='ltr'>tum</span> <span class='ocrx_word' id='word_1_179' title='bbox 745 2887 840 2951; x_wconf 89' lang='lat' dir='ltr'>etiam</span> <span class='ocrx_word' id='word_1_180' title='bbox 870 2907 910 2951; x_wconf 86' lang='lat' dir='ltr'>ex</span> <span class='ocrx_word' id='word_1_181' title='bbox 932 2886 1057 2951; x_wconf 88' lang='lat' dir='ltr'>ceteris.</span> <span class='ocrx_word' id='word_1_182' title='bbox 1100 2887 1290 2952; x_wconf 76' lang='lat' dir='ltr'>Temeritate</span> <span class='ocrx_word' id='word_1_183' title='bbox 1311 2884 1396 2948; x_wconf 93' lang='lat' dir='ltr'>enim</span> <span class='ocrx_word' id='word_1_184' title='bbox 1418 2893 1536 2949; x_wconf 82' lang='lat' dir='ltr'>remota</span> <span class='ocrx_word' id='word_1_185' title='bbox 1559 2889 1736 2968; x_wconf 87' lang='lat' dir='ltr'>gratissima</span> 
     </span>
     <span class='ocr_line' id='line_1_19' title="bbox 414 2978 1736 3064; baseline -0.001 -17"><span class='ocrx_word' id='word_1_186' title='bbox 414 2992 464 3048; x_wconf 89' lang='lat' dir='ltr'>est</span> <span class='ocrx_word' id='word_1_187' title='bbox 483 2981 671 3054; x_wconf 84' lang='lat' dir='ltr'>liberalitas,</span> <span class='ocrx_word' id='word_1_188' title='bbox 693 2999 796 3064; x_wconf 87' lang='lat' dir='ltr'>eoque</span> <span class='ocrx_word' id='word_1_189' title='bbox 818 3000 888 3043; x_wconf 90' lang='lat' dir='ltr'>eam</span> <span class='ocrx_word' id='word_1_190' title='bbox 910 2980 1083 3043; x_wconf 85' lang='lat' dir='ltr'>studiosius</span> <span class='ocrx_word' id='word_1_191' title='bbox 1104 2980 1250 3063; x_wconf 84' lang='lat' dir='ltr'>plerique</span> <span class='ocrx_word' id='word_1_192' title='bbox 1271 2978 1418 3054; x_wconf 88' lang='lat' dir='ltr'>laudant,</span> <span class='ocrx_word' id='word_1_193' title='bbox 1440 2980 1524 3062; x_wconf 93' lang='lat' dir='ltr'>quod</span> <span class='ocrx_word' id='word_1_194' title='bbox 1547 2982 1660 3045; x_wconf 89' lang='lat' dir='ltr'>summi</span> <span class='ocrx_word' id='word_1_195' title='bbox 1682 3001 1736 3046; x_wconf 90' lang='lat' dir='ltr'>eu·</span> 
     </span>
     <span class='ocr_line' id='line_1_20' title="bbox 414 3072 1736 3161; baseline -0.002 -21"><span class='ocrx_word' id='word_1_196' title='bbox 414 3079 526 3161; x_wconf 88' lang='lat' dir='ltr'>iusque</span> <span class='ocrx_word' id='word_1_197' title='bbox 555 3075 681 3140; x_wconf 91' lang='lat' dir='ltr'>bonitas</span> <span class='ocrx_word' id='word_1_198' title='bbox 709 3093 877 3138; x_wconf 90' lang='lat' dir='ltr'>commune</span> <span class='ocrx_word' id='word_1_199' title='bbox 905 3072 1082 3157; x_wconf 75' lang='lat' dir='ltr'>perfugium</span> <span class='ocrx_word' id='word_1_200' title='bbox 1114 3081 1163 3136; x_wconf 95' lang='lat' dir='ltr'>est</span> <span class='ocrx_word' id='word_1_201' title='bbox 1189 3072 1341 3136; x_wconf 85' lang='lat' dir='ltr'>omnium.</span> <span class='ocrx_word' id='word_1_202' title='bbox 1391 3072 1501 3135; x_wconf 86' lang='lat' dir='ltr'>Danda</span> <span class='ocrx_word' id='word_1_203' title='bbox 1523 3072 1619 3155; x_wconf 87' lang='lat' dir='ltr'>igitur</span> <span class='ocrx_word' id='word_1_204' title='bbox 1639 3092 1736 3157; x_wconf 86' lang='lat' dir='ltr'>opem</span> 
     </span>
     <span class='ocr_line' id='line_1_21' title="bbox 414 3164 1774 3251; baseline -0.005 -17"><span class='ocrx_word' id='word_1_205' title='bbox 414 3178 462 3234; x_wconf 92' lang='lat' dir='ltr'>est</span> <span class='ocrx_word' id='word_1_206' title='bbox 482 3176 520 3232; x_wconf 86' lang='lat' dir='ltr'>ut</span> <span class='ocrx_word' id='word_1_207' title='bbox 541 3168 582 3232; x_wconf 91' lang='lat' dir='ltr'>iis</span> <span class='ocrx_word' id='word_1_208' title='bbox 602 3168 765 3232; x_wconf 87' lang='lat' dir='ltr'>beneficiis</span> <span class='ocrx_word' id='word_1_209' title='bbox 788 3186 883 3251; x_wconf 85' lang='lat' dir='ltr'>quam</span> <span class='ocrx_word' id='word_1_210' title='bbox 904 3167 1056 3251; x_wconf 86' lang='lat' dir='ltr'>plurimos</span> <span class='ocrx_word' id='word_1_211' title='bbox 1078 3164 1279 3242; x_wconf 87' lang='lat' dir='ltr'>adficiamus,</span> <span class='ocrx_word' id='word_1_212' title='bbox 1301 3184 1434 3249; x_wconf 88' lang='lat' dir='ltr'>quorum</span> <span class='ocrx_word' id='word_1_213' title='bbox 1457 3166 1605 3229; x_wconf 87' lang='lat' dir='ltr'>memoria</span> <span class='ocrx_word' id='word_1_214' title='bbox 1626 3166 1774 3232; x_wconf 74' lang='lat' dir='ltr'>tiberim</span> 
     </span>
     <span class='ocr_line' id='line_1_22' title="bbox 414 3258 1737 3347; baseline 0.001 -22"><span class='ocrx_word' id='word_1_215' title='bbox 414 3261 614 3347; x_wconf 87' lang='lat' dir='ltr'>posterisque</span> <span class='ocrx_word' id='word_1_216' title='bbox 634 3261 803 3346; x_wconf 88' lang='lat' dir='ltr'>prodatur,</span> <span class='ocrx_word' id='word_1_217' title='bbox 834 3268 870 3323; x_wconf 92' lang='lat' dir='ltr'>ut</span> <span class='ocrx_word' id='word_1_218' title='bbox 896 3261 935 3323; x_wconf 89' lang='lat' dir='ltr'>iis</span> <span class='ocrx_word' id='word_1_219' title='bbox 965 3260 1097 3343; x_wconf 87' lang='lat' dir='ltr'>ingratis</span> <span class='ocrx_word' id='word_1_220' title='bbox 1119 3279 1190 3323; x_wconf 89' lang='lat' dir='ltr'>esse</span> <span class='ocrx_word' id='word_1_221' title='bbox 1212 3279 1275 3323; x_wconf 92' lang='lat' dir='ltr'>non</span> <span class='ocrx_word' id='word_1_222' title='bbox 1296 3260 1400 3323; x_wconf 80' lang='lat' dir='ltr'>liceat</span> <span class='ocrx_word' id='word_1_223' title='bbox 1443 3258 1561 3324; x_wconf 90' lang='lat' dir='ltr'>Omnes</span> <span class='ocrx_word' id='word_1_224' title='bbox 1582 3260 1667 3324; x_wconf 90' lang='lat' dir='ltr'>enim</span> <span class='ocrx_word' id='word_1_225' title='bbox 1687 3263 1737 3326; x_wconf 92' lang='lat' dir='ltr'>in-</span> 
     </span>
     <span class='ocr_line' id='line_1_23' title="bbox 414 3351 1737 3437; baseline 0.001 -18"><span class='ocrx_word' id='word_1_226' title='bbox 414 3375 585 3419; x_wconf 88' lang='lat' dir='ltr'>memorem</span> <span class='ocrx_word' id='word_1_227' title='bbox 614 3351 761 3417; x_wconf 89' lang='lat' dir='ltr'>benelicii</span> <span class='ocrx_word' id='word_1_228' title='bbox 790 3353 927 3415; x_wconf 85' lang='lat' dir='ltr'>oderunt</span> <span class='ocrx_word' id='word_1_229' title='bbox 955 3372 1089 3437; x_wconf 87' lang='lat' dir='ltr'>eamque</span> <span class='ocrx_word' id='word_1_230' title='bbox 1115 3353 1261 3417; x_wconf 88' lang='lat' dir='ltr'>iniuriam</span> <span class='ocrx_word' id='word_1_231' title='bbox 1284 3354 1317 3416; x_wconf 94' lang='lat' dir='ltr'>in</span> <span class='ocrx_word' id='word_1_232' title='bbox 1340 3351 1527 3416; x_wconf 86' lang='lat' dir='ltr'>deterrenda</span> <span class='ocrx_word' id='word_1_233' title='bbox 1548 3353 1737 3420; x_wconf 88' lang='lat' dir='ltr'>liberalitate</span> 
     </span>
     <span class='ocr_line' id='line_1_24' title="bbox 415 3445 1738 3534; baseline 0.002 -22"><span class='ocrx_word' id='word_1_234' title='bbox 415 3448 475 3512; x_wconf 89' lang='lat' dir='ltr'>sibi</span> <span class='ocrx_word' id='word_1_235' title='bbox 497 3449 591 3512; x_wconf 85' lang='lat' dir='ltr'>stiam</span> <span class='ocrx_word' id='word_1_236' title='bbox 612 3447 682 3512; x_wconf 88' lang='lat' dir='ltr'>lieri</span> <span class='ocrx_word' id='word_1_237' title='bbox 704 3467 859 3530; x_wconf 90' lang='lat' dir='ltr'>eumque,</span> <span class='ocrx_word' id='word_1_238' title='bbox 890 3447 945 3529; x_wconf 92' lang='lat' dir='ltr'>qui</span> <span class='ocrx_word' id='word_1_239' title='bbox 966 3445 1076 3519; x_wconf 79' lang='lat' dir='ltr'>facist,</span> <span class='ocrx_word' id='word_1_240' title='bbox 1106 3465 1304 3514; x_wconf 83' lang='lat' dir='ltr'>communem</span> <span class='ocrx_word' id='word_1_241' title='bbox 1331 3445 1455 3510; x_wconf 85' lang='lat' dir='ltr'>bostem</span> <span class='ocrx_word' id='word_1_242' title='bbox 1476 3447 1657 3513; x_wconf 88' lang='lat' dir='ltr'>tenuiorum</span> <span class='ocrx_word' id='word_1_243' title='bbox 1679 3470 1738 3534; x_wconf 92' lang='lat' dir='ltr'>pu·</span> 
     </span>
     <span class='ocr_line' id='line_1_25' title="bbox 416 3539 1739 3625; baseline 0.001 -20"><span class='ocrx_word' id='word_1_244' title='bbox 416 3548 493 3605; x_wconf 80' lang='lat' dir='ltr'>tant</span> <span class='ocrx_word' id='word_1_245' title='bbox 527 3543 630 3625; x_wconf 74' lang='lat' dir='ltr'>Atque</span> <span class='ocrx_word' id='word_1_246' title='bbox 651 3540 730 3604; x_wconf 85' lang='lat' dir='ltr'>baec</span> <span class='ocrx_word' id='word_1_247' title='bbox 751 3540 930 3622; x_wconf 89' lang='lat' dir='ltr'>benignitas</span> <span class='ocrx_word' id='word_1_248' title='bbox 953 3540 1046 3602; x_wconf 91' lang='lat' dir='ltr'>etiam</span> <span class='ocrx_word' id='word_1_249' title='bbox 1069 3539 1115 3603; x_wconf 92' lang='lat' dir='ltr'>rei</span> <span class='ocrx_word' id='word_1_250' title='bbox 1138 3539 1285 3623; x_wconf 88' lang='lat' dir='ltr'>publicae</span> <span class='ocrx_word' id='word_1_251' title='bbox 1308 3547 1356 3603; x_wconf 89' lang='lat' dir='ltr'>est</span> <span class='ocrx_word' id='word_1_252' title='bbox 1377 3539 1475 3615; x_wconf 91' lang='lat' dir='ltr'>utilis,</span> <span class='ocrx_word' id='word_1_253' title='bbox 1496 3540 1609 3604; x_wconf 87' lang='lat' dir='ltr'>redimi</span> <span class='ocrx_word' id='word_1_254' title='bbox 1632 3562 1650 3605; x_wconf 92' lang='lat' dir='ltr'>e</span> <span class='ocrx_word' id='word_1_255' title='bbox 1671 3562 1739 3606; x_wconf 89' lang='lat' dir='ltr'>sar-</span> 
     </span>
     <span class='ocr_line' id='line_1_26' title="bbox 416 3629 1775 3719; baseline -0.002 -20"><span class='ocrx_word' id='word_1_256' title='bbox 416 3637 517 3700; x_wconf 85' lang='lat' dir='ltr'>ritute</span> <span class='ocrx_word' id='word_1_257' title='bbox 539 3642 660 3719; x_wconf 89' lang='lat' dir='ltr'>captos,</span> <span class='ocrx_word' id='word_1_258' title='bbox 682 3633 867 3717; x_wconf 88' lang='lat' dir='ltr'>locupletari</span> <span class='ocrx_word' id='word_1_259' title='bbox 885 3633 1060 3698; x_wconf 84' lang='lat' dir='ltr'>tenuiores:</span> <span class='ocrx_word' id='word_1_260' title='bbox 1083 3629 1171 3716; x_wconf 92' lang='lat' dir='ltr'>quod</span> <span class='ocrx_word' id='word_1_261' title='bbox 1193 3631 1320 3716; x_wconf 87' lang='lat' dir='ltr'>quidem</span> <span class='ocrx_word' id='word_1_262' title='bbox 1342 3633 1437 3716; x_wconf 84' lang='lat' dir='ltr'>volgo</span> <span class='ocrx_word' id='word_1_263' title='bbox 1459 3634 1587 3699; x_wconf 89' lang='lat' dir='ltr'>solitum</span> <span class='ocrx_word' id='word_1_264' title='bbox 1606 3636 1676 3702; x_wconf 89' lang='lat' dir='ltr'>lieri</span> <span class='ocrx_word' id='word_1_265' title='bbox 1698 3636 1775 3701; x_wconf 62' lang='lat' dir='ltr'>ab!</span> 
     </span>
     <span class='ocr_line' id='line_1_27' title="bbox 417 3725 1738 3814; baseline 0.002 -21"><span class='ocrx_word' id='word_1_266' title='bbox 417 3728 529 3793; x_wconf 85' lang='lat' dir='ltr'>ordine</span> <span class='ocrx_word' id='word_1_267' title='bbox 558 3736 668 3793; x_wconf 89' lang='lat' dir='ltr'>nostro</span> <span class='ocrx_word' id='word_1_268' title='bbox 695 3729 729 3791; x_wconf 88' lang='lat' dir='ltr'>in</span> <span class='ocrx_word' id='word_1_269' title='bbox 760 3730 902 3791; x_wconf 89' lang='lat' dir='ltr'>oratione</span> <span class='ocrx_word' id='word_1_270' title='bbox 926 3727 1029 3791; x_wconf 88' lang='lat' dir='ltr'>Crassi</span> <span class='ocrx_word' id='word_1_271' title='bbox 1051 3728 1201 3811; x_wconf 90' lang='lat' dir='ltr'>scriptum</span> <span class='ocrx_word' id='word_1_272' title='bbox 1224 3728 1351 3811; x_wconf 91' lang='lat' dir='ltr'>copiose</span> <span class='ocrx_word' id='word_1_273' title='bbox 1371 3725 1525 3791; x_wconf 85' lang='lat' dir='ltr'>ridemus.</span> <span class='ocrx_word' id='word_1_274' title='bbox 1567 3729 1656 3794; x_wconf 86' lang='lat' dir='ltr'>llsnc</span> <span class='ocrx_word' id='word_1_275' title='bbox 1677 3749 1738 3814; x_wconf 86' lang='lat' dir='ltr'>ego</span> 
     </span>
     <span class='ocr_line' id='line_1_28' title="bbox 417 3820 1739 3909; baseline 0 -22"><span class='ocrx_word' id='word_1_276' title='bbox 417 3823 679 3887; x_wconf 90' lang='lat' dir='ltr'>consuetudinem</span> <span class='ocrx_word' id='word_1_277' title='bbox 707 3821 910 3905; x_wconf 88' lang='lat' dir='ltr'>benignitatis</span> <span class='ocrx_word' id='word_1_278' title='bbox 938 3820 1098 3903; x_wconf 86' lang='lat' dir='ltr'>largitioni</span> <span class='ocrx_word' id='word_1_279' title='bbox 1129 3839 1295 3884; x_wconf 89' lang='lat' dir='ltr'>munerum</span> <span class='ocrx_word' id='word_1_280' title='bbox 1323 3821 1418 3904; x_wconf 89' lang='lat' dir='ltr'>longe</span> <span class='ocrx_word' id='word_1_281' title='bbox 1440 3829 1610 3909; x_wconf 89' lang='lat' dir='ltr'>antepono.</span> <span class='ocrx_word' id='word_1_282' title='bbox 1651 3824 1739 3889; x_wconf 86' lang='lat' dir='ltr'>llaec</span> 
     </span>
     <span class='ocr_line' id='line_1_29' title="bbox 418 3913 1740 4002; baseline -0.001 -21"><span class='ocrx_word' id='word_1_283' title='bbox 418 3924 466 3981; x_wconf 89' lang='lat' dir='ltr'>est</span> <span class='ocrx_word' id='word_1_284' title='bbox 486 3917 626 3999; x_wconf 61' lang='lat' dir='ltr'>pavium</span> <span class='ocrx_word' id='word_1_285' title='bbox 647 3913 809 3979; x_wconf 90' lang='lat' dir='ltr'>bominum</span> <span class='ocrx_word' id='word_1_286' title='bbox 831 3923 928 3997; x_wconf 88' lang='lat' dir='ltr'>atque</span> <span class='ocrx_word' id='word_1_287' title='bbox 950 3932 1152 3997; x_wconf 89' lang='lat' dir='ltr'>magnorum,</span> <span class='ocrx_word' id='word_1_288' title='bbox 1174 3914 1228 3977; x_wconf 91' lang='lat' dir='ltr'>ills</span> <span class='ocrx_word' id='word_1_289' title='bbox 1250 3913 1340 3997; x_wconf 85' lang='lat' dir='ltr'>quasi</span> <span class='ocrx_word' id='word_1_290' title='bbox 1362 3913 1598 3980; x_wconf 86' lang='lat' dir='ltr'>adsentatorum</span> <span class='ocrx_word' id='word_1_291' title='bbox 1620 3917 1740 4002; x_wconf 93' lang='lat' dir='ltr'>populi,</span> 
     </span>
     <span class='ocr_line' id='line_1_30' title="bbox 418 4003 1739 4091; baseline 0.002 -18"><span class='ocrx_word' id='word_1_292' title='bbox 418 4010 630 4074; x_wconf 90' lang='lat' dir='ltr'>multitudinis</span> <span class='ocrx_word' id='word_1_293' title='bbox 652 4009 812 4073; x_wconf 81' lang='lat' dir='ltr'>levitatem</span> <span class='ocrx_word' id='word_1_294' title='bbox 834 4008 996 4091; x_wconf 88' lang='lat' dir='ltr'>voluptate</span> <span class='ocrx_word' id='word_1_295' title='bbox 1010 4008 1103 4089; x_wconf 87' lang='lat' dir='ltr'>quasi</span> <span class='ocrx_word' id='word_1_296' title='bbox 1117 4007 1324 4070; x_wconf 89' lang='lat' dir='ltr'>titillantium.</span> <span class='ocrx_word' id='word_1_297' title='bbox 1367 4003 1419 4070; x_wconf 77' lang='lat' dir='ltr'>dl.</span> <span class='ocrx_word' id='word_1_298' title='bbox 1442 4008 1616 4073; x_wconf 83' lang='lat' dir='ltr'>Conveniet</span> <span class='ocrx_word' id='word_1_299' title='bbox 1633 4018 1739 4075; x_wconf 86' lang='lat' dir='ltr'>sutem</span> 
     </span>
     <span class='ocr_line' id='line_1_31' title="bbox 419 4098 1778 4183; baseline -0.002 -16"><span class='ocrx_word' id='word_1_300' title='bbox 419 4124 489 4168; x_wconf 92' lang='lat' dir='ltr'>cum</span> <span class='ocrx_word' id='word_1_301' title='bbox 510 4104 544 4166; x_wconf 89' lang='lat' dir='ltr'>in</span> <span class='ocrx_word' id='word_1_302' title='bbox 566 4102 671 4166; x_wconf 89' lang='lat' dir='ltr'>dando</span> <span class='ocrx_word' id='word_1_303' title='bbox 695 4098 876 4166; x_wconf 90' lang='lat' dir='ltr'>munilieum</span> <span class='ocrx_word' id='word_1_304' title='bbox 898 4121 969 4164; x_wconf 85' lang='lat' dir='ltr'>esse</span> <span class='ocrx_word' id='word_1_305' title='bbox 998 4108 1064 4162; x_wconf 92' lang='lat' dir='ltr'>tum</span> <span class='ocrx_word' id='word_1_306' title='bbox 1095 4099 1129 4161; x_wconf 92' lang='lat' dir='ltr'>in</span> <span class='ocrx_word' id='word_1_307' title='bbox 1151 4101 1307 4183; x_wconf 84' lang='lat' dir='ltr'>exigendo</span> <span class='ocrx_word' id='word_1_308' title='bbox 1329 4119 1393 4163; x_wconf 92' lang='lat' dir='ltr'>non</span> <span class='ocrx_word' id='word_1_309' title='bbox 1416 4102 1560 4166; x_wconf 89' lang='lat' dir='ltr'>acerbum</span> <span class='ocrx_word' id='word_1_310' title='bbox 1583 4104 1616 4167; x_wconf 92' lang='lat' dir='ltr'>in</span> <span class='ocrx_word' id='word_1_311' title='bbox 1639 4105 1778 4168; x_wconf 86' lang='lat' dir='ltr'>omni-st</span> 
     </span>
     <span class='ocr_line' id='line_1_32' title="bbox 419 4191 1741 4279; baseline 0.002 -21"><span class='ocrx_word' id='word_1_312' title='bbox 419 4217 481 4279; x_wconf 87' lang='lat' dir='ltr'>que</span> <span class='ocrx_word' id='word_1_313' title='bbox 503 4217 536 4260; x_wconf 87' lang='lat' dir='ltr'>re</span> <span class='ocrx_word' id='word_1_314' title='bbox 558 4195 786 4268; x_wconf 85' lang='lat' dir='ltr'>contrahenda,</span> <span class='ocrx_word' id='word_1_315' title='bbox 809 4195 979 4257; x_wconf 85' lang='lat' dir='ltr'>vendundo</span> <span class='ocrx_word' id='word_1_316' title='bbox 1002 4192 1153 4267; x_wconf 91' lang='lat' dir='ltr'>emendo,</span> <span class='ocrx_word' id='word_1_317' title='bbox 1176 4191 1380 4257; x_wconf 91' lang='lat' dir='ltr'>conducendo</span> <span class='ocrx_word' id='word_1_318' title='bbox 1403 4192 1550 4271; x_wconf 88' lang='lat' dir='ltr'>locando,</span> <span class='ocrx_word' id='word_1_319' title='bbox 1572 4197 1741 4261; x_wconf 83' lang='lat' dir='ltr'>vicinitati·</span> 
     </span>
     <span class='ocr_line' id='line_1_33' title="bbox 418 4285 1741 4372; baseline 0.001 -19"><span class='ocrx_word' id='word_1_320' title='bbox 418 4290 478 4353; x_wconf 89' lang='lat' dir='ltr'>bus</span> <span class='ocrx_word' id='word_1_321' title='bbox 500 4298 531 4353; x_wconf 87' lang='lat' dir='ltr'>et</span> <span class='ocrx_word' id='word_1_322' title='bbox 554 4290 717 4364; x_wconf 83' lang='lat' dir='ltr'>confiniis,</span> <span class='ocrx_word' id='word_1_323' title='bbox 740 4309 896 4372; x_wconf 90' lang='lat' dir='ltr'>aequum,</span> <span class='ocrx_word' id='word_1_324' title='bbox 918 4286 1058 4360; x_wconf 80' lang='lat' dir='ltr'>facilem,</span> <span class='ocrx_word' id='word_1_325' title='bbox 1080 4285 1179 4349; x_wconf 88' lang='lat' dir='ltr'>multa</span> <span class='ocrx_word' id='word_1_326' title='bbox 1202 4287 1309 4349; x_wconf 90' lang='lat' dir='ltr'>multis</span> <span class='ocrx_word' id='word_1_327' title='bbox 1336 4286 1377 4349; x_wconf 90' lang='lat' dir='ltr'>de</span> <span class='ocrx_word' id='word_1_328' title='bbox 1399 4306 1456 4351; x_wconf 91' lang='lat' dir='ltr'>suo</span> <span class='ocrx_word' id='word_1_329' title='bbox 1478 4289 1546 4352; x_wconf 90' lang='lat' dir='ltr'>inre</span> <span class='ocrx_word' id='word_1_330' title='bbox 1567 4289 1741 4369; x_wconf 89' lang='lat' dir='ltr'>cedentem,</span> 
     </span>
     <span class='ocr_line' id='line_1_34' title="bbox 419 4379 1741 4466; baseline 0.002 -20"><span class='ocrx_word' id='word_1_331' title='bbox 419 4402 438 4446; x_wconf 92' lang='lat' dir='ltr'>a</span> <span class='ocrx_word' id='word_1_332' title='bbox 459 4383 567 4446; x_wconf 89' lang='lat' dir='ltr'>litibus</span> <span class='ocrx_word' id='word_1_333' title='bbox 589 4403 675 4458; x_wconf 80' lang='lat' dir='ltr'>vero,</span> <span class='ocrx_word' id='word_1_334' title='bbox 697 4391 851 4466; x_wconf 87' lang='lat' dir='ltr'>quantum</span> <span class='ocrx_word' id='word_1_335' title='bbox 874 4380 965 4444; x_wconf 89' lang='lat' dir='ltr'>liceat</span> <span class='ocrx_word' id='word_1_336' title='bbox 986 4388 1019 4443; x_wconf 91' lang='lat' dir='ltr'>et</span> <span class='ocrx_word' id='word_1_337' title='bbox 1039 4379 1149 4442; x_wconf 87' lang='lat' dir='ltr'>nescio</span> <span class='ocrx_word' id='word_1_338' title='bbox 1164 4399 1204 4442; x_wconf 91' lang='lat' dir='ltr'>an</span> <span class='ocrx_word' id='word_1_339' title='bbox 1218 4379 1314 4463; x_wconf 91' lang='lat' dir='ltr'>paulo</span> <span class='ocrx_word' id='word_1_340' title='bbox 1328 4380 1402 4462; x_wconf 93' lang='lat' dir='ltr'>plus</span> <span class='ocrx_word' id='word_1_341' title='bbox 1417 4382 1512 4445; x_wconf 86' lang='lat' dir='ltr'>etism</span> <span class='ocrx_word' id='word_1_342' title='bbox 1528 4403 1622 4466; x_wconf 92' lang='lat' dir='ltr'>quam</span> <span class='ocrx_word' id='word_1_343' title='bbox 1637 4384 1741 4459; x_wconf 89' lang='lat' dir='ltr'>liceat,</span> 
     </span>
     <span class='ocr_line' id='line_1_35' title="bbox 419 4472 1742 4560; baseline 0.002 -21"><span class='ocrx_word' id='word_1_344' title='bbox 419 4475 650 4540; x_wconf 81' lang='lat' dir='ltr'>abhorrentem.</span> <span class='ocrx_word' id='word_1_345' title='bbox 700 4477 758 4540; x_wconf 89' lang='lat' dir='ltr'>Est</span> <span class='ocrx_word' id='word_1_346' title='bbox 786 4477 869 4538; x_wconf 89' lang='lat' dir='ltr'>enim</span> <span class='ocrx_word' id='word_1_347' title='bbox 897 4494 962 4537; x_wconf 91' lang='lat' dir='ltr'>non</span> <span class='ocrx_word' id='word_1_348' title='bbox 990 4472 1087 4535; x_wconf 94' lang='lat' dir='ltr'>modo</span> <span class='ocrx_word' id='word_1_349' title='bbox 1114 4472 1243 4536; x_wconf 88' lang='lat' dir='ltr'>liberale</span> <span class='ocrx_word' id='word_1_350' title='bbox 1272 4474 1400 4555; x_wconf 88' lang='lat' dir='ltr'>paulum</span> <span class='ocrx_word' id='word_1_351' title='bbox 1423 4493 1487 4537; x_wconf 91' lang='lat' dir='ltr'>non</span> <span class='ocrx_word' id='word_1_352' title='bbox 1508 4496 1678 4560; x_wconf 85' lang='lat' dir='ltr'>numquam</span> <span class='ocrx_word' id='word_1_353' title='bbox 1701 4476 1742 4542; x_wconf 91' lang='lat' dir='ltr'>de</span> 
     </span>
     <span class='ocr_line' id='line_1_36' title="bbox 421 4566 1780 4643; baseline 0 -10"><span class='ocrx_word' id='word_1_354' title='bbox 421 4588 478 4633; x_wconf 89' lang='lat' dir='ltr'>suo</span> <span class='ocrx_word' id='word_1_355' title='bbox 503 4569 574 4632; x_wconf 91' lang='lat' dir='ltr'>iure</span> <span class='ocrx_word' id='word_1_356' title='bbox 604 4568 775 4643; x_wconf 89' lang='lat' dir='ltr'>decedere,</span> <span class='ocrx_word' id='word_1_357' title='bbox 804 4566 860 4631; x_wconf 90' lang='lat' dir='ltr'>sed</span> <span class='ocrx_word' id='word_1_358' title='bbox 888 4566 1048 4630; x_wconf 90' lang='lat' dir='ltr'>interdum</span> <span class='ocrx_word' id='word_1_359' title='bbox 1077 4567 1172 4630; x_wconf 91' lang='lat' dir='ltr'>etiam</span> <span class='ocrx_word' id='word_1_360' title='bbox 1200 4566 1406 4630; x_wconf 85' lang='lat' dir='ltr'>fructuosum.</span> <span class='ocrx_word' id='word_1_361' title='bbox 1454 4568 1607 4634; x_wconf 82' lang='lat' dir='ltr'>Habenda</span> <span class='ocrx_word' id='word_1_362' title='bbox 1634 4578 1780 4635; x_wconf 81' lang='lat' dir='ltr'>autemst</span> 
     </span>
     <span class='ocr_line' id='line_1_37' title="bbox 421 4659 1742 4747; baseline 0.002 -21"><span class='ocrx_word' id='word_1_363' title='bbox 421 4663 501 4726; x_wconf 87' lang='lat' dir='ltr'>ratio</span> <span class='ocrx_word' id='word_1_364' title='bbox 523 4671 572 4727; x_wconf 91' lang='lat' dir='ltr'>est</span> <span class='ocrx_word' id='word_1_365' title='bbox 592 4663 640 4727; x_wconf 88' lang='lat' dir='ltr'>rei</span> <span class='ocrx_word' id='word_1_366' title='bbox 660 4662 838 4739; x_wconf 80' lang='lat' dir='ltr'>familiaris,</span> <span class='ocrx_word' id='word_1_367' title='bbox 861 4680 955 4747; x_wconf 87' lang='lat' dir='ltr'>quam</span> <span class='ocrx_word' id='word_1_368' title='bbox 978 4660 1107 4744; x_wconf 91' lang='lat' dir='ltr'>quidem</span> <span class='ocrx_word' id='word_1_369' title='bbox 1131 4659 1234 4724; x_wconf 87' lang='lat' dir='ltr'>delabi</span> <span class='ocrx_word' id='word_1_370' title='bbox 1256 4659 1362 4724; x_wconf 90' lang='lat' dir='ltr'>sinere</span> <span class='ocrx_word' id='word_1_371' title='bbox 1383 4661 1575 4745; x_wconf 81' lang='lat' dir='ltr'>flagitiosum</span> <span class='ocrx_word' id='word_1_372' title='bbox 1597 4672 1662 4739; x_wconf 89' lang='lat' dir='ltr'>est,</span> <span class='ocrx_word' id='word_1_373' title='bbox 1684 4664 1742 4729; x_wconf 89' lang='lat' dir='ltr'>ssd</span> 
     </span>
    </p>
   </div>
   <div class='ocr_carea' id='block_1_3' title="bbox 421 4876 1748 5840">
    <p class='ocr_par' dir='ltr' id='par_1_3' title="bbox 421 4876 1748 5840">
     <span class='ocr_line' id='line_1_38' title="bbox 487 4876 1741 4942; baseline 0.003 -16"><span class='ocrx_word' id='word_1_374' title='bbox 487 4877 723 4940; x_wconf 76' lang='lat' dir='ltr'>t.taom.op-</span> <span class='ocrx_word' id='word_1_375' title='bbox 743 4876 1192 4939; x_wconf 61' lang='lat' dir='ltr'>mmmsmtnterpretotto</span> <span class='ocrx_word' id='word_1_376' title='bbox 1216 4902 1243 4913; x_wconf 95' lang='lat'>-</span> <span class='ocrx_word' id='word_1_377' title='bbox 1265 4876 1471 4940; x_wconf 56' lang='lat' dir='ltr'>spedoteno</span> <span class='ocrx_word' id='word_1_378' title='bbox 1490 4877 1694 4942; x_wconf 76' lang='lat' dir='ltr'>-grcttoeltb</span> <span class='ocrx_word' id='word_1_379' title='bbox 1713 4904 1741 4916; x_wconf 92' lang='lat'>-</span> 
     </span>
     <span class='ocr_line' id='line_1_39' title="bbox 422 4950 1745 5017; baseline 0.002 -14"><span class='ocrx_word' id='word_1_380' title='bbox 422 4950 546 5003; x_wconf 70' lang='lat' dir='ltr'>tren:</span> <span class='ocrx_word' id='word_1_381' title='bbox 568 4952 704 5013; x_wconf 63' lang='lat' dir='ltr'>milch,</span> <span class='ocrx_word' id='word_1_382' title='bbox 726 4952 804 5013; x_wconf 71' lang='lat' dir='ltr'>bty&#39;se</span> <span class='ocrx_word' id='word_1_383' title='bbox 831 4975 857 4986; x_wconf 91' lang='lat'><em>-</em></span> <span class='ocrx_word' id='word_1_384' title='bbox 885 4951 1119 5014; x_wconf 47' lang='lat' dir='ltr'>memnone</span> <span class='ocrx_word' id='word_1_385' title='bbox 1147 4978 1174 4987; x_wconf 94' lang='lat'>-</span> <span class='ocrx_word' id='word_1_386' title='bbox 1201 4951 1442 5014; x_wconf 79' lang='lat' dir='ltr'>dtsputctumeste</span> <span class='ocrx_word' id='word_1_387' title='bbox 1470 4978 1498 4991; x_wconf 90' lang='lat'><em>-</em></span> <span class='ocrx_word' id='word_1_388' title='bbox 1524 4952 1745 5017; x_wconf 59' lang='lat' dir='ltr'>&amp;grumb-</span> 
     </span>
     <span class='ocr_line' id='line_1_40' title="bbox 421 5025 1743 5093; baseline 0.003 -16"><span class='ocrx_word' id='word_1_389' title='bbox 421 5029 564 5078; x_wconf 67' lang='lat' dir='ltr'>mosoma</span> <span class='ocrx_word' id='word_1_390' title='bbox 580 5032 617 5079; x_wconf 83' lang='lat' dir='ltr'>sst</span> <span class='ocrx_word' id='word_1_391' title='bbox 630 5032 654 5078; x_wconf 83' lang='lat' dir='ltr'>at</span> <span class='ocrx_word' id='word_1_392' title='bbox 670 5039 686 5077; x_wconf 90' lang='lat' dir='ltr'>o</span> <span class='ocrx_word' id='word_1_393' title='bbox 705 5049 732 5064; x_wconf 90' lang='lat'>-</span> <span class='ocrx_word' id='word_1_394' title='bbox 752 5027 777 5077; x_wconf 81' lang='lat'>6.</span> <span class='ocrx_word' id='word_1_395' title='bbox 795 5032 849 5076; x_wconf 69' lang='lat' dir='ltr'>toro</span> <span class='ocrx_word' id='word_1_396' title='bbox 864 5025 946 5089; x_wconf 78' lang='lat' dir='ltr'>tpssm</span> <span class='ocrx_word' id='word_1_397' title='bbox 963 5026 1069 5077; x_wconf 82' lang='lat' dir='ltr'>lttlao:</span> <span class='ocrx_word' id='word_1_398' title='bbox 1090 5039 1146 5076; x_wconf 83' lang='lat' dir='ltr'>cum</span> <span class='ocrx_word' id='word_1_399' title='bbox 1163 5027 1243 5089; x_wconf 66' lang='lat' dir='ltr'>prusa</span> <span class='ocrx_word' id='word_1_400' title='bbox 1258 5027 1288 5085; x_wconf 77' lang='lat' dir='ltr'>bt</span> <span class='ocrx_word' id='word_1_401' title='bbox 1307 5031 1391 5077; x_wconf 73' lang='lat' dir='ltr'>mmm</span> <span class='ocrx_word' id='word_1_402' title='bbox 1406 5027 1462 5090; x_wconf 62' lang='grc' dir='ltr'>ἐμω</span> <span class='ocrx_word' id='word_1_403' title='bbox 1479 5040 1503 5079; x_wconf 90' lang='grc' dir='ltr'><strong>ο.</strong></span> <span class='ocrx_word' id='word_1_404' title='bbox 1531 5026 1570 5078; x_wconf 85' lang='lat' dir='ltr'>ct.</span> <span class='ocrx_word' id='word_1_405' title='bbox 1589 5027 1693 5093; x_wconf 82' lang='lat' dir='ltr'>tladvtg</span> <span class='ocrx_word' id='word_1_406' title='bbox 1709 5030 1743 5082; x_wconf 88' lang='lat' dir='ltr'>ad</span> 
     </span>
     <span class='ocr_line' id='line_1_41' title="bbox 424 5101 1745 5171; baseline 0.002 -17"><span class='ocrx_word' id='word_1_407' title='bbox 424 5103 478 5154; x_wconf 84' lang='lat' dir='ltr'>cto.</span> <span class='ocrx_word' id='word_1_408' title='bbox 492 5104 526 5156; x_wconf 89' lang='lat' dir='ltr'>de</span> <span class='ocrx_word' id='word_1_409' title='bbox 539 5103 621 5154; x_wconf 77' lang='lat' dir='ltr'>Flotb.</span> <span class='ocrx_word' id='word_1_410' title='bbox 635 5117 662 5168; x_wconf 89' lang='lat' dir='ltr'>p.</span> <span class='ocrx_word' id='word_1_411' title='bbox 672 5103 730 5153; x_wconf 76' lang='lat' dir='ltr'>tet.</span> <span class='ocrx_word' id='word_1_412' title='bbox 751 5128 779 5140; x_wconf 91' lang='lat'>-</span> <span class='ocrx_word' id='word_1_413' title='bbox 798 5102 822 5153; x_wconf 79' lang='grc'><strong>7.</strong></span> <span class='ocrx_word' id='word_1_414' title='bbox 841 5106 975 5152; x_wconf 77' lang='lat' dir='ltr'>catomo</span> <span class='ocrx_word' id='word_1_415' title='bbox 993 5126 1020 5137; x_wconf 88' lang='lat'>-</span> <span class='ocrx_word' id='word_1_416' title='bbox 1040 5101 1123 5151; x_wconf 80' lang='lat' dir='ltr'>otico</span> <span class='ocrx_word' id='word_1_417' title='bbox 1143 5127 1168 5138; x_wconf 91' lang='lat'>-</span> <span class='ocrx_word' id='word_1_418' title='bbox 1187 5101 1308 5153; x_wconf 77' lang='lat' dir='ltr'>8.ch</span> <span class='ocrx_word' id='word_1_419' title='bbox 1323 5114 1406 5153; x_wconf 85' lang='lat' dir='ltr'>omo</span> <span class='ocrx_word' id='word_1_420' title='bbox 1424 5128 1452 5140; x_wconf 93' lang='lat'>-</span> <span class='ocrx_word' id='word_1_421' title='bbox 1470 5102 1494 5152; x_wconf 82' lang='lat'>9.</span> <span class='ocrx_word' id='word_1_422' title='bbox 1507 5104 1745 5171; x_wconf 75' lang='lat' dir='ltr'>eramlereutmp</span> 
     </span>
     <span class='ocr_line' id='line_1_42' title="bbox 424 5176 1746 5241; baseline 0.004 -14"><span class='ocrx_word' id='word_1_423' title='bbox 424 5176 1316 5241; x_wconf 64' lang='lat' dir='ltr'>-scususpte&#39;se-ss.uotmts-nscp:1aqmo</span> <span class='ocrx_word' id='word_1_424' title='bbox 1343 5203 1371 5216; x_wconf 89' lang='lat'>-</span> <span class='ocrx_word' id='word_1_425' title='bbox 1398 5176 1746 5232; x_wconf 78' lang='lat' dir='ltr'>tt.erseauttcmcdossss</span> 
     </span>
     <span class='ocr_line' id='line_1_43' title="bbox 422 5251 1745 5321; baseline 0.002 -17"><span class='ocrx_word' id='word_1_426' title='bbox 422 5252 567 5304; x_wconf 68' lang='lat' dir='ltr'>debemmb</span> <span class='ocrx_word' id='word_1_427' title='bbox 586 5253 674 5303; x_wconf 87' lang='lat' dir='ltr'>-sed</span> <span class='ocrx_word' id='word_1_428' title='bbox 690 5252 855 5315; x_wconf 73' lang='lat' dir='ltr'>multipesdts</span> <span class='ocrx_word' id='word_1_429' title='bbox 870 5251 901 5310; x_wconf 85' lang='lat' dir='ltr'>b;</span> <span class='ocrx_word' id='word_1_430' title='bbox 919 5252 962 5302; x_wconf 81' lang='lat' dir='ltr'>sed</span> <span class='ocrx_word' id='word_1_431' title='bbox 977 5252 1004 5300; x_wconf 77' lang='lat' dir='ltr'>ta</span> <span class='ocrx_word' id='word_1_432' title='bbox 1020 5252 1151 5314; x_wconf 66' lang='lat' dir='ltr'>wiperto</span> <span class='ocrx_word' id='word_1_433' title='bbox 1167 5264 1185 5315; x_wconf 83' lang='lat' dir='ltr'>p</span> <span class='ocrx_word' id='word_1_434' title='bbox 1202 5276 1229 5287; x_wconf 90' lang='lat'><em>-</em></span> <span class='ocrx_word' id='word_1_435' title='bbox 1250 5253 1290 5303; x_wconf 83' lang='lat' dir='ltr'>td.</span> <span class='ocrx_word' id='word_1_436' title='bbox 1309 5251 1425 5316; x_wconf 64' lang='lat' dir='ltr'>besem</span> <span class='ocrx_word' id='word_1_437' title='bbox 1441 5254 1560 5318; x_wconf 81' lang='lat' dir='ltr'>metrop</span> <span class='ocrx_word' id='word_1_438' title='bbox 1579 5281 1606 5292; x_wconf 92' lang='lat'>-</span> <span class='ocrx_word' id='word_1_439' title='bbox 1626 5255 1745 5321; x_wconf 63' lang='lat' dir='ltr'>tecua]</span> 
     </span>
     <span class='ocr_line' id='line_1_44' title="bbox 422 5325 1747 5391; baseline 0.003 -14"><span class='ocrx_word' id='word_1_440' title='bbox 422 5333 508 5390; x_wconf 78' lang='lat' dir='ltr'>traap</span> <span class='ocrx_word' id='word_1_441' title='bbox 528 5355 555 5366; x_wconf 93' lang='lat'><em>-</em></span> <span class='ocrx_word' id='word_1_442' title='bbox 574 5330 614 5378; x_wconf 79' lang='lat' dir='ltr'>tr.</span> <span class='ocrx_word' id='word_1_443' title='bbox 632 5326 788 5391; x_wconf 68' lang='lat' dir='ltr'>praesuma</span> <span class='ocrx_word' id='word_1_444' title='bbox 804 5327 855 5389; x_wconf 72' lang='lat'>13¹1»</span> <span class='ocrx_word' id='word_1_445' title='bbox 875 5352 900 5362; x_wconf 91' lang='lat'><em>-</em></span> <span class='ocrx_word' id='word_1_446' title='bbox 919 5325 1042 5375; x_wconf 81' lang='lat' dir='ltr'>rcetrr.</span> <span class='ocrx_word' id='word_1_447' title='bbox 1060 5325 1099 5374; x_wconf 77' lang='lat' dir='ltr'>tus</span> <span class='ocrx_word' id='word_1_448' title='bbox 1115 5326 1195 5388; x_wconf 82' lang='lat' dir='ltr'>llap,</span> <span class='ocrx_word' id='word_1_449' title='bbox 1213 5326 1260 5389; x_wconf 82' lang='lat' dir='ltr'>bs&#39;js</span> <span class='ocrx_word' id='word_1_450' title='bbox 1276 5338 1291 5376; x_wconf 88' lang='lat' dir='ltr'>o</span> <span class='ocrx_word' id='word_1_451' title='bbox 1310 5353 1337 5364; x_wconf 94' lang='lat'>-</span> <span class='ocrx_word' id='word_1_452' title='bbox 1356 5328 1560 5391; x_wconf 73' lang='lat' dir='ltr'>ttprcdeturp</span> <span class='ocrx_word' id='word_1_453' title='bbox 1580 5356 1606 5366; x_wconf 97' lang='lat'><em>-</em></span> <span class='ocrx_word' id='word_1_454' title='bbox 1625 5329 1747 5381; x_wconf 62' lang='lat' dir='ltr'>truse</span> 
     </span>
     <span class='ocr_line' id='line_1_45' title="bbox 422 5399 1747 5467; baseline 0.004 -16"><span class='ocrx_word' id='word_1_455' title='bbox 422 5404 502 5452; x_wconf 79' lang='lat' dir='ltr'>mdo</span> <span class='ocrx_word' id='word_1_456' title='bbox 518 5404 669 5464; x_wconf 77' lang='lat' dir='ltr'>ttdsrtcoep</span> <span class='ocrx_word' id='word_1_457' title='bbox 695 5428 728 5438; x_wconf 98' lang='lat'>-</span> <span class='ocrx_word' id='word_1_458' title='bbox 752 5401 793 5452; x_wconf 73' lang='lat' dir='ltr'>tt.</span> <span class='ocrx_word' id='word_1_459' title='bbox 812 5401 953 5451; x_wconf 70' lang='lat' dir='ltr'>sonum</span> <span class='ocrx_word' id='word_1_460' title='bbox 972 5413 1023 5450; x_wconf 79' lang='lat' dir='ltr'>esse</span> <span class='ocrx_word' id='word_1_461' title='bbox 1040 5406 1167 5462; x_wconf 73' lang='lat' dir='ltr'>patrato</span> <span class='ocrx_word' id='word_1_462' title='bbox 1195 5424 1221 5436; x_wconf 90' lang='lat'><em>-</em></span> <span class='ocrx_word' id='word_1_463' title='bbox 1248 5399 1288 5451; x_wconf 77' lang='lat' dir='ltr'>ll.</span> <span class='ocrx_word' id='word_1_464' title='bbox 1307 5403 1385 5464; x_wconf 79' lang='lat' dir='ltr'>Atque</span> <span class='ocrx_word' id='word_1_465' title='bbox 1400 5402 1461 5452; x_wconf 81' lang='lat' dir='ltr'>boec</span> <span class='ocrx_word' id='word_1_466' title='bbox 1477 5402 1747 5467; x_wconf 70' lang='lat' dir='ltr'>beatpsitcsntssrs-</span> 
     </span>
     <span class='ocr_line' id='line_1_46' title="bbox 422 5474 1746 5542; baseline 0.004 -15"><span class='ocrx_word' id='word_1_467' title='bbox 422 5477 496 5528; x_wconf 81' lang='lat' dir='ltr'>torss.</span> <span class='ocrx_word' id='word_1_468' title='bbox 514 5477 585 5528; x_wconf 81' lang='lat' dir='ltr'>Hunc</span> <span class='ocrx_word' id='word_1_469' title='bbox 601 5490 646 5541; x_wconf 81' lang='lat' dir='ltr'>ego</span> <span class='ocrx_word' id='word_1_470' title='bbox 657 5503 693 5514; x_wconf 93' lang='lat'>··</span> <span class='ocrx_word' id='word_1_471' title='bbox 705 5481 781 5539; x_wconf 79' lang='lat' dir='ltr'>atquo</span> <span class='ocrx_word' id='word_1_472' title='bbox 795 5489 946 5541; x_wconf 67' lang='lat' dir='ltr'>meraca</span> <span class='ocrx_word' id='word_1_473' title='bbox 969 5477 1119 5526; x_wconf 80' lang='lat' dir='ltr'>Lactantius</span> <span class='ocrx_word' id='word_1_474' title='bbox 1136 5476 1199 5526; x_wconf 88' lang='lat' dir='ltr'>lust.</span> <span class='ocrx_word' id='word_1_475' title='bbox 1218 5474 1271 5526; x_wconf 81' lang='lat' dir='ltr'>dlv.</span> <span class='ocrx_word' id='word_1_476' title='bbox 1289 5476 1331 5536; x_wconf 83' lang='lat' dir='ltr'>vt,</span> <span class='ocrx_word' id='word_1_477' title='bbox 1344 5477 1384 5528; x_wconf 79' lang='lat' dir='ltr'>tr.</span> <span class='ocrx_word' id='word_1_478' title='bbox 1410 5502 1437 5514; x_wconf 98' lang='lat'><em>-</em></span> <span class='ocrx_word' id='word_1_479' title='bbox 1464 5478 1505 5528; x_wconf 74' lang='lat'>26.</span> <span class='ocrx_word' id='word_1_480' title='bbox 1524 5490 1584 5542; x_wconf 79' lang='lat' dir='ltr'>erpo</span> <span class='ocrx_word' id='word_1_481' title='bbox 1599 5480 1638 5531; x_wconf 84' lang='lat' dir='ltr'>ab</span> <span class='ocrx_word' id='word_1_482' title='bbox 1656 5503 1683 5515; x_wconf 95' lang='lat'><em>-</em></span> <span class='ocrx_word' id='word_1_483' title='bbox 1702 5479 1746 5532; x_wconf 74' lang='lat' dir='ltr'>tt.</span> 
     </span>
     <span class='ocr_line' id='line_1_47' title="bbox 423 5550 1747 5617; baseline 0.004 -17"><span class='ocrx_word' id='word_1_484' title='bbox 423 5551 496 5615; x_wconf 70' lang='lat' dir='ltr'>torpe</span> <span class='ocrx_word' id='word_1_485' title='bbox 511 5564 562 5615; x_wconf 91' lang='lat' dir='ltr'>cp:</span> <span class='ocrx_word' id='word_1_486' title='bbox 582 5565 636 5602; x_wconf 88' lang='lat' dir='ltr'>om.</span> <span class='ocrx_word' id='word_1_487' title='bbox 649 5552 742 5602; x_wconf 81' lang='lat' dir='ltr'>ltllab</span> <span class='ocrx_word' id='word_1_488' title='bbox 764 5577 790 5587; x_wconf 92' lang='lat'><em>-</em></span> <span class='ocrx_word' id='word_1_489' title='bbox 809 5550 851 5601; x_wconf 74' lang='lat'>28.</span> <span class='ocrx_word' id='word_1_490' title='bbox 869 5555 904 5601; x_wconf 88' lang='lat' dir='ltr'>est</span> <span class='ocrx_word' id='word_1_491' title='bbox 919 5563 1055 5615; x_wconf 88' lang='lat' dir='ltr'>superscr.</span> <span class='ocrx_word' id='word_1_492' title='bbox 1068 5550 1094 5600; x_wconf 89' lang='lat' dir='ltr'>ln</span> <span class='ocrx_word' id='word_1_493' title='bbox 1111 5550 1128 5601; x_wconf 90' lang='lat' dir='ltr'>b</span> <span class='ocrx_word' id='word_1_494' title='bbox 1148 5576 1175 5587; x_wconf 93' lang='lat'>-</span> <span class='ocrx_word' id='word_1_495' title='bbox 1194 5552 1267 5612; x_wconf 79' lang='lat' dir='ltr'>queat</span> <span class='ocrx_word' id='word_1_496' title='bbox 1283 5563 1417 5616; x_wconf 87' lang='lat' dir='ltr'>superscr.</span> <span class='ocrx_word' id='word_1_497' title='bbox 1432 5551 1490 5603; x_wconf 87' lang='lat' dir='ltr'>ead.</span> <span class='ocrx_word' id='word_1_498' title='bbox 1511 5566 1546 5604; x_wconf 91' lang='lat' dir='ltr'>m.</span> <span class='ocrx_word' id='word_1_499' title='bbox 1562 5554 1588 5604; x_wconf 91' lang='lat' dir='ltr'>lu</span> <span class='ocrx_word' id='word_1_500' title='bbox 1605 5566 1623 5617; x_wconf 83' lang='lat' dir='ltr'>p</span> <span class='ocrx_word' id='word_1_501' title='bbox 1640 5552 1747 5605; x_wconf 87' lang='lat' dir='ltr'>mallem</span> 
     </span>
     <span class='ocr_line' id='line_1_48' title="bbox 425 5624 1748 5689; baseline 0.002 -14"><span class='ocrx_word' id='word_1_502' title='bbox 425 5624 542 5677; x_wconf 86' lang='lat' dir='ltr'>abesset.</span> <span class='ocrx_word' id='word_1_503' title='bbox 557 5652 583 5664; x_wconf 89' lang='lat'><em>-</em></span> <span class='ocrx_word' id='word_1_504' title='bbox 603 5627 644 5678; x_wconf 75' lang='lat'>29.</span> <span class='ocrx_word' id='word_1_505' title='bbox 657 5624 823 5675; x_wconf 69' lang='lat' dir='ltr'>mutitudinis</span> <span class='ocrx_word' id='word_1_506' title='bbox 837 5637 888 5676; x_wconf 78' lang='lat' dir='ltr'>aare</span> <span class='ocrx_word' id='word_1_507' title='bbox 903 5626 1078 5687; x_wconf 70' lang='lat' dir='ltr'>mimasque</span> <span class='ocrx_word' id='word_1_508' title='bbox 1093 5638 1111 5687; x_wconf 83' lang='lat' dir='ltr'>p</span> <span class='ocrx_word' id='word_1_509' title='bbox 1128 5650 1155 5660; x_wconf 97' lang='lat'><em>-</em></span> <span class='ocrx_word' id='word_1_510' title='bbox 1173 5625 1328 5688; x_wconf 79' lang='lat' dir='ltr'>uoluptatem</span> <span class='ocrx_word' id='word_1_511' title='bbox 1343 5638 1380 5689; x_wconf 88' lang='lat' dir='ltr'>ep</span> <span class='ocrx_word' id='word_1_512' title='bbox 1399 5653 1424 5663; x_wconf 93' lang='lat'><em>-</em></span> <span class='ocrx_word' id='word_1_513' title='bbox 1445 5626 1485 5676; x_wconf 86' lang='grc'><strong>30.</strong></span> <span class='ocrx_word' id='word_1_514' title='bbox 1497 5640 1553 5677; x_wconf 73' lang='lat' dir='ltr'>cam</span> <span class='ocrx_word' id='word_1_515' title='bbox 1570 5640 1639 5678; x_wconf 88' lang='lat' dir='ltr'>corr.</span> <span class='ocrx_word' id='word_1_516' title='bbox 1651 5628 1677 5678; x_wconf 89' lang='lat' dir='ltr'>ln</span> <span class='ocrx_word' id='word_1_517' title='bbox 1693 5632 1748 5679; x_wconf 70' lang='grc' dir='ltr'><strong>Μ</strong></span> 
     </span>
     <span class='ocr_line' id='line_1_49' title="bbox 424 5699 1748 5764; baseline 0.002 -14"><span class='ocrx_word' id='word_1_518' title='bbox 424 5705 604 5763; x_wconf 78' lang='lat' dir='ltr'>o,tump-</span> <span class='ocrx_word' id='word_1_519' title='bbox 627 5699 1201 5764; x_wconf 69' lang='lat' dir='ltr'>aucmrrotsadop-usadeadosso-</span> <span class='ocrx_word' id='word_1_520' title='bbox 1221 5699 1577 5764; x_wconf 68' lang='lat' dir='ltr'>bcmdocosducsadcp-</span> <span class='ocrx_word' id='word_1_521' title='bbox 1600 5703 1748 5753; x_wconf 65' lang='lat' dir='ltr'>meaos</span> 
     </span>
     <span class='ocr_line' id='line_1_50' title="bbox 424 5774 1748 5840; baseline 0.002 -16"><span class='ocrx_word' id='word_1_522' title='bbox 424 5776 568 5825; x_wconf 69' lang='lat' dir='ltr'>mustum</span> <span class='ocrx_word' id='word_1_523' title='bbox 583 5782 607 5826; x_wconf 86' lang='lat' dir='ltr'>et</span> <span class='ocrx_word' id='word_1_524' title='bbox 621 5776 757 5840; x_wconf 65' lang='lat' dir='ltr'>confinibus</span> <span class='ocrx_word' id='word_1_525' title='bbox 772 5787 846 5837; x_wconf 73' lang='lat' dir='ltr'>sessa</span> <span class='ocrx_word' id='word_1_526' title='bbox 862 5786 877 5825; x_wconf 91' lang='lat' dir='ltr'>o</span> <span class='ocrx_word' id='word_1_527' title='bbox 896 5801 924 5813; x_wconf 91' lang='lat'>-</span> <span class='ocrx_word' id='word_1_528' title='bbox 942 5774 982 5825; x_wconf 77' lang='grc'><strong>33.</strong></span> <span class='ocrx_word' id='word_1_529' title='bbox 1001 5779 1025 5825; x_wconf 85' lang='lat' dir='ltr'>et</span> <span class='ocrx_word' id='word_1_530' title='bbox 1040 5775 1122 5826; x_wconf 70' lang='lat' dir='ltr'>sexto</span> <span class='ocrx_word' id='word_1_531' title='bbox 1135 5775 1256 5825; x_wconf 82' lang='lat' dir='ltr'>--ltesat</span> <span class='ocrx_word' id='word_1_532' title='bbox 1271 5775 1372 5838; x_wconf 83' lang='lat' dir='ltr'>omli,</span> <span class='ocrx_word' id='word_1_533' title='bbox 1390 5777 1416 5826; x_wconf 89' lang='lat' dir='ltr'>lu</span> <span class='ocrx_word' id='word_1_534' title='bbox 1434 5788 1517 5839; x_wconf 86' lang='lat' dir='ltr'>marg.</span> <span class='ocrx_word' id='word_1_535' title='bbox 1536 5789 1551 5826; x_wconf 86' lang='lat' dir='ltr'>a</span> <span class='ocrx_word' id='word_1_536' title='bbox 1568 5788 1624 5828; x_wconf 89' lang='lat' dir='ltr'>sec.</span> <span class='ocrx_word' id='word_1_537' title='bbox 1643 5789 1679 5827; x_wconf 92' lang='lat' dir='ltr'>m.</span> <span class='ocrx_word' id='word_1_538' title='bbox 1698 5776 1748 5827; x_wconf 87' lang='lat' dir='ltr'>ba-</span> 
     </span>
    </p>
   </div>
   <div class='ocr_carea' id='block_1_4' title="bbox 425 5848 1748 5989">
    <p class='ocr_par' dir='ltr' id='par_1_4' title="bbox 425 5848 1748 5989">
     <span class='ocr_line' id='line_1_51' title="bbox 425 5848 1748 5918; baseline 0.004 -19"><span class='ocrx_word' id='word_1_539' title='bbox 425 5848 506 5912; x_wconf 82' lang='lat' dir='ltr'>betp</span> <span class='ocrx_word' id='word_1_540' title='bbox 530 5875 557 5885; x_wconf 96' lang='lat'><em>-</em></span> <span class='ocrx_word' id='word_1_541' title='bbox 583 5850 623 5901; x_wconf 80' lang='lat' dir='ltr'>tt.</span> <span class='ocrx_word' id='word_1_542' title='bbox 641 5865 692 5901; x_wconf 80' lang='lat' dir='ltr'>soa</span> <span class='ocrx_word' id='word_1_543' title='bbox 708 5864 846 5914; x_wconf 69' lang='lat' dir='ltr'>umqum</span> <span class='ocrx_word' id='word_1_544' title='bbox 862 5863 996 5918; x_wconf 84' lang='lat' dir='ltr'>supersor.</span> <span class='ocrx_word' id='word_1_545' title='bbox 1015 5863 1071 5902; x_wconf 86' lang='lat' dir='ltr'>see.</span> <span class='ocrx_word' id='word_1_546' title='bbox 1092 5862 1127 5900; x_wconf 89' lang='lat' dir='ltr'>m.</span> <span class='ocrx_word' id='word_1_547' title='bbox 1146 5851 1172 5901; x_wconf 85' lang='lat' dir='ltr'>tn</span> <span class='ocrx_word' id='word_1_548' title='bbox 1188 5862 1206 5913; x_wconf 78' lang='lat' dir='ltr'>p</span> <span class='ocrx_word' id='word_1_549' title='bbox 1225 5878 1252 5890; x_wconf 96' lang='lat'><em>-</em></span> <span class='ocrx_word' id='word_1_550' title='bbox 1274 5850 1315 5904; x_wconf 79' lang='grc'><strong>36.</strong></span> <span class='ocrx_word' id='word_1_551' title='bbox 1333 5852 1391 5903; x_wconf 81' lang='lat' dir='ltr'>turs</span> <span class='ocrx_word' id='word_1_552' title='bbox 1405 5851 1529 5904; x_wconf 65' lang='lat' dir='ltr'>aaron</span> <span class='ocrx_word' id='word_1_553' title='bbox 1554 5877 1587 5890; x_wconf 94' lang='lat'><em>-</em></span> <span class='ocrx_word' id='word_1_554' title='bbox 1611 5850 1652 5904; x_wconf 82' lang='grc'><strong>36.</strong></span> <span class='ocrx_word' id='word_1_555' title='bbox 1669 5851 1748 5904; x_wconf 68' lang='lat' dir='ltr'>walt</span> 
     </span>
     <span class='ocr_line' id='line_1_52' title="bbox 426 5925 871 5989; baseline 0.004 -14"><span class='ocrx_word' id='word_1_556' title='bbox 426 5934 467 5975; x_wconf 87' lang='lat' dir='ltr'>oo</span> <span class='ocrx_word' id='word_1_557' title='bbox 486 5950 512 5960; x_wconf 92' lang='lat'>-</span> <span class='ocrx_word' id='word_1_558' title='bbox 531 5925 658 5989; x_wconf 62' lang='lat' dir='ltr'>popum</span> <span class='ocrx_word' id='word_1_559' title='bbox 673 5928 755 5977; x_wconf 60' lang='lat' dir='ltr'>acet</span> <span class='ocrx_word' id='word_1_560' title='bbox 770 5926 808 5976; x_wconf 84' lang='lat' dir='ltr'>tto</span> <span class='ocrx_word' id='word_1_561' title='bbox 823 5935 871 5989; x_wconf 78' lang='lat' dir='ltr'>op.</span> 
     </span>
    </p>
   </div>
   <div class='ocr_carea' id='block_1_5' title="bbox 0 0 2207 7459">
    <p class='ocr_par' dir='ltr' id='par_1_5' title="bbox 0 0 2207 7459">
     <span class='ocr_line' id='line_1_53' title="bbox 0 0 2207 7459; baseline 0 0"><span class='ocrx_word' id='word_1_562' title='bbox 0 0 2207 7459; x_wconf 95' lang='lat' dir='ltr'> </span> 
     </span>
    </p>
   </div>
  </div>
 </body>
</html>
