4342 7459
440 1239 501 1305 l88
727 1242 781 1306 llll
802 1242 958 1306 FINlBUS
980 1241 1178 1307 BONORUM
1198 1244 1251 1307 ET
1273 1242 1473 1307 unionum

439 1415 588 1479 divinius.
631 1411 759 1475 Etenim
781 1411 922 1475 omnium
945 1432 1065 1487 rerum,
1088 1433 1166 1496 quas
1189 1419 1221 1475 et
1241 1419 1327 1476 creat
1348 1420 1461 1476 natura
1484 1420 1515 1475 et
1536 1419 1655 1487 tuetur,
1679 1433 1762 1496 qnae

437 1515 492 1571 aut
521 1508 591 1570 sine
619 1507 724 1569 animo
755 1511 828 1569 sunt
857 1511 997 1567 autnon
1018 1506 1118 1568 multo
1140 1526 1247 1581 secus,
1280 1526 1387 1570 earum
1410 1527 1564 1570 summum
1587 1507 1707 1569 bouum
1728 1507 1762 1569 in

438 1620 571 1683 corpore
599 1606 663 1673 est,
688 1607 725 1661 ut
752 1618 818 1661 non
845 1599 957 1663 inscite
987 1599 1068 1661 illud
1091 1599 1208 1663 dictum
1232 1600 1377 1663 videatur
1399 1601 1432 1661 in
1454 1620 1524 1673 sue,
1554 1601 1693 1663 animum
1716 1602 1763 1663 illi

438 1693 551 1777 pecudi
574 1694 680 1757 datum
702 1712 760 1775 pro
783 1693 867 1767 sale,
896 1713 936 1755 ne
966 1694 1144 1776 putisceret
1189 1694 1272 1756 xiv.
1295 1694 1377 1755 Sunt
1398 1700 1501 1755 autem
1523 1693 1643 1756 bestiae
1666 1713 1763 1777 quae·

414 1785 524 1861 edam,
546 1788 579 1849 io
601 1787 716 1869 quibus
736 1787 820 1849 inest
840 1786 963 1869 aliquid
985 1787 1089 1849 simile
1111 1787 1253 1861 virtutis,
1274 1795 1310 1849 ut
1332 1788 1365 1850 in
1387 1786 1551 1860 leonibus,
1573 1793 1608 1848 ut
1629 1786 1660 1848 in
1678 1788 1763 1849 cani-

439 1879 511 1953 bus,
539 1888 575 1943 ut
602 1880 634 1942 in
665 1880 771 1962 equis,
802 1880 834 1942 in
857 1881 973 1963 quibus
994 1899 1060 1942 noo
1082 1900 1250 1964 corporum
1281 1879 1398 1953 solum,
1429 1888 1465 1942 ut
1491 1880 1525 1942 in
1552 1879 1679 1952 suibus,
1708 1879 1764 1942 sed

438 1975 532 2037 etiam
560 1973 737 2037 animorum
767 1974 874 2057 aliqua
896 1994 936 2035 ex
958 1980 1045 2057 parte
1067 1981 1172 2035 motus
1196 1973 1350 2055 quosdam
1374 1973 1526 2036 videmus.
1570 1973 1605 2034 ln
1636 1972 1764 2036 bomine

437 2073 543 2130 autem
564 2087 686 2132 summa
707 2069 809 2131 omnis
830 2068 928 2131 animi
949 2075 998 2130 est
1019 2068 1104 2130 etin
1127 2066 1232 2129 animo
1263 2067 1408 2140 rationis,
1438 2087 1478 2128 cx
1500 2086 1564 2149 qua
1586 2066 1684 2129 virtus
1706 2075 1764 2139 est,

438 2182 520 2245 quae
542 2160 673 2225 rationis
694 2161 850 2225 absolutio
874 2160 1039 2235 delinitur,
1067 2179 1163 2243 quam
1186 2161 1280 2222 etiam
1307 2166 1404 2243 atque
1427 2160 1521 2223 etiam
1544 2159 1763 2242 explicandam

401 2264 557 2340 inputant.

522 2344 573 2410 39.
602 2351 717 2413 Earum
747 2349 840 2412 ctiam
872 2369 992 2422 rerum,
1024 2366 1103 2431 quas
1134 2355 1217 2411 terra
1239 2347 1355 2430 gignit,
1384 2347 1532 2410 educatio
1555 2347 1708 2431 quaedam
1732 2358 1764 2412 et

437 2442 589 2527 perfectio
612 2453 660 2506 cst
680 2463 744 2507 non
767 2442 932 2506 dissimilis
953 2442 1169 2506 animantium.
1206 2443 1318 2525 ltaque
1340 2450 1372 2504 et
1393 2442 1497 2504 rivere
1520 2442 1618 2505 vitem
1635 2451 1668 2506 et
1681 2445 1761 2506 mori

437 2538 571 2601 dicimus
592 2538 801 2619 arboremque
824 2543 856 2599 et
877 2535 1034 2599 novellam
1057 2543 1090 2597 et
1110 2533 1246 2597 vetulam
1270 2542 1301 2598 et
1323 2535 1429 2617 vigere
1452 2541 1484 2596 et
1505 2554 1679 2598 senescere.
1715 2537 1764 2598 Ex

438 2651 503 2715 quo
524 2651 589 2694 non
612 2639 659 2694 est
680 2630 834 2703 alienum,
856 2638 892 2691 ut
913 2628 1142 2701 animantibus,
1163 2629 1208 2691 sic
1230 2628 1294 2691 illis
1317 2636 1349 2691 et
1369 2635 1444 2711 apta
1466 2627 1622 2710 quaedam
1645 2629 1684 2692 ad
1708 2649 1764 2693 na·

401 2733 541 2790 saturam
570 2732 681 2808 putare
709 2733 741 2786 et
766 2724 887 2798 aliena,
916 2742 1089 2804 eammque
1111 2721 1324 2804 augendamm
1348 2730 1380 2784 ct
1401 2722 1584 2785 alendamm
1607 2725 1763 2806 quandam

438 2820 600 2884 cultricem
622 2838 707 2892 esse,
730 2837 812 2901 quae
827 2818 870 2880 sit
883 2817 1017 2880 scientia
1030 2825 1191 2909 atquejars
1206 2816 1432 2898 agricolam,
1455 2835 1536 2897 quae
1551 2816 1764 2889 circumcidat,

437 2920 593 2995 amputat,
616 2912 731 2994 erigat,
754 2911 902 2985 extollat,
929 2909 1149 2984 adminiculet,
1171 2917 1222 2983 ut,
1246 2929 1310 2992 quo
1332 2917 1444 2971 natura
1466 2908 1560 2983 ierat,
1583 2931 1620 2975 eo
1643 2912 1765 2996 possint

438 3009 499 3081 ire,
530 3014 565 3069 ut
585 3006 675 3088 ipsae
696 3006 795 3079 vites,
825 3006 852 3068 si
873 3004 962 3087 loqui
984 3006 1123 3086 possint,
1153 3005 1196 3067 ita
1217 3023 1252 3065 se
1275 3001 1452 3065 tractandas
1475 3004 1672 3089 tuendasque
1693 3026 1764 3070 esse

439 3101 603 3165 fateantur.
645 3101 686 3162 lit
714 3119 799 3161 nunc
829 3099 974 3181 quidem,
1006 3098 1093 3181 qnod
1115 3118 1183 3161 eam
1206 3103 1327 3169 tuetur,
1355 3104 1390 3158 nt
1411 3097 1451 3159 de
1473 3098 1535 3161 vite
1563 3100 1763 3182 potissimum

400 3195 566 3277 soloquar,
595 3200 642 3256 est
670 3191 702 3254 id
732 3192 948 3266 extrinsecum
971 3193 1004 3255 in
1033 3192 1103 3275 ipsa
1132 3192 1217 3256 enim
1244 3210 1353 3274 parum
1384 3210 1497 3273 magna
1527 3192 1574 3254 vis
1602 3193 1700 3268 inest,
1729 3202 1765 3257 ut

438 3309 533 3372 quam
556 3288 673 3371 optime
696 3307 730 3349 se
751 3286 867 3348 babere
889 3287 1006 3368 possit,
1029 3286 1056 3347 si
1079 3284 1166 3348 nulla
1187 3285 1310 3347 cultura
1332 3283 1525 3347 adhibeatur.
1563 3282 1613 3348 io.
1630 3288 1672 3349 At
1689 3307 1763 3351 vero

437 3383 464 3445 si
486 3380 526 3445 ad
548 3382 645 3444 vitem
667 3400 780 3444 sensus
802 3380 988 3453 accesserit,
1017 3386 1053 3441 ut
1078 3379 1253 3462 appetitum
1276 3379 1434 3461 quendam
1462 3379 1576 3443 babeat
1597 3388 1629 3443 et
1649 3402 1708 3464 per
1729 3401 1764 3444 se

437 3476 505 3560 ipsa
526 3483 704 3549 moveatur,
735 3474 811 3557 quid
833 3474 987 3537 facturam
1017 3477 1130 3554 putas‘l
1159 3492 1200 3534 an
1223 3492 1276 3545 ea,
1300 3491 1383 3554 quae
1406 3492 1462 3556 per
1484 3474 1651 3538 vinitorem
1672 3482 1764 3538 antea

438 3570 709 3652 consequebatur,
731 3588 788 3651 per
809 3588 844 3630 se
866 3569 934 3651 ipsa
957 3565 1102 3629 curabit?
1135 3566 1197 3627 Sed
1220 3567 1352 3629 videsne
1373 3586 1571 3630 accessuram
1594 3570 1624 3632 ei
1646 3588 1763 3641 curam,

400 3671 474 3725 aaut
497 3682 610 3726 sensus
633 3682 763 3745 quoqne
792 3681 868 3724 suos
890 3679 1066 3741 eorumque
1089 3678 1213 3722 omnem
1236 3659 1412 3742 appetitum
1435 3668 1467 3723 et
1488 3662 1515 3724 si
1538 3681 1602 3744 qua
1623 3662 1688 3724 sint
1708 3661 1764 3725 ad·

437 3756 545 3819 iuncta
567 3756 595 3819 ci
617 3755 758 3818 membra
780 3755 927 3817 locaturi
961 3753 1014 3814 Sic
1035 3753 1075 3815 ad
1099 3752 1169 3826 illa,
1192 3771 1274 3835 quae
1297 3772 1422 3836 semper
1442 3754 1570 3827 babuit,
1592 3753 1703 3839 iunget
1716 3775 1764 3830 ea,

438 3868 520 3933 quas
546 3857 656 3932 postea
686 3847 893 3920 accesserint,
921 3866 979 3909 nec
1010 3845 1144 3909 eundem
1167 3842 1260 3907 finem
1282 3846 1426 3922 babebit,
1455 3867 1550 3929 quem
1573 3846 1675 3911 cultor
1696 3849 1763 3912 aius

437 3941 587 4016 babebat,
609 3942 666 4005 sed
688 3941 774 4005 volet
794 3940 969 4005 secundum
991 3959 1061 4003 eam
1083 3948 1244 4012 naturam,
1269 3959 1351 4022 qnae
1372 3948 1484 4022 postea
1499 3942 1528 4004 ei
1543 3941 1690 4004 adiuncta
1705 3951 1763 4016 est,

437 4035 553 4100 vivere.
595 4037 642 4099 lta
669 4034 782 4099 similis
809 4033 870 4097 erit
896 4034 926 4096 ei
957 4030 1027 4096 finis
1056 4033 1131 4095 boni
1156 4039 1251 4114 atquc
1281 4041 1373 4095 antea
1400 4032 1516 4109 ficerat,
1550 4054 1656 4117 neque
1678 4035 1761 4103 idem

400 4136 557 4193 commen:
586 4151 651 4194 non
680 4131 763 4193 enim
785 4127 847 4190 iam
869 4128 976 4209 stirpis
997 4127 1115 4190 bonum
1140 4134 1283 4208 quaeret,
1313 4127 1369 4188 sed
1398 4128 1552 4190 animalis.
1597 4128 1705 4204 Quina
1736 4130 1762 4190 si

438 4242 503 4286 nou
525 4243 638 4287 sensus
656 4222 751 4286 modo
767 4223 796 4285 ei
812 4223 854 4284 sit
869 4222 978 4294 datus,
1001 4240 1108 4282 verum
1124 4220 1218 4282 etiam
1232 4220 1357 4282 animus
1375 4219 1528 4295 bominis,
1551 4242 1617 4283 non
1633 4243 1762 4286 neccsse

438 4323 487 4379 est
508 4323 541 4380 et
561 4316 617 4379 illa
639 4317 771 4400 pristina
793 4334 935 4389 manere,
965 4322 1001 4376 ut
1022 4312 1140 4375 tuenda
1161 4314 1239 4386 sint,
1262 4321 1294 4375 et
1314 4314 1393 4376 haec
1416 4315 1515 4377 multo
1539 4335 1609 4377 esse
1632 4318 1762 4391 cariora,

439 4430 522 4493 quae
551 4412 756 4483 accesserint,
785 4408 945 4492 animique
974 4408 1125 4489 optimam
1152 4427 1310 4490 quamque
1340 4414 1460 4488 partem
1489 4408 1700 4484 carissimam,
1730 4413 1761 4473 in

438 4524 540 4587 eaque
562 4504 746 4588 expletione
767 4511 898 4565 naturae
920 4502 1034 4564 summi
1055 4500 1131 4562 boni
1152 4498 1245 4563 linem
1267 4502 1455 4575 consistere,
1478 4522 1550 4565 cum
1572 4505 1663 4585 longe
1682 4506 1762 4568 mul-

504 4812 528 4861 Ε.
547 4817 604 4862 suat
625 4812 773 4863 Ernestius:
797 4811 846 4860 siet
868 4810 947 4862 codd.
966 4814 993 4861 et
1013 4812 1034 4862 0
1058 4837 1084 4847 -
1109 4825 1160 4861 aaa
1182 4812 1329 4862 Manutius:
1353 4824 1407 4861 om.
1427 4811 1505 4861 codd.
1526 4837 1552 4847 -
1574 4825 1661 4863 comm
1683 4815 1761 4865 codd.

440 4914 467 4923 -
491 4888 516 4937 3.
533 4901 584 4937 aas
604 4889 779 4937 iuxite--ae
797 4888 929 4949 putisceret
945 4888 1043 4937 Nonius
1061 4885 1200 4937 Marcellus
1217 4899 1277 4949 pag.
1297 4887 1353 4936 tet.
1374 4913 1401 4923 -
1426 4890 1538 4936 animam
1549 4914 1586 4924 --
1598 4889 1683 4938 meam
1701 4902 1763 4939 curn

438 4962 565 5014 lambino
579 4965 600 5014 0
613 4990 640 5001 -
659 4962 684 5013 l.
700 4963 832 5025 putisceret
848 4964 961 5014 Nonius:
976 4966 1115 5025 putescaet
1130 4962 1274 5024 Madvigius
1293 4962 1317 5011 in
1330 4961 1499 5011 adnotatione
1512 4961 1578 5023 (coli.
1598 4963 1674 5014 Tusc.
1689 4965 1762 5029 Disp.

437 5039 462 5097 l,
481 5037 496 5100 5
513 5037 569 5086 ⁴02.
589 5036 622 5087 de
644 5040 736 5088 notura
760 5037 872 5088 deorum
894 5040 928 5098 ll,
954 5038 969 5101 s
988 5038 1056 5099 t60);
1078 5042 1228 5099 putresceret
1249 5036 1326 5087 codd.
1348 5064 1374 5073 —
1398 5038 1423 5086 t.
1442 5037 1543 5099 aliquod
1564 5038 1612 5088 BE
1635 5065 1660 5074 —
1687 5045 1715 5088 ut
1737 5041 1764 5088 ia

437 5111 553 5172 caniba,
571 5117 599 5160 ut
615 5113 641 5160 ia
658 5114 727 5173 eorda
744 5112 786 5161 ed.
801 5114 901 5176 prima:
919 5117 947 5161 ut
962 5114 989 5160 in
1006 5111 1120 5172 canities,
1138 5112 1164 5161 ia
1182 5111 1250 5171 equis
1267 5112 1302 5168 B;
1320 5112 1347 5160 in
1364 5111 1479 5172 caniaco,
1497 5114 1524 5160 ic
1541 5114 1609 5173 equis
1619 5113 1648 5161 0.
1668 5113 1706 5163 Cl.
1720 5115 1761 5171 lli.

439 5187 454 5251 5
471 5188 512 5236 bl.
533 5211 559 5220 -
580 5186 620 5234 ta.
638 5185 720 5249 vitem]
738 5191 762 5235 et
777 5187 861 5250 cipere
877 5187 898 5235 D
914 5212 940 5221 -
960 5187 1000 5235 ⁴3.
1018 5186 1135 5251 vetulam]
1153 5186 1261 5236 catulam
1278 5187 1382 5235 amimae
1398 5188 1459 5236 Β-
1479 5186 1518 5237 tt.
1537 5187 1687 5236 animalibus
1703 5188 1761 5236 Β-

438 5263 479 5312 ts.
497 5260 636 5309 circumdat
652 5260 671 5308 Β
686 5286 712 5295 -
732 5262 772 5310 ll.
792 5261 952 5310 adminiculae
968 5261 1001 5309 B:
1021 5261 1213 5311 adminiculetur
1224 5261 1278 5310 blo
1293 5288 1319 5296 -
1336 5262 1428 5322 possint
1440 5261 1571 5310 Davisius:
1590 5263 1665 5323 possit
1682 5261 1761 5312 codd.

440 5364 467 5373 -
488 5337 527 5385 ta.
543 5336 639 5398 possiet
657 5336 801 5385 Manutius:
822 5341 920 5397 putreat
936 5334 1014 5384 codd.
1035 5336 1123 5396 letiam
1141 5336 1170 5396 E)
1190 5362 1216 5371 -
1240 5335 1279 5384 i9.
1299 5336 1328 5384 de
1344 5335 1400 5400 vite]
1419 5335 1495 5385 debite
1511 5336 1559 5385 BE
1578 5337 1616 5394 ide
1631 5336 1692 5396 nite,
1710 5350 1763 5386 uon

437 5412 497 5472 uiti,
516 5423 569 5472 mg.
588 5409 617 5470 Ε)
637 5437 665 5447 -
683 5410 724 5458 20.
743 5412 769 5458 id
785 5422 838 5459 om.
857 5411 876 5459 B
896 5437 922 5445 -
946 5409 1047 5473 parvam]
1064 5412 1159 5471 partim
1177 5411 1224 5460 ΒΕ
1244 5436 1270 5444 -
1297 5411 1358 5459 inest
1375 5410 1410 5458 B:
1428 5415 1463 5459 ert
1480 5411 1500 5459 0
1520 5436 1545 5444 -
1565 5410 1606 5459 23.
1625 5410 1680 5471 ipra
1697 5411 1763 5460 Cra—

438 5485 544 5536 tander:
562 5486 644 5547 ipsam
660 5484 739 5534 codd.
752 5486 810 5534 otO
825 5510 851 5520 -
870 5486 936 5546 quad
950 5486 1011 5546 fact.
1024 5486 1073 5535 ΒΕ
1090 5513 1115 5521 -
1136 5485 1220 5548 autea]
1232 5485 1320 5533 autel}
1335 5510 1362 5521 -
1382 5484 1422 5534 bl.
1436 5487 1491 5546 ipsa
1505 5483 1663 5534 Cratander:
1681 5485 1764 5546 ipsam

438 5560 517 5611 codd.
536 5562 624 5622 (edem
641 5560 668 5620 Ei
687 5560 750 5610 et0
770 5583 796 5595 —
816 5560 857 5609 Εὖ.
874 5564 903 5608 ut
917 5560 1008 5625 sonus]
1025 5565 1049 5609 et
1064 5573 1149 5610 annue
1165 5561 1213 5610 ΒΕ
1232 5585 1260 5595 -
1278 5572 1374 5609 amnem
1391 5561 1483 5609 Beli:
1502 5561 1613 5608 omnium
1629 5561 1649 5609 0
1668 5585 1694 5594 —
1714 5561 1763 5609 ad-

438 5638 524 5686 iuncta
539 5637 562 5685 ei
576 5634 688 5685 mandra
704 5635 737 5684 B:
756 5635 779 5684 ei
793 5633 905 5683 menbra
921 5636 1072 5684 adiaaetaO
1087 5661 1114 5670 -
1133 5636 1174 5685 28.
1188 5635 1251 5698 eam]
1269 5636 1321 5684 eius
1335 5635 1353 5683 Β
1368 5659 1396 5670 -
1416 5641 1450 5683 est
1461 5633 1620 5696 Madvigius:
1639 5636 1671 5683 sit
1682 5636 1759 5685 codd.

439 5714 466 5761 et
482 5712 502 5760 O
519 5736 547 5746 -
565 5710 607 5761 ΕΒ.
625 5711 648 5761 ei
665 5710 837 5760 Goerenzius:
857 5714 879 5757 et
891 5710 968 5759 codd.
984 5736 1011 5746 -
1031 5710 1071 5759 30.
1091 5711 1156 5771 Ouid
1171 5711 1193 5758 st
1209 5712 1242 5760 B:
1262 5711 1332 5771 Quod
1348 5711 1369 5759 si
1385 5712 1405 5760 0
1421 5738 1447 5747 -
1466 5710 1507 5760 34.
1525 5711 1598 5758 modo
1614 5723 1696 5759 ιοιιιιιι
1711 5725 1762 5759 non

439 5786 484 5835 ΒΕ
502 5813 529 5823 -
547 5787 620 5835 datia
634 5786 666 5835 sit
681 5786 741 5835 Β-
760 5786 836 5835 diam
852 5785 958 5847 artimus]
976 5785 1075 5835 animus
1091 5790 1126 5835 est
1142 5786 1217 5834 etiam
1233 5786 1332 5833 acinus
1343 5786 1377 5843 Β;
1396 5786 1472 5834 etiam
1489 5785 1596 5844 animur,
1619 5789 1641 5832 et
1661 5786 1761 5834 anirms

439 5872 501 5910 cum
518 5862 633 5912 victorio
650 5862 712 5911 0-
731 5859 857 5911 boman?
871 5872 921 5908 aaa
938 5861 972 5909 ld.
991 5859 1029 5910 el.
1043 5860 1119 5909 verr.
1133 5860 1163 5919 V,
1182 5859 1197 5922 g
1214 5858 1255 5909 8l.
1271 5886 1296 5895 —
1316 5860 1356 5910 32.
1375 5861 1411 5922 ut]
1428 5861 1463 5908 ad
1480 5860 1498 5908 Β
1519 5885 1545 5894 -
1565 5858 1656 5908 tuenda
1673 5860 1722 5909 sint
1737 5865 1761 5909 et

439 5935 499 5987 baec
515 5934 640 5987 oremus:
658 5936 764 5987 tuendas
779 5936 844 5985 inter
858 5933 919 5984 iaec
935 5934 954 5983 Β
972 5936 1000 5983 et
1016 5934 1035 5983 P
1051 5932 1185 5997 bladvigii;
1204 5934 1295 5985 tuenda
1311 5936 1376 5985 inter
1390 5935 1451 5984 baec
1467 5934 1549 5984 ceteri
1566 5932 1645 5984 codd.
