4342 7459
807 1264 876 1326 ns.
898 1263 923 1326 1.
951 1260 1024 1327 cn.
1046 1262 1099 1327 rr.
1125 1258 1172 1344 §s
1195 1255 1342 1323 rt-te.
1693 1250 1730 1318 er

508 1434 623 1510 Quae
645 1454 730 1496 cum
752 1432 879 1507 dicta,
901 1434 941 1496 in
965 1437 1188 1514 conspectu
1209 1429 1470 1494 consedimus
1494 1447 1639 1490 omnes.

407 1526 459 1592 ⁴5.
481 1531 564 1592 'l'um
588 1530 686 1591 Varro
707 1529 751 1592 ita
774 1547 906 1591 exorsus
929 1534 996 1589 est:
1020 1526 1164 1588 Socrates
1187 1524 1263 1587 mihi
1286 1524 1429 1598 videtur,
1451 1522 1482 1584 id
1506 1522 1593 1605 quod
1617 1528 1739 1585 constat

406 1626 492 1687 inter
522 1642 650 1696 omnes,
679 1622 798 1704 primus
829 1641 848 1684 a
875 1622 968 1683 rebus
991 1619 1124 1683 occultis
1146 1627 1178 1682 et
1207 1620 1246 1682 ab
1275 1619 1343 1703 ipsa
1370 1625 1481 1680 natura
1507 1617 1676 1691 involutis,
1705 1616 1738 1678 in

409 1718 527 1803 quibus
554 1736 665 1779 omnes
692 1724 765 1779 ante
796 1735 868 1777 eum
891 1713 1072 1798 philosophi
1096 1712 1240 1795 occupati
1261 1711 1404 1787 fuerunt,
1431 1713 1612 1774 avocavisse
1635 1710 1740 1794 pbilo-

409 1812 558 1896 sophiam
589 1817 622 1872 et
649 1809 689 1872 ad
719 1810 817 1872 vitam
846 1827 1046 1871 communem
1076 1806 1265 1881 adduxisse,
1294 1813 1330 1868 ut
1352 1806 1391 1869 de
1413 1805 1579 1869 virtutibus
1601 1813 1634 1869 et
1654 1805 1762 1868 vitiiso

410 1907 608 1988 omninoque
632 1902 672 1965 de
694 1903 787 1965 bonis
809 1902 903 1965 rebus
923 1910 955 1964 et
970 1901 1061 1963 malis
1077 1908 1258 1983 quaereret,
1281 1900 1429 1963 caelestia
1444 1908 1548 1963 autem
1564 1900 1614 1963 vel
1629 1899 1739 1983 procul

411 2019 482 2063 esse
504 2018 525 2061 a
545 2004 653 2060 nostra
675 1998 854 2080 cognitione
877 2003 1039 2068 censeret,
1062 1995 1129 2069 vel,
1158 1995 1185 2057 s'i
1214 1994 1349 2057 maxime
1375 1994 1500 2078 cognita
1521 2002 1637 2069 essent,
1659 1993 1740 2056 nihil

410 2101 519 2156 tamen
545 2092 643 2154 valere
669 2089 709 2153 ad
738 2090 820 2152 bene
843 2090 1024 2152 vivendum.
1069 2083 1119 2149 ld.
1140 2088 1201 2151 Hic
1222 2089 1254 2150 in
1276 2088 1422 2151 omnibus
1443 2088 1510 2152 fere
1532 2089 1739 2163 sermonibus,

411 2187 468 2270 qui
491 2186 611 2260 abiis,
644 2185 699 2267 qni
730 2183 818 2247 illum
841 2183 1026 2257 audierunt,
1054 2182 1220 2266 perscripti
1243 2182 1329 2245 varie
1360 2182 1553 2265 copioseque
1581 2189 1668 2257 sunt,
1696 2183 1741 2245 ita

411 2281 572 2364 disputat,
599 2287 636 2341 ut
656 2277 736 2341 nihil
757 2274 903 2340 adfirmet
924 2279 1008 2360 ipse,
1037 2275 1161 2338 refellat
1182 2275 1278 2338 alios:
1307 2276 1386 2338 nihil
1414 2295 1448 2338 se
1470 2277 1550 2339 scire
1574 2276 1658 2340 dicat
1678 2279 1740 2341 nisi
1749 2288 1777 2336 to

410 2375 443 2437 id
466 2375 590 2457 ipsam,
620 2391 725 2455 eoque
751 2380 911 2455 praestare
934 2372 1061 2445 ceteris,
1084 2368 1170 2453 quod
1192 2369 1239 2431 illi
1255 2388 1337 2451 quae
1358 2370 1502 2432 nesciant
1522 2370 1602 2433 scire
1625 2390 1659 2434 se
1682 2392 1740 2454 pu·

410 2476 492 2542 tent,
522 2468 611 2551 ipse,
640 2486 675 2529 se
698 2464 777 2527 nihil
800 2466 895 2539 scire,
925 2463 957 2527 id
986 2485 1086 2526 unum
1108 2464 1204 2526 sciat:
1233 2463 1272 2525 ob
1295 2482 1430 2545 eamque
1451 2484 1517 2527 rem
1540 2484 1574 2528 se
1596 2465 1740 2529 arbitrari

411 2563 451 2625 ab
473 2562 622 2646 Apolline
649 2560 790 2623 omnium
819 2559 1083 2641 sapientissimum
1107 2577 1176 2620 esse
1199 2557 1331 2631 dictum,
1360 2558 1448 2640 quod
1470 2558 1548 2621 haec
1571 2568 1655 2623 esset
1676 2581 1740 2624 una

411 2655 515 2718 amnis
537 2655 709 2739 sapientia,
731 2672 795 2715 non
817 2653 962 2715 arbitrari
986 2671 1020 2714 se
1042 2652 1122 2714 scire
1145 2652 1232 2734 quod
1253 2651 1383 2714 nesciat.
1422 2650 1512 2726 Quae
1534 2673 1604 2717 cum
1621 2655 1742 2718 diceret

412 2757 596 2812 constanter
624 2757 656 2811 et
682 2748 716 2810 in
746 2766 784 2810 ea
806 2746 963 2809 sententia
984 2752 1197 2830 permaneret,
1226 2747 1329 2807 omnis
1352 2745 1420 2807 eius
1442 2747 1542 2809 oratio
1564 2755 1685 2812 tantum
1708 2752 1778 2812 ina

413 2843 530 2907 virtute
557 2841 714 2904 laudanda
742 2847 774 2903 et
803 2841 836 2902 in
858 2839 1040 2902 hominibus
1062 2838 1102 2901 ad
1132 2840 1257 2902 virtutis
1284 2839 1420 2903 studium
1443 2840 1645 2905 cohortandis
1667 2863 1742 2906 con·

413 2936 611 3009 sumebatur,
632 2943 668 2999 ut
690 2955 731 2998 ex
750 2934 982 2997 Socraticorum
996 2932 1084 2995 libris
1101 2932 1301 3015 maximeque
1317 2932 1455 2996 Platonis
1470 2933 1610 3017 intellegi
1626 2944 1740 3019 potest.

414 3025 465 3092 ⁴7.
487 3029 627 3092 Platonis
648 3037 753 3092 autem
776 3028 977 3101 auctoritate,
1000 3026 1055 3109 qui
1078 3025 1183 3088 varius
1205 3033 1237 3087 et
1258 3025 1423 3110 multiplex
1446 3035 1479 3090 et
1499 3030 1648 3112 copiosus
1668 3030 1741 3105 luit,

414 3143 478 3188 una
505 3131 539 3187 et
566 3123 769 3186 consentiens
798 3122 921 3185 duobus
949 3119 1115 3183 vocabulis
1141 3119 1361 3202 philosophiae
1390 3120 1493 3184 forma
1515 3122 1658 3187 instituta
1680 3131 1741 3199 est,

414 3217 675 3281 Academicorum
708 3224 740 3279 et
772 3215 1068 3298 Peripateticorum:
1105 3213 1160 3295 qui
1195 3213 1289 3276 rebus
1322 3223 1531 3297 congruentes
1559 3219 1779 3282 nominibusat

415 3312 613 3375 differebant.
648 3313 727 3373 Nam
757 3330 827 3373 cum
857 3310 1087 3393 Speusippum,
1119 3308 1237 3369 sororis
1266 3307 1382 3381 lilium,
1411 3308 1499 3371 Plato
1522 3310 1741 3394 philosophiae

416 3406 505 3489 qnasi
526 3404 677 3468 heredem
699 3405 895 3488 reliquisset,
918 3403 983 3465 duo
1006 3411 1110 3465 autem
1132 3401 1419 3483 praestantissimos
1442 3403 1548 3466 studio
1570 3413 1665 3488 atque
1684 3406 1741 3469 do·

415 3500 531 3573 ctrina,
562 3499 773 3561 Xenocratem
797 3496 1043 3560 Chalcedonium
1073 3502 1105 3557 et
1125 3496 1327 3558 Aristotelem
1349 3496 1545 3577 Stagiritem:
1574 3500 1743 3582 quierant

416 3612 485 3656 aum
507 3591 693 3667 Aristotele,
716 3591 915 3674 Peripatetici
938 3589 1014 3652 dicti
1037 3596 1127 3662 sunt,
1150 3589 1226 3671 quia
1241 3589 1444 3674 disputabant
1465 3592 1694 3657 inambulantes
1708 3598 1741 3657 in

416 3686 530 3770 Lycio,
552 3687 599 3748 illi
621 3694 742 3759 autem,
765 3687 821 3768 qui
844 3684 983 3747 Platonis
1006 3683 1151 3745 instituto
1174 3684 1206 3746 in
1222 3683 1407 3758 Academia,
1430 3684 1515 3767 quod
1539 3694 1587 3749 est
1608 3687 1780 3751 alterumso

416 3781 630 3863 gymnasium,
651 3788 758 3843 coetus
781 3786 871 3841 erant
892 3787 923 3841 et
945 3796 1107 3840 sermones
1129 3777 1245 3840 habere
1267 3777 1368 3851 soliti,
1393 3797 1410 3840 e
1432 3777 1493 3840 loci
1508 3779 1662 3842 vocabulo
1684 3800 1742 3843 no-

417 3892 487 3936 men
508 3872 698 3936 habuerunt.
734 3873 796 3936 Sed
818 3872 947 3955 utrique
971 3871 1109 3934 Platonis
1131 3871 1273 3935 ubertate
1288 3872 1434 3955 completi
1450 3880 1566 3936 certam
1582 3876 1741 3957 quandam

418 3966 604 4050 disciplinae
626 3966 793 4030 formulam
815 3972 1062 4047 composuerunt
1083 3973 1115 4028 et
1136 3985 1204 4028 eam
1226 3964 1355 4048 quidem
1378 3966 1503 4049 plenam
1525 3988 1562 4031 ac
1583 3968 1741 4045 refertam,

417 4061 501 4124 illem
524 4069 631 4124 autem
654 4062 844 4123 Socraticam
868 4058 1061 4121 dubitantem
1084 4059 1124 4122 de
1146 4059 1292 4122 omnibus
1314 4059 1408 4122 rebus
1431 4069 1463 4123 et
1491 4062 1577 4125 nulla
1598 4060 1743 4126 adfirma-

417 4156 503 4218 tione
526 4155 669 4218 adhihita
690 4152 954 4217 consuetudinem
977 4151 1151 4216 disserendi
1173 4153 1380 4236 reliquerunt.
1413 4154 1555 4219 ltafacta
1571 4165 1632 4231 est,
1655 4158 1779 4241 quodao

418 4248 545 4310 minime
574 4250 718 4311 Socrates
744 4248 913 4331 probabat,
941 4267 991 4309 ars
1014 4248 1169 4328 quaedam
1191 4247 1410 4330 philosophiae
1433 4256 1464 4310 et
1485 4270 1589 4312 rerum
1612 4254 1689 4314 ordo
1711 4260 1743 4315 et

418 4340 589 4425 descriptio
619 4342 814 4423 disciplinae.
860 4336 910 4401 l8.
934 4341 1022 4415 Quae
1052 4341 1181 4422 quidem
1211 4349 1278 4403 erat
1306 4343 1409 4424 primo
1433 4343 1575 4419 duobus,
1604 4354 1639 4408 ut
1660 4345 1742 4421 dixi,

417 4436 601 4498 nominibus
631 4456 712 4509 una;
741 4434 821 4498 nihil
847 4436 930 4496 enim
954 4435 1035 4496 iuter
1057 4435 1282 4515 Peripateticos
1304 4444 1335 4498 et
1357 4437 1443 4500 illam
1465 4447 1603 4501 veterem
1625 4440 1744 4503 Acade·

418 4532 510 4593 miam
533 4530 709 4592 differebat.
746 4528 946 4591 Abundantia
962 4529 1098 4611 quadam
1120 4528 1240 4610 ingenii
1257 4531 1452 4613 praestabat,
1474 4540 1509 4594 ut
1523 4533 1599 4596 mihi
1615 4534 1743 4617 quidem

483 4763 506 4812 l.
526 4762 594 4810 dicta
611 4758 767 4810 Guilelmus:
792 4765 868 4810 emeat
885 4762 952 4809 dicta
969 4762 1004 4821 G,
1025 4761 1073 4809 siat
1090 4762 1157 4810 dmm
1172 4762 1277 4813 APVr
1296 4790 1322 4798 -
1350 4762 1373 4813 l.
1393 4764 1504 4814 omnibus
1521 4767 1622 4816 APVr
1642 4794 1669 4804 -
1687 4773 1745 4817 ante

417 4850 473 4887 m
490 4851 545 4887 om.
564 4837 586 4884 V
606 4864 631 4872 -
650 4837 752 4899 (uuam
770 4834 861 4885 maluit
878 4837 980 4885 Ernestl
1000 4861 1026 4871 -
1046 4836 1237 4886 advocavisseG
1251 4864 1284 4874 —
1302 4838 1324 4886 6.
1344 4843 1427 4888 autem
1443 4845 1466 4889 et
1478 4840 1601 4901 pracalV
1615 4866 1640 4877 -
1661 4841 1685 4892 7.
1698 4857 1745 4892 aa·

417 4913 480 4974 stra]
497 4917 591 4960 natm
608 4924 621 4959 r
640 4938 666 4948 -
686 4917 765 4961 censet
780 4920 808 4975 ψ
826 4939 851 4948 -
871 4913 895 4961 8.
913 4912 997 4961 valae
1013 4924 1062 4961 nos
1080 4910 1244 4970 addidimos;
1264 4925 1318 4961 om.
1333 4912 1396 4971 C0;
1415 4914 1449 4962 ad
1465 4912 1524 4964 beae
1539 4916 1669 4966 vivendum
1685 4931 1746 4967 coa·

417 4989 484 5050 serre
501 5001 528 5046 r;
548 4986 621 5036 Illotz
637 4989 721 5049 sacae
738 4988 835 5038 deesse
853 4990 927 5051 putat
945 5013 972 5023 -
992 4986 1015 5034 9.
1035 4985 1066 5034 ab
1084 4987 1114 5034 iis
1130 4999 1156 5035 r:
1176 4986 1208 5035 ab
1224 4987 1261 5036 his
1278 4987 1297 5036 C
1313 5013 1340 5023 -
1356 4988 1506 5050 praescripti
1522 4992 1584 5039 G-
1602 4994 1747 5056 copioseque

418 5066 482 5113 GA:
504 5065 602 5124 copiose
622 5063 708 5119 PVr;
732 5069 754 5113 et
775 5064 870 5123 copiose
891 5062 939 5113 UO
957 5066 983 5111 et
1001 5062 1072 5122 Bas,
1094 5066 1123 5112 ut
1140 5064 1181 5111 est
1197 5062 1231 5112 de
1250 5063 1319 5111 Orat.
1339 5062 1363 5121 l,
1383 5061 1397 5124 ἓ
1415 5061 1463 5112 tlt
1479 5065 1549 5114 carte
1564 5072 1588 5116 et
1603 5069 1699 5130 copiose
1717 5096 1743 5105 -

419 5139 457 5186 to.
477 5137 605 5198 meat
622 5137 644 5184 V
663 5165 689 5173 -
719 5139 759 5187 tt.
775 5144 865 5199 patant
883 5139 903 5187 G
922 5162 949 5172 -
980 5139 1018 5186 ta.
1038 5151 1063 5187 se
1083 5151 1137 5187 rem
1154 5140 1174 5186 G
1194 5163 1219 5172 -
1246 5137 1285 5185 43.
1303 5136 1430 5185 hominum
1447 5139 1515 5188 coni.
1534 5140 1630 5193 Davies
1650 5170 1676 5180 -
1694 5157 1747 5193 aaa

417 5212 524 5261 mis
539 5224 560 5260 s.
580 5213 647 5261 coni.
668 5212 759 5262 Lamb.
775 5240 800 5250 -
822 5213 862 5263 tt.
880 5226 906 5263 se
922 5215 955 5261 G:
975 5214 1181 5272 seseAPVOr,
1200 5224 1280 5275 quam
1299 5210 1410 5260 lormam
1428 5225 1507 5275 supra
1525 5213 1614 5265 malis:
1632 5217 1683 5280 ipse
1698 5231 1749 5269 ease

417 5289 481 5337 scire
498 5290 551 5337 cet.
572 5314 600 5323 -
620 5288 740 5337 nesciebat
757 5288 778 5334 V
798 5314 824 5323 —
849 5289 889 5336 tt.
907 5288 966 5351 eius]
984 5288 1050 5337 caim
1068 5290 1088 5335 G
1107 5314 1133 5323 -
1154 5293 1251 5335 tantam
1268 5287 1377 5334 Davles:
1400 5291 1453 5334 tam
1470 5287 1536 5347 GV;
1559 5295 1612 5338 tam
1628 5294 1745 5352 AP0r3

419 5370 503 5413 tunsa
517 5364 645 5412 Gruterus
663 5366 729 5423 (cam
746 5363 772 5410 ia
788 5377 812 5410 a.
826 5363 893 5411 laad,
912 5367 965 5411 tam
981 5364 1008 5412 in
1024 5364 1089 5412 ham.
1104 5362 1205 5423 Lamb.)
1217 5389 1249 5399 -
1268 5362 1306 5410 l6.
1320 5360 1458 5410 hominibus
1468 5364 1501 5410 G:
1519 5362 1657 5415 haminibus
1667 5368 1748 5416 ornai-

418 5439 463 5488 ess
479 5441 565 5496 APr,
588 5437 699 5486 omnibus
721 5435 761 5485 bis
779 5437 800 5484 V
819 5463 845 5472 -
871 5439 910 5486 ll.
929 5453 962 5488 ec
983 5451 1044 5487 nas:
1069 5443 1091 5487 ct
1109 5441 1140 5496 G,
1167 5443 1202 5485 est
1219 5449 1244 5495 r,
1265 5436 1404 5486 eAPVO
1425 5463 1451 5473 -
1471 5437 1510 5485 tt.
1528 5441 1662 5489 constituta
1679 5443 1699 5490 G
1719 5469 1746 5477 -

418 5516 460 5564 ἢ.
479 5517 529 5563 duo
547 5517 581 5563 G:
601 5515 662 5562 daos
678 5518 697 5561 A
709 5515 727 5562 P
739 5512 812 5561 VOr
832 5540 857 5548 -
878 5514 1105 5575 praestantissimos
1122 5513 1154 5561 E:
1174 5511 1387 5572 praestantissimo
1405 5510 1477 5560 COr
1496 5537 1522 5547 -
1548 5514 1588 5563 23.
1607 5515 1748 5565 calcedoai·

418 5590 510 5639 ΜΡ
531 5614 557 5622 -
576 5589 617 5636 25.
637 5587 814 5647 aplatoaisG
842 5614 867 5623 -
896 5590 936 5638 26.
955 5589 1077 5637 haberis
1100 5614 1127 5622 -
1155 5601 1187 5636 aa
1204 5588 1312 5646 Manat,
1330 5592 1366 5635 est
1382 5600 1396 5636 r
1413 5612 1440 5621 -
1468 5588 1508 5636 st.
1526 5589 1654 5650 complecti
1670 5585 1699 5638 G¹
1719 5617 1746 5627 -

419 5662 459 5711 29.
478 5662 631 5710 debitam
657 5665 690 5710 G:
718 5662 895 5713 dubitationem
921 5665 1067 5722 AGVOr,
1095 5662 1143 5712 sed
1165 5665 1183 5713 P
1206 5663 1297 5711 tionem
1320 5662 1346 5711 in
1364 5675 1455 5711 rasura
1473 5664 1600 5726 scripturn
1619 5663 1700 5714 habet
1719 5692 1747 5701 -

420 5736 460 5785 30.
478 5737 576 5785 adibito
591 5738 791 5786 consuetudinarii
809 5742 827 5788 P
844 5739 925 5788 habet
942 5753 974 5789 ex
992 5752 1061 5788 corr.
1080 5764 1107 5773 —
1131 5745 1165 5788 ert
1183 5739 1249 5799 quad
1266 5740 1299 5786 G:
1325 5742 1360 5786 est
1377 5738 1509 5786 disserendi
1526 5738 1591 5798 qaod
1608 5738 1747 5799 APVOr‚

421 5811 469 5861 sed
487 5813 508 5861 0
526 5811 694 5875 [dusmeadih
715 5814 740 5861 in
759 5815 777 5861 P
796 5817 836 5862 est
847 5816 979 5863 descendi
991 5828 1022 5863 er
1036 5827 1105 5863 corr.
1122 5841 1148 5849 -
1167 5812 1207 5862 3l.
1226 5813 1286 5861 miti
1304 5825 1357 5862 om.
1370 5826 1385 5860 r
1396 5838 1423 5848 -
1444 5812 1541 5873 gaietem
1556 5813 1655 5862 videtur
1671 5814 1749 5863 Lom-

421 5883 515 5935 binas:
527 5886 627 5934 videtur
638 5887 737 5948 quidem
749 5889 768 5936 C
779 5900 804 5946 r;
824 5890 921 5950 quidem
933 5891 953 5938 0
966 5892 1027 5952 post
1036 5889 1175 5939 Aristoteles
1186 5887 1277 5938 habet.
1297 5887 1336 5938 ct.
1347 5885 1531 5949 Wesenbergii
1543 5888 1638 5937 eamd.
1652 5888 1747 5939 bacol.

422 5959 446 6020 l,
464 5973 491 6024 p.
510 5960 543 6011 ἥ
560 5973 601 6024 sq.
621 5965 689 6012 etv.
709 5961 928 6028 tetranepos,
947 5966 988 6015 tl.
