4342 7459
687 1262 755 1325 ιη.
775 1261 831 1324 m.
861 1259 936 1324 co.
956 1259 1215 1325 xvu-xvur.
1243 1255 1289 1343 §s
1311 1255 1456 1321 ise-eo.
1672 1245 1734 1317 ui

412 1432 472 1495 bus
493 1450 553 1513 ego
575 1429 780 1494 vehementer
799 1429 963 1494 assentior.
1009 1429 1073 1506 Qui
1095 1436 1201 1492 autem
1226 1435 1298 1512 pest
1319 1447 1375 1491 eos
1397 1426 1541 1501 luerunt,
1567 1444 1637 1490 cum
1660 1424 1734 1489 Cor·

413 1524 546 1589 neodem
568 1525 725 1588 sustinere
747 1545 811 1589 non
831 1530 975 1608 possent,
997 1524 1099 1598 banc,
1117 1543 1210 1607 quam
1232 1522 1316 1597 dixi,
1342 1523 1458 1585 bonam
1479 1520 1611 1595 famam,
1632 1520 1733 1603 ipsam

411 1626 542 1702 propter
569 1639 604 1682 se
632 1621 843 1703 praepositam
872 1626 904 1683 et
933 1617 1117 1682 sumendam
1145 1637 1214 1680 esse
1242 1617 1406 1679 dixerunt:
1436 1635 1506 1679 esse
1526 1616 1664 1679 hominis
1685 1615 1734 1678 in·

411 1713 507 1795 genui
534 1721 566 1776 et
592 1713 764 1777 liberaliter
791 1713 916 1777 educati
944 1713 1026 1776 velle
1054 1711 1135 1774 bene
1157 1711 1267 1775 audire
1289 1712 1529 1793 aparentibus,
1557 1729 1577 1774 a
1604 1709 1734 1792 propin·

411 1807 499 1888 quis,
521 1827 539 1869 a
559 1807 652 1872 bonis
675 1809 769 1872 etiam
792 1809 886 1882 viris,
908 1806 1006 1890 idque
1028 1814 1159 1889 propter
1178 1826 1245 1869 rem
1267 1805 1384 1887 ipsam,
1406 1825 1471 1869 non
1489 1811 1757 1888 propterusum,b

410 1897 601 1983 dicuntque,
627 1908 663 1965 ut
691 1902 800 1966 liberis
829 1901 1008 1965 consultum
1029 1900 1181 1974 velimus,
1210 1899 1305 1963 etiam
1331 1900 1359 1962 si
1381 1899 1520 1983 postumi
1540 1896 1637 1961 futuri
1659 1897 1733 1971 sint,

410 2001 539 2077 propter
567 1996 671 2077 ipsos,
696 1998 742 2059 sic
770 1995 894 2058 futurae
916 2002 990 2077 post
1011 2001 1143 2057 mortem
1164 1993 1265 2055 lamae
1289 2000 1396 2055 tamen
1417 2012 1487 2056 esse
1507 1998 1636 2076 prepter
1656 2009 1734 2064 rem,

410 2088 506 2151 etiam
527 2087 668 2152 detracto
689 2109 766 2164 usu,
789 2088 1026 2153 consulendum.
1070 2085 1121 2149 58.
1144 2087 1207 2150 Sed
1230 2107 1316 2161 cum,
1339 2087 1425 2169 quod
1439 2086 1607 2150 honestum
1628 2086 1679 2160 sit,
1700 2082 1734 2146 id

410 2181 513 2244 solum
535 2182 654 2246 bonum
677 2203 748 2247 esse
770 2183 925 2257 dicamus,
948 2188 1194 2246 cousentaneum
1213 2188 1317 2244 tamen
1337 2188 1387 2245 est
1406 2180 1496 2264 fungi
1518 2180 1640 2255 officio,
1662 2199 1734 2242 cum

409 2273 443 2336 id
464 2272 602 2338 officium
622 2297 683 2339 nec
704 2277 737 2340 in
759 2277 852 2340 benis
873 2296 1028 2360 ponamus
1050 2295 1109 2338 nec
1130 2275 1164 2337 in
1185 2275 1284 2338 malis.
1320 2276 1377 2337 Est
1397 2277 1481 2339 enim
1501 2274 1621 2357 aliquid
1635 2275 1669 2337 in
1683 2272 1771 2336 bisso

410 2370 505 2433 rebus
528 2369 706 2450 probabile,
728 2376 761 2434 et
783 2369 913 2453 quidem
934 2371 994 2445 ita,
1016 2377 1051 2433 ut
1074 2370 1143 2432 eius
1158 2370 1238 2432 ratio
1252 2368 1343 2433 reddi
1358 2370 1477 2452 possit,
1499 2388 1574 2452 erqo
1589 2369 1734 2433 utetiam

411 2462 617 2547 probabiliter
638 2465 700 2527 acti
722 2464 804 2527 ratio
825 2464 916 2527 reddi
938 2465 1054 2546 possit:
1076 2472 1126 2527 est
1145 2472 1250 2527 antem
1273 2461 1428 2538 officium,
1450 2464 1538 2548 quod
1558 2464 1600 2527 ita
1618 2463 1735 2526 iactum

412 2566 473 2631 est,
502 2565 537 2619 ut
558 2557 627 2620 eius
648 2557 721 2621 lacti
744 2557 917 2639 probabilis
938 2558 1019 2620 ratio
1041 2556 1133 2620 reddi
1153 2559 1272 2641 possit:
1302 2577 1426 2641 exque
1447 2557 1643 2641 intellegitur
1664 2555 1736 2620 effi-

412 2652 494 2713 cium
523 2650 659 2714 medium
689 2651 840 2734 quiddam
869 2671 954 2725 esse,
984 2650 1071 2734 quod
1096 2671 1201 2734 neque
1230 2650 1264 2715 in
1293 2651 1384 2716 bonis
1413 2659 1548 2735 ponatur
1574 2671 1680 2735 neque
1699 2651 1735 2714 in

411 2744 587 2807 centrariis.
624 2744 847 2828 Quoniamque
868 2745 902 2807 in
922 2746 1097 2820 iis-rebus,
1120 2764 1201 2828 quae
1223 2764 1327 2830 neque
1349 2746 1382 2808 in
1396 2746 1564 2809 virtmibus
1585 2752 1658 2810 sunt
1679 2759 1775 2808 ne-sa

410 2858 473 2921 qne
494 2839 529 2899 in
550 2838 652 2913 vitiis,
675 2847 850 2903 esttamen
872 2838 1040 2923 quiddam,
1071 2839 1156 2921 qnod
1176 2839 1249 2902 usui
1271 2839 1372 2921 possit
1393 2858 1480 2914 esse,
1503 2838 1680 2903 tollendum
1701 2838 1734 2901 id

409 2952 474 2997 non
496 2941 554 2996 est
589 2934 646 2996 Est
667 2943 771 2998 autem
795 2935 863 2998 eius
885 2933 1010 3017 generis
1028 2932 1111 2996 actio
1127 2952 1255 3017 quoque
1270 2934 1439 3015 quaedam,
1460 2933 1637 3016 etquidem
1652 2932 1735 3007 talis,

408 3034 445 3089 nt
473 3027 555 3090 ratio
582 3028 721 3109 postulet
749 3048 842 3111 agere
871 3027 993 3110 aliquid
1024 3032 1056 3089 et
1082 3025 1186 3089 facere
1213 3045 1340 3090 eorum:
1372 3025 1459 3110 quod
1485 3033 1590 3092 autem
1612 3028 1735 3091 ratione

408 3128 514 3185 actum
536 3130 600 3195 est,
622 3121 654 3183 id
676 3122 814 3186 officium
836 3122 1050 3205 appellamus:
1072 3131 1121 3183 est
1141 3121 1237 3203 igitur
1256 3118 1394 3185 officium
1408 3120 1477 3186 eius
1492 3121 1627 3204 generis,
1649 3118 1735 3204 quod

408 3216 524 3278 necin
547 3214 639 3278 bonis
660 3226 797 3300 ponatur
817 3237 876 3280 nec
897 3217 930 3280 in
952 3215 1128 3278 contrariis.
1743 3226 1773 3272 so

495 3309 609 3372 xviii.
631 3307 683 3373 59.
704 3312 810 3395 Atque
831 3311 1033 3395 perspicuum
1055 3309 1149 3372 etiam
1170 3308 1251 3371 illud
1273 3318 1339 3384 est,
1360 3310 1394 3372 in
1415 3308 1485 3371 istis
1506 3308 1600 3372 rebus
1622 3306 1735 3371 mediis

408 3402 532 3485 aliquid
558 3424 651 3486 agere
681 3406 866 3488 sapientem.
909 3403 1031 3468 iudicat
1051 3404 1161 3485 igitur,
1191 3421 1262 3465 cnm
1283 3405 1365 3486 agit,
1394 3398 1531 3464 officium
1553 3401 1632 3465 illud
1655 3420 1735 3465 esse.

410 3496 507 3572 Quod
529 3497 679 3580 quoniam
701 3518 873 3583 numquam
893 3497 1015 3561 fallitur
1035 3499 1068 3560 in
1090 3495 1275 3571 iudicando,
1297 3498 1358 3560 erit
1379 3497 1413 3560 in
1432 3495 1543 3559 mediis
1557 3496 1652 3559 rebus
1667 3491 1737 3558 olli·

409 3589 513 3652 ciumz
546 3590 631 3674 quod
667 3589 802 3655 efficitur
825 3592 885 3655 hac
917 3591 1013 3655 etiam
1041 3590 1246 3655 conclusione
1276 3593 1418 3655 rationis.
1462 3590 1620 3667 Quoniam
1650 3591 1736 3678 enim

408 3683 557 3747 videmus
578 3703 649 3748 esse
671 3686 838 3770 quiddam,
861 3687 947 3770 quod
969 3695 1053 3750 recte
1072 3686 1189 3749 iactum
1203 3685 1414 3768 appellemus,
1434 3685 1466 3748 id
1482 3692 1586 3749 autem
1601 3692 1651 3749 est
1664 3698 1773 3768 per-ab

407 3776 528 3842 lectum
550 3775 706 3855 officium,
736 3781 796 3844 erit
817 3782 911 3843 etiam
933 3780 1129 3854 inchoatum,
1158 3786 1208 3853 ut,
1238 3780 1264 3841 si
1286 3778 1369 3843 iuste
1391 3776 1574 3862 depositum
1602 3779 1735 3843 reddere

409 3870 445 3935 in
468 3878 554 3934 recte
575 3872 667 3936 lactis
689 3875 746 3947 sit,
768 3875 803 3936 in
824 3872 938 3938 olbciis
958 3882 1097 3959 ponatur
1118 3872 1297 3956 depositum
1320 3873 1469 3937 reddere:
1495 3874 1551 3937 illo
1573 3874 1659 3937 enim
1680 3872 1736 3937 ad·

410 3965 479 4029 dito
501 3966 613 4030 iuste
635 3965 670 4030 lit
691 3974 774 4031 recte
797 3968 931 4044 lactum,
954 3989 1013 4052 per
1034 3989 1067 4032 se
1090 3974 1194 4031 autem
1214 3966 1277 4032 boc
1298 3969 1402 4051 ipsum
1422 3968 1558 4034 reddere
1577 3971 1612 4033 in
1630 3968 1736 4032 officio

409 4061 551 4142 ponitur.
589 4060 812 4144 Quoniamque
833 4082 899 4126 non
920 4063 1050 4126 dubium
1073 4069 1122 4125 est
1135 4062 1212 4145 quin
1233 4062 1345 4136 iniis,
1367 4082 1450 4146 quae
1465 4063 1569 4127 media
1583 4061 1736 4137 dicamus,

410 4156 451 4218 sit
473 4155 559 4217 aliud
581 4156 784 4228 sumendum,
807 4156 892 4218 aliud
914 4157 1125 4229 reiciendum,
1148 4155 1300 4239 quicquid
1316 4157 1359 4218 ita
1373 4156 1409 4218 fit
1423 4164 1478 4221 aut
1491 4156 1620 4231 dicitur,
1642 4166 1773 4220 omnem

410 4247 519 4311 officio
541 4250 731 4312 continetur.
767 4252 817 4313 Ex
839 4270 903 4334 quo
925 4251 1134 4333 intellegitur,
1156 4250 1304 4330 quoniam
1326 4271 1360 4313 se
1383 4251 1470 4333 ipsos
1492 4270 1603 4314 omnes
1625 4258 1737 4314 natura

411 4342 562 4424 diligant,
592 4350 655 4405 tam
682 4344 885 4426 insipientem
916 4365 1011 4429 quam
1040 4345 1216 4428 sapientem
1237 4351 1435 4426 sumpturum
1458 4364 1539 4428 quae
1562 4344 1736 4408 secundum

411 4443 557 4498 naturam
587 4436 652 4499 sint
675 4437 931 4520 reiecturumque
953 4440 1119 4501 contraria.
1160 4437 1207 4500 lta
1230 4444 1278 4500 est
1299 4437 1458 4520 quoddam
1481 4458 1646 4501 commune
1668 4434 1737 4501 olb-

411 4530 496 4593 cium
521 4530 671 4612 sapientis
695 4538 726 4593 et
747 4530 942 4614 insipientis:
966 4552 1007 4595 ex
1029 4552 1093 4615 quo
1116 4528 1252 4593 efficitur
1265 4530 1380 4592 versari
1403 4530 1437 4592 in
1459 4530 1513 4605 iis,
1536 4549 1616 4615 qnae
1631 4530 1737 4594 media

411 4622 565 4686 dicamus.
609 4620 660 4685 60.
694 4624 759 4687 Sed
790 4645 858 4687 cum
889 4624 927 4686 ab
956 4625 1006 4688 bis
1034 4625 1141 4687 omnia
1169 4622 1407 4705 proficiscantur
1427 4623 1547 4699 oliicia,
1579 4645 1645 4687 non
1667 4625 1773 4688 cineas

411 4736 507 4780 causa
528 4716 644 4779 dicitur
665 4716 704 4780 ad
728 4738 765 4781 ea
785 4718 894 4781 referri
917 4739 1027 4782 omnes
1047 4726 1172 4782 nostras
1196 4717 1417 4800 cogitationes,
1445 4719 1479 4781 in
1500 4718 1550 4782 bis
1578 4726 1609 4783 et
1628 4740 1736 4783 exces-

411 4831 482 4874 sum
505 4831 523 4873 e
545 4811 610 4873 vita
632 4817 664 4874 et
685 4812 717 4873 in
740 4813 804 4876 vita
824 4814 1031 4877 mansionem.
1067 4813 1104 4874 ln
1126 4832 1188 4895 quo
1204 4813 1288 4874 enim
1306 4810 1398 4893 plura
1414 4818 1504 4887 suut,
1527 4833 1609 4897 qnae
1624 4835 1736 4878 secun·

412 4906 487 4968 dnm
509 4914 654 4969 naturam
676 4913 766 4981 sunt,
788 4907 883 4971 boios
906 4904 1041 4971 officium
1065 4915 1113 4969 est
1133 4907 1247 4969 invita
1262 4924 1407 4968 manere:
1430 4905 1464 4966 in
1481 4926 1546 4988 que
1561 4914 1666 4973 antem
1681 4916 1736 4971 a'ut

412 5006 487 5063 sunt
508 4999 603 5082 plura
625 5001 781 5063 contraria
795 5009 850 5063 aut
864 5001 932 5064 iore
950 4999 1113 5075 videntur,
1135 4998 1228 5063 buius
1244 4996 1382 5062 efficium
1398 5004 1447 5062 est
1460 5019 1477 5062 e
1492 4999 1557 5063 vita
1571 5002 1735 5066 excedere.

478 5293 503 5343 3.
521 5292 622 5342 esses:
641 5303 738 5354 esseque
754 5292 845 5351 BMO;
865 5292 954 5342 denen
969 5304 1020 5342 esse
1036 5293 1056 5340 G
1075 5317 1102 5326 —
1122 5292 1146 5341 e.
1165 5305 1215 5341 noo
1231 5291 1479 5354 dieootqaepropter
1493 5295 1733 5356 eamquebea-

412 5369 436 5420 'l.
454 5381 508 5418 roro
518 5379 572 5417 om.
585 5368 605 5417 B
619 5392 646 5402 -
664 5365 704 5417 tl.
724 5367 843 5427 mildam
855 5366 1013 5430 Madvigius:
1032 5366 1157 5428 quoddam
1174 5366 1252 5416 codd.
1266 5367 1324 5416 eto
1337 5392 1364 5402 -
1388 5367 1415 5416 ta
1431 5369 1492 5417 ante
1507 5373 1587 5419 centn
1605 5382 1658 5419 om.
1671 5369 1692 5418 Α
1706 5394 1733 5404 -

413 5444 453 5493 ib.
471 5442 643 5505 Quoniamque
652 5466 690 5480 ·-
701 5454 746 5491 nec
761 5442 788 5490 tn
804 5443 938 5491 concertis
954 5441 988 5491 ab
1006 5440 1193 5505 interpolatore
1206 5439 1274 5492 mele
1287 5439 1444 5504 agglutinata
1455 5446 1547 5494 censet
1558 5445 1599 5495 Fr.
1612 5442 1735 5494 lacobus.

415 5543 441 5555 -
459 5517 499 5582 tis]
517 5518 554 5567 bis
570 5518 635 5576 ΑΟ,
652 5516 697 5577 bus
713 5516 732 5566 B
752 5542 777 5553 -
797 5516 871 5567 rebus
887 5529 941 5567 om.
960 5518 979 5565 Β
999 5542 1026 5553 -
1046 5516 1087 5566 ⁴9.
1105 5523 1139 5565 est
1154 5516 1313 5580 Madvigius:
1332 5518 1364 5567 stt
1380 5516 1457 5568 codd.
1477 5519 1504 5568 et
1521 5520 1540 5568 0
1559 5545 1587 5556 -
1606 5518 1647 5568 at.
1666 5516 1737 5578 etqui

413 5591 501 5650 ΔΒΕς
521 5604 587 5642 «nec
604 5594 695 5642 temen
712 5593 738 5642 io
755 5592 806 5642 bec
823 5592 991 5642 adiunctione
1004 5593 1062 5642 novi
1075 5593 1222 5655 argumenti
1235 5590 1322 5641 locum
1335 5590 1435 5642 habere
1445 5593 1576 5643 videtur.»
1588 5594 1697 5643 Minue.
1707 5617 1734 5627 -

413 5666 452 5716 26.
465 5666 542 5716 atem
559 5667 716 5718 Lambinus:
735 5674 820 5716 coroa
836 5669 911 5718 etiam
922 5668 1016 5727 codd.;
1037 5667 1137 5732 [omem]
1150 5668 1256 5716 elicmO
1270 5693 1297 5704 -
1316 5666 1396 5729 2841!
1408 5666 1565 5717 Lambinus:
1582 5665 1644 5729 sacti
1656 5663 1734 5714 codd.

416 5764 443 5776 -
460 5741 502 5790 29.
520 5741 548 5789 to
564 5754 618 5792 om.
631 5743 681 5792 BE
699 5767 728 5779 -
746 5742 786 5806 iis]
803 5743 841 5792 bis
856 5745 921 5803 ΑΟ,
939 5743 984 5804 bys
1001 5744 1019 5793 Β
1037 5769 1064 5779 -
1083 5744 1195 5792 dicamas
1210 5746 1245 5792 A:
1264 5742 1369 5791 dicimur
1385 5743 1511 5793 BMO-
1528 5742 1567 5791 30.
1581 5740 1650 5789 eliud
1665 5740 1737 5805 τοία]

414 5814 447 5863 ad
461 5815 525 5864 illud
540 5817 600 5866 rete.
619 5818 641 5867 A
660 5843 687 5854 -
707 5830 779 5867 coroa
795 5820 937 5868 Gruterus:
961 5819 1028 5867 emet
1045 5819 1108 5876 An;
1133 5819 1242 5867 omnium
1259 5819 1294 5876 D;
1317 5819 1520 5867 communicem
1538 5815 1652 5867 Menotio
1669 5815 1689 5865 0
1709 5842 1736 5852 -

413 5888 453 5939 st.
470 5891 538 5954 lpeos
554 5893 617 5942 AG:
635 5891 684 5955 ipat
701 5893 784 5943 BMO
797 5917 825 5928 -
844 5892 885 5944 ai.
902 5892 942 5958 its]
959 5893 997 5942 Ma
1013 5893 1091 5943 ΛΒΟ
1109 5919 1131 5929 -
1154 5892 1194 5943 35.
1207 5893 1311 5942 dietmar
1327 5892 1448 5943 Bremius
1465 5903 1527 5942 com
1538 5887 1659 5951 Madvigii
1675 5887 1737 5940 cod.

413 5964 495 6028 led.;
514 5965 550 6020 cl.
562 5980 588 6020 v.
601 5967 643 6020 aa.
655 5992 684 6007 -
697 5967 739 6021 88.
752 5973 900 6020 adenem
914 5967 961 6019 ΒΕ
973 5992 1001 6004 -
1015 5968 1055 6018 39.
1067 5971 1103 6019 est
1116 5967 1210 6019 didm
1225 5966 1377 6029 ABDned
1389 5966 1423 6019 cl.
1435 5979 1462 6019 v.
1475 5966 1506 6017 37
1518 5968 1582 6030 etp.
1594 5959 1737 6025 usaue
