4342 7459
450 1217 513 1285 5l0
953 1222 1006 1285 DE
1027 1219 1295 1286 DIVINATIONE

451 1380 523 1443 dam
545 1387 577 1442 et
598 1380 741 1443 nationes
762 1379 838 1443 buic
859 1381 1010 1444 scientiae
1033 1381 1167 1444 deditas.
1211 1381 1375 1445 Telmesus
1397 1381 1430 1445 in
1454 1381 1545 1447 Caria
1568 1388 1635 1458 est,
1664 1402 1727 1470 qna
1749 1384 1783 1456 in

450 1474 527 1536 urbe
558 1472 686 1536 excellit
712 1474 914 1556 haruspicum
942 1475 1120 1557 disciplina.
1164 1476 1307 1558 Itemque
1330 1475 1396 1537 Elis
1423 1475 1455 1540 in
1486 1475 1706 1559 Peloponneso
1735 1476 1782 1546 Is·

451 1567 552 1629 milias
574 1566 654 1628 duas
677 1576 779 1630 certas
802 1567 914 1642 babet,
943 1569 1132 1633 Iamidarum
1155 1589 1268 1644 unam,
1297 1569 1427 1632 alteram
1452 1569 1666 1646 Clutidarum,
1687 1569 1784 1638 baru-

450 1661 590 1746 spicinae
618 1660 784 1725 nobilitate
816 1670 1021 1744 praestantes.
1065 1665 1102 1725 In
1126 1664 1214 1748 Syria
1239 1662 1390 1726 Chaldaei
1418 1663 1599 1745 cognitione
1625 1673 1783 1729 astrorum

424 1755 654 1838 psollertiaque
677 1753 875 1837 ingeniorum
899 1755 1102 1819 antecellunt.
1146 1753 1197 1817 92.
1232 1756 1356 1819 Etruria
1385 1764 1489 1820 autem
1519 1757 1560 1821 de
1590 1756 1677 1821 caelo
1699 1767 1784 1822 tacta

449 1848 670 1912 scientissume
692 1849 925 1924 animadvertit,
948 1851 1123 1932 eademque
1143 1850 1369 1934 interpretatur
1383 1850 1460 1933 quid
1477 1851 1657 1935 quibusque
1673 1860 1782 1916 osten·

449 1942 541 2006 datur
571 1944 721 2006 monstris
752 1951 848 2027 atque
877 1945 1045 2027 portentis.
1091 1944 1246 2020 Quocirca
1274 1944 1356 2007 bene
1386 1944 1470 2026 apud
1496 1944 1631 2009 maiores
1654 1954 1782 2010 nostros

447 2045 575 2100 senatus
604 2046 688 2110 tum,
720 2057 791 2099 cum
820 2037 953 2100 florebat
983 2037 1172 2120 imperium,
1201 2036 1343 2100 decrevit
1370 2046 1407 2100 ut
1435 2036 1475 2101 de
1503 2038 1684 2123 principum
1707 2039 1782 2106 liliis

446 2127 539 2194 Xer
561 2131 696 2214 singulis
717 2131 864 2195 Etruriae
886 2131 1012 2215 populis
1035 2132 1068 2193 in
1091 2130 1292 2213 disciplinam
1315 2129 1532 2206 traderentur,
1558 2153 1598 2196 ne
1620 2153 1672 2197 ars
1694 2142 1783 2197 tants

409 2236 576 2312 eapropter
608 2225 792 2288 tenuitatem
827 2223 991 2289 hominum
1024 2245 1042 2288 a
1075 2223 1237 2306 religionis
1271 2223 1461 2286 auctoritate
1497 2225 1707 2292 abduceretur
1741 2225 1782 2292 ad

447 2321 626 2386 mercedem
656 2328 752 2401 atque
787 2327 967 2404 quaestum.
1015 2320 1156 2403 Phryges
1185 2326 1291 2381 autem
1326 2326 1358 2381 et
1386 2318 1511 2381 Pisidae
1540 2328 1573 2383 et
1603 2320 1720 2385 Cilices
1750 2328 1783 2384 et

445 2416 583 2478 Arabum
605 2414 691 2476 natio
714 2413 819 2476 avium
843 2412 1129 2496 significatIonibus
1150 2410 1321 2495 plurimum
1339 2412 1570 2497 obtemperant,
1593 2414 1680 2497 quod
1694 2414 1782 2478 idem

445 2508 618 2572 factitatum
640 2507 672 2568 in
696 2506 823 2570 Umbria
845 2507 1038 2591 accepimus.

530 2601 626 2665 xLu.
659 2596 710 2663 93.
743 2603 788 2664 Ac
817 2600 892 2665 mibi
922 2600 1051 2686 quidem
1079 2599 1227 2663 videntur
1254 2619 1272 2662 e
1299 2598 1379 2663 locis
1402 2621 1534 2687 quoque
1556 2601 1652 2685 ipsis,
1684 2602 1782 2685 quia

408 2717 437 2766 rs
447 2698 627 2782 quibusque
650 2695 886 2769 incolebantur,
917 2695 1149 2758 divinationum
1178 2693 1432 2778 opportunitates
1460 2715 1531 2758 esse
1557 2694 1682 2759 ductae.
1725 2696 1781 2760 Et·

445 2789 530 2852 enim
552 2787 699 2873 Aegyptii
721 2796 754 2850 et
775 2789 942 2874 Babylonii
965 2789 998 2850 in
1020 2806 1201 2870 camporum
1224 2790 1397 2873 patentium
1419 2790 1612 2873 aequoribus
1634 2790 1780 2854 babitan-

445 2889 514 2958 tes,
542 2901 613 2945 cum
644 2902 685 2945 ex
714 2890 797 2944 terra
825 2881 905 2944 nibil
933 2882 1106 2955 emineret,
1135 2880 1221 2965 quod
1252 2882 1511 2967 contemplationi
1542 2883 1621 2948 caeli
1650 2882 1778 2948 officere

443 2985 567 3061 posset,
591 2995 716 3037 omnem
740 2995 846 3038 curam
869 2977 900 3041 in
923 2975 1063 3039 siderum
1086 2975 1267 3058 cognitione
1289 2983 1487 3057 posuerunt;
1517 2976 1641 3040 Etrusci
1664 2984 1779 3053 autem,

445 3070 529 3155 quod
552 3064 705 3151 religione
727 3069 829 3131 inbuti
854 3070 1026 3135 studiosius
1049 3077 1081 3133 et
1102 3068 1242 3132 crebrius
1257 3069 1379 3133 bestias
1394 3068 1610 3143 immolabant,
1633 3079 1778 3134 extorum

405 3164 619 3252 eocpgnitioni
641 3183 677 3226 se
698 3182 846 3226 maxume
869 3164 1074 3239 dediderunt,
1105 3162 1256 3248 quodque
1277 3173 1408 3248 propter
1430 3165 1513 3227 atris
1535 3163 1778 3229 crassitudinem

445 3257 485 3320 de
507 3257 597 3321 caelo
624 3255 708 3341 apud
736 3275 792 3319 eos
820 3257 919 3321 multa
941 3255 1058 3321 licbant
1079 3267 1112 3320 et
1133 3258 1218 3341 quod
1242 3258 1281 3319 ob
1305 3258 1437 3321 eandem
1461 3278 1587 3329 caumm
1610 3258 1709 3322 multa
1731 3259 1778 3321 in·

442 3352 559 3415 usitata
589 3350 703 3435 partim
733 3369 750 3411 e
782 3350 891 3423 caelo,
920 3350 983 3414 alia
1011 3372 1052 3415 ex
1080 3360 1163 3414 terra
1189 3349 1393 3425 oriebantur,
1426 3352 1582 3434 quaedam
1612 3351 1708 3415 etiam
1737 3371 1777 3415 ex

441 3445 604 3511 bominum
627 3445 824 3526 pecudumve
847 3452 1004 3527 conceptu
1027 3454 1059 3508 et
1080 3453 1163 3518 satu,
1186 3450 1381 3508 ostentorum
1405 3444 1658 3509 exercitatissimi
1681 3446 1776 3509 inter

443 3548 549 3623 pretes
572 3538 771 3601 exstiterunt.
806 3537 948 3614 Quorum
971 3538 1102 3622 quidem
1123 3540 1201 3611 vim,
1224 3546 1258 3601 ut
1281 3546 1314 3601 tu
1337 3538 1423 3602 soles
1445 3539 1567 3614 dicere,
1588 3539 1686 3603 verba
1707 3540 1775 3622 ipss

403 3634 615 3718 inprudenter
639 3652 658 3693 a
681 3632 853 3695 maioribus
875 3634 980 3716 posita
1002 3631 1173 3695 declarant.
1218 3632 1300 3708 Quia
1323 3634 1407 3697 enim
1431 3633 1619 3707 ostendunt,
1647 3640 1775 3716 porten-
1808 3685 1813 3698 .

442 3727 536 3801 dunt,
551 3732 740 3799 monstrant,
757 3726 940 3808 prodicunt,
956 3734 1092 3798 ostenta,
1108 3734 1269 3807 portenta,
1285 3734 1441 3801 monstra,
1456 3726 1601 3810 prodigia
1616 3726 1773 3790 dIcuntur.

442 3815 494 3882 Pl.
522 3821 639 3883 Arabes
662 3827 766 3882 autem
790 3828 822 3881 et
842 3819 980 3906 Phryges
1003 3827 1036 3882 et
1057 3818 1188 3892 Cilices,
1220 3820 1306 3905 quod
1328 3828 1420 3905 pastu
1442 3820 1599 3905 pecudum
1623 3838 1772 3884 maxume

442 3921 584 3988 utuntur,
606 3934 735 3997 campos
757 3921 790 3976 et
811 3923 935 3979 montes
956 3915 1062 3978 hieme
1084 3922 1116 3977 et
1137 3922 1256 3978 aestate
1277 3922 1490 3997 peragrantes,
1513 3922 1681 3996 propterea
1696 3912 1772 3977 laci·

440 4009 501 4073 iius
529 4017 641 4073 cantus
670 4009 773 4071 anum
803 4016 835 4072 et
862 4008 985 4073 volatus
1011 4016 1214 4072 notaverunt.
1257 4008 1443 4091 Eademque
1466 4016 1498 4070 et
1519 4007 1658 4071 Pisidiae
1680 4024 1772 4071 causa

402 4099 501 4169 soluit
529 4113 561 4166 et
587 4102 660 4165 huic
690 4112 815 4166 nostrae
838 4103 994 4166 Umbriae.
1038 4105 1118 4166 Tum
1142 4103 1231 4164 Caria
1254 4109 1320 4165 tota
1342 4103 1574 4185 praecipueque
1597 4102 1771 4175 Telmesos,

440 4220 522 4284 quos
544 4205 617 4260 ante
640 4198 722 4272 dixi,
753 4198 839 4281 quod
861 4218 953 4279 agros
975 4197 1163 4259 uberrumos
1185 4197 1386 4277 maximeque
1409 4194 1528 4257 fertiles
1551 4195 1711 4270 incolunt,
1739 4195 1772 4257 in

440 4294 557 4379 quibus
587 4291 685 4356 multa
713 4300 843 4375 propter
872 4291 1098 4355 fecunditatem
1127 4287 1201 4372 fingi
1231 4290 1379 4373 gignique
1402 4295 1554 4372 possunt,
1584 4290 1616 4351 in
1640 4288 1772 4352 ostentis

440 4386 728 4451 animadvertendis
751 4386 920 4469 diligentes
942 4383 1080 4448 luerunt.

524 4481 636 4542 XLIII.
665 4476 716 4542 95.
745 4479 825 4555 Quis
848 4500 923 4543 vcro
946 4499 1010 4541 non
1032 4478 1120 4541 videt
1142 4478 1174 4539 in
1198 4484 1325 4559 optuma
1349 4496 1475 4560 quaque
1498 4496 1531 4539 re
1554 4475 1681 4559 publica
1703 4475 1772 4559 plu·

400 4576 553 4639 antimum
576 4575 718 4658 auspicia
740 4574 916 4655 etreliqua
938 4572 1103 4637 divinandi
1126 4591 1243 4654 genera
1266 4571 1428 4633 valuisset
1452 4570 1532 4645 Quis
1547 4589 1605 4633 rex
1619 4588 1771 4653 umquam

504 4877 527 4924 4,
547 4875 660 4923 ntncnn
676 4873 765 4922 ARV:
784 4872 914 4919 tedmcsuis
931 4871 966 4922 tl.
987 4870 1119 4920 Telmessus
1136 4870 1170 4930 03
1190 4869 1224 4920 cl.
1237 4871 1250 4930 §
1261 4869 1292 4920 94
1311 4895 1337 4905 -
1357 4870 1382 4919 t.
1399 4869 1512 4931 {omittas
1528 4868 1567 4917 die
1583 4873 1666 4917 certas
1681 4866 1768 4923 dliv,

438 4950 487 5000 scd
504 4954 557 4999 cert
574 4950 594 4998 44
614 4951 638 4996 iu
657 4960 709 4996 ras.
730 4973 757 4982 -
781 4945 1231 5007 3.1nnncnnm]saminuarnmc
1258 4972 1285 4981 -
1314 4942 1433 5006 syllabae
1450 4958 1509 4993 rum
1524 4956 1603 4993 unam
1618 4943 1728 4992 murem
1744 4942 1769 4991 in

437 5026 456 5074 B
475 5037 534 5088 sup.
548 5024 592 5072 lin.
606 5022 710 5071 additae
729 5046 756 5055 -
777 5019 934 5069 Clutidarum
951 5019 1107 5069 Lambinus:
1126 5020 1282 5083 plutidarum
1300 5020 1329 5078 C,
1349 5019 1505 5080 Clytidcmm
1521 5020 1541 5068 0
1559 5030 1621 5067 cum
1635 5018 1727 5070 Ursino
1740 5040 1768 5053 -

437 5100 461 5149 6,
480 5099 702 5161 interpraetatione
718 5096 783 5156 quod
800 5094 936 5155 quibusque
954 5095 975 5143 tl
1004 5121 1031 5131 -
1058 5095 1082 5144 7.
1102 5102 1163 5158 aput
1180 5096 1201 5144 H
1230 5123 1257 5132 —
1285 5095 1310 5145 8.
1327 5109 1374 5144 con
1390 5092 1420 5145 Βι
1438 5121 1464 5130 -
1493 5093 1553 5144 tort.
1571 5093 1678 5155 imperto
1697 5116 1724 5128 -
1744 5092 1767 5142 9.

435 5173 460 5224 Χ
468 5187 503 5224 ccc
519 5174 627 5236 scripsi:
650 5186 695 5220 sec
712 5170 774 5227 CO,
799 5171 851 5219 seni
868 5167 985 5219 malebat
1002 5168 1098 5228 Orelli;
1122 5177 1149 5218 ut
1166 5171 1223 5219 deni
1237 5171 1381 5232 principum
1396 5169 1443 5231 filii
1460 5182 1493 5218 cc
1509 5169 1573 5233 sinq.
1598 5166 1716 5231 iladvig;
1735 5167 1766 5218 cl.

436 5247 492 5298 val.
512 5248 578 5298 Mar.
598 5247 693 5305 1,4,4.
714 5270 741 5279 -
767 5246 899 5293 extrumcc
915 5245 944 5293 Α1
965 5272 991 5280 -
1017 5258 1061 5295 nec
1078 5259 1123 5294 crs
1140 5246 1162 5295 E
1181 5273 1208 5281 -
1234 5248 1273 5296 40.
1294 5257 1380 5296 com.
1401 5245 1422 5293 H
1442 5272 1470 5281 -
1493 5244 1675 5293 abducerentur
1691 5239 1723 5293 Αι
1739 5266 1766 5278 -

437 5325 476 5374 44.
495 5324 573 5387 tripes
589 5327 673 5370 auten
689 5324 713 5368 et
727 5319 798 5383 pride
814 5321 844 5373 Α,
863 5320 888 5367 tn
907 5332 960 5381 quo
978 5320 1035 5370 eius
1052 5318 1111 5369 loco
1129 5319 1201 5382 quod
1219 5323 1260 5370 est
1273 5321 1308 5382 pb
1325 5320 1380 5370 lere
1398 5331 1507 5382 semper
1520 5318 1534 5381 s
1547 5318 1677 5381 scriptum
1690 5319 1766 5366 est-

436 5401 475 5449 44.
494 5399 618 5462 plurimus
634 5399 665 5445 ΑΙ
685 5421 711 5431 -
731 5395 805 5455 iden]
821 5395 860 5442 ita
878 5394 899 5442 ll
920 5421 946 5429 -
967 5392 1006 5443 ll.
1026 5395 1074 5444 bac
1090 5395 1151 5444 mibi
1168 5397 1197 5453 Α,
1217 5400 1244 5443 ct
1260 5394 1320 5443 mibi
1338 5394 1359 5443 H
1378 5419 1404 5428 -
1427 5395 1466 5442 lb.
1485 5392 1668 5455 oportunitates
1683 5392 1727 5441 ΑΗ
1738 5415 1765 5426 -

435 5477 523 5526 etenim
546 5472 691 5524 llanutIus:
720 5475 748 5517 ut
764 5471 830 5518 enim
848 5470 881 5527 C,
910 5471 940 5517 ut
957 5470 1020 5519 ltem
1039 5474 1157 5520 erratum
1175 5472 1217 5518 est
1233 5470 1248 5533 s
1263 5469 1309 5518 430
1330 5496 1356 5507 -
1386 5468 1425 5519 46.
1444 5474 1466 5518 et
1484 5468 1628 5519 bisuntine:
1654 5470 1683 5515 ut
1700 5466 1720 5517 C
1739 5489 1765 5501 -

436 5550 475 5600 46.
494 5546 701 5600 440404441-
724 5545 763 5593 ll.
783 5544 989 5605 contemplatione
1005 5545 1084 5595 BHV
1111 5572 1135 5580 -
1160 5543 1200 5593 48.
1217 5544 1330 5606 possitC
1353 5569 1380 5578 -
1408 5546 1435 5591 in
1452 5544 1545 5592 omli
1570 5569 1597 5579 —
1622 5542 1662 5592 te.
1681 5540 1768 5591 imbuti

434 5624 576 5683 studiosius,
594 5620 705 5670 crebrim
721 5616 842 5668 Herelius
869 5643 896 5652 -
922 5618 1003 5668 bastin
1019 5623 1050 5669 At
1068 5645 1095 5654 -
1123 5619 1164 5668 tl.
1183 5619 1297 5679 aputu,
1318 5619 1346 5666 ut
1364 5616 1418 5666 lere
1437 5629 1545 5680 semper
1563 5642 1590 5653 -
1612 5614 1767 5679 feriebantur

435 5700 548 5749 lortiuus
568 5725 594 5735 -
614 5698 746 5745 inuisitato
762 5694 791 5750 B,
810 5691 858 5742 sed
876 5690 957 5742 altera
976 5694 986 5743 s'
1003 5696 1028 5743 ln
1046 5707 1099 5745 ras.
1120 5719 1147 5730 -
1167 5694 1207 5741 tt.
1225 5693 1320 5754 partim
1337 5704 1391 5740 orn.
1411 5691 1429 5740 s
1458 5717 1485 5727 -
1505 5690 1545 5741 23.
1565 5694 1589 5741 ct
1605 5695 1663 5740 satu
1680 5688 1766 5740 cmv

435 5777 461 5823 ct
480 5774 554 5825 multi
572 5771 650 5823 codd.
670 5770 735 5820 dett.
757 5794 784 5804 -
805 5772 957 5817 ostentorum
974 5770 1061 5819 suu:
1081 5774 1204 5819 tentorum
1216 5768 1256 5828 V1,
1272 5772 1446 5829 portentorum
1458 5766 1515 5817 V²0
1529 5792 1556 5802 -
1574 5767 1616 5816 td.
1632 5765 1766 5828 predicunt

434 5848 594 5900 Lambinus:
611 5848 762 5911 praedicunt
778 5843 825 5894 CO
849 5867 877 5877 -
904 5843 945 5893 30.
963 5844 1071 5895 telmcscs
1086 5845 1122 5893 A:
1141 5843 1255 5894 tedmcscs
1271 5842 1306 5904 H,
1326 5842 1446 5892 ennena
1462 5841 1543 5892 BVO
1562 5865 1590 5876 ·-
1617 5839 1658 5892 34.
1676 5840 1764 5889 anab

434 5937 493 5989 sup.
512 5923 557 5977 lin.
574 5937 611 5974 m.
631 5924 654 5971 4.
