4342 7459
442 1210 505 1277 3544
767 1212 1091 1281 reseraturum
1111 1214 1443 1283 nisrurariorviint

442 1376 557 1453 amori,
578 1382 614 1441 ut
625 1374 800 1453 ambitioni,
821 1382 857 1441 ut
870 1376 1040 1443 cotidianis
1055 1377 1234 1462 sumptibus
1251 1376 1360 1462 copiae
1375 1382 1559 1463 suppetant,
1572 1396 1644 1443 eum
1657 1379 1769 1464 prooul

441 1473 481 1536 ab
509 1472 559 1535 his
587 1471 735 1536 omnibus
763 1467 857 1536 rebus
886 1471 986 1548 absit,
1015 1493 1071 1537 cur
1091 1472 1259 1556 pecuniam
1281 1492 1396 1555 magno
1417 1491 1514 1556 opere
1537 1471 1697 1539 desideret
1716 1474 1770 1539 vel

440 1567 548 1650 potius
569 1586 626 1630 cur
646 1573 736 1630 curet
756 1566 910 1629 omnino?
944 1563 996 1628 90.
1018 1567 1067 1628 An
1091 1566 1223 1649 Scythes
1244 1565 1434 1630 Anacharsis
1462 1567 1568 1651 potuit
1587 1588 1646 1651 pro
1667 1570 1769 1633 nihilo

439 1661 606 1744 pecuniam
628 1659 760 1736 ducere,
781 1666 938 1724 nostrates
960 1660 1142 1744 philosophi
1163 1657 1267 1724 facere
1289 1678 1353 1722 non
1374 1665 1572 1743 putuerunt?
1593 1662 1680 1727 illius
1703 1664 1772 1748 epi·

416 1754 521 1818 astula
542 1752 641 1817 lertur
659 1753 711 1818 his
732 1754 855 1817 verbis:
887 1754 1097 1818 «Anacharsis
1119 1754 1268 1819 Hannoni
1290 1753 1434 1818 salutem.
1469 1754 1548 1818 blihi
1569 1757 1699 1822 amictui
1723 1765 1771 1823 est

439 1848 619 1934 Scythicum
647 1849 800 1932 tegimen,
828 1847 1066 1911 calciamentum
1087 1848 1227 1913 solorum
1250 1848 1383 1923 callum,
1410 1848 1516 1912 cubile
1537 1857 1631 1927 terra,
1658 1851 1770 1938 pulpa·

438 1950 580 2008 mentum
606 1941 726 2019 lames;
754 1941 849 2016 lacte,
879 1962 982 2017 44444,
1005 1962 1100 2014 carne
1122 1962 1243 2006 vescor.
1285 1941 1358 2018 Qua
1379 1961 1413 2005 re
1434 1950 1471 2006 ut
1491 1942 1531 2005 ad
1554 1946 1696 2028 quietum
1718 1968 1770 2012 me

436 2036 513 2102 licet
536 2037 660 2113 venias;
689 2055 823 2101 munera
842 2042 948 2099 autem
971 2035 1047 2110 ista,
1071 2036 1188 2121 quibus
1211 2057 1245 2100 44
1268 2035 1459 2111 delectatus,
1488 2037 1541 2101 vel
1562 2039 1683 2105 civibus
1706 2043 1770 2107 tuis

436 2133 487 2196 rel
510 2130 558 2195 dis
581 2129 811 2194 immortalibus
833 2128 945 2194 donar
982 2128 1099 2193 Omnes
1121 2130 1188 2195 4444
1215 2128 1400 2216 philosophi
1422 2130 1564 2195 omnium
1587 2132 1770 2218 disciplina-

400 2238 522 2300 sorum,
550 2224 614 2289 nisi
642 2242 723 2309 quos
751 2243 771 2287 a
798 2231 884 2290 recta
911 2224 1036 2289 ratione
1064 2231 1179 2289 4444444
1200 2224 1314 2288 vitiosa
1340 2221 1540 2300 detorsisset,
1569 2227 1683 2294 eodem
1706 2229 1769 2294 boe

435 2322 541 2385 animo
563 2340 634 2384 esse
655 2325 838 2403 potuerunt.
873 2310 924 2381 94.
948 2316 1109 2395 Socrates,
1134 2320 1168 2382 in
1189 2336 1399 2402 pomparum
1420 2338 1535 2403 magna
1556 2321 1605 2385 ris
1626 2323 1697 2388 auri
1718 2343 1770 2388 ar·

435 2415 587 2500 44444444
607 2412 754 2487 ferretur,
777 2411 901 2488 «Quam
922 2411 1022 2476 multa
1036 2432 1104 2476 non
1119 2412 1312 2477 desideruis
1336 2412 1452 2497 iuquit.
1474 2414 1680 2493 Xenocrates,
1696 2436 1769 2481 cum

435 2508 530 2593 legati
552 2510 592 2573 ab
606 2506 786 2572 Alexandro
802 2506 1034 2591 quinquaginta
1049 2508 1079 2571 ei
1098 2506 1217 2570 talenta
1231 2506 1427 2582 attulissent,
1451 2527 1535 2592 quae
1549 2517 1618 2573 erat
1631 2509 1769 2594 peounia

435 2603 631 2688 temporibus
651 2600 729 2676 illis,
752 2599 885 2663 Athenis
905 2602 1108 2684 praesertim,
1131 2619 1295 2676 maxuma,
1318 2599 1451 2665 abduxit
1465 2602 1586 2685 legatos
1602 2602 1643 2668 ad
1657 2622 1769 2668 cenam

399 2698 469 2761 4444
491 2696 711 2761 Academiam:
741 2694 782 2758 iis
809 2695 962 2779 apposuit
983 2701 1123 2769 tantum,
1154 2695 1241 2778 quod
1263 2694 1340 2758 satis
1362 2702 1463 2770 esset,
1491 2696 1581 2759 nullo
1604 2706 1768 2781 apparatu.

436 2792 515 2856 Cum
528 2788 682 2876 postridie
697 2797 845 2871 rogarent
860 2807 943 2863 eum,
961 2789 1013 2852 cui
1028 2787 1187 2853 numerari
1202 2788 1340 2864 iuberet,
1365 2787 1493 2863 «Quidl
1515 2809 1574 2855 ros
1587 2791 1766 2867 hesternas

434 2885 557 2971 inquit,
587 2882 721 2948 oeenula
748 2902 815 2946 444
843 2881 1047 2947 intellexistis
1075 2904 1126 2947 me
1156 2883 1292 2967 pecunia
1320 2902 1386 2947 nou
1408 2885 1548 2967 egeret»
1584 2883 1674 2960 Quos
1696 2903 1769 2948 eum

499 3148 525 3199 4.
542 3156 693 3211 4444444444
708 3144 729 3196 C
747 3168 775 3180 -
795 3143 820 3195 3.
837 3142 920 3206 epoho
935 3142 1157 3193 4444444444-
1176 3142 1202 3194 4.
1219 3146 1336 3205 4444444444
1347 3143 1375 3194 0.
1396 3142 1548 3194 «Potuerunt
1564 3145 1591 3196 at
1607 3143 1709 3195 maiore
1721 3157 1771 3195 oo·

435 3221 525 3274 dicum
542 3222 698 3272 auctoritate
715 3217 889 3269 confirmatur
905 3220 933 3268 44
949 3231 999 3283 444
1015 3230 1046 3269 44
1063 3218 1152 3282 ipsum
1170 3217 1257 3281 aptius
1274 3218 1324 3267 eet.
1351 3214 1457 3269 scilicet
1467 3217 1498 3280 ii,
1517 3218 1563 3281 qui
1575 3222 1694 3281 poterasst
1711 3218 1771 3270 edt-

435 3297 546 3358 derunt‚
574 3297 629 3349 tere
651 3298 776 3344 4444444444
795 3293 833 3343 ita
853 3291 1015 3343 intellexisse
1033 3290 1167 3354 videntur,
1189 3294 1219 3341 ut
1235 3294 1310 3343 esset
1333 3292 1476 3354 4444444444,
1503 3293 1548 3354 qui
1571 3305 1655 3343 444444
1679 3299 1768 3344 suos:

435 3384 612 3438 quemquam,
632 3369 737 3421 etiamsi
753 3370 859 3419 44444444·
875 3365 1037 3431 intelligendi
1055 3369 1160 3428 esseut,
1180 3364 1244 3416 nibil
1262 3379 1360 3418 causae
1378 3371 1447 3428 erat,
1467 3380 1516 3418 cur
1532 3381 1585 3420 non
1604 3369 1635 3431 ii,
1653 3371 1699 3433 qui
1715 3369 1770 3420 44444

433 3448 538 3514 museus
554 3446 596 3512 (44.
609 3446 649 3495 444.
660 3457 684 3494 c.
697 3443 732 3504 3),
751 3440 960 3506 intelligerentur
973 3440 1193 3504 seriberetnrque
1204 3446 1349 3505 4444444444.
1367 3444 1420 3494 Sed
1432 3444 1557 3507 quoniam
1569 3444 1664 3496 Cicero
1681 3456 1696 3493 a
1708 3444 1724 3510 fi
1736 3444 1769 3497 88

435 3520 595 3588 (mutamur)
612 3519 646 3570 ad
663 3519 678 3582 4
696 3518 744 3567 448
761 3515 909 3580 (4444444444)
931 3513 994 3565 illud
1015 3515 1143 3580 disputat,
1166 3515 1209 3568 vei
1227 3518 1366 3580 4444444444
1388 3519 1528 3570 «animum
1545 3517 1766 3581 condocetaoere,
1844 3560 1849 3570 .

434 3599 466 3648 444
482 3610 527 3658 ea,
549 3607 619 3660 quae
637 3592 707 3643 bona
727 3590 829 3642 malave
846 3589 995 3653 videantur,
1018 3591 1103 3655 possit
1126 3594 1313 3644 contemnere»
1332 3595 1392 3658 (87),
1414 3595 1504 3659 itaque
1526 3596 1584 3644 eius
1601 3607 1709 3659 quoque
1726 3594 1768 3646 di-

436 3671 562 3737 soipltnae
584 3669 727 3720 conventre
749 3663 916 3731 praeclaram
933 3663 1005 3716 itiam
1022 3666 1197 3726 sententiam,
1218 3668 1368 3731 sapientem
1385 3680 1494 3733 semper
1510 3680 1572 3720 esse
1589 3668 1699 3721 beatum
1717 3668 1767 3735 (ss.

435 3747 502 3811 443),
521 3756 634 3797 necesso
651 3745 694 3793 444
709 3739 844 3803 Seuthes
859 3738 1033 3792 Anacharsidi
1052 3740 1082 3802 (i.
1097 3752 1121 3791 4.
1134 3739 1244 3791 borbore
1261 3741 1430 3807 philosopho)
1447 3742 1546 3808 opponi
1557 3757 1611 3795 non
1622 3745 1766 3807 Romanos,

435 3824 482 3889 qul
498 3820 634 3875 Ciceronis
650 3821 773 3881 tempore
790 3817 879 3877 erant,
897 3814 1084 3881 philosophos,
1109 3815 1158 3866 sed
1176 3816 1324 3881 Graecos,
1342 3819 1386 3883 qui
1401 3819 1455 3869 tom
1469 3819 1585 3883 4444444,
1605 3818 1767 3885 «Epicurum

436 3900 465 3950 et
479 3895 623 3961 reliquoss,
641 3893 687 3958 qui
703 3892 719 3957 5
735 3892 768 3943 89
784 3893 970 3956 paupertatem
987 3903 1041 3941 non
1058 3891 1225 3953 extimuisse,
1247 3891 1295 3943 sed
1313 3893 1348 3944 ad
1365 3905 1427 3945 eam
1443 3894 1507 3945 44444
1524 3894 1610 3959 444444
1627 3894 1708 3947 tubae
1726 3894 1769 3945 di-

436 3974 541 4025 cuntur.
568 3972 654 4031 Quare
671 3979 767 4018 verum
784 3970 826 4018 est
839 3971 988 4029 4444444444,
1006 3965 1079 4031 quod
1091 3965 1133 4017 vel
1151 3979 1185 4017 ex
1201 3967 1233 4019 444
1250 3967 1357 4033 intelligi
1375 3970 1472 4034 444444,
1491 3968 1590 4033 quibus
1606 3971 1668 4033 4444
1683 3970 1770 4021 tuter-

435 4048 533 4100 iectam
555 4041 743 4097 anacharsidts
766 4040 906 4107 epistotam
927 4041 1024 4092 eadem
1045 4043 1178 4093 sententia
1199 4043 1341 4107 repetitur:
1369 4044 1473 4095 Omnes
1496 4044 1561 4106 {ere
1583 4044 1770 4109 philosophi

436 4126 568 4177 4444444444
591 4117 838 4182 disciplinarum
859 4118 1021 4180 (osocrates,
1039 4116 1211 4179 Xenocrates,
1230 4117 1386 4182 Diogenes»)
1403 4144 1440 4156 --
1451 4119 1536 4169 ecdem
1554 4118 1600 4169 hoo
1616 4119 1701 4170 4444444
1717 4132 1769 4171 esse

432 4202 621 4269 potamon
645 4207 733 4258 neque
751 4205 816 4244 4444
833 4191 936 4253 obstat,
960 4189 1032 4256 quod
1050 4191 1202 4255 4444444444,
1225 4206 1283 4242 cum
1301 4192 1446 4257 (Epicurus)
1459 4192 1606 4255 --obsit,
1630 4208 1678 4244 4444·
1689 4208 1770 4258 pears-

434 4279 507 4328 44444
516 4302 531 4314 -
540 4301 555 4313 -
565 4276 650 4324 curet
667 4269 799 4327 omuino?;
818 4266 882 4317 44444
893 4292 930 4306 --
941 4270 1011 4317 ussat
1027 4266 1100 4316 enim
1118 4266 1215 4316 eodem
1232 4266 1313 4318 modo
1325 4279 1374 4331 pro
1385 4266 1479 4318 4444444
1489 4294 1503 4304 -
1512 4293 1526 4304 -
1536 4275 1640 4319 curret
1649 4270 1767 4334 44444444

436 4356 492 4414 444,
510 4364 564 4414 quo
581 4359 661 4412 supra
678 4349 722 4395 est
738 4343 978 4405 commim=iuit
994 4345 1122 4391 4444444444
1139 4340 1181 4404 (cl.
1200 4340 1304 4404 iladvig
1321 4341 1336 4404 5
1354 4338 1410 4391 334.
1429 4338 1504 4391 Ouid.
1523 4341 1629 4393 4444444.
1648 4344 1668 4406 1,
1681 4343 1730 4393 titi
1741 4345 1770 4394 et

434 4428 472 4490 ii,
491 4425 539 4477 487
557 4422 622 4486 Quid
637 4417 853 4482 1444444εοωά
867 4417 999 4482 44444444).
1018 4417 1095 4479 Quod
1111 4422 1234 4467 4444444444
1250 4417 1277 4467 b.
1295 4415 1313 4468 Ι.
1333 4419 1374 4468 444
1391 4418 1408 4468 i.
1422 4430 1449 4481 q.
1462 4416 1567 4482 Graeci,
1587 4418 1701 4470 44444444
1717 4433 1770 4485 44-

435 4503 489 4554 test
505 4500 520 4565 8
538 4498 586 4549 403
603 4499 710 4547 hoster
724 4493 906 4544 Demosthenes.
933 4494 1067 4558 suspicari
1090 4492 1154 4544 licet
1174 4493 1332 4543 Ciceronem
1355 4493 1381 4543 ln
1397 4492 1448 4544 bac
1465 4491 1500 4545 de
1516 4493 1630 4558 Epicuro
1647 4493 1769 4560 disputa·

434 4579 507 4628 tione
524 4573 597 4624 idem
613 4570 718 4630 iecisse,
736 4568 808 4633 quod
825 4569 995 4619 Petersenius
1013 4569 1047 4630 (tu
1063 4567 1118 4618 ind.
1132 4564 1286 4617 scholarum
1298 4579 1388 4631 gymn
1402 4567 1547 4633 liamburg.
1560 4568 1633 4633 4833)
1651 4568 1678 4619 tn
1694 4568 1769 4620 ltbrts

435 4652 470 4704 de
492 4651 550 4701 Nat.
569 4649 696 4706 Deorum,
713 4643 860 4707 Madvigius
876 4644 917 4708 (p.
936 4643 1021 4694 cxiv.
1039 4655 1066 4707 p.
1085 4641 1126 4692 33.
1146 4641 1208 4692 Exc.
1227 4642 1259 4691 V.
1277 4642 1335 4704 Vll)
1357 4643 1384 4692 in
1405 4640 1479 4694 libris
1501 4641 1535 4693 de
1557 4642 1663 4695 Finibus
1681 4642 1716 4694 ab
1734 4657 1768 4695 eo

434 4726 534 4778 4444444
551 4720 757 4780 demonstravit,
776 4720 806 4769 ut
821 4731 903 4783 saepe
920 4720 1012 4779 tacite,
1031 4730 1114 4782 quem
1126 4718 1257 4767 Graecum
1268 4718 1427 4782 scriptorem
1439 4716 1564 4782 elegisset
1574 4731 1657 4783 44444
1667 4731 1769 4783 seque·

434 4803 518 4861 retur,
536 4800 594 4849 eius
611 4810 664 4848 non
680 4794 767 4847 solum
781 4794 926 4845 sententias
938 4795 1060 4858 totasque
1072 4793 1265 4858 disputationes
1276 4796 1443 4860 excerperet,
1461 4795 1603 4846 sedetiam
1614 4794 1698 4846 verba
1710 4796 1768 4861 ipsa

435 4875 590 4941 simpliciter
605 4871 731 4923 verteret.
759 4870 844 4929 Quem
861 4868 1021 4932 Epicureum
1042 4868 1069 4918 in
1090 4868 1141 4919 hac
1161 4870 1237 4932 parte
1255 4872 1365 4920 secutus
1380 4870 1415 4919 444
1431 4868 1484 4934 [isa.
1502 4872 1533 4920 44
1547 4870 1606 4935 4444
1623 4868 1699 4935 plura
1717 4869 1769 4921 ad-

435 4951 526 5012 deret,
549 4948 664 5000 maxime
687 4942 808 5008 4444444
830 4956 863 4993 ex
882 4944 997 4993 44444444
1017 4942 1125 4994 haiom
1149 4947 1264 5010 sumpta.
1291 4944 1372 5009 4444
1395 4943 1474 5009 (moto
1493 4945 1561 4995 4444444
1577 4944 1769 4997 Graecorum

434 5040 512 5091 quoru
527 5027 637 5076 oestro
648 5018 775 5083 profme)
787 5018 835 5079 stc,
848 5017 951 5082 opinor,
969 5016 1115 5081 intelligere
1129 5015 1204 5069 licet:
1223 5019 1315 5070 44444444
1326 5020 1387 5083 quio
1403 5017 1462 5069 4444
1472 5018 1526 5069 44444
1535 5024 1594 5070 aust
1605 5033 1623 5070 u
1635 5019 1766 5083 Graeco,

435 5114 508 5165 queso
528 5111 627 5163 sequor,
649 5094 808 5156 scriptore
827 5092 964 5158 44444444),
986 5092 1104 5144 eundem
1126 5091 1200 5143 illum
1217 5093 1382 5156 Phaedrum,
1407 5105 1490 5157 44444
1506 5093 1533 5143 44
1549 5094 1637 5159 primo
1654 5093 1688 5144 de
1705 5094 1766 5146 Nat.

432 5175 513 5227 beor.
532 5176 559 5225 44
581 5173 638 5223 4444
656 5167 737 5219 dubio
755 5167 834 5218 etiam
851 5167 981 5231 inprime
998 5167 1032 5218 de
1049 5167 1132 5219 Ftntb.
1152 5168 1319 5233 compilavit,
1341 5182 1375 5219 an
1396 5168 1532 5219 Zenonem
1549 5167 1594 5231 (44.
1612 5168 1655 5229 144,
1674 5166 1714 5229 38)
1732 5180 1767 5219 44

433 5248 514 5301 ellum
536 5246 667 5311 aliquem,
690 5242 789 5294 nescio.
820 5242 897 5303 Quod
917 5255 982 5293 vero
999 5242 1118 5295 itandius
1136 5242 1179 5307 (ad
1195 5245 1290 5309 wopis.
1310 5258 1338 5311 p.
1356 5244 1380 5307 2)
1403 5245 1430 5295 in
1449 5243 1503 5295 4444
1518 5255 1569 5308 444
1583 5241 1767 5295 bimembrem

432 5322 667 5387 interrogationem
684 5314 860 5368 concludendi
876 5328 976 5380 genere
994 5316 1036 5380 (de
1054 5329 1108 5381 quo
1126 5317 1159 5368 44.
1177 5316 1283 5384 iladvig
1299 5317 1429 5371 Emendd.
1447 5318 1475 5369 44
1491 5315 1574 5369 libros
1592 5315 1626 5368 de
1643 5318 1722 5382 legg.
1739 5319 1768 5368 44

432 5398 515 5451 head.
530 5410 556 5463 p.
570 5396 602 5447 39
613 5392 683 5458 444.)
700 5393 781 5456 neget
796 5392 847 5443 duo
858 5393 1000 5455 4444444444
1016 5404 1146 5455 umquam
1162 5394 1238 5457 pont,
1257 5393 1306 5445 sed
1323 5405 1433 5459 semper
1443 5393 1470 5443 in
1482 5392 1630 5460 posteriore
1641 5390 1766 5442 membro

431 5478 479 5527 aut
493 5474 608 5539 4444444444
625 5471 671 5520 444
683 5480 818 5531 44444444,
840 5470 904 5519 satis
926 5467 1013 5520 babeo
1034 5464 1156 5518 conterre
1173 5478 1200 5530 4.
1219 5466 1301 5520 Balbo
1318 5469 1333 5534 4
1350 5467 1397 5520 ti:
1420 5468 1459 5518 ,444
1474 5467 1563 5532 tingue
1579 5472 1603 5519 44
1618 5466 1718 5532 urgeris
1728 5490 1767 5505 ··

427 5550 546 5614 potuit,
566 5558 646 5597 44444444
660 5548 684 5594 et
698 5544 793 5595 44444444
808 5556 860 5593 soh
873 5543 1003 5607 potuit?
1025 5554 1091 5593 44444
1108 5541 1138 5593 ds
1161 5540 1425 5605 uobis--ticebot,
1449 5541 1479 5593 ds
1494 5540 1603 5592 4444444444
1616 5554 1668 5592 uos
1685 5540 1761 5593 tice·

431 5622 506 5674 bct?
523 5622 557 5673 de
574 5622 628 5672 444.
647 5620 667 5681 4,
685 5618 732 5668 it:
750 5618 892 5669 so--eos
907 5623 975 5669 artes
989 5621 1249 5680 persequeretur,
1273 5619 1373 5669 uiuendi
1395 5621 1478 5669 ortesu
1492 5615 1712 5679 relinqueret?
1729 5614 1764 5666 de

431 5698 512 5750 domo
529 5710 577 5750 sua
595 5697 611 5762 5
627 5696 673 5746 444
690 5694 885 5745 ,444--4444444
901 5693 945 5744 tibi
959 5692 1311 5757 sern··psiuitepium--:
1328 5692 1498 5744 mihi--oou
1515 5690 1765 5743 licuit--sesteu-

430 5774 493 5823 444444
509 5773 627 5824 8444444»
639 5770 682 5822 W.
697 5795 724 5806 -
744 5769 769 5819 e.
784 5768 975 5831 4444444444444
986 5770 1032 5820 Gli
1047 5790 1075 5804 -
1089 5768 1114 5818 i.
1127 5767 1162 5817 444
1177 5779 1310 5831 superscr.
1324 5768 1350 5818 in
1362 5768 1384 5817 G
1398 5793 1426 5805 -
1444 5767 1468 5818 4.
1482 5765 1531 5816 dtis
1548 5765 1608 5816 c—
1626 5764 1668 5815 ti.
1680 5764 1763 5828 ferre·

429 5850 629 5900 soromat-
648 5843 1068 5918 44.44444444443,444444440-
1088 5841 1431 5894 recommiscere·
1450 5837 1763 5892 transremensis

430 5921 490 5985 443,
507 5923 611 5974 coenula
628 5923 690 5974 0-
708 5919 1048 5986 444444444444444444444.44
1064 5916 1119 5970 tino
1134 5917 1191 5984 silt
1209 5943 1236 5957 -
1255 5917 1322 5981 quod
1336 5914 1695 5981 mdetidcorrdnsitt.
