4342 7459
446 1241 529 1310 soto
906 1194 909 1201 ’
1000 1242 1217 1313 ctcssouss

445 1408 486 1467 Ne
504 1409 632 1481 squalore
650 1425 722 1481 seqss
741 1407 822 1464 oanis
841 1408 934 1464 eludat
956 1408 1050 1463 amis

446 1502 512 1575 Spes
531 1505 650 1558 tumidae
669 1505 792 1559 domini:
814 1502 861 1558 sed
878 1501 927 1557 uti
945 1501 1115 1572 eonspeuerit
1133 1500 1214 1571 illas,

447 1595 572 1656 Gaudeat
591 1597 695 1667 upilio,
717 1597 871 1667 siquidem
890 1601 953 1651 tunc
971 1594 1041 1651 lucle
1062 1595 1163 1651 recenti

446 1689 598 1762 implebunt
617 1691 732 1745 multum
750 1692 846 1745 niueae
864 1689 1023 1745 mulctralia
1045 1704 1154 1745 uaccae

445 1785 507 1849 Sic,
529 1786 733 1840 miserandum!
754 1785 825 1840 alios
845 1784 944 1839 alienis
963 1784 1054 1839 riom
1075 1783 1185 1840 damnis

444 1879 501 1937 Nos
519 1880 627 1936 uoluere
644 1880 687 1934 dii
704 1884 729 1934 et
747 1893 851 1948 sernper
869 1878 1012 1934 contraria
1031 1884 1097 1932 rota

420 2022 422 2026 .
448 1973 570 2030 Fundere
589 1981 614 2028 et
632 1974 739 2043 eeiquis
757 1986 845 2026 vanas
863 1987 922 2041 spes
940 1986 1051 2041 pascere
1075 1971 1172 2043 siquis.

523 2065 656 2123 Venturae
675 2067 774 2120 isicem
792 2065 898 2135 pecoris
917 2065 1036 2120 didicere
1053 2066 1192 2136 moqielri,

447 2159 513 2217 Cum
533 2161 639 2231 depulsi
657 2160 750 2214 oriurs
768 2162 918 2228 properant
937 2158 975 2212 ad
994 2158 1101 2229 patula
1125 2160 1211 2229 setus,
1329 2208 1332 2213 .

447 2255 629 2326 Laniqerique
647 2255 725 2310 duces
743 2254 849 2325 pecoris
868 2268 929 2308 cum
947 2253 1066 2321 sortibus
1085 2256 1166 2326 aquis
1350 2267 1360 2286 ·

445 2348 543 2407 Inniai
560 2351 667 2421 qemino
686 2348 783 2403 ludunt
800 2362 850 2417 per
871 2347 992 2417 compita
1017 2362 1103 2403 cornu

446 2443 626 2512 Hirsutosque
643 2442 722 2512 pedes
742 2440 827 2495 nsulto
847 2455 908 2495 cuns
925 2440 1036 2511 puluere
1058 2441 1182 2511 iactant,

447 2534 589 2607 Corniqeri
607 2537 685 2590 binos
704 2535 844 2597 tutores,
865 2539 996 2604 qualluor
1015 2536 1098 2607 aqni:

447 2631 500 2688 Aut
519 2631 567 2686 uli
585 2632 643 2686 iane
662 2644 722 2684 sero
740 2629 871 2698 processit
893 2626 990 2698 Vesper
1010 2624 1141 2701 Olpospo,

444 2725 530 2783 Inoiti
546 2724 684 2780 eubulum
701 2730 823 2794 repetunl
842 2728 922 2793 atque
941 2723 1023 2778 odoia
1045 2730 1163 2795 carpunt

447 2817 583 2877 &ansino
603 2835 651 2874 nec
669 2818 766 2872 missos
784 2823 882 2873 curant
901 2818 931 2871 in
951 2822 1028 2889 terqa
1051 2818 1172 2889 lapillos.

447 2911 533 2984 Saepe
551 2914 634 2968 etiam
653 2913 798 2967 instantem
817 2913 946 2967 minitari
965 2913 1029 2968 diro
1050 2913 1200 2984 procellam

446 3008 592 3064 tluricolae
609 3009 723 3063 docum
743 3007 838 3077 iores,
859 3022 920 3062 cuns
939 3007 1042 3078 linqere
1060 3014 1166 3064 leniant

446 3102 603 3158 Posteriora
619 3103 718 3172 peduns
736 3101 842 3173 qlodris
860 3103 976 3173 oestiqs'a
999 3102 1116 3174 linquis,

446 3195 500 3253 Aut
519 3198 645 3252 destrues
662 3197 693 3250 in
711 3195 819 3251 slaiulo
836 3202 941 3265 ponunt
960 3196 1050 3252 lalus.-
1071 3198 1145 3253 lsisee
1163 3197 1304 3270 rnaqistris

447 3288 541 3348 Stiooe
558 3306 626 3361 opus
643 3292 780 3360 inceptum
799 3290 889 3360 differt
907 3289 1054 3361 tonqaeous
1074 3297 1182 3347 arator.

447 3382 533 3455 Saepe
551 3385 634 3440 etiam
653 3383 764 3438 insolito
782 3384 889 3453 muqitu
906 3399 1011 3454 pascua
1030 3386 1178 3456 complent,

447 3476 513 3535 Cum
531 3478 641 3533 stabula
660 3485 685 3534 et
702 3483 781 3533 notos
800 3485 923 3548 repetunt
942 3486 1068 3535 arenenta
1090 3487 1213 3551 penates,

447 3573 615 3643 Floridaque
633 3575 737 3629 inuitae
755 3573 904 3644 linquentes
923 3581 1008 3644 prata
1026 3576 1156 3632 iuuencae

445 3667 514 3725 Ante
532 3670 606 3736 [eras
625 3670 738 3738 eupiunt
756 3673 873 3722 ventrem
891 3675 1030 3724 saturasse
1047 3669 1197 3739 procellas:

444 3763 500 3822 Nec
519 3764 585 3819 leuis
604 3763 691 3819 ilices's
708 3763 825 3818 ninnium
844 3779 931 3832 capra
949 3764 1042 3819 dedita
1064 3767 1153 3820 ramis
1236 3836 1240 3841 -

446 3856 523 3915 Suda
541 3864 648 3921 monci,
671 3856 756 3911 mullo
774 3871 822 3912 nec
840 3858 1008 3926 circumfuso
1027 3858 1084 3913 luto
1102 3875 1158 3915 sus.

445 3951 478 4011 Si
496 3969 585 4008 seeurs
604 3952 634 4006 in
655 3953 760 4021 campis
786 3951 870 4007 ululet
887 3953 1013 4023 solusque
1031 3960 1151 4024 pererret

444 4047 521 4104 Aroe
539 4048 634 4119 iqnola
654 4045 753 4115 lupus,
777 4060 856 4115 quesn
875 4046 940 4102 dira
958 4049 1044 4119 eotqit
1065 4055 1182 4120 spectas,

442 4142 505 4201 Non
524 4145 612 4198 uitare
626 4140 762 4204 homines,
783 4142 950 4212 propiusque
972 4144 1096 4199 accedere
1121 4146 1210 4200 suasit

442 4234 568 4294 Mendieo
583 4237 702 4291 similent
720 4239 745 4290 et
765 4235 878 4306 dipnasn
897 4238 1056 4307 conquirere
1074 4240 1230 4308 praedans,

444 4330 550 4386 Tertius
570 4331 711 4400 aequoreis
729 4343 792 4386 curn
812 4335 902 4401 surqet
922 4328 1033 4400 lucifer
1052 4333 1151 4397 undis,

440 4424 567 4481 Horrida
586 4430 727 4494 tempestae
743 4426 845 4481 instat:
870 4426 911 4480 sic
931 4433 1020 4482 cetera
1041 4433 1139 4483 cuncto

445 4510 572 4590 Ventique
589 4520 750 4590 pluuiaeque
768 4528 793 4575 el
812 4537 910 4578 saevae
925 4523 1007 4595 siqna
1024 4524 1161 4593 procellae

439 4613 506 4685 Ipsa
528 4631 671 4685 sequensoe
690 4615 747 4670 dies
767 4622 816 4670 aut
833 4618 915 4672 lertia
935 4620 1041 4690 perlicit
1064 4619 1129 4675 Eos.

442 4706 616 4776 Quinetiam
635 4724 751 4778 paruos,
773 4711 897 4781 despecta
914 4713 1070 4779 animalia,
1096 4730 1187 4770 mures

441 4799 611 4869 Confremere
630 4809 655 4859 et
673 4804 759 4859 lactas
783 4805 856 4859 risos
875 4806 988 4864 ductare
1005 4810 1117 4866 clsoreas

441 4893 540 4951 Usibus
558 4898 646 4952 edocti
661 4912 717 4952 non
736 4904 916 4968 conlempsere
933 4901 1042 4972 priores

439 4985 629 5060 sollicitosque
647 5007 743 5046 canes:
763 4993 870 5062 qemino
889 4995 956 5064 pede
974 5011 1041 5050 nom
1058 4996 1120 5052 solo
1137 5004 1227 5053 terrae

437 5082 510 5139 Dum
530 5085 606 5140 canis
625 5086 751 5153 infestat,
773 5102 871 5141 saevas
888 5091 1068 5158 praenuntiat
1087 5108 1183 5149 auras.

439 5176 514 5234 Tune
531 5181 614 5234 eliam
633 5182 774 5251 aequoreis
792 5184 914 5254 earurqil
934 5200 1031 5240 cancer
1049 5186 1085 5242 ab
1106 5189 1201 5258 undis,

436 5269 517 5327 Solus
533 5280 558 5328 et
577 5275 607 5327 in
629 5276 703 5330 sicca
721 5291 811 5331 secum
830 5279 970 5347 spatiatur
991 5295 1093 5336 arena:

435 5363 503 5421 Inde
522 5367 617 5421 domus
633 5371 702 5424 socii
716 5384 806 5425 mures
823 5388 837 5426 e
857 5372 987 5428 nsollibus
1005 5374 1096 5430 lendis

436 5457 603 5532 Conponunt
620 5465 734 5533 peditus
750 5465 830 5521 lectos
848 5468 1025 5539 pluviamque
1045 5472 1169 5539 suturam

436 5553 619 5627 Venturasque
643 5558 743 5614 lienes
764 5562 883 5630 qaudent
901 5561 1008 5618 eludere
1028 5567 1141 5620 somnis.

432 5647 508 5705 Haec
525 5667 559 5705 ne
577 5653 727 5723 despicias:
748 5656 794 5710 sed
815 5656 924 5728 siqnurn
945 5658 1057 5729 iunqere
1083 5661 1161 5733 siqno

432 5743 497 5799 Esto
515 5760 633 5801 mensor:
654 5749 770 5821 qeminis
788 5765 846 5805 rens
867 5752 1109 5825 proesiqnantibus
1127 5771 1227 5828 unam,

431 5834 496 5912 Spes
514 5840 625 5898 micat:
646 5844 731 5899 ternis
748 5850 813 5899 rato
835 5846 871 5901 sit
895 5846 997 5918 fiducia
1020 5848 1117 5920 siqnis.
