4342 7459
368 1209 371 1218 ’
445 1219 509 1287 ddi
983 1221 1039 1288 DE
1060 1222 1231 1290 LEGIBUS

445 1382 572 1458 vultus,
605 1381 663 1465 qui
689 1378 777 1444 nullo
804 1379 839 1445 in
867 1380 1026 1448 auimrnte
1055 1403 1127 1449 οπο
1156 1390 1284 1469 praeter
1308 1382 1472 1452 bominem
1492 1392 1622 1471 potest.
1655 1385 1785 1456 iudicat

444 1498 566 1554 mores,
593 1477 684 1542 cuius
704 1474 767 1540 rim
789 1473 902 1540 Graeci
922 1483 1058 1554 norunt,
1086 1497 1205 1544 nomen
1233 1477 1363 1544 omniuo
1390 1498 1457 1545 uon
1482 1479 1612 1546 want.
1658 1481 1783 1552 omres

445 1571 698 1658 opportunitates
719 1567 968 1654 habilitatesque
988 1570 1109 1655 reliqui
1129 1572 1290 1655 corporis,
1310 1571 1561 1640 moderationem
1583 1575 1686 1654 πώ,
1706 1597 1783 1644 ora-

442 1665 540 1731 tionis
560 1664 635 1737 rim,
657 1681 742 1746 quae
762 1662 962 1728 conciliatrix
984 1671 1034 1728 est
1046 1664 1204 1731 humanae
1219 1666 1355 1730 maxime
1368 1668 1548 1746 meientisp
1569 1689 1678 1755 usqu
1691 1672 1781 1738 sain

418 1761 551 1830 somnia
571 1765 646 1822 sunt
665 1755 762 1820 buius
784 1755 1011 1841 disputationis
1032 1778 1071 1824 ac
1092 1760 1244 1844 temporis
1265 1767 1299 1824 et
1318 1760 1405 1826 bunc
1418 1761 1524 1827 locum
1539 1763 1633 1840 satis,
1647 1763 1780 1831 utmibi

442 1854 584 1928 ridetur,
611 1850 645 1914 in
672 1849 713 1913 iis
741 1848 847 1924 libris,
876 1851 1126 1935 praelegistis,
1155 1854 1315 1938 expressit
1340 1853 1460 1940 Scipio.
1510 1857 1602 1922 Nunc
1620 1859 1779 1944 quomam

442 1948 622 2020 bominem,
650 1942 738 2028 quod
760 1943 948 2030 principium
970 1946 1165 2030 reliquarum
1187 1967 1293 2012 reru·
1322 1968 1394 2014 esse
1414 1948 1531 2026 noluit,
1556 1953 1726 2035 generarit
1746 1959 1779 2018 at

442 2041 568 2107 ornarit
586 2039 682 2111 deus,
704 2038 907 2121 perspicuum
929 2039 973 2103 sit
992 2039 1090 2115 illud,
1111 2061 1152 2106 ne
1174 2043 1282 2108 omnia
1303 2042 1513 2119 disserantur,
1532 2044 1637 2128 ipsam
1659 2067 1721 2132 per
1741 2067 1777 2114 re

441 2144 586 2201 natumm
614 2131 742 2215 longius
768 2130 933 2215 progredi:
964 2153 1048 2218 quae
1078 2134 1175 2198 etiarn
1204 2135 1294 2201 nullo
1323 2136 1461 2202 docente
1489 2137 1634 2222 proiecta
1661 2140 1705 2204 sb
1725 2139 1777 2216 iis,

403 2249 578 2317 eoquorum
605 2245 647 2290 ex
674 2226 774 2310 prime
803 2233 836 2289 et
860 2225 1010 2292 inchoata
1030 2227 1250 2312 intellegentia
1271 2249 1391 2316 genera
1410 2231 1580 2315 cognorit,
1606 2231 1777 2300 matr-a

441 2327 513 2410 ipsa
533 2343 592 2409 per
612 2341 648 2387 se
669 2321 826 2385 radonem
847 2327 879 2384 et
900 2318 1034 2406 perlicit.

526 2419 580 2481 x:
598 2412 650 2478 28.
680 2413 742 2476 Att.
771 2413 811 2478 lli
831 2414 1034 2490 inmortales,
1062 2435 1159 2500 quam
1180 2425 1215 2482 tu
1237 2414 1331 2502 louge
1352 2417 1432 2484 iuris
1452 2418 1611 2505 principie
1630 2420 1772 2506 repetisl

441 2521 539 2598 atque
559 2511 621 2586 ita,
649 2515 686 2572 ut
705 2526 766 2591 ego
787 2526 853 2571 nou
874 2508 971 2573 modo
998 2508 1039 2573 ad
1066 2507 1123 2572 illa
1142 2528 1208 2574 nou
1228 2529 1417 2596 properem,
1445 2531 1528 2597 quae
1548 2515 1774 2600 empectabr·

440 2615 513 2672 nte
536 2604 577 2669 de
599 2602 669 2667 iure
691 2599 797 2675 cirili,
825 2600 882 2666 sed
909 2599 1002 2666 facile
1028 2603 1133 2687 patiar
1160 2611 1193 2668 te
1219 2602 1306 2669 bunc
1333 2604 1418 2670 diem
1445 2605 1497 2670 rel
1524 2615 1627 2672 totum
1652 2609 1689 2674 iu
1710 2609 1774 2676 iste

404 2717 588 2770 srsermoue
610 2713 815 2761 consumere:
851 2703 928 2760 sunt
948 2696 1033 2760 enim
1055 2695 1137 2761 baec
1157 2697 1294 2774 maiora,
1322 2717 1408 2783 quae
1433 2699 1569 2765 aliorum
1590 2720 1689 2768 crura
1708 2702 1776 2770 tor·

441 2803 526 2861 tasse
554 2787 780 2874 conplecteris,
812 2809 906 2873 quam
934 2791 1004 2876 ipsa
1031 2791 1104 2865 illa,
1133 2811 1271 2876 quorum
1299 2794 1379 2858 brec
1410 2811 1504 2858 ceusr
1532 2803 1773 2879 praeparantur.

439 2890 483 2956 bt.
506 2888 588 2952 Sunt
607 2885 686 2950 baec
707 2883 840 2968 quidem
860 2903 990 2968 magna,
1021 2905 1105 2970 quae
1125 2905 1210 2950 nunc
1230 2885 1369 2951 breviter
1388 2887 1605 2971 attingantur,
1626 2887 1687 2954 sed
1706 2910 1775 2956 οι·

440 2984 539 3057 nium,
560 2998 643 3065 quae
663 2977 698 3041 iu
719 2976 884 3042 bominum
907 2977 1076 3044 doctorum
1099 2979 1314 3063 disputatione
1335 2990 1512 3058 versautur,
1533 2981 1615 3048 uibil
1632 2991 1686 3050 cst
1699 3005 1774 3070 prc-

439 3077 525 3142 iecto
557 3070 780 3158 praestabilius
813 3091 910 3156 quem
940 3074 1036 3159 plane
1068 3073 1211 3156 intellegi
1244 3092 1302 3138 noa
1333 3074 1375 3137 sd
1402 3074 1556 3142 iustitium
1582 3096 1656 3142 esse
1681 3087 1774 3144 uates

401 3190 545 3256 „neque
574 3166 741 3251 opinione.
770 3165 827 3230 sed
857 3174 973 3231 natura
1001 3169 1210 3232 coustitutum
1238 3186 1310 3232 esse
1331 3167 1392 3231 ins.
1434 3167 1470 3232 ld
1493 3169 1556 3234 iam
1577 3171 1716 3254 patebit,
1744 3172 1772 3238 sl

439 3263 604 3330 bominum
622 3261 707 3323 iuter
720 3258 808 3344 ipsos
821 3261 1008 3326 societatem
1022 3261 1347 3345 coniurationemque
1361 3264 1574 3346 perspexeris.
1609 3260 1663 3330 2⁹.
1684 3265 1773 3332 liibll

440 3367 489 3423 est
511 3356 596 3421 enim
619 3374 716 3418 unum
738 3353 794 3418 uui
817 3362 880 3419 tam
903 3355 1019 3431 simile,
1036 3363 1101 3420 tam
1119 3374 1191 3438 prr,
1210 3373 1306 3438 quam
1321 3374 1432 3420 omnes
1445 3356 1530 3422 inter
1542 3361 1772 3446 nosmetipsos

439 3470 559 3517 sumus.
603 3446 699 3525 Quod
727 3447 755 3511 si
783 3448 967 3531 depravatio
989 3447 1275 3522 consuetudinum,
1302 3447 1331 3512 si
1352 3448 1538 3534 opinionum
1560 3452 1686 3518 venitm
1704 3472 1772 3518 rsorr

439 3542 677 3609 inbecillitatem
699 3541 877 3605 animorum
900 3550 1067 3626 torqueret
1088 3549 1121 3607 et
1140 3538 1297 3617 llecteret,
1311 3561 1515 3627 quocumque
1529 3545 1707 3629 coepisset,
1719 3545 1770 3612 sui

401 3659 533 3708 mnemo
560 3637 631 3719 ipse
658 3643 722 3699 tum
749 3634 861 3698 similis
889 3645 974 3700 esset
995 3654 1091 3720 quum
1114 3654 1225 3699 omnes
1246 3642 1322 3700 sunt
1342 3635 1496 3700 amnium.
1539 3638 1652 3724 ltaque
1674 3658 1771 3726 quaa·

439 3748 578 3814 cumque
599 3737 649 3792 est
668 3727 809 3792 bominis
831 3727 986 3804 delinitio,
1008 3749 1072 3793 una
1093 3729 1127 3793 iu
1149 3728 1252 3792 omnis
1269 3728 1364 3794 valet,
1406 3725 1458 3794 30.
1480 3729 1576 3808 Quod
1593 3731 1771 3818 argumenti

439 3827 514 3890 satis
536 3830 586 3887 est
606 3822 726 3886 nullam
748 3820 1036 3886 dissimilitudinem
1058 3841 1129 3887 esse
1150 3824 1183 3886 in
1205 3841 1337 3906 genere:
1360 3842 1444 3908 quae
1463 3824 1490 3888 si
1508 3831 1608 3901 esset,
1625 3844 1693 3891 nou
1706 3843 1771 3892 ursr

439 3917 544 3983 omnis
573 3915 717 3980 delinitio
744 3915 931 3980 contineret.
973 3916 1097 3980 Etenim
1126 3916 1226 3992 ratio,
1255 3935 1320 4001 qua
1347 3935 1411 3983 uua
1438 3925 1636 4002 praestamus
1656 3919 1771 3996 beluis,

438 4033 498 4098 per
525 4029 621 4095 quam
650 4010 834 4074 coniectura
855 4010 1014 4085 velemus,
1044 4017 1319 4093 argumentamur,
1350 4009 1525 4077 refellimus
1532 4057 1543 4088 ,
1572 4010 1771 4088 disserimus,

400 4107 624 4179 mconlicimus
646 4104 776 4188 aliquid,
802 4099 1055 4187 [concludimus]
1080 4112 1165 4167 certe
1181 4112 1230 4167 est
1245 4106 1432 4179 communis,
1448 4106 1592 4170 doctrina
1608 4104 1769 4180 differens,

438 4201 581 4267 discendi
611 4199 741 4283 quidem
768 4198 919 4262 facultate
941 4219 1008 4283 par.
1050 4199 1130 4262 Nam
1153 4206 1185 4261 et
1205 4199 1351 4263 sensibus
1374 4199 1484 4263 eedem
1507 4201 1614 4265 omnia
1636 4221 1770 4286 conpre-

437 4296 635 4369 hendantur,
665 4302 698 4357 et
720 4312 775 4367 ee,
805 4312 888 4375 quae
911 4300 1039 4355 movent
1059 4311 1188 4367 seusus,
1210 4292 1321 4356 itidem
1345 4303 1474 4358 movent
1494 4295 1649 4371 omnium,
1672 4313 1771 4379 quaa·

437 4411 499 4474 que
521 4392 554 4453 in
577 4388 690 4451 animis
713 4386 937 4470 inprimuntur,
960 4387 1000 4449 de
1024 4385 1141 4469 quibus
1156 4395 1229 4449 aute
1246 4386 1324 4462 dixi,
1339 4387 1505 4452 inchoatae
1519 4388 1769 4473 intellegentiae,

437 4483 583 4547 similiter
615 4482 649 4545 in
682 4479 829 4544 omuibus
858 4480 1094 4562 inprimuntur,
1126 4478 1347 4565 interpresque
1379 4482 1495 4546 mentis
1527 4482 1631 4547 oratio
1663 4483 1769 4548 verbis

503 4795 526 4843 t.
545 4791 642 4842 bomine
658 4790 688 4850 Β,
705 4783 845 4839 mainil
867 4814 895 4824 -
919 4789 945 4838 2.
962 4800 1044 4838 mores
1061 4800 1114 4839 om.
1129 4787 1149 4838 0
1166 4801 1227 4839 curn
1246 4800 1299 4838 uuo
1317 4785 1422 4839 Gadi.
1443 4814 1465 4824 -
1489 4788 1579 4852 quoius
1595 4790 1651 4843 llll
1667 4818 1703 4831 -
1718 4793 1769 4843 sah

436 4867 458 4920 ll
475 4882 535 4933 sup.
548 4866 594 4919 lin.
615 4892 641 4902 ·-
662 4860 1146 4921 intermestlutabentrinree.
1170 4890 1198 4901 -
1222 4864 1515 4926 semicintiarum!
1535 4863 1663 4917 -best
1678 4867 1769 4920 omli

436 4941 661 4993 -nrasimaelts
687 4964 714 4976 -
741 4938 914 4988 enimomll
942 4963 968 4974 ·-
996 4932 1204 4989 b.csttrssli¹-·
1231 4937 1432 4989 mitisdetrsrll
1459 4963 1486 4975 -
1513 4938 1768 4995 ΗΜΘ-7.

433 5019 503 5069 coiri
518 5018 600 5067 homo
617 5015 713 5065 doctus
730 5013 820 5064 nescio
838 5013 897 5077 quie
915 5013 941 5063 in
958 5011 1024 5063 bibl.
1043 5011 1133 5078 philol.
1152 5014 1222 5079 Lips.
1242 5014 1305 5063 ⁴779
1323 5014 1422 5065 Tomi
1440 5015 1468 5064 et
1483 5014 1554 5065 bale
1582 5041 1610 5052 -
1637 5017 1769 5081 pssunt

434 5089 761 5150 etlt.seditetinres.
781 5114 808 5125 —
836 5089 860 5139 9.
880 5088 1002 5139 abiise
1031 5116 1059 5126 -
1088 5086 1259 5153 idealill
1280 5115 1306 5125 -
1326 5089 1553 5140 incontami-
1573 5090 1769 5158 tl.stpespteit

434 5170 457 5220 Α
473 5181 533 5232 sup.
545 5166 590 5217 lin.
609 5166 625 5215 ἰ
643 5178 678 5215 m.
697 5164 865 5225 seductore,
883 5169 907 5214 et
921 5164 1024 5226 perfecit
1040 5159 1070 5214 Βι
1098 5188 1124 5200 -
1154 5165 1195 5215 te.
1213 5164 1249 5214 dii
1266 5165 1317 5214 CO
1335 5189 1363 5200 -
1381 5165 1492 5214 immori.
1511 5163 1532 5212 Ο
1549 5188 1578 5199 -
1597 5171 1706 5226 ρωποι
1722 5167 1766 5218 lit:

434 5249 532 5306 quanto
548 5239 586 5301 13¹,
605 5236 847 5305 quamamtlt’ll'
871 5264 897 5275 -
926 5238 965 5289 ⁴3.
983 5237 1127 5300 spectabam
1143 5235 1173 5289 13¹
1201 5265 1228 5275 -
1255 5240 1296 5289 46.
1314 5239 1394 5303 conpi.
1414 5237 1494 5289 llllO
1522 5264 1549 5275 -
1578 5238 1619 5290 48.
1638 5241 1768 5292 &ctam

433 5318 597 5370 toninamo
624 5342 651 5352 -
678 5312 847 5377 disputationi
865 5314 910 5364 ΑΒ
932 5342 953 5350 -
981 5313 1055 5363 nilA
1082 5340 1110 5349 -
1137 5313 1553 5376 recommendationem
1568 5319 1605 5365 set
1621 5317 1653 5367 Αι
1672 5344 1700 5355 -
1719 5331 1768 5370 οπο

433 5397 455 5444 Α
472 5407 532 5458 sup.
545 5392 590 5443 lin.
610 5415 638 5428 -
658 5390 751 5439 sidiam
761 5386 790 5439 B¹
809 5415 838 5427 -
855 5389 897 5439 rt.
915 5390 1024 5438 tornines
1040 5389 1059 5438 Β
1078 5414 1107 5425 -
1126 5389 1324 5438 contemtionem
1340 5389 1395 5450 ΑΒ,
1415 5389 1485 5439 unde
1502 5390 1643 5454 suspicere
1659 5397 1684 5444 ct
1699 5395 1766 5446 cersi

432 5495 466 5507 -
482 5469 523 5519 23.
540 5464 741 5517 consuetudinem
758 5464 823 5513 e¹n¹
842 5488 869 5499 —
888 5464 1028 5526 opinionem
1044 5462 1075 5513 ll¹
1095 5488 1122 5498 -
1146 5460 1188 5513 il.
1206 5461 1263 5512 imb.
1283 5463 1332 5513 rto
1351 5488 1378 5499 -
1398 5466 1621 5528 praemoneret,
1639 5467 1766 5531 seems

434 5569 461 5580 -
481 5545 583 5606 cepisset
599 5540 650 5591 ΒΗ
670 5565 696 5575 -
722 5539 763 5588 25.
781 5544 839 5587 sant
856 5538 888 5589 C:
908 5536 1003 5601 [essent]
1021 5537 1051 5596 0,
1068 5542 1126 5586 sant
1144 5534 1195 5588 del.
1209 5536 1301 5589 anb.
1323 5564 1350 5574 -
1374 5538 1414 5591 26.
1433 5538 1553 5589 omisso
1573 5566 1601 5577 -
1620 5543 1683 5604 qaid
1697 5542 1766 5596 mr

435 5644 462 5657 -
482 5620 523 5670 tl.
541 5630 592 5668 esse
606 5617 634 5666 tn
650 5617 765 5678 inpenere
782 5613 802 5663 B
821 5640 848 5650 -
867 5613 908 5663 28.
927 5614 1046 5662 omnesO
1070 5638 1097 5648 -
1123 5612 1164 5662 29.
1182 5614 1320 5677 resedimus
1337 5612 1366 5664 Βι
1386 5640 1412 5652 -
1431 5614 1472 5664 30.
1491 5627 1523 5664 ac
1538 5615 1720 5677 concisdism,
1738 5621 1766 5670 ut

433 5698 474 5747 est
491 5696 516 5744 in
534 5693 578 5744 ed.
598 5691 714 5748 Veneta.
737 5687 853 5740 malebat
870 5690 991 5741 lloserus
1007 5687 1171 5752 suffragante
1189 5688 1282 5746 belim
1308 5686 1386 5739 nobis
1402 5689 1491 5754 potius
1507 5689 1679 5742 mnetadisrra
1693 5689 1766 5757 gloa-

433 5782 506 5821 semu
524 5769 558 5818 ed
575 5782 617 5818 vv.
636 5767 779 5831 conticitum
795 5765 892 5828 aliquid
914 5763 1049 5815 adiectum
1072 5764 1187 5814 videtur.
1215 5790 1244 5803 -
1272 5764 1312 5814 tt.
1331 5765 1466 5828 sompno
1493 5790 1521 5801 -
1548 5764 1589 5817 32.
1606 5766 1694 5818 duan
1710 5767 1766 5820 ΑΒ,

433 5843 661 5906 (sediuAttiln
680 5842 758 5905 resi:
785 5841 861 5891 tidern
883 5837 944 5892 B¹ll
969 5867 1002 5878 -
1026 5838 1067 5889 33.
1085 5838 1240 5891 incbataeli
1267 5865 1295 5876 -
1323 5837 1364 5891 ti.
1382 5839 1764 5910 mepmumasrtsr,

431 5920 609 5999 interpresfcq;
625 5918 714 5970 menis
730 5918 765 5980 Β,
786 5916 908 5987 interme
924 5914 1075 5987 menimis
1092 5909 1134 5966 11¹.
