4342 7459
697 1269 765 1333 nn.
786 1266 826 1330 11.
854 1266 927 1331 cu.
950 1265 1197 1330 xxi-xxm.
1222 1260 1268 1349 sp
1290 1260 1434 1327 ia-ct.
1540 1347 1543 1354 Δ
1665 1256 1728 1326 aec

493 1428 699 1513 Conqueri
720 1427 917 1491 fortunam
940 1426 1158 1502 adversam,
1179 1413 1254 1488 n‘on
1276 1424 1492 1489 lamentari
1514 1423 1643 1499 decet3

491 1522 533 1585 ld
556 1522 637 1586 riri
659 1530 723 1585 est
745 1520 945 1584 officium:
972 1520 1099 1584 fletus
1122 1519 1311 1584 muliebri
1332 1520 1495 1601 ingenio
1517 1518 1685 1583 additus.

408 1616 511 1680 liuius
541 1616 639 1680 animi
668 1635 740 1699 pars
767 1616 823 1679 illa
849 1616 973 1678 mollior
997 1615 1111 1677 rationi
1139 1614 1184 1677 sic
1206 1613 1326 1697 paruit,
1356 1620 1393 1676 ut
1413 1631 1523 1676 severo
1545 1612 1727 1694 imperatori

409 1710 499 1773 miles
519 1710 653 1795 pudens.

492 1805 596 1867 xxti.
618 1798 669 1864 54.
689 1804 726 1865 Iu
748 1821 812 1888 quo
833 1820 907 1864 vero
930 1800 990 1863 erit
1010 1799 1147 1884 perlecta
1169 1800 1332 1883 sapientia,
1355 1820 1449 1883 quem
1469 1799 1573 1864 adbuc
1587 1820 1644 1863 nos
1659 1800 1752 1883 qui-5

408 1897 480 1961 dem
502 1897 638 1962 vidimus
659 1898 833 1969 neminem,
857 1894 913 1958 sed
936 1893 1197 1977 pbilosophorum
1218 1892 1385 1958 sententiis
1407 1894 1509 1976 qualis
1531 1894 1583 1957 bic
1603 1893 1730 1958 iuturus

408 1992 461 2064 sit,
491 1992 519 2055 si
547 1989 641 2054 modo
663 1991 835 2073 aliquando
856 1988 967 2057 fuerit.
997 1987 1182 2071 exponitur:
1212 1988 1356 2071 inigitur
1377 1988 1443 2050 sive
1466 2007 1503 2051 ea
1525 1989 1619 2062 ratio,
1647 2007 1730 2072 quae

407 2083 467 2147 erit
492 2086 526 2147 in
553 2104 592 2148 eo
619 2084 757 2166 perfecta
779 2092 875 2166 atque
896 2082 1058 2154 absoluta,
1086 2083 1131 2143 sic
1151 2081 1198 2144 illi
1220 2082 1301 2164 parti
1323 2081 1492 2165 imperabit
1512 2074 1667 2156 inferiori,
1695 2089 1731 2145 ut

406 2177 511 2241 iustus
535 2196 650 2259 parens
671 2178 778 2261 probis
800 2173 888 2239 filiis:
912 2184 989 2238 nutu
1012 2174 1097 2258 qnod
1113 2173 1199 2238 volet
1217 2171 1374 2246 conficiet,
1396 2174 1485 2237 nullo
1500 2172 1621 2250 labore,
1643 2175 1731 2239 nulle

408 2270 570 2344 molestia3
592 2272 692 2353 eriget
713 2272 781 2353 ipse
803 2291 852 2341 se,
875 2269 1054 2341 suscitabit,
1076 2270 1227 2343 instruet,
1249 2268 1399 2343 armabit,
1423 2276 1458 2331 ut
1472 2274 1632 2352 tamquam
1646 2266 1767 2330 bostiio

408 2365 452 2427 sic
473 2364 607 2427 obsistat
629 2365 738 2428 dolori.
776 2365 866 2439 Quae
888 2370 961 2425 suut
982 2362 1042 2424 ista
1064 2364 1175 2426 armai
1197 2362 1378 2436 contentio,
1401 2361 1598 2425 confirmatio
1612 2381 1731 2425 sermo·

408 2478 469 2540 que
491 2460 648 2533 intumus,
671 2478 743 2521 cum
765 2458 833 2538 ipse
857 2475 980 2518 secum:
1006 2455 1108 2517 «eave
1130 2462 1222 2538 turpe
1244 2456 1429 2538 quicquam,
1451 2455 1644 2538 languidum,
1666 2474 1730 2518 uon

407 2552 534 2615 virile».
570 2549 620 2613 52.
643 2552 858 2615 Obversentur
884 2548 1006 2631 species
1033 2550 1186 2612 honestae
1209 2549 1294 2612 viro:
1316 2551 1401 2612 Zeno
1424 2559 1619 2632 proponatur
1640 2549 1731 2613 Elea·

407 2652 471 2719 tes,
501 2645 557 2730 qni
582 2664 750 2730 perpessus
772 2655 820 2707 est
842 2644 946 2706 omnia
968 2643 1073 2726 potius
1096 2662 1190 2725 quam
1213 2644 1357 2706 conscios
1379 2642 1533 2707 delendae
1555 2642 1730 2727 tyrannidis

408 2738 582 2813 indicaret3
606 2741 645 2803 de
667 2737 854 2801 Anaxarcho
877 2736 1066 2799 Democritio
1089 2736 1260 2819 cogitetur,
1283 2737 1339 2817 qui
1361 2757 1433 2798 cum
1455 2737 1547 2821 Cypri
1566 2738 1598 2799 in
1620 2751 1768 2799 manusin

407 2832 626 2896 Nicocreontis
647 2833 731 2915 regis
752 2830 926 2903 incidisset,
946 2827 1066 2892 nullum
1083 2849 1183 2911 genus
1201 2830 1350 2912 supplicii
1365 2830 1551 2912 deprecatus
1565 2840 1612 2895 est
1626 2850 1732 2916 neque

407 2928 574 2989 recusavit
613 2926 749 2990 Calenus
780 2923 892 2996 lndus,
924 2925 1072 2987 indoctus
1103 2945 1140 2987 ac
1168 2924 1333 2998 barbarus,
1367 2926 1398 2987 in
1421 2925 1579 2989 radicibus
1603 2925 1733 2989 Caucasi

408 3028 511 3093 natus,
534 3039 591 3082 sua
606 3020 768 3082 voluntate
783 3019 873 3081 vivus
889 3018 1071 3080 combustus
1088 3026 1144 3080 est.
1166 3019 1241 3090 Nos,
1257 3018 1284 3079 si
1299 3038 1357 3099 pes
1371 3018 1544 3092 condoluit,
1559 3020 1586 3081 si
1601 3018 1690 3093 dens,
1705 3019 1732 3081 si

407 3120 524 3176 tactum
554 3113 665 3177 dolore
686 3132 815 3194 eorpus,
842 3110 923 3173 ferre
946 3131 1011 3174 uon
1034 3131 1210 3195 possumus.
1256 3109 1373 3192 Opinio
1398 3119 1446 3174 est
1470 3112 1553 3175 euim
1575 3111 1733 3195 quaedam

408 3208 589 3271 effeminata
616 3227 653 3270 ac
682 3207 760 3269 levis
784 3226 842 3268 nec
865 3206 897 3266 in
921 3205 1031 3267 dolore
1053 3206 1152 3286 magis
1175 3224 1269 3287 quam
1292 3204 1401 3281 eadem
1424 3205 1646 3289 inuoluptate,
1669 3219 1770 3286 quatu

409 3320 481 3365 cum
513 3301 716 3384 liquescimus
745 3300 937 3382 fluimusque
968 3298 1115 3372 mollitia,
1142 3300 1211 3379 apis
1234 3298 1377 3361 aculeum
1400 3298 1468 3361 sine
1491 3298 1628 3361 clamore
1649 3296 1734 3360 ferre

410 3413 474 3457 non
504 3414 683 3478 possumus.
727 3391 778 3456 53.
800 3396 841 3456 At
862 3413 937 3456 vero
961 3392 993 3455 C.
1017 3393 1152 3465 Marius,
1180 3393 1358 3455 rusticanus
1386 3392 1452 3466 vir,
1480 3392 1536 3455 sed
1559 3392 1652 3476 plane
1674 3392 1733 3465 vir,
1835 3475 1839 3481 ³

409 3507 478 3551 eum
501 3496 679 3563 secaremr,
700 3496 736 3551 ut
757 3506 852 3570 supra
875 3486 956 3561 dixi,
978 3486 1135 3568 principio
1155 3487 1254 3549 vetnit
1273 3506 1307 3549 se
1322 3486 1462 3569 alligari,
1485 3505 1544 3551 nec
1565 3487 1733 3571 qnisquam
1799 3477 1803 3483 ’

410 3590 482 3645 ante
505 3584 638 3646 blarium
662 3582 783 3647 solutus
807 3581 923 3643 dicitur
943 3602 1013 3644 esse
1035 3588 1150 3644 sectus.
1188 3580 1251 3643 Cur
1279 3600 1353 3663 ergo
1384 3588 1494 3663 postea
1515 3581 1594 3644 aliii
1628 3580 1735 3644 Valuit

408 3677 590 3740 auctoritas.
624 3676 764 3738 Videsne
785 3675 883 3757 igitur
903 3675 1061 3757 opinionis
1077 3694 1163 3747 esse,
1184 3694 1250 3736 non
1265 3682 1396 3739 naturae
1411 3675 1551 3738 malumi
1575 3675 1615 3736 Et
1629 3682 1771 3738 tamense

408 3765 507 3833 fuisse
535 3789 639 3833 acrem
666 3790 804 3833 morsum
826 3768 946 3832 doloris
968 3768 1052 3831 idem
1074 3768 1192 3831 Marius
1215 3768 1372 3845 ostendit3
1400 3789 1471 3832 crus
1494 3769 1577 3832 enim
1599 3767 1733 3832 alterum

409 3880 473 3924 non
494 3863 650 3945 praebuit
687 3865 735 3926 lta
756 3870 787 3925 et
809 3863 882 3925 tulit
903 3862 1043 3926 dolorem
1065 3870 1101 3925 ut
1122 3862 1171 3925 vir
1191 3870 1224 3925 et
1244 3870 1279 3926 ut
1291 3862 1388 3926 homo
1402 3863 1553 3947 maiorem
1567 3861 1650 3925 ferre
1664 3861 1734 3924 sine

410 3972 505 4018 causa
527 3957 706 4020 necessaria
727 3956 840 4019 noluit.
872 3957 985 4019 Totum
1001 3956 1098 4037 igitur
1112 3957 1145 4019 in
1160 3976 1198 4019 eo
1213 3965 1276 4031 est,
1297 3964 1333 4020 ut
1347 3956 1405 4020 tibi
1420 3956 1569 4041 imperes.
1602 3952 1734 4019 Ostendi

408 4055 515 4111 autem
538 4049 626 4132 quod
648 4058 732 4114 esset
754 4049 928 4132 imperandi
955 4067 1068 4131 genus,
1091 4057 1189 4133 atquo
1204 4050 1282 4113 baec
1297 4050 1458 4132 cogitatio,
1481 4050 1558 4135 quid
1573 4051 1735 4133 patientia,

410 4140 486 4222 quid
515 4140 714 4218 fortitudine,
745 4144 820 4228 quid
848 4143 1062 4225 magnitudine
1091 4143 1187 4207 animi
1218 4143 1436 4226 dignissimum
1459 4145 1517 4219 sit,
1544 4165 1610 4208 non
1633 4145 1772 4208 sotumso

409 4234 551 4317 animum
580 4240 771 4321 comprimit,
801 4239 856 4301 sed
885 4238 988 4320 ipsum
1016 4238 1109 4301 etiam
1133 4237 1273 4301 dolorem
1303 4231 1494 4323 nescioquo
1516 4247 1608 4322 pacto
1631 4240 1736 4304 mitio·

408 4347 474 4391 rem
497 4327 583 4392 facit.

494 4423 612 4486 xxiii.
635 4421 686 4487 54.
709 4425 749 4487 Ut
770 4426 854 4487 enim
876 4420 910 4486 fit
924 4427 956 4487 in
972 4425 1110 4506 proelio,
1131 4433 1167 4488 ut
1181 4426 1313 4508 ignavus
1328 4426 1416 4490 miles
1431 4447 1467 4491 ac
1483 4426 1621 4501 timidus,
1643 4428 1736 4491 simul

408 4534 447 4578 ac
469 4515 584 4578 viderit
605 4517 744 4593 bostem,
771 4519 891 4581 abiecto
914 4527 1003 4582 scuto
1025 4517 1127 4601 fngiat
1148 4528 1301 4603 quantum
1323 4521 1423 4602 possit
1444 4521 1485 4584 ob
1507 4541 1639 4604 eamque
1662 4542 1736 4585 cau·

408 4629 475 4672 sam
504 4619 616 4693 pereat
643 4632 707 4675 uon
736 4632 906 4696 numquam
930 4614 1024 4676 etiam
1046 4613 1168 4695 integro
1191 4603 1341 4697 corpore,
1363 4635 1433 4677 cum
1456 4616 1503 4691 ei,
1525 4617 1582 4699 qui
1604 4618 1771 4690 steterit,an

408 4705 489 4768 nibil
520 4705 582 4768 tale
605 4706 762 4781 evenerit,
790 4706 836 4769 sic
858 4706 914 4790 qui
936 4706 1055 4770 doloris
1078 4707 1217 4789 speciem
1238 4708 1320 4773 ferre
1342 4729 1406 4773 non
1433 4718 1567 4792 possunt
1594 4710 1735 4775 abiciunt

474 4991 499 5040 i.
518 4991 610 5040 4444444
625 4988 669 5047 G¹;
688 4992 807 5041 addito'st
823 4991 943 5054 Bentley,
958 4994 987 5043 0.
1007 4992 1199 5043 uscribendum
1217 5007 1249 5045 er
1260 4995 1411 5059 archetypo
1423 4995 1530 5046 additia.
1550 5000 1635 5049 Potuit
1646 4999 1736 5049 iterari

407 5069 460 5115 ast:
481 5078 593 5115 necesse
611 5079 664 5116 non
682 5066 754 5116 luit.»
772 5068 815 5117 W.
831 5094 856 5103 -
876 5065 900 5118 4.
917 5069 1011 5128 pudens
1028 5068 1057 5117 G¹
1071 5070 1114 5119 aa:
1131 5069 1241 5131 prudens
1256 5070 1352 5119 644444
1372 5096 1398 5106 -
1418 5071 1441 5120 4.
1460 5083 1519 5121 cero
1536 5071 1660 5135 Bentley:
1678 5074 1735 5122 siro

407 5140 460 5190 CO
478 5166 506 5176 -
526 5139 550 5189 6.
568 5141 681 5190 uidem
698 5142 757 5191 C—
778 5143 818 5191 40.
837 5142 996 5191 memberis·
1013 5143 1032 5192 C
1052 5170 1079 5177 —
1101 5143 1139 5192 43.
1159 5142 1301 5193 mouetur
1318 5144 1377 5194 c-
1396 5144 1569 5196 444444441-
1588 5149 1736 5211 oirol'reg-

406 5214 505 5265 derns:
530 5226 591 5263 uero
609 5215 642 5272 ῦς
666 5217 751 5265 animo
769 5217 805 5275 0;
829 5215 880 5266 del.
900 5217 982 5266 lleine
1001 5217 1034 5266 de
1053 5218 1107 5267 Cio.
1126 5215 1229 5268 Tuscul.
1249 5218 1321 5282 Disp.
1340 5232 1365 5282 p.
1386 5220 1423 5269 44.
1447 5221 1517 5269 noim
1535 5234 1597 5271 oum
1615 5223 1735 5287 emphasi

406 5289 525 5353 quadam
543 5287 643 5340 dictum
661 5293 715 5348 esi,
742 5292 781 5340 vir
798 5294 869 5342 enim
887 5304 920 5341 ne
939 5290 1002 5355 quid
1019 5306 1068 5342 noo
1084 5293 1157 5342 virile
1173 5294 1333 5354 committat,
1353 5292 1479 5356 exemplis
1503 5297 1620 5347 animum
1638 5296 1736 5346 conflr-

406 5377 483 5415 mare
501 5362 609 5413 debet·
628 5365 720 5414 Tusco.
740 5364 779 5415 Ci.
799 5366 830 5429 55
841 5365 882 5415 43.
896 5366 934 5416 ni.
953 5368 985 5416 iv
1003 5366 1072 5430 sii.
1089 5394 1115 5402 -
1136 5366 1175 5417 44.
1195 5368 1318 5417 conemur
1335 5368 1430 5431 (priore
1447 5382 1459 5418 s
1475 5370 1614 5435 expuncta)
1627 5372 1657 5428 G,
1675 5384 1736 5419 coa-

405 5438 473 5487 seim
490 5438 508 5486 ii
527 5440 553 5487 et
570 5441 670 5488 mutata
688 5438 772 5489 littera
789 5454 807 5489 n
823 5442 850 5489 in
868 5453 882 5489 o
899 5440 918 5489 ll
937 5466 963 5476 -
985 5442 1024 5491 44.
1043 5442 1205 5492 maereba
1222 5444 1284 5500 Gli:
1303 5443 1333 5492 de
1348 5445 1479 5493 ooroeeclo
1496 5445 1515 5494 ii
1534 5470 1561 5479 -
1580 5445 1649 5506 cymi
1667 5445 1686 5494 C
1707 5470 1733 5480 -

409 5512 449 5561 44.
469 5513 635 5563 tisnocrsootis
652 5515 687 5572 C;
706 5514 754 5565 sed
772 5515 805 5565 ci.
824 5514 891 5565 Plut.
909 5514 981 5565 Alex.
1000 5516 1041 5565 29.
1061 5517 1133 5579 Diog.
1154 5518 1238 5567 baert.
1260 5517 1302 5579 1x,
1316 5519 1355 5567 44.
1375 5516 1596 5579 interuenit,
1612 5519 1627 5568 3
1645 5522 1696 5569 ext.
1709 5517 1734 5570 l.

409 5611 439 5621 -
457 5598 555 5648 macae
571 5590 708 5638 manauit
725 5592 745 5638 G
762 5614 788 5625 -·
809 5591 847 5640 47.
867 5590 985 5640 whom
1002 5591 1063 5640 C-
1084 5592 1123 5642 44.
1143 5593 1164 5639 ri
1181 5596 1274 5641 tectam
1291 5592 1375 5641 dolore
1391 5594 1423 5659 c.]
1441 5594 1482 5643 ssd
1500 5596 1567 5656 fecto
1584 5599 1636 5643 tum
1653 5594 1737 5643 dolore

409 5662 489 5719 (corr.
505 5674 540 5711 m>
555 5675 609 5712 sec.
624 5664 749 5725 indolere)
762 5678 783 5714 c.
798 5666 832 5723 G;
851 5666 892 5714 sed
907 5662 1003 5726 4444444
1019 5666 1100 5715 dolere
1111 5679 1132 5715 c.
1146 5667 1179 5722 li:
1198 5668 1239 5716 sed
1254 5668 1320 5728 fecto
1334 5671 1387 5716 tum
1398 5668 1479 5718 dolere
1490 5681 1511 5718 c.
1525 5669 1559 5725 B;
1577 5669 1598 5717 si
1613 5668 1737 5730 adfectum

410 5734 464 5783 ullo
482 5736 566 5788 dolore
583 5752 604 5787 c.
618 5738 647 5787 0.
662 5738 759 5796 lleine;
778 5739 799 5786 ri
816 5743 910 5787 tactam
923 5740 948 5788 d.
962 5752 983 5789 c.
997 5745 1033 5789 est
1049 5742 1095 5798 W;
1115 5741 1136 5789 si
1152 5745 1188 5790 est
1204 5746 1325 5791 attactam
1336 5742 1360 5791 d.
1373 5756 1396 5791 c.
1409 5741 1535 5792 Halmius.
1549 5768 1575 5777 —
1595 5741 1636 5791 ti.
1648 5741 1736 5803 liquir-

410 5809 490 5858 mos
508 5810 537 5860 44ι
553 5837 579 5847 -
598 5812 638 5862 at.
653 5812 682 5861 G.
697 5814 803 5872 44444444,
819 5816 961 5863 minaces
975 5816 1024 5875 cir,
1042 5828 1098 5863 eum
1113 5821 1248 5876 senetur,
1264 5817 1389 5879 principio
1399 5817 1475 5866 4444444
1486 5828 1511 5866 ss
1522 5815 1626 5879 44449444
1644 5816 1737 5866 Cbsri-

412 5883 467 5933 sins
485 5895 510 5947 p.
524 5884 581 5945 iit,
596 5886 635 5935 ii.
645 5909 671 5922 -
688 5887 718 5936 G.
732 5888 812 5937 eiiam
824 5888 843 5938 C
858 5914 884 5925 -
904 5888 945 5940 34.
958 5889 988 5937 ob
1000 5902 1080 5952 semp
1092 5902 1197 5939 coccam
1207 5888 1238 5937 11¹
1247 5891 1280 5940 n:
1294 5889 1323 5940 ob
1335 5902 1390 5939 nm
1400 5902 1504 5939 onmem
1515 5891 1587 5949 Gli13
1605 5895 1629 5941 ct
1640 5890 1669 5940 ob
1680 5904 1737 5941 sem

414 5968 518 6008 mm
534 5959 692 6024 Tregderus.
714 5960 768 6012 uei.
781 5961 797 6026 4
809 5961 840 6014 34
857 5961 887 6013 ob
903 5974 1006 6027 sonsque
1020 5976 1082 6015 ren.
1099 5963 1119 6027 i,
1132 5963 1171 6015 44.
1190 5963 1371 6027 Fin.111,tt.·
1388 5962 1431 6016 W.
1449 5960 1516 6015 Vide
1532 5961 1568 6015 ad
1583 5977 1610 6031 p.
1623 5964 1681 6028 tet,
1695 5966 1735 6017 it.
