4342 7459
437 1221 500 1291 dild
973 1224 1027 1288 DE
1050 1221 1220 1287 OFFICIIS

524 1388 608 1450 XIII.
631 1383 682 1448 ii.
705 1383 767 1448 Sed
789 1391 825 1449 ut
844 1383 1009 1458 facillime,
1032 1382 1143 1466 quales
1165 1381 1281 1455 sImus,
1303 1379 1381 1443 tales
1404 1399 1474 1442 esse
1496 1376 1674 1451 videamur,
1696 1374 1760 1439 etsi

439 1486 472 1548 in
495 1503 533 1546 eo
554 1482 624 1565 ipso
645 1480 693 1543 ris
715 1480 850 1543 maxima
873 1486 936 1551 est,
957 1484 993 1539 ut
1014 1478 1113 1540 simus
1128 1476 1166 1550 ii,
1182 1476 1236 1559 qui
1251 1474 1362 1538 haberi
1377 1474 1525 1547 velimus,
1540 1477 1646 1536 tamen
1660 1491 1761 1559 quae-

440 1580 512 1642 dam
541 1584 709 1660 praecepta
738 1573 842 1637 danda
863 1583 947 1637 sunt.
988 1576 1067 1639 Nam
1090 1572 1116 1635 si
1140 1573 1211 1653 quis
1233 1570 1273 1635 ab
1294 1572 1424 1635 ineunte
1446 1574 1548 1635 aetate
1568 1569 1663 1637 habet
1683 1593 1761 1638 can·

442 1692 507 1737 sam
529 1668 722 1733 celebritatis
743 1675 775 1731 et
795 1666 931 1731 nominis
953 1677 1008 1732 aut
1028 1688 1047 1732 a
1069 1675 1158 1751 patre
1180 1674 1350 1748 acceptam,
1373 1665 1458 1749 quod
1481 1666 1549 1740 tibi,
1572 1667 1615 1730 mi
1638 1666 1761 1744 Cicero,

412 1766 574 1831 oarbitror
595 1763 783 1845 contigisse,
805 1768 860 1825 aut
879 1761 987 1844 aliquo
1011 1782 1085 1825 casu
1109 1768 1204 1843 atque
1219 1758 1360 1834 lortuna,
1377 1760 1409 1821 in
1425 1760 1509 1822 hunc
1523 1761 1606 1825 oculi
1621 1762 1761 1827 omnium

439 1858 638 1923 coniciuntur
659 1864 755 1940 atque
775 1856 809 1919 in
832 1876 920 1930 eum,
942 1855 1019 1939 quid
1041 1864 1123 1937 agat,
1146 1873 1241 1937 quem
1263 1853 1302 1915 ad
1326 1855 1453 1917 modum
1476 1854 1570 1928 vivat,
1592 1856 1762 1940 inquiritur

438 1962 490 2027 et,
519 1961 678 2036 tamquam
707 1951 740 2014 in
770 1949 943 2023 clarissima
971 1949 1040 2012 luce
1069 1956 1226 2020 versetur,
1255 1945 1298 2010 ita
1321 1946 1442 2009 nullum
1465 1947 1635 2011 obscurum
1657 1956 1763 2033 potest

419 2036 497 2110 ¹nec
519 2046 637 2110 dictum
659 2045 728 2108 eius
750 2064 821 2107 esse
842 2064 901 2107 nec
923 2040 1049 2106 Iactum.
1092 2038 1143 2103 45.
1170 2040 1311 2114 Quarum
1333 2049 1437 2104 autem
1460 2042 1559 2125 prima
1579 2050 1666 2105 aetas
1688 2062 1762 2126 pro·

438 2140 508 2223 pter
529 2139 735 2204 bumilitatem
764 2145 797 2202 et
825 2137 1046 2200 obscuritatem
1073 2136 1107 2199 in
1134 2134 1297 2198 bominum
1320 2134 1518 2216 ignoratione
1540 2144 1699 2211 versatur,
1726 2137 1761 2211 ii,

400 2234 532 2299 insimul
553 2253 591 2297 ac
613 2233 744 2296 iuvenes
766 2250 836 2295 esse
858 2226 1040 2313 coeperuirt,
1062 2248 1176 2312 magna
1197 2237 1339 2311 spectare
1361 2237 1393 2292 et
1415 2228 1455 2291 ad
1478 2248 1516 2292 ea
1537 2231 1630 2293 rectis
1645 2231 1760 2296 studiis

439 2328 556 2392 debent
576 2326 785 2391 contendere:
807 2321 894 2407 quod
916 2344 956 2387 eo
978 2321 1114 2387 firmiore
1136 2323 1242 2386 animo
1263 2321 1393 2397 facient,
1416 2323 1572 2405 quianon
1587 2325 1681 2389 modo
1695 2346 1761 2390 non

438 2421 599 2485 invidetur
619 2419 664 2484 illi
687 2420 798 2494 aetati,
826 2438 935 2481 verum
958 2417 1053 2481 etiam
1075 2415 1208 2480 lavetur.
1251 2416 1355 2479 Prima
1376 2424 1425 2479 est
1446 2417 1542 2499 igitur
1562 2417 1760 2483 adulescenti

439 2514 670 2580 commendatio
691 2513 731 2576 ad
754 2511 903 2595 gloriam,
925 2512 953 2575 si
975 2530 1039 2593 qua
1060 2531 1102 2574 ex
1122 2510 1245 2574 bellicis
1268 2510 1361 2573 rebus
1383 2511 1559 2592 comparari
1579 2520 1699 2593 potest,
1726 2514 1761 2577 in

439 2628 503 2692 qua
533 2605 622 2671 multi
650 2604 734 2690 apud
764 2606 899 2668 maiores
928 2612 1054 2668 nostros
1083 2604 1289 2679 exstiterunt3
1322 2623 1447 2685 semper
1476 2604 1560 2666 enim
1588 2603 1655 2668 lere
1675 2606 1761 2671 bella

401 2702 639 2784 ingerebantur.
689 2700 758 2763 Tua
785 2706 891 2764 autem
920 2706 1006 2761 aetas
1037 2698 1149 2761 incidit
1175 2696 1208 2760 in
1235 2696 1267 2760 id
1289 2696 1424 2770 bellum,
1454 2697 1545 2760 cuius
1566 2697 1665 2762 altera
1687 2718 1761 2782 pars

439 2794 567 2859 sceleris
597 2794 729 2858 nimium
756 2790 887 2867 babuit,
916 2793 1015 2855 altera
1043 2788 1204 2856 felicitatis
1232 2810 1353 2874 parum.
1397 2789 1469 2866 Quo
1493 2797 1596 2854 umen
1618 2791 1652 2855 in
1674 2792 1759 2858 bello

439 2909 508 2953 cum
525 2895 556 2951 te
569 2887 739 2969 Pompeius
760 2887 829 2951 alae
853 2882 967 2970 [alteri]
991 2885 1205 2970 praefecisset,
1226 2904 1372 2966 magnam
1395 2883 1520 2950 laudem
1543 2893 1576 2949 et
1595 2905 1614 2949 a
1635 2906 1760 2953 summo

439 2984 506 3046 viro
533 2990 566 3045 et
593 2981 634 3045 ab
663 2981 805 3045 exercitu
832 2981 1070 3063 consequebare
1096 2979 1286 3061 equitando,
1313 2978 1496 3053 iaculando,
1526 2980 1611 3043 omni
1633 2981 1763 3047 militari

439 3074 545 3141 labore
567 3073 743 3140 tolerando.
784 3076 889 3157 Atque
918 3094 956 3137 ea
984 3075 1114 3157 quidem
1145 3081 1199 3137 tua
1228 3074 1296 3137 laus
1326 3074 1445 3157 pariter
1472 3093 1543 3136 cum
1570 3093 1605 3137 re
1634 3075 1763 3157 publica

400 3168 565 3232 socecidit.
607 3168 684 3232 blihi
704 3175 811 3231 autem
832 3166 912 3230 haec
934 3166 1036 3231 oratio
1057 3174 1202 3249 suscepta
1224 3187 1290 3230 non
1313 3166 1352 3230 de
1374 3174 1405 3230 te
1427 3174 1485 3240 est,
1507 3163 1563 3229 sed
1585 3166 1624 3231 de
1646 3187 1762 3250 genere

439 3269 525 3326 toto:
559 3281 655 3344 quam
684 3261 725 3323 ob
752 3281 819 3324 rem
845 3279 1012 3344 pergamus
1039 3259 1079 3323 ad
1102 3279 1157 3335 ea,
1187 3280 1268 3344 quae
1290 3267 1419 3324 restant.
1469 3256 1520 3322 io.
1549 3260 1589 3324 Ut
1609 3261 1707 3344 igitur
1727 3264 1761 3327 in
1863 3296 1867 3306 ·

439 3356 571 3439 reliquls
599 3355 694 3418 rebus
722 3354 822 3417 muIto
852 3355 970 3417 maiora
999 3374 1096 3437 opera
1125 3361 1198 3417 suut
1218 3354 1314 3417 animi
1337 3373 1432 3437 quam
1453 3353 1613 3436 corporis,
1636 3356 1682 3420 sic
1703 3377 1762 3423 eae

440 3469 510 3524 res,
540 3468 617 3532 quas
646 3449 776 3531 ingenio
803 3468 840 3512 ac
868 3450 990 3511 ratione
1018 3450 1253 3531 persequimur,
1281 3449 1433 3531 gratiores
1462 3456 1536 3511 sunt
1559 3467 1654 3532 quam
1675 3449 1761 3528 illae,

440 3563 520 3626 quas
543 3542 673 3605 viribus.
716 3543 818 3606 Prima
846 3542 943 3624 igitur
972 3542 1205 3606 commendatio
1235 3538 1444 3624 proficiscitur
1472 3560 1490 3604 a
1513 3540 1668 3606 modestia
1689 3564 1761 3609 cunr

401 3638 558 3720 mpietate
580 3635 612 3697 in
635 3642 795 3717 parentes,
825 3635 858 3698 in
881 3654 956 3698 suos
978 3635 1210 3698 benevolentia.
1253 3634 1423 3697 Facillume
1445 3642 1549 3698 autem
1572 3644 1605 3699 et
1625 3636 1658 3699 in
1680 3637 1764 3719 opti-

441 3748 523 3793 mam
550 3737 671 3812 partem
701 3735 932 3811 cognoscuntur
958 3728 1195 3801 adulescentes,
1226 3730 1279 3811 qui
1307 3749 1341 3791 se
1363 3728 1404 3792 ad
1426 3729 1528 3793 claros
1550 3739 1582 3793 et
1604 3732 1761 3815 sapientes

440 3823 525 3886 rIros
546 3822 627 3887 bene
649 3822 851 3885 consulentes
873 3824 919 3885 rei
940 3822 1085 3904 publicae
1101 3822 1316 3897 contulerunt,
1332 3822 1519 3905 quibuscum
1534 3824 1562 3887 si
1576 3821 1762 3906 frequentes

440 3923 528 3989 sunt,
555 3916 739 3998 opinionem
761 3915 908 3979 adierunt
929 3916 1046 3999 populo
1069 3936 1180 3978 eorum
1201 3915 1271 3979 lore
1293 3936 1326 3978 se
1349 3915 1486 3990 similes,
1511 3935 1592 3999 quoe
1615 3916 1675 3980 sibi
1698 3918 1761 4000 ipsi

440 4007 616 4092 delegerint
636 4010 676 4073 ad
698 4010 894 4073 imitandum.
938 4007 988 4071 ti.
1011 4011 1044 4073 Ρ.
1060 4009 1168 4074 Rutilii
1191 4010 1437 4072 adulescentiam
1459 4007 1499 4071 ad
1521 4011 1706 4091 opini0nem
1730 4019 1763 4075 et

402 4103 641 4168 minnocentiae
669 4111 700 4167 et
726 4104 804 4165 iuris
832 4104 981 4166 scientiae
1011 4105 1045 4165 P.
1069 4102 1167 4165 Mucii
1198 4102 1428 4165 commendavit
1456 4103 1577 4165 domus.
1625 4105 1702 4166 Nam
1726 4106 1762 4168 L.

440 4197 565 4279 quidem
589 4198 737 4269 Crassus,
759 4218 828 4260 cum
851 4205 935 4260 esset
955 4196 1126 4260 admodum
1149 4196 1351 4269 adulescens,
1374 4217 1436 4258 non
1459 4194 1585 4260 aliunde
1602 4206 1763 4263 mutuatus

441 4298 506 4364 est,
535 4289 591 4353 sed
623 4291 682 4353 sibi
712 4291 780 4374 ipse
809 4293 931 4376 peperit
953 4311 1131 4354 maxumam
1155 4291 1280 4353 laudem
1303 4310 1343 4351 ex
1365 4289 1419 4352 illa
1441 4292 1639 4353 accusatione
1661 4293 1762 4358 nobili

507 4580 529 4628 4.
548 4592 632 4629 mmus
649 4591 663 4629 o
682 4605 709 4616 -
734 4579 868 4628 uideamur
883 4590 1011 4629 esseo-
1036 4579 1060 4627 t.
1078 4578 1097 4627 ii
1115 4578 1171 4629 Bb:
1190 4577 1284 4637 bilia,
1303 4578 1369 4640 bijo
1390 4604 1416 4613 -
1442 4578 1465 4627 6.
1485 4578 1599 4639 aequae
1619 4606 1645 4615 —
1665 4580 1689 4630 9.
1709 4584 1763 4644 qut,

440 4656 514 4705 dmul
530 4668 561 4704 oc
577 4656 672 4704 iuvenis
689 4667 738 4704 esse
754 4658 899 4716 coeperant,
917 4667 1012 4715 mogon
1028 4658 1139 4714 mertare
1155 4657 1229 4713 utque
1245 4653 1279 4701 od
1295 4667 1326 4702 cu
1339 4679 1354 4689 -
1364 4679 1378 4688 -
1390 4654 1535 4702 contendere
1551 4655 1650 4704 Nonius
1667 4668 1692 4718 p.
1704 4655 1763 4707 iot.

444 4757 471 4767 -
489 4730 604 4779 bisimul
621 4730 656 4789 Il,
679 4729 856 4791 ausimum
879 4730 910 4778 ila
925 4728 1044 4788 simuib,
1068 4729 1230 4779 dissimula
1253 4752 1280 4763 -
1306 4730 1345 4778 40.
1365 4729 1511 4779 studeo:
1536 4734 1641 4791 atquec
1667 4754 1693 4766 —
1721 4734 1763 4783 44.

440 4805 585 4854 contendere
601 4804 687 4853 debent
703 4816 717 4854 o
736 4829 763 4840 —
786 4804 883 4866 tumeat
899 4816 913 4853 o
932 4829 959 4839 -
986 4818 1036 4852 noa
1051 4802 1152 4851 uidetur
1168 4804 1210 4865 bp
1234 4828 1260 4837 -
1286 4803 1326 4852 44.
1345 4804 1425 4866 igitur
1440 4803 1507 4852 eatb
1527 4827 1554 4838 -
1580 4804 1619 4852 43.
1638 4817 1765 4856 commea-

440 4880 509 4928 dotio
526 4880 672 4928 adolescenti
689 4892 703 4929 c
725 4906 750 4915 -
769 4881 790 4928 si
807 4893 854 4941 que
869 4892 902 4929 ex
919 4892 933 4929 o
952 4905 978 4914 —
1000 4880 1039 4927 ti.
1058 4879 1132 4927 ultori
1148 4877 1201 4926 del.
1212 4879 1348 4928 Graculus.
1372 4880 1454 4928 acum
1467 4880 1578 4928 Graevio
1596 4881 1672 4929 omisi
1689 4883 1766 4932 ultori

440 4954 569 5018 probante
588 4953 725 5017 Madvigio.
760 4956 907 5004 Nemeum
926 4954 1027 5017 prlores
1046 4955 1204 5017 interpretes
1226 4954 1320 5003 trustra
1344 4956 1428 5003 artem
1445 4966 1534 5010 suam,
1558 4956 1586 5001 ut
1603 4958 1765 5009 sententiam

439 5030 578 5085 eruerent,
602 5028 799 5086 adhibuissent,
823 5031 959 5093 Zumptius
981 5030 1123 5078 novissime
1147 5042 1207 5077 earn
1229 5027 1369 5092 amplexus
1393 5031 1434 5077 est
1457 5027 1548 5077 lalsam
1566 5029 1711 5089 rationem,
1736 5037 1766 5083 ut

439 5102 542 5153 diceret
559 5103 716 5153 Ciceronem
734 5102 830 5163 filium,
853 5117 966 5167 puerum
989 5103 1109 5152 sedecim
1126 5116 1272 5162 annorum,
1296 5103 1420 5153 dimidiae
1443 5105 1509 5167 perti
1533 5105 1665 5166 equitatus
1683 5109 1765 5159 Pom-

439 5178 526 5242 peIani
544 5178 700 5241 praefuisse.
735 5175 819 5226 Facile
837 5181 959 5241 apparet,
981 5179 1115 5226 neminem
1134 5178 1158 5226 in
1178 5181 1231 5227 tam
1250 5179 1337 5242 Inepta
1356 5180 1571 5242 interpretatione
1589 5185 1764 5242 acquiescere

439 5265 528 5316 posse,
547 5254 575 5301 ut
592 5254 705 5311 taceam,
724 5251 863 5301 dimIdium
881 5254 1026 5315 equitatum
1045 5265 1191 5314 numquam
1209 5254 1348 5316 significari
1367 5253 1556 5318 appellatione,
1576 5267 1643 5315 quae
1662 5260 1702 5305 est
1719 5259 1765 5308 ain

439 5328 529 5377 ultore
559 5327 668 5377 Constat
684 5339 749 5374 vero
766 5327 835 5375 olom
851 5328 999 5389 significare
1017 5329 1119 5390 partem
1137 5326 1251 5389 aliquam
1269 5331 1325 5378 sive
1343 5333 1446 5378 certum
1466 5341 1606 5379 numerum
1626 5333 1762 5394 equitum3

439 5415 503 5464 ergo
516 5403 608 5452 Cicero
626 5399 695 5450 Illius
712 5403 769 5450 sine
787 5400 868 5450 dubio
885 5402 997 5466 praeluit
1014 5400 1070 5451 alae
1089 5400 1165 5450 elicui
1184 5404 1312 5466 equitum,
1332 5417 1399 5465 quae
1418 5404 1530 5465 dIgnitas
1548 5405 1764 5457 Intercenturie-

439 5480 496 5528 tum
518 5480 544 5528 et
566 5477 760 5542 preelecturam
787 5476 898 5527 militum
924 5476 994 5540 opud
1017 5478 1148 5527 Romanos
1174 5477 1263 5526 habita
1289 5479 1353 5527 sotis
1379 5478 1554 5527 contremebat
1576 5493 1659 5542 puero
1681 5480 1765 5534 nobili

439 5554 523 5616 prime
542 5551 691 5602 rudimenta
709 5554 858 5601 castrorum
876 5552 980 5601 lacienti
999 5556 1136 5615 tamquam
1154 5554 1300 5615 auspicatio
1313 5553 1428 5605 milltiae.
1451 5555 1489 5604 ci.
1503 5556 1610 5604 Sucton.
1625 5552 1717 5603 Claud.
1732 5558 1765 5607 25

439 5631 466 5678 et
483 5627 594 5690 iladvig.
613 5629 710 5690 opusc.
728 5625 810 5676 Acad.
830 5626 840 5676 1
857 5627 925 5690 psit
943 5641 1000 5690 sq.»
1019 5629 1097 5677 Luan.
1120 5651 1146 5663 -
1172 5641 1189 5675 a
1206 5626 1302 5676 om.li¹
1320 5653 1347 5662 -
1373 5628 1411 5677 ta.
1432 5627 1524 5677 oborn
1549 5630 1569 5677 li
1594 5654 1620 5663 —
1645 5629 1766 5681 οηιηὶαο

441 5730 468 5741 -
486 5706 527 5753 2⁴.
548 5704 586 5752 Ilii
602 5703 718 5765 igiturll
740 5728 767 5738 -
786 5702 812 5749 ln
830 5701 902 5750 rebus
919 5702 1021 5762 reliquis
1038 5714 1052 5751 o
1072 5727 1099 5737 -
1119 5702 1159 5752 22.
1178 5701 1252 5751 boec
1272 5729 1299 5738 -
1323 5702 1362 5750 43.
1382 5716 1413 5750 ac
1430 5703 1543 5751 oratioue
1560 5715 1574 5752 o
1594 5729 1620 5737 —
1639 5704 1769 5765 gratiores

439 5777 473 5826 C:
493 5779 625 5841 grauiores
641 5775 692 5827 elii.
713 5803 739 5813 -
759 5776 800 5827 44.
819 5790 876 5825 cum
893 5778 1036 5826 Victorius:
1055 5782 1108 5826 tum
1126 5779 1145 5826 C
1165 5803 1191 5812 —
1218 5778 1257 5826 28.
1277 5778 1416 5838 opinionem
1433 5780 1544 5840 offerunt
1558 5778 1659 5839 populo,
1678 5792 1769 5830 coruos

438 5854 469 5901 rit
485 5853 575 5901 similes
589 5853 656 5916 fore,
675 5866 736 5915 quos
751 5851 797 5901 sibi
813 5853 947 5915 delegarint
963 5854 997 5901 ud
1013 5854 1163 5901 imitandum
1180 5853 1279 5903 Nonius
1296 5866 1322 5916 p.
1334 5852 1389 5903 346.
1417 5878 1443 5887 -
1472 5853 1511 5903 29.
1532 5852 1674 5917 delegerunt
1696 5863 1711 5902 o
1733 5880 1769 5891 -

434 5926 514 5989 publii
524 5926 626 5976 rutilio
645 5951 672 5963 -
692 5927 732 5978 30.
749 5927 822 5976 mutii
838 5927 933 5977 iisne
954 5951 980 5963 -
1003 5926 1044 5977 34.
1063 5927 1197 5977 admodum
1215 5939 1268 5978 om.
1282 5939 1306 5978 c.
