4342 7459
445 1198 509 1265 DLX
749 1215 752 1221 '
940 1202 994 1265 DE
1015 1201 1283 1267 DIVINATIONE

446 1362 554 1425 dixisti
576 1363 608 1425 in
631 1361 727 1425 labris
748 1362 887 1425 Platonis
910 1363 1091 1426 consedisse
1113 1363 1221 1447 pueri,
1243 1383 1308 1427 non
1331 1371 1394 1426 tam
1415 1363 1572 1427 mirabilia
1594 1364 1656 1429 sint
1677 1385 1773 1449 quam

445 1458 589 1520 coniecta
611 1456 715 1531 belle;
743 1476 825 1538 quae
853 1464 958 1519 tamen
985 1457 1035 1520 vel
1062 1458 1132 1539 ipsa
1153 1457 1234 1521 falsa
1255 1478 1326 1522 esse
1348 1458 1398 1520 vel
1422 1478 1475 1531 ea,
1506 1477 1589 1542 quae
1611 1459 1774 1543 praedicta

445 1560 534 1624 sunt,
562 1550 692 1614 fortuito
722 1550 875 1613 cecidisse
897 1558 1076 1632 potuerunt.
1120 1554 1166 1614 De
1188 1552 1258 1636 ipso
1281 1552 1394 1615 Roscio
1418 1558 1522 1635 potest
1542 1552 1622 1615 illud
1643 1553 1774 1637 quidem

445 1666 515 1710 esse
537 1646 662 1717 salsum,
685 1653 720 1706 ut
741 1643 979 1725 circumligatus
1001 1645 1098 1709 luerit
1118 1646 1226 1728 anguI,
1248 1645 1307 1710 sed
1331 1646 1420 1709 utin
1442 1647 1533 1710 cunis
1550 1646 1649 1712 fuerit
1662 1648 1775 1731 anguis

318 1735 324 1743 “
421 1754 507 1804 cnon
530 1749 592 1803 tam
615 1746 664 1801 ost
684 1737 816 1811 mirum,
843 1739 876 1800 in
899 1739 1029 1801 Solonio
1051 1741 1256 1821 praesertim,
1285 1741 1339 1803 ubi
1362 1739 1402 1802 ad
1424 1739 1529 1804 focum
1554 1759 1672 1825 angues
1694 1762 1775 1804 nun·

444 1835 546 1898 dinari
569 1834 682 1897 solent.
709 1833 788 1894 llam
811 1831 897 1914 quod
920 1834 1104 1917 haruspices
1119 1835 1368 1916 responderunt,
1384 1832 1464 1896 nihil
1478 1832 1533 1898 illo
1548 1835 1680 1909 clarius,
1695 1833 1774 1898 nibil

443 1929 583 1992 nobilius
604 1926 694 2000 fore,
723 1926 821 1989 miror
848 1925 927 1989 deos
954 1926 1142 1990 immortalis
1168 1927 1316 1992 histrioni
1342 1927 1449 1991 futuro
1472 1928 1645 1992 claritatem
1669 1936 1775 1991 osten-

443 2022 547 2094 disse,
576 2020 697 2083 nullam
726 2020 903 2083 ostendisse
931 2020 1091 2083 Africano.
1135 2018 1186 2082 67.
1216 2025 1320 2105 Atque
1350 2022 1446 2086 etiam
1474 2042 1495 2085 a
1522 2029 1554 2086 te
1576 2022 1775 2086 Flaminiana

443 2125 566 2180 ostenta
587 2115 721 2179 collecta
740 2123 827 2178 suuis
853 2114 960 2198 equod
983 2116 1051 2199 ipse
1074 2123 1107 2178 et
1128 2135 1229 2199 equus
1244 2118 1313 2180 eius
1328 2126 1459 2200 repente
1475 2117 1683 2182 concideritn:
1707 2137 1773 2180 non

405 2226 518 2275 rosano
541 2208 683 2273 mirabile
704 2206 767 2270 hoc
788 2208 938 2292 quidem3
963 2208 1070 2293 equod
1094 2210 1187 2272 evelli
1210 2209 1304 2292 primi
1325 2210 1441 2274 hastati
1459 2210 1584 2293 signum
1599 2230 1664 2274 non
1679 2220 1774 2293 potu·

442 2306 544 2369 erite:
577 2302 687 2368 timide
715 2299 851 2365 sortasse
872 2300 1004 2385 signifer
1025 2303 1198 2378 evellebat,
1228 2305 1315 2388 quod
1338 2301 1471 2368 fidenter
1492 2304 1648 2368 infixerat.
1692 2306 1773 2367 Nam

441 2398 574 2482 Dionysi
596 2417 698 2480 equus
720 2396 797 2480 quid
821 2396 928 2460 attulit
948 2396 1166 2460 admirationis
1189 2397 1276 2480 quod
1298 2400 1427 2462 emersit
1441 2419 1459 2461 e
1474 2399 1605 2462 tlumine
1621 2398 1773 2483 quodque

441 2492 552 2556 babuit
572 2511 648 2576 apes
668 2492 702 2554 in
724 2491 821 2553 iuba?
850 2490 908 2553 sed
930 2491 1006 2574 quia
1028 2491 1118 2555 brevi
1140 2500 1284 2574 tempore
1306 2512 1440 2575 regnare
1461 2494 1582 2576 coepit,
1611 2490 1699 2573 quod
1721 2509 1774 2554 ac·
1822 2522 1827 2536 ·

442 2589 563 2651 ciderat
584 2605 660 2649 casu
680 2585 745 2646 vim
767 2582 877 2648 habuit
897 2585 1024 2648 ostenti.
1054 2589 1095 2648 At
1109 2585 1368 2649 Lacedaemoniis
1382 2587 1416 2649 in
1431 2586 1577 2650 Herculis
1591 2585 1667 2648 lano
1682 2602 1773 2647 arma

406 2688 616 2747 insonuerunt
643 2678 848 2761 eiusdemque
875 2678 927 2742 dei
950 2679 1067 2743 Thebis
1095 2679 1204 2742 valvae
1233 2680 1359 2744 clausae
1386 2679 1491 2744 subito
1514 2699 1548 2743 se
1570 2686 1774 2763 aperuerunt,

441 2796 545 2859 eaque
567 2782 666 2846 scuta,
688 2792 771 2855 quae
792 2771 919 2837 fuerant
938 2774 1074 2837 sublimo
1096 2769 1169 2848 fixa,
1191 2782 1266 2837 suut
1287 2773 1376 2837 humi
1391 2774 1530 2837 inventa.
1561 2774 1683 2838 Horum
1699 2792 1773 2836 cum

442 2867 510 2933 fieri
537 2867 616 2931 nibil
640 2866 779 2951 potuerit
799 2867 869 2930 siue
889 2867 999 2952 aliquo
1021 2875 1127 2941 motu,
1157 2867 1235 2951 quid
1264 2877 1314 2932 est
1341 2888 1398 2931 cur
1424 2865 1577 2931 divinitus
1606 2868 1774 2951 capotius

441 2985 536 3049 quam
559 2983 633 3027 casu
655 2960 737 3024 lacta
758 2980 829 3024 esse
851 2960 1016 3025 dicamus?

526 3057 659 3120 XXXII.
688 3051 740 3116 68.
769 3056 810 3117 At
837 3056 870 3117 in
898 3056 1053 3139 Lysandri
1083 3062 1207 3120 suinae
1236 3056 1340 3139 capite
1360 3055 1492 3140 Delphis
1520 3055 1626 3121 extitit
1654 3073 1774 3119 corona

402 3170 482 3219 snex
503 3152 623 3236 asperis
643 3148 751 3213 herbis
774 3157 807 3212 et
827 3149 957 3232 quidem
979 3150 1092 3214 subita.
1121 3151 1235 3213 ltauel
1258 3170 1368 3213 censes
1391 3158 1464 3215 ante
1487 3168 1639 3213 coronam
1654 3148 1773 3213 herbae

441 3248 585 3311 extitisse
616 3263 711 3330 quam
742 3253 930 3325 conceptum
952 3265 1023 3308 esse
1045 3249 1178 3309 semen?
1222 3246 1358 3310 llerbam
1381 3252 1487 3309 autem
1509 3263 1653 3329 asperam
1675 3243 1773 3306 eredo

440 3342 546 3405 avium
569 3346 733 3422 congestu,
755 3357 820 3399 non
841 3336 983 3401 humano
1006 3349 1075 3402 satu
1088 3362 1098 3415 ;
1130 3339 1193 3402 iam
1217 3339 1374 3423 quidquid
1396 3340 1429 3403 in
1452 3339 1555 3423 capite
1577 3346 1639 3413 est,
1662 3337 1696 3400 id
1718 3356 1773 3400 co·

439 3454 536 3497 ronne
565 3433 668 3496 simile
698 3430 799 3494 uideri
828 3440 943 3514 potest.
986 3434 1065 3495 llam
1096 3434 1181 3516 quod
1210 3433 1323 3498 eodem
1353 3442 1498 3515 tempore
1525 3433 1634 3497 stellas
1655 3450 1770 3497 aureas

440 3527 576 3590 Castoris
599 3534 630 3589 et
653 3525 789 3589 Pollucis
810 3525 944 3608 Delphis
967 3527 1087 3607 positas
1109 3527 1265 3592 decidisse
1294 3547 1399 3611 neque
1428 3548 1482 3591 eas
1504 3546 1639 3611 usquam
1662 3545 1771 3609 reper-

402 3629 487 3687 aatas
503 3641 571 3684 esse
586 3618 711 3704 dixisti,
733 3619 837 3683 lurum
856 3618 890 3682 id
904 3620 1005 3702 magis
1019 3619 1138 3684 lactum
1153 3641 1250 3705 quam
1265 3622 1398 3684 deorum
1412 3620 1548 3685 videtur.
1585 3616 1637 3688 69.
1654 3619 1771 3683 Simiae

438 3736 514 3780 vero
535 3713 729 3777 Dodonaeae
751 3713 986 3794 improbitatem
1007 3713 1149 3778 historiis
1173 3715 1301 3779 Graecis
1323 3716 1502 3779 mandatam
1524 3733 1595 3778 esse
1618 3712 1769 3777 demiror.

440 3810 525 3885 Quid
548 3809 652 3872 minus
675 3808 788 3870 mirum
811 3827 905 3891 quam
928 3808 1015 3870 illam
1037 3810 1371 3873 monstruosissumam
1394 3807 1526 3871 bestiam
1548 3828 1659 3872 urnam
1681 3825 1771 3870 erer-

437 3906 524 3977 tisse,
547 3911 648 3967 sortes
669 3901 906 3983 dissupavissei
935 3903 975 3964 Et
989 3911 1107 3984 negant
1121 3904 1260 3966 historici
1275 3902 1535 3967 Lacedaemoniis
1549 3902 1649 3965 ullum
1663 3910 1770 3965 osten·

437 4006 505 4062 tum
527 3998 588 4061 boc
609 3996 731 4060 tristius
753 3995 919 4059 accidisse.
957 3998 1034 4060 llam
1058 3997 1113 4058 illa
1135 3997 1297 4079 praedicta
1312 3996 1504 4070 Veientium,
1525 3995 1553 4058 si
1576 3995 1663 4061 laona
1675 3992 1770 4059 Alba·

400 4110 498 4157 eonus
520 4091 726 4155 redundasset
748 4089 839 4171 isque
861 4089 894 4151 in
918 4110 1002 4152 mare
1025 4086 1186 4162 fluxisset,
1208 4092 1336 4153 Romam
1353 4090 1541 4174 perituram3
1563 4090 1590 4153 si
1605 4108 1769 4173 repressus

438 4196 536 4261 esset,
552 4186 759 4249 Veios....ita
780 4203 864 4266 aqua
877 4184 997 4247 Albana
1020 4185 1155 4246 deducta
1177 4184 1217 4246 ad
1234 4184 1400 4246 utilitatem
1416 4185 1481 4264 agri
1498 4179 1687 4256 suburbani,
1703 4202 1768 4246 non

438 4282 477 4344 ad
500 4301 603 4344 arcem
625 4280 803 4361 urbemque
829 4278 1036 4341 retinendam.
1079 4281 1121 4339 At
1142 4278 1236 4359 paulo
1259 4287 1332 4359 post
1353 4277 1460 4340 audita
1483 4298 1544 4339 vox
1568 4285 1616 4339 est
1637 4295 1769 4339 monen-

436 4376 489 4449 tis,
511 4384 544 4438 ut
567 4372 771 4456 providerent
792 4392 832 4434 ne
855 4392 872 4433 a
889 4372 987 4434 Gallis
1005 4374 1104 4435 lioma
1120 4378 1300 4453 caperetur;
1324 4390 1365 4433 ex
1379 4390 1417 4432 eo
1434 4370 1493 4432 hio
1508 4370 1665 4454 Loquenti
1681 4390 1768 4434 aram

436 4470 470 4532 iu
492 4488 575 4532 nova
597 4468 648 4530 via
670 4474 893 4529 consecratam.
939 4466 1025 4540 Quid
1055 4468 1152 4547 ergo?
1191 4465 1269 4527 Aius
1291 4465 1351 4528 iste
1374 4464 1538 4547 Loquens,
1568 4484 1666 4547 quom
1695 4486 1767 4528 eum

399 4580 531 4628 anemo
554 4569 660 4634 norat,
689 4570 720 4623 et
745 4560 849 4622 aiebat
876 4567 908 4622 et
935 4559 1125 4641 loquebatur
1150 4566 1182 4622 et
1211 4580 1251 4621 ex
1282 4580 1321 4622 eo
1344 4578 1460 4621 nomen
1481 4559 1620 4633 invenit;
1654 4569 1769 4642 postea

437 4677 531 4742 quam
555 4665 586 4719 et
608 4656 716 4718 sedem
739 4663 877 4716 staram
900 4662 932 4716 et
953 4674 1069 4716 nomeu
1092 4655 1226 4726 invenit,
1250 4654 1431 4716 obmutuit?
1477 4653 1569 4728 Quod
1593 4654 1677 4717 idem
1701 4652 1765 4717 dici

436 4752 475 4814 de
498 4751 624 4813 Moneta
653 4756 776 4831 potest;
808 4769 826 4810 a
854 4768 932 4832 qua,
964 4757 1184 4831 praeterquam
1213 4748 1253 4809 de
1282 4769 1338 4811 sue
1366 4747 1479 4831 plena,
1508 4747 1586 4832 quid
1616 4767 1767 4833 umquam

437 4845 548 4909 moniti
570 4847 702 4906 sumus‘l

500 5098 525 5146 2.
543 5095 716 5146 coniectobilio
732 5096 765 5154 D,
785 5095 834 5146 sed
852 5095 913 5144 bilin
929 5109 962 5145 ex
979 5109 1048 5145 corr.
1070 5122 1095 5144 a
1125 5097 1149 5145 5.
1168 5096 1310 5154 seientes,
1329 5093 1377 5145 sed
1395 5109 1420 5145 se
1436 5097 1461 5145 in
1480 5108 1544 5155 ras..
1563 5094 1596 5145 cl.
1615 5096 1640 5156 Ι,
1659 5095 1717 5157 §79
1736 5118 1764 5131 —

433 5174 569 5234 nundinari
585 5175 620 5233 Α,
637 5173 751 5221 nidulari
767 5173 870 5221 amicus
887 5171 994 5234 quidam
1014 5172 1111 5233 Ursini,
1129 5172 1260 5220 meridiari
1274 5171 1393 5220 Davisius
1407 5195 1433 5206 -
1453 5171 1477 5220 o.
1489 5172 1668 5233 respondem
1684 5170 1765 5222 codd.

434 5248 513 5301 dett:
537 5249 708 5310 responderint
725 5247 744 5296 C
764 5273 791 5281 -
816 5247 841 5295 7.
859 5248 1012 5296 immortates
1028 5248 1098 5296 AVO
1117 5273 1143 5282 -
1170 5248 1194 5296 9.
1213 5246 1316 5295 colbano
1332 5255 1398 5295 sune.
1418 5247 1488 5308 Quod
1505 5247 1542 5305 03
1570 5259 1618 5297 nos
1636 5248 1662 5296 in
1680 5247 1767 5296 inter-

433 5323 576 5389 pungendo
600 5324 651 5371 boo
673 5320 731 5372 loco
753 5321 911 5384 Madvigium
936 5322 969 5371 ad
988 5322 1041 5372 Cio.
1061 5323 1096 5371 de
1113 5323 1176 5372 tion.
1196 5335 1222 5385 p.
1235 5322 1263 5371 es
1285 5322 1370 5371 secuti
1387 5333 1480 5371 sumus
1505 5347 1531 5356 -
1555 5324 1608 5371 eise
1624 5333 1677 5370 om.
1696 5320 1716 5370 li
1735 5341 1763 5354 —

435 5401 475 5450 lt.
494 5399 645 5459 Dionysiio
672 5420 700 5431 -
727 5397 831 5447 stuta
858 5423 885 5431 —
914 5398 953 5447 43.
972 5398 1097 5446 moderat
1115 5397 1146 5444 V¹
1172 5422 1200 5431 -
1231 5396 1271 5446 it.
1290 5400 1318 5445 ot
1339 5397 1365 5445 in
1383 5399 1475 5446 rusb
1503 5419 1531 5432 -
1560 5398 1598 5447 so.
1617 5408 1683 5458 qaae
1703 5407 1764 5458 sup.

433 5471 478 5524 lin.
498 5474 517 5522 Β
537 5498 563 5508 -
582 5472 685 5521 bennoi
703 5468 733 5518 V¹
752 5496 779 5507 -
798 5472 839 5520 li.
858 5473 944 5535 atiquo
961 5486 1015 5522 om.
1034 5473 1072 5532 13¹,
1091 5473 1158 5522 alico
1175 5472 1206 5520 V¹
1222 5498 1256 5508 -
1273 5486 1339 5533 quur
1355 5472 1484 5521 &motus
1496 5472 1526 5520 V¹
1538 5497 1565 5508 -
1585 5472 1626 5522 22.
1646 5470 1767 5536 quisqam

433 5550 479 5598 ΑΒ
496 5574 529 5585 -
551 5548 592 5598 26.
610 5548 735 5595 dodonem
751 5551 772 5596 Α
791 5570 817 5581 -
841 5547 964 5597 historicis
980 5553 1001 5598 Α
1017 5573 1051 5583 -
1071 5548 1113 5597 28.
1131 5546 1327 5607 dissipauisseO
1351 5572 1377 5581 -
1404 5546 1445 5597 ³⁴.
1466 5547 1534 5597 Veios
1549 5548 1588 5597 itu
1605 5548 1640 5597 C:
1665 5544 1765 5608 aliquid

433 5622 600 5674 intercidisse
619 5620 762 5671 Lambinus
780 5620 918 5681 intellexit,
943 5636 1023 5686 quem
1045 5622 1169 5673 lacunam
1186 5623 1225 5672 sic
1242 5622 1384 5673 commode
1401 5621 1565 5687 expleveris:
1592 5624 1675 5674 Veios:
1697 5622 1766 5671 onai

433 5710 468 5748 eo
484 5703 560 5760 perte
581 5702 641 5744 rato
662 5694 830 5747 miserisne?
850 5710 910 5745 nun
930 5698 1108 5748 minuatione
1125 5711 1142 5746 a
1160 5696 1239 5746 Gallis
1258 5704 1334 5760 copto
1350 5699 1404 5748 esti
1423 5699 1461 5747 ite
1478 5710 1549 5761 oque
1569 5702 1622 5748 eto.
1641 5722 1669 5733 —
1694 5698 1767 5759 aeris

434 5777 502 5825 A·
526 5771 567 5824 il.
585 5784 661 5833 worn
677 5772 715 5821 B:
738 5784 787 5835 qao
804 5770 826 5819 V
844 5785 912 5822 corr.
932 5774 1002 5822 ma
1025 5773 1202 5835 inqnonianr,
1220 5786 1276 5822 mm
1298 5779 1319 5824 Α
1337 5774 1450 5833 iuras..
1475 5774 1575 5835 quando
1597 5771 1677 5823 codd.
1696 5770 1763 5821 dett.

434 5846 576 5971 ltosertlet
592 5847 613 5897 ο
631 5869 658 5884 -
678 5845 718 5897 36.
732 5852 756 5898 et
771 5847 879 5898 anteeo
895 5846 1042 5899 om.aiiv¹
1061 5871 1089 5885 -
1107 5846 1149 5898 36.
1167 5858 1243 5898 Μ
1261 5848 1291 5898 Va
1310 5872 1337 5885 -
1356 5848 1525 5899 munuc
1545 5870 1574 5885 -
1592 5846 1634 5898 37.
1650 5856 1765 5909 ηιμ·

432 5920 455 5971 Δ
471 5918 524 5971 hoc
550 5932 610 5973 ooo.
