4342 7459
450 1220 514 1296 352
796 1234 1119 1305 ruscmusattht
1138 1239 1468 1308 DISPUTATIONUM

451 1411 577 1473 corum,
598 1395 713 1481 quibus
735 1418 828 1461 usum
850 1419 901 1463 me
922 1399 1068 1484 pluribus
1090 1423 1185 1487 quam
1208 1402 1297 1468 soleo
1318 1404 1480 1488 intellego,
1501 1402 1697 1481 recedamus,
1720 1406 1786 1469 sint

451 1515 527 1559 saue
548 1494 603 1557 illa
625 1510 741 1576 genera
763 1489 935 1568 bonorum,
958 1494 1033 1559 dum
1056 1498 1198 1579 corporis
1221 1505 1254 1561 et
1274 1505 1408 1561 externa
1425 1499 1550 1562 iaceant
1564 1498 1652 1562 humi
1668 1507 1701 1563 et
1714 1506 1786 1563 tan·

451 1596 515 1651 tum
539 1585 644 1660 modo,
667 1587 742 1670 quia
763 1589 918 1651 sumenda
940 1590 1019 1664 sint,
1048 1592 1251 1675 appellentur
1270 1591 1367 1666 bona,
1389 1592 1452 1654 alia
1473 1600 1578 1655 antem
1601 1592 1656 1655 ille
1676 1592 1787 1657 diviua

450 1682 545 1765 longe
568 1680 694 1763 lateque
717 1699 752 1743 se
774 1680 915 1765 pendant
937 1683 1125 1767 caelumque
1149 1685 1349 1767 contingant:
1373 1679 1432 1769 [ut]
1456 1704 1494 1747 ea
1509 1685 1564 1767 qni
1579 1685 1713 1771 adeptus
1733 1688 1786 1759 sit,

423 1796 504 1841 ocur
524 1794 596 1838 eum
619 1772 745 1836 beatum
767 1774 864 1837 modo
880 1783 912 1838 et
925 1795 990 1838 non
1007 1776 1224 1843 beatissimum
1240 1780 1334 1843 etiam
1351 1779 1509 1842 dixerim?
1541 1780 1691 1845 Dolorem
1708 1801 1785 1845 vero

449 1871 577 1954 sepiens
593 1868 797 1931 extimescet?
820 1868 850 1931 le
866 1869 952 1931 enim
966 1868 1041 1933 huic
1054 1872 1192 1936 maxime
1206 1873 1384 1937 sententiae
1400 1880 1570 1957 repugnet;
1585 1893 1658 1936 nem
1673 1880 1787 1938 contra

449 1972 582 2030 mortem
597 1968 736 2026 nostram
751 1967 847 2045 etque
862 1969 1043 2026 nostrorum
1056 1972 1229 2048 contraque
1245 1967 1473 2051 aegritudinem
1486 1974 1519 2030 et
1531 1966 1672 2051 reliques
1685 1968 1785 2032 animi

448 2056 702 2145 perturbationes
725 2056 801 2119 satis
824 2076 894 2118 esse
917 2055 1063 2120 videmur
1083 2060 1282 2143 superiorum
1305 2061 1426 2124 dierum
1449 2060 1716 2144 disputationibus
1733 2080 1785 2125 ar-

448 2154 523 2217 mati
545 2159 579 2216 et
599 2150 720 2235 parati:
743 2148 837 2212 dolor
858 2169 929 2212 esse
950 2149 1076 2214 videtur
1096 2172 1278 2218 coemamus
1300 2156 1424 2219 mutetis
1445 2153 1660 2228 adversarius,
1682 2155 1711 2219 is
1733 2174 1785 2219 er·

410 2246 553 2311 rodentis
580 2244 666 2309 laces
690 2243 840 2319 intentet,
870 2244 898 2307 is
918 2242 1153 2321 tortitudinem,
1179 2247 1429 2331 magnitudinem
1452 2248 1565 2321 enimi,
1594 2248 1782 2331 patientiam

447 2361 482 2405 se
504 2336 743 2404 debilitaturum
765 2338 911 2403 minatur.
945 2335 996 2400 77.
1019 2340 1101 2403 Huic
1122 2341 1220 2423 igitur
1241 2341 1427 2406 succumbet
1447 2341 1563 2414 dnus,
1591 2339 1667 2404 huic
1688 2342 1783 2406 beata

446 2433 599 2519 sepientis
629 2440 662 2496 et
686 2434 860 2496 constantis
888 2432 947 2495 viri
977 2434 1041 2496 vita
1063 2433 1180 2498 cedetl
1211 2435 1314 2510 Quam
1338 2443 1439 2519 turpe,
1462 2455 1481 2498 o
1503 2435 1535 2498 di
1559 2435 1651 2498 bonil
1687 2436 1782 2500 Pueri

447 2530 624 2613 Spartiatae
638 2546 702 2591 non
717 2528 937 2610 ingemescunt
948 2527 1113 2590 verberum
1127 2528 1237 2591 dolore
1252 2529 1369 2592 laniati.
1392 2528 1652 2591 Adulescentium
1667 2547 1782 2613 greges

446 2622 685 2686 Lacedaemone
707 2620 842 2685 vidimus
863 2621 924 2703 ipsi
946 2621 1125 2685 incredibili
1147 2624 1351 2686 contentione
1367 2622 1516 2686 certantis
1538 2623 1664 2706 pugnis,
1686 2623 1782 2687 calci·

408 2716 520 2791 ithus,
548 2716 723 2799 unguibus,
749 2733 856 2779 morsu
879 2713 1036 2797 denique,
1060 2735 1131 2778 cum
1154 2716 1412 2779 exanimarentur
1432 2718 1537 2800 prius,
1560 2736 1657 2800 quem
1679 2717 1781 2781 victos

445 2828 480 2874 sa
508 2808 693 2874 faterentur.
727 2808 818 2884 Quae
846 2808 991 2872 herberia
1018 2808 1110 2872 ludia
1133 2810 1326 2874 vestierant
1348 2810 1527 2893 agrestior?
1556 2810 1589 2872 iu
1611 2828 1650 2872 ea
1672 2818 1780 2873 temen

444 2913 538 2988 gente
560 2904 696 2987 primum
720 2904 764 2978 ei,
788 2903 843 2987 qui
866 2904 1026 2986 sapientes
1047 2903 1216 2976 habentur,
1237 2903 1313 2967 nudi
1336 2911 1471 2967 aetatem
1487 2912 1585 2986 agunt
1598 2912 1631 2966 et
1646 2903 1780 2968 Ceueaei

444 2998 534 3061 nives
562 2996 794 3080 hiemalemque
815 2997 878 3058 vim
908 2996 1070 3080 perierunt
1092 2999 1159 3062 sine
1183 2998 1310 3073 dolore,
1338 3018 1475 3082 cumque
1498 2998 1539 3061 ad
1559 2997 1718 3060 hemmam
1742 3016 1778 3060 se

443 3089 696 3173 adpliceverunt,
724 3089 792 3153 sine
814 3092 933 3173 gemitu
956 3092 1145 3157 aduruntur.
1181 3090 1232 3155 78.
1255 3093 1404 3156 Mulieres
1426 3111 1501 3155 vero
1523 3093 1557 3154 in
1579 3091 1683 3164 ludia,
1705 3110 1779 3154 cum

405 3193 493 3249 erest
514 3187 604 3249 cuius
625 3203 733 3248 earum
755 3185 804 3248 vir
830 3194 990 3271 mortuus,
1018 3188 1050 3249 in
1078 3195 1238 3250 certamen
1260 3186 1478 3270 iudiciumque
1502 3186 1648 3259 veniunt,
1679 3205 1778 3270 quem

443 3280 613 3365 plurimum
641 3279 697 3341 ille
725 3278 935 3342 dilexerit-
956 3279 1063 3363 plures
1091 3282 1174 3343 enim
1201 3280 1334 3363 singulis
1358 3281 1462 3343 solent
1485 3300 1555 3344 esse
1577 3288 1696 3364 nuptae
1717 3299 1777 3341 -3

443 3393 526 3459 quae
548 3382 597 3438 est
618 3373 749 3448 uictrix,
778 3392 815 3436 ea
843 3371 923 3436 laeta
953 3374 1221 3457 prosequentibus
1251 3375 1317 3439 suis
1340 3394 1403 3437 una
1426 3394 1497 3438 cum
1520 3374 1589 3438 viro
1610 3376 1643 3437 in
1664 3394 1776 3459 rogam

442 3471 632 3562 imponitur,
658 3467 714 3531 illa
734 3467 818 3531 ricta
839 3475 959 3530 maesta
980 3467 1123 3532 discedit.
1155 3471 1335 3554 Numquam
1357 3478 1500 3533 naturam
1523 3488 1593 3532 mos
1614 3465 1774 3545 vinceret3

442 3573 491 3627 est
516 3564 600 3626 enim
630 3582 669 3624 ee
696 3581 822 3644 semper
842 3560 977 3634 invicta;
1004 3561 1061 3623 sed
1083 3582 1142 3624 nos
1163 3564 1300 3637 umbris,
1328 3562 1468 3637 deliciis,
1500 3564 1581 3637 otio,
1610 3562 1774 3647 languore,

403 3655 563 3722 ndesidia
583 3655 722 3719 animum
745 3653 928 3727 infecimus,
950 3654 1155 3737 opinionibus
1178 3656 1324 3740 maloque
1347 3677 1434 3720 more
1451 3657 1623 3720 delenitum
1639 3656 1776 3720 molliri·

440 3770 520 3814 mus.
552 3749 778 3833 Aegyptiorum
802 3766 922 3809 morem
945 3747 1018 3829 quie
1041 3749 1191 3831 ignorati
1214 3769 1349 3833 quorum
1372 3750 1501 3814 inbutae
1524 3758 1646 3814 mentes
1668 3750 1775 3833 preri-

439 3845 512 3908 tatis
533 3842 692 3906 erroribus
714 3842 858 3925 quemvis
878 3841 1093 3905 carnificinam
1115 3842 1204 3924 prius
1227 3843 1383 3906 subierint
1397 3863 1493 3927 wem
1515 3843 1591 3906 ibim
1613 3849 1669 3906 aut
1687 3844 1774 3926 aspi·

439 3938 512 4001 dem
540 3945 595 3999 aut
627 3934 740 3998 faelem
768 3941 822 3999 eut
851 3954 963 3998 canem
985 3944 1040 3997 ant
1061 3936 1256 4000 crocodilum
1278 3937 1414 4012 violent,
1443 3956 1578 4021 quorum
1611 3937 1707 4000 etiem
1740 3938 1769 4000 si

437 4030 645 4117 inprudentes
666 4028 828 4112 quippiam
849 4027 998 4103 iecerint,
1027 4048 1163 4110 poenam
1185 4030 1305 4094 nullam
1326 4038 1484 4094 recusent
1527 4028 1578 4095 79.
1600 4033 1648 4095 lle
1668 4031 1774 4096 homi·

400 4125 531 4190 torribus
563 4124 694 4207 loquor:
728 4122 805 4205 quid
834 4123 976 4186 bestiae?
1005 4141 1069 4185 non
1098 4122 1212 4204 frigus,
1242 4144 1304 4188 uon
1326 4124 1455 4199 famem,
1484 4145 1547 4189 non
1572 4126 1772 4209 montivagos

438 4227 534 4303 atque
557 4216 711 4281 silvestris
734 4236 845 4280 cursus
867 4217 1135 4300 lustrationesque
1157 4219 1340 4299 patiuntur?
1362 4239 1426 4281 non
1449 4237 1508 4301 pro
1530 4239 1589 4282 suo
1611 4228 1704 4303 partu
1728 4220 1773 4281 ita

439 4321 653 4396 propugnant,
681 4317 716 4373 ut
741 4310 870 4375 vulnere
891 4312 1068 4395 excipiant,
1092 4311 1198 4374 nullos
1219 4314 1370 4396 impetus,
1393 4312 1499 4375 nullos
1520 4313 1602 4376 ictus
1625 4313 1773 4377 reformi-

438 4404 536 4469 dentl
559 4405 680 4469 Omitto
696 4424 777 4489 quae
798 4405 960 4488 perierant
981 4425 1129 4489 quaeque
1150 4406 1312 4488 patiantur
1332 4404 1493 4470 ambitiosi
1515 4406 1646 4470 honoris
1665 4425 1771 4482 causa,

501 4670 527 4719 2.
545 4674 569 4719 ct
585 4671 646 4719 ante
662 4672 770 4717 setene
787 4678 842 4715 om.
862 4667 881 4717 C
900 4693 927 4702 -
947 4666 971 4717 3.
989 4667 1035 4717 itte
1052 4681 1105 4718 om.
1125 4666 1155 4718 G¹
1174 4694 1200 4704 —
1220 4666 1244 4719 Ι.
1263 4672 1292 4717 ut
1308 4666 1360 4718 del.
1375 4666 1528 4718 Lambinus.
1546 4667 1612 4718 Vide
1625 4667 1681 4717 adl
1699 4667 1769 4731 530.

439 4770 465 4782 -
484 4742 509 4793 3.
527 4743 600 4794 modo
617 4755 670 4792 om.
690 4742 709 4791 Β
730 4767 756 4778 -
776 4740 801 4790 t.
819 4740 909 4789 uirtuti
926 4742 991 4791 CO.
1011 4743 1118 4793 «Scribe
1136 4756 1188 4793 une
1206 4740 1292 4793 littera
1309 4742 1399 4793 addita
1415 4743 1527 4797 virtutis:
1545 4742 1579 4794 cl.
1592 4742 1666 4793 Ollic.
1680 4743 1724 4805 ΙΙΙ,
1737 4743 1770 4793 83

434 4832 539 4884 prooem
559 4818 734 4868 udonseriasm
754 4816 862 4877 imperii.
887 4816 948 4865 llar.
968 4818 1046 4881 Resp.
1065 4819 1081 4882 s
1099 4816 1131 4869 34
1148 4819 1300 4867 acerrimam
1322 4818 1470 4868 Hermarchi
1486 4818 1673 4878 adunantiam,
1693 4817 1771 4868 theo-

434 4895 540 4946 dosium.
566 4893 662 4943 addito
684 4891 769 4942 verbo
791 4891 930 4939 acerrimus
950 4894 1074 4954 quoniam
1098 4894 1293 4944 substantivum
1318 4894 1480 4944 Mocrrcriuc
1502 4897 1555 4953 est,
1579 4894 1709 4955 genitivus
1727 4894 1770 4943 est

435 4970 612 5021 necessarius.
635 4967 707 5019 Alius
725 4966 831 5030 generis
848 4970 889 5017 est
907 4966 950 5028 (ad
965 4967 1053 5018 Famil.
1073 4970 1104 5029 ΙΙ,
1123 4971 1147 5030 Ι,
1166 4971 1190 5033 2)
1207 4971 1252 5019 Eat
1268 4969 1311 5019 tibi
1327 4971 1414 5033 grauis
1431 4968 1581 5018 adouacrio
1598 4969 1733 5018 comitano
1747 4973 1770 5018 at

432 5052 528 5110 parato
544 5048 571 5095 et
589 5045 673 5106 (verr.
693 5046 749 5092 Act.
769 5044 788 5100 1,
807 5042 848 5102 36)
860 5044 982 5105 profiteor
997 5044 1054 5093 huic
1070 5045 1155 5108 generi
1172 5046 1298 5094 hominum
1309 5058 1348 5094 me
1359 5045 1487 5093 inimicum
1498 5048 1678 5102 ocwrctorsm,
1695 5044 1770 5092 odio-

432 5135 497 5183 sum,
515 5122 656 5171 edaldum,
676 5118 794 5169 acer-taen
810 5120 997 5178 monterium,
1016 5119 1062 5169 uhi
1079 5120 1185 5171 dativus
1203 5120 1345 5184 [commodi
1358 5132 1441 5183 quem
1453 5118 1556 5180 vocent)
1569 5131 1602 5168 ex
1618 5121 1768 5170 sententiae

433 5194 576 5249 verbovel
593 5196 681 5260 potius
698 5208 730 5244 es
748 5198 801 5243 tota
819 5195 950 5243 sententie
968 5195 1068 5259 pendet
1085 5196 1127 5257 (ct.
1147 5196 1222 5247 Ohss.
1242 5198 1268 5246 in
1286 5197 1431 5245 Sestiacum
1450 5207 1476 5258 p.
1489 5196 1545 5254 34),
1563 5197 1592 5243 ut
1609 5191 1720 5256 Philipp.
1733 5195 1766 5253 ΙΙ,

433 5273 466 5325 ti
482 5274 521 5322 dts
537 5284 569 5321 ex
585 5274 648 5320 33334
663 5274 716 5317 mm
731 5268 815 5317 hostia.
842 5271 894 5318 Ati.
914 5269 945 5329 V,
966 5272 988 5328 4,
1009 5272 1019 5317 4
1040 5284 1094 5320 meo
1112 5284 1144 5320 er
1161 5284 1216 5320 sum
1232 5271 1283 5333 ipss
1299 5270 1374 5320 testis.
1399 5270 1469 5329 Vltl,
1487 5269 1512 5327 Ι,
1531 5270 1541 5318 4
1563 5269 1604 5317 cati
1621 5268 1714 5330 (togae)
1733 5282 1767 5319 ex

431 5360 472 5399 343
487 5348 600 5397 comitem
616 5357 673 5395 atas.
702 5344 761 5404 Vll,
780 5343 806 5398 9.
824 5344 839 5394 3
862 5346 885 5393 34
901 5356 933 5393 cx
953 5346 1090 5395 reiectum
1106 5351 1141 5398 art
1157 5346 1244 5396 33443331.
1269 5344 1389 5408 (Philipp.
1407 5345 1472 5404 ΙΙΙΙΙ,
1492 5345 1523 5394 43
1540 5345 1651 5406 receptui
1666 5344 1767 5406 rippam

432 5423 541 5474 brevius
567 5422 667 5470 dietum
691 5421 733 5469 est
755 5431 804 5482 pro
827 5421 947 5483 receptui
964 5433 1063 5471 canens
1080 5424 1198 5485 signum
1221 5420 1254 5471 ci.
1274 5421 1302 5470 li.
1321 5423 1349 5471 P.
1369 5421 1387 5480 Ι,
1406 5420 1440 5482 3).
1469 5421 1507 5469 lie
1525 5419 1687 5482 posteriores
1705 5420 1766 5481 qui-

431 5499 494 5549 dem
511 5497 655 5561 scriptores
672 5495 702 5544 ut
717 5494 815 5553 Livius,
833 5495 950 5555 Tacitus,
974 5508 1042 5558 quos
1060 5497 1149 5546 multis
1166 5494 1253 5545 modis
1271 5493 1360 5544 dativo
1378 5507 1426 5559 pro
1444 5494 1559 5557 genitivo
1577 5491 1686 5542 liberius
1704 5505 1765 5543 esse

431 5586 495 5624 usos
517 5573 634 5631 constat,
658 5571 760 5621 temere
783 5567 826 5619 illo
848 5569 994 5621 verborum
1011 5571 1105 5622 ordine
1121 5572 1211 5621 virtuti
1227 5570 1403 5634 posuissent·
1422 5570 1464 5620 W.
1486 5596 1513 5605 -
1536 5570 1575 5618 tt.
1594 5568 1678 5617 cocdst
1696 5569 1715 5618 lt
1735 5594 1763 5604 -

430 5647 466 5696 ets
487 5647 507 5697 C
532 5672 559 5683 -
583 5645 623 5695 43.
641 5644 807 5709 ispeetmnt
827 5645 876 5695 ΒΟ
901 5672 926 5682 -
951 5645 992 5696 tt.
1010 5648 1123 5697 33334333
1144 5647 1203 5696 (32ss
1226 5648 1348 5708 eticorr.
1368 5645 1427 5694 eed.
1447 5657 1484 5694 m.
1503 5643 1762 5703 incantantium&

429 5721 570 5772 condition
590 5717 621 5771 (Ιι
639 5748 666 5757 -
690 5723 730 5771 43.
748 5731 773 5771 ss
793 5722 871 5771 uictos
887 5721 936 5771 ΒΟ
957 5747 982 5756 -
1007 5723 1047 5772 46.
1066 5734 1132 5783 quea
1148 5720 1474 5784 oarounc--aprasttorr
1499 5720 1599 5769 Nonius
1616 5730 1642 5781 p.
1655 5716 1712 5767 itt.
1735 5741 1762 5752 -

430 5796 471 5846 22.
487 5808 580 5861 repas»
592 5797 697 5859 ponitur
713 5797 744 5846 (ΙΙ
762 5821 789 5832 -
808 5795 850 5848 il.
869 5797 958 5847 delitiis
975 5799 1024 5847 GR
1040 5824 1065 5834 -
1084 5798 1189 5860 tenpore
1200 5799 1221 5847 G
1233 5822 1260 5833 -
1280 5798 1321 5847 rc.
1333 5797 1460 5856 ceciliam
1478 5794 1518 5859 (=
1527 5793 1719 5856 mettiumstt).lt
1733 5817 1761 5829 ·-

429 5869 471 5920 tt.
490 5871 662 5932 mineus
677 5872 711 5928 ὓς
731 5870 820 5933 prucis
836 5870 980 5922 Lambinus
998 5872 1076 5934 (liele
1094 5883 1121 5935 p.
1136 5872 1200 5932 tto).
1221 5897 1249 5907 -
1274 5870 1315 5923 28.
1333 5871 1405 5935 satan
1421 5872 1455 5921 0.
1474 5870 1513 5921 Cl.
1530 5871 1560 5919 N.
1576 5869 1606 5918 Ι).
1621 5869 1630 5917 Ι
1649 5867 1718 5931 333.
1734 5892 1761 5901 -

429 5944 591 5996 modium
608 5947 673 6007 ott,
690 5944 851 5996 meodittum
867 5947 895 5997 e.
919 5946 978 5997 vid.
997 5945 1095 5997 ltitschl
1114 5946 1179 5997 llus.
1199 5946 1283 5997 Rhea.
1301 5949 1332 5997 N.
1351 5946 1377 5996 s.
1396 5945 1430 5997 lx
1446 5956 1473 6008 p.
1492 5943 1540 5996 itt
1552 5954 1612 6007 sqq.
1625 5944 1653 5993 et
1668 5940 1727 5992 340.
