4342 7459
723 1254 859 1319 narn
888 1253 1180 1320 cmxx-xxi„
1209 1252 1255 1339 ss
1271 1252 1413 1321 so-se.
1665 1255 1728 1325 uo

406 1425 461 1480 aut
489 1417 596 1479 vivum
624 1422 679 1478 aut
705 1421 863 1478 mortuum
890 1415 1073 1499 Iugurtham
1107 1436 1141 1479 se
1172 1416 1208 1480 in
1239 1423 1427 1501 potestatem
1459 1417 1568 1501 populi
1597 1420 1729 1482 Romani

406 1510 616 1574 redaeturnm.
659 1509 769 1591 ltaque
797 1507 900 1571 iaetus
928 1516 977 1573 est
1005 1509 1061 1573 ille
1085 1510 1213 1593 qnidam
1236 1511 1365 1585 consul,
1393 1510 1450 1575 sed
1472 1530 1490 1574 a
1511 1509 1574 1575 lide
1594 1513 1730 1577 iustitia·

408 1624 470 1688 que
493 1604 652 1676 dissessit,
682 1602 738 1686 qui
766 1603 918 1685 optimum
947 1611 980 1665 et
1005 1604 1227 1687 pravissimum
1255 1605 1372 1678 civem,
1401 1604 1492 1668 ouius
1513 1604 1636 1687 legatus
1657 1614 1728 1670 eta

408 1718 473 1781 quo
495 1698 610 1761 missus
632 1704 732 1769 esset,
762 1696 795 1759 in
818 1696 971 1760 invidiam
993 1695 1073 1760 falso
1097 1697 1228 1760 erimine
1248 1697 1431 1761 adduxerit.
1472 1694 1524 1761 80.
1552 1700 1599 1762 Ne
1620 1706 1729 1763 nostor

408 1789 536 1874 quidem
552 1789 756 1853 Gratidianus
779 1788 883 1853 ollioio
906 1790 966 1852 viri
988 1790 1064 1852 boni
1086 1789 1214 1854 iunctus
1236 1799 1285 1854 est
1305 1799 1382 1865 tum,
1404 1811 1476 1855 oum
1497 1800 1626 1876 praetor
1645 1798 1754 1856 esseto

407 1884 642 1967 collegiumque
663 1882 856 1966 praetorium
878 1883 994 1946 tribuni
1013 1883 1098 1966 plebi
1113 1883 1342 1957 adhibuissent,
1365 1891 1471 1948 utres
1492 1886 1668 1950 nummaria
1689 1884 1729 1949 de

407 1977 566 2040 communi
588 1978 745 2041 sententia
766 1978 1025 2052 constitueretur3
1047 1978 1222 2041 iactabatur
1243 1979 1326 2041 enim
1349 1977 1545 2060 temporibus
1559 1979 1623 2043 illis
1638 1999 1730 2042 num·

406 2090 476 2133 mus
498 2072 554 2144 sio,
576 2079 610 2135 ut
629 2091 722 2135 nemo
746 2078 853 2155 posset
867 2073 959 2144 seire,
975 2071 1052 2155 quid
1067 2071 1210 2135 baberet.
1248 2070 1509 2153 Conscripserunt
1522 2073 1732 2137 communiter
1764 2141 1766 2146 ‚

407 2163 544 2227 edictum
572 2185 643 2229 oum
670 2184 775 2247 poena
800 2172 897 2248 atque
926 2166 1045 2229 iudicio
1067 2166 1363 2249 constitueruntque
1392 2173 1426 2228 ut
1447 2184 1558 2229 omnes
1579 2165 1674 2230 simul
1695 2165 1730 2229 in

408 2265 510 2321 rostra
532 2267 605 2342 post
626 2259 790 2323 meridiem
812 2259 1030 2324 escenderent.
1065 2262 1106 2324 Et
1127 2261 1223 2324 ceteri
1245 2260 1375 2343 quidem
1396 2258 1478 2322 alius
1500 2260 1580 2322 alio:
1611 2261 1768 2325 llariusto

413 2351 453 2415 ab
475 2352 635 2417 subselliis
656 2354 690 2415 in
710 2361 810 2417 rostra
830 2361 916 2416 reeta
938 2354 1047 2435 idque,
1069 2353 1156 2438 quod
1170 2353 1378 2416 communiter
1390 2354 1602 2435 compositum
1617 2353 1729 2428 luerat,

407 2445 494 2510 solus
516 2446 628 2511 edixit.
670 2448 711 2510 lit
732 2466 771 2511 es
791 2466 852 2520 res,
875 2448 901 2510 si
923 2450 1061 2529 quaeris,
1084 2451 1114 2513 oi
1136 2468 1251 2531 magno
1265 2448 1380 2511 bonosi
1393 2446 1470 2510 tuit:
1491 2446 1638 2510 omnibus
1651 2447 1730 2511 visis
1838 2471 1841 2477 ·

407 2546 543 2616 statuae,
562 2541 603 2603 ad
624 2559 679 2603 eas
700 2549 761 2614 tus,
783 2540 877 2604 cerei.
921 2542 1007 2617 Quid
1029 2542 1148 2605 multat
1169 2561 1263 2606 nemo
1287 2561 1436 2625 umquam
1459 2540 1652 2606 multitudini
1670 2540 1732 2604 tuit

407 2634 518 2698 carior.
561 2630 613 2697 8l.
635 2634 722 2697 Haeo
743 2643 833 2708 sunt,
856 2654 938 2718 quae
960 2638 1150 2700 conturbent
1169 2638 1203 2700 in
1226 2635 1454 2699 deliberatione
1469 2653 1533 2697 non
1548 2652 1730 2717 numquam,

407 2747 478 2791 oum
500 2727 550 2801 id,
578 2728 612 2790 in
635 2747 699 2811 quo
722 2727 857 2791 violatur
878 2731 1040 2812 aequitas,
1062 2731 1192 2794 nonita
1214 2748 1378 2811 magnum,
1400 2726 1479 2792 illud
1500 2735 1623 2800 autem,
1645 2724 1768 2809 quoda

407 2839 449 2883 ex
471 2840 510 2884 eo
533 2821 671 2904 paritur,
693 2841 899 2904 permagnum
920 2824 1061 2898 videtur,
1083 2832 1119 2887 ut
1141 2825 1240 2887 llario
1263 2823 1445 2905 praeripere
1467 2821 1599 2901 collegis
1621 2827 1653 2883 et
1676 2819 1732 2882 tri·

407 2914 501 2978 bunis
531 2914 614 2995 plebi
645 2915 832 2997 popularem
861 2917 993 2997 gratiam
1021 2938 1085 2981 non
1113 2918 1157 2981 ita
1186 2927 1297 2999 turpe,
1324 2915 1488 2980 consulem
1510 2915 1552 2979 ob
1574 2935 1645 2979 eam
1665 2933 1732 2978 rem

407 3005 492 3083 lieri,
524 3007 612 3092 quod
638 3010 699 3072 sibi
728 3018 795 3072 tom
823 3019 1045 3092 proposuerat,
1075 3011 1168 3074 raldo
1190 3011 1266 3074 utile
1289 3010 1462 3073 videbatur.
1506 3010 1569 3074 Sed
1591 3010 1732 3074 omnium

407 3121 471 3165 una
492 3101 601 3184 regula
623 3111 685 3178 est,
707 3122 805 3186 quam
827 3103 884 3166 tibi
906 3106 1001 3187 cupio
1025 3124 1095 3168 esse
1117 3106 1329 3169 notissimam:
1351 3112 1406 3167 sut
1426 3102 1522 3176 illud,
1545 3102 1631 3187 quod
1653 3102 1732 3166 utile

408 3196 551 3269 videtur,
579 3204 670 3280 turpe
692 3216 732 3261 ne
755 3198 815 3270 sit,
843 3206 915 3271 aut,
940 3199 968 3261 si
990 3208 1081 3282 turpe
1103 3208 1169 3272 est,
1191 3218 1232 3260 ne
1255 3198 1399 3261 videatur
1420 3216 1491 3261 esse
1516 3197 1604 3261 utile.
1647 3194 1771 3272 Quidso

407 3291 525 3374 igitur?
546 3310 759 3375 possumusne
781 3299 835 3354 aut
856 3291 945 3354 illum
967 3293 1102 3355 Marium
1126 3294 1226 3356 virum
1248 3293 1366 3357 bonnm
1389 3292 1529 3355 iudicare
1550 3299 1605 3355 sut
1624 3291 1735 3356 bunot

408 3385 541 3467 Explica
569 3393 664 3467 atque
693 3393 808 3448 exeute
836 3385 1085 3466 intellegentiam
1114 3394 1217 3460 tuam,
1246 3394 1281 3449 ut
1309 3386 1436 3459 videas,
1466 3405 1548 3469 quae
1577 3386 1619 3449 sit
1640 3387 1673 3449 in
1695 3405 1733 3448 ea

409 3480 534 3562 speeies
557 3474 683 3562 [torma]
707 3487 739 3542 et
763 3479 850 3542 notio
873 3480 931 3542 viri
955 3480 1039 3543 boni.
1084 3479 1174 3544 Cadit
1195 3499 1271 3561 ergo
1293 3480 1327 3542 in
1349 3480 1448 3543 virum
1469 3480 1589 3542 bonum
1606 3479 1732 3544 mentiri

410 3572 616 3637 emolumenti
647 3573 694 3635 sui
724 3592 837 3646 eausa,
866 3572 1041 3648 criminari,
1071 3574 1268 3656 praeripere,
1297 3573 1431 3637 falleret
1473 3572 1560 3636 Nihil
1588 3572 1732 3655 prolecto

409 3668 524 3732 minus.
567 3662 618 3729 82.
642 3666 699 3729 Est
719 3686 794 3748 ergo
818 3667 955 3730 ollares
978 3669 1055 3730 tanti
1076 3675 1133 3731 aut
1154 3667 1354 3731 commodum
1378 3666 1476 3730 ullum
1500 3675 1562 3730 tam
1583 3675 1770 3749 expetens-tt

409 3762 504 3835 dum,
533 3767 568 3825 ut
599 3761 658 3823 viri
687 3760 763 3823 boni
793 3769 823 3824 et
852 3761 1054 3843 splendorem
1082 3770 1115 3825 et
1142 3760 1260 3824 nomen
1282 3761 1427 3823 amittas?
1471 3759 1556 3835 Quid
1579 3759 1734 3842 estquod

408 3855 531 3921 adferre
558 3863 680 3918 tantum
708 3854 826 3918 utilitas
848 3856 925 3929 ista,
955 3874 1037 3938 quae
1058 3856 1188 3929 dieitur,
1218 3854 1335 3938 possit,
1364 3862 1517 3935 quantum
1537 3853 1677 3929 auferre,
1706 3854 1734 3918 si

408 3951 484 4014 boni
514 3950 572 4013 viri
600 3969 718 4013 nomen
747 3950 916 4029 eripuerit,
946 3946 1040 4012 fidem
1063 3949 1279 4031 iustitiamque
1300 3948 1495 4012 detraxerit?
1539 3947 1626 4023 Quid
1647 3947 1732 4012 enim

408 4046 556 4118 interest,
585 4052 691 4107 utrum
722 4063 764 4106 ex
792 4041 920 4106 homine
950 4063 985 4106 se
1013 4051 1176 4107 convertat
1205 4043 1277 4126 quis
1306 4042 1339 4104 in
1360 4042 1504 4116 beluam,
1533 4061 1574 4105 an
1595 4041 1734 4105 bominis

408 4138 510 4221 Qum
531 4138 747 4201 inmanitatem
771 4144 859 4218 gerat
878 4136 1014 4199 beluaet
1741 4149 1771 4199 ts

493 4232 579 4295 xxi.
603 4231 712 4307 Quid?
736 4231 791 4313 qui
813 4231 918 4293 omnia
941 4240 1026 4293 recta
1048 4239 1080 4294 et
1103 4228 1238 4293 honesta
1260 4228 1441 4312 neglegunt,
1464 4229 1540 4291 dum
1561 4229 1655 4293 modo
1676 4248 1734 4311 po-

408 4328 538 4390 tentiam
561 4332 811 4407 consequantur,
840 4343 945 4386 nonne
968 4324 1050 4386 idem
1073 4323 1193 4386 faciunt
1215 4322 1300 4407 quod
1324 4324 1368 4397 is,
1396 4324 1450 4407 qui
1474 4323 1567 4386 etiam
1589 4342 1735 4386 socerum

408 4421 526 4484 habore
549 4418 648 4483 votuit
670 4439 752 4491 eum,
775 4418 866 4480 ouius
888 4417 956 4498 ipse
980 4416 1114 4480 audacia
1135 4426 1249 4500 potens
1271 4421 1375 4481 esset‘l
1412 4417 1495 4481 lltile
1517 4416 1547 4479 ei
1570 4416 1735 4479 videbatur

408 4515 578 4598 plurimum
602 4531 697 4595 posse
719 4512 851 4576 alterius
873 4510 1003 4574 invidia.
1036 4511 1072 4573 ld
1095 4531 1190 4592 quam
1212 4512 1364 4576 iniustum
1386 4512 1419 4575 in
1441 4512 1573 4595 patriam
1592 4518 1624 4575 et
1639 4528 1733 4595 quam

409 4616 501 4690 turpe
525 4604 569 4690 [et
591 4625 686 4690 quam
708 4602 833 4688 inutile]
858 4613 960 4678 esset,
989 4624 1052 4669 non
1077 4604 1213 4669 videbat.
1257 4606 1330 4687 lpse
1359 4614 1466 4670 autem
1495 4624 1586 4670 sooer
1614 4605 1647 4668 in
1678 4622 1771 4668 orest

409 4720 536 4784 semper
557 4700 695 4764 Graecos
723 4720 833 4763 versus
862 4700 902 4762 de
930 4700 1114 4762 Phoenissis
1142 4698 1293 4773 babebat,
1321 4720 1402 4782 quos
1431 4699 1534 4763 dicam
1555 4707 1591 4763 ut
1612 4705 1733 4783 potero,

410 4794 568 4858 incondite
590 4793 740 4867 tortasse,
763 4793 819 4857 sed
842 4802 946 4857 tamen
968 4802 1004 4857 ut
1026 4813 1076 4856 res
1099 4794 1200 4877 possit
1221 4793 1381 4876 intellegi:

475 5064 499 5115 4.
517 5066 544 5113 te
561 5077 614 5115 om.
629 5063 725 5115 B¹ll¹a
743 5089 771 5100 -
789 5065 814 5115 o.
827 5064 986 5127 protensos
1002 5076 1072 5113 corr.
1086 5064 1113 5113 in
1129 5063 1288 5113 meridiem
1304 5075 1321 5113 a
1338 5087 1366 5098 -
1385 5061 1535 5112 boototrie
1556 5088 1581 5101 -
1601 5064 1624 5112 6.
1635 5068 1736 5125 prodo-

409 5140 476 5189 rs'um
494 5140 605 5190 Bllab:
621 5145 769 5203 praetorem
784 5151 821 5201 op
840 5164 866 5175 -
882 5137 1052 5202 ptebs‘ll'sb:
1069 5138 1105 5201 pl.
1119 5150 1147 5196 o,
1163 5139 1275 5201 pleni&
1290 5138 1368 5201 plebis
1385 5136 1417 5188 ll²
1433 5161 1462 5174 -
1480 5136 1737 5188 ammonerent»

409 5241 447 5252 -·
458 5215 518 5275 outd
533 5214 634 5265 tuberes
657 5212 709 5265 del.
729 5213 880 5264 Lambinus.
906 5240 934 5250 -
962 5215 1013 5265 s'ttts
1029 5226 1081 5263 om.
1101 5214 1124 5264 ll
1149 5238 1178 5250 -
1206 5215 1245 5264 444.
1264 5215 1420 5264 ueendmm
1441 5212 1549 5264 euru:
1578 5215 1737 5263 usoesdmsnt

373 5281 378 5290 ’
408 5288 493 5346 B²bo;
512 5292 684 5340 merendam
697 5288 728 5339 ll²
741 5314 768 5324 -
788 5291 828 5339 tt.
841 5289 874 5337 ab
890 5290 972 5340 Btla:
991 5302 1009 5339 o
1023 5291 1061 5339 bo
1079 5313 1108 5325 -
1125 5294 1202 5350 moso
1217 5289 1284 5351 quod
1299 5290 1585 5339 commotum-solos
1600 5289 1666 5338 dtm't
1681 5289 1736 5338 No-

409 5366 468 5415 nius
486 5377 510 5428 p.
522 5366 579 5415 4447.
601 5392 628 5402 -
648 5366 687 5415 44.
706 5365 776 5413 uttts’s
791 5368 874 5413 status
890 5376 919 5419 αι
937 5365 1119 5415 otoistntooeb
1138 5390 1164 5401 -
1185 5364 1225 5413 43.
1244 5365 1300 5415 ttsss
1317 5377 1334 5415 a
1351 5390 1379 5402 -
1400 5364 1440 5416 tl.
1458 5363 1733 5414 conturbentbltab:

407 5438 557 5489 monas
574 5451 589 5488 o
608 5466 635 5476 -
655 5442 696 5490 ss.
710 5439 1059 5501 &mmqadsdototurtt-
1078 5438 1126 5503 tto]
1139 5439 1225 5488 tomll
1244 5464 1271 5475 -
1292 5440 1331 5487 47.
1342 5437 1408 5501 ptsbt
1425 5437 1549 5489 blt¹sb:
1566 5438 1601 5500 pl.
1614 5450 1643 5497 o,
1658 5437 1736 5500 plebis

409 5513 443 5565 ll²
466 5539 493 5551 -
517 5515 677 5566 renomlt
701 5539 728 5550 -
754 5513 794 5563 44,
812 5514 978 5576 suplettbto
1002 5539 1029 5549 -
1055 5514 1096 5563 40.
1114 5514 1370 5565 mcotdeaturb-
1391 5514 1457 5575 Quid
1473 5527 1532 5575 erpo
1550 5526 1567 5564 a
1585 5539 1611 5549 -
1631 5513 1672 5563 44.
1691 5516 1737 5563 out

407 5590 472 5639 tuno
489 5601 516 5639 o:
546 5596 622 5650 utque
638 5590 703 5639 buno
719 5590 821 5641 tillab
845 5614 872 5625 -
898 5590 940 5641 44.
958 5588 1059 5650 emption
1075 5594 1152 5651 atque
1168 5594 1304 5640 waste--
1316 5592 1342 5639 tn
1359 5602 1389 5639 eo
1405 5589 1495 5650 speeies
1510 5590 1586 5651 poso
1602 5590 1671 5638 notio
1685 5587 1736 5637 obi

408 5665 465 5716 bont
483 5666 582 5715 Nonius
600 5678 626 5728 p.
637 5665 699 5721 3003
717 5664 1064 5727 explico-distemperantia
1079 5670 1151 5714 tuom
1168 5663 1240 5714 ldem
1256 5677 1282 5728 p.
1293 5664 1350 5714 4944.
1371 5688 1398 5700 -
1417 5664 1444 5712 ts
1461 5675 1515 5712 om.
1530 5664 1551 5713 ll
1569 5687 1597 5700 -
1621 5662 1662 5713 2³.
1680 5676 1736 5725 spe-

408 5741 580 5803 etssJormo.
596 5745 619 5788 et
635 5740 703 5789 sotio
720 5751 749 5796 ας
767 5741 847 5801 specte
861 5741 945 5803 {omn
962 5745 986 5789 et
1000 5740 1069 5790 notio
1087 5751 1135 5803 op.
1163 5741 1215 5789 Aut
1230 5740 1320 5801 speeies
1336 5740 1382 5787 aut
1396 5739 1481 5801 [orsos
1498 5736 1656 5787 eliciendum
1675 5749 1735 5787 esse

410 5816 559 5866 docuerunt
571 5816 672 5878 ltrnrup
690 5817 717 5864 et
728 5814 831 5877 Madvig
849 5816 954 5879 (opusc.
967 5814 1042 5865 send.
1056 5816 1066 5864 l
1078 5828 1104 5880 p.
1113 5813 1183 5876 334);
1201 5814 1287 5876 [ormo
1303 5813 1355 5864 del.
1368 5812 1453 5871 bund,
1471 5813 1562 5875 spectes
1577 5810 1642 5863 seul.
1652 5810 1733 5864 lllotr.

412 5917 439 5929 -
458 5890 897 5954 aspendonensium
913 5892 988 5956 pontt
1004 5903 1021 5941 a
1039 5916 1066 5926 -
1085 5891 1127 5940 444.
1145 5890 1238 5952 sepse
1253 5902 1271 5941 s
1288 5917 1316 5928 -
1336 5889 1378 5942 49,
1390 5888 1542 5941 bomlsisc:
1560 5887 1735 5941 isbosstutso

413 5992 439 6005 -
460 5965 501 6016 345.
521 5971 544 6018 et
561 5978 639 6031 qoam
654 5966 743 6019 tnottls
759 5966 858 6029 ome,
876 5978 926 6034 ego
942 5964 1054 6020 seelud-
1069 5989 1099 6007 ·-
1118 5964 1160 6021 34.
1176 5976 1218 6018 rer
1233 5976 1288 6017 om.
1301 5976 1326 6022 o,
