4342 7459
739 1248 808 1314 Lra.
829 1250 867 1313 V.
896 1246 972 1313 Cae.
993 1246 1163 1311 vii-lx.
1188 1242 1235 1328 §5
1259 1240 1405 1309 t7-2t.
1676 1237 1738 1308 tsi

408 1411 518 1476 videro
539 1410 618 1495 quid
640 1406 765 1474 efficiat.
799 1409 967 1492 Tantisper
987 1407 1050 1471 hoc
1070 1408 1176 1491 ipsum
1199 1406 1304 1488 magni
1318 1409 1473 1480 aestnmo,
1497 1402 1585 1487 qnod
1605 1401 1740 1487 pollice·

408 1513 468 1569 tur.
499 1508 580 1568 Nam
601 1507 726 1569 Xerxes
748 1502 878 1587 quidem
901 1502 1035 1564 retertur
1058 1502 1206 1564 omnibus
1232 1500 1380 1585 praemiis
1402 1498 1561 1582 donisque
1581 1497 1740 1574 furtunae,
1847 1536 1850 1541 ·

407 1620 472 1664 nun
494 1602 653 1685 equitatu,
675 1618 741 1661 non
762 1598 963 1682 pedestribus
985 1597 1101 1677 copiis,
1128 1615 1192 1659 nou
1214 1597 1342 1658 narium
1364 1593 1581 1668 multitudine,
1603 1613 1669 1656 uou
1691 1594 1742 1656 iu·

407 1690 495 1758 linito
516 1693 661 1779 pondere
682 1692 751 1754 auri
767 1697 950 1763 contentus,
973 1691 1147 1773 praemium
1162 1689 1344 1772 proposuit,
1367 1688 1422 1771 qui
1435 1687 1611 1751 invenisset
1624 1706 1740 1752 nova·

407 1788 617 1872 voluptatem:
640 1805 704 1869 qua
726 1786 795 1868 ipsa
818 1803 884 1847 non
905 1784 1019 1846 luisset
1039 1790 1224 1858 contentus3
1247 1801 1352 1865 neque
1375 1782 1460 1845 enim
1479 1801 1630 1864 umquam
1643 1782 1764 1846 linem's

408 1881 548 1944 inveniet
569 1880 679 1944 libido.
716 1880 779 1942 lios
801 1877 915 1941 vellem
938 1878 1079 1960 praemio
1101 1876 1216 1940 elicere
1238 1895 1419 1959 possemus,
1440 1878 1493 1959 qui
1509 1876 1603 1939 nobis
1618 1876 1739 1961 aliquid

408 1974 581 2050 attulisset,
604 1994 670 2057 quo
692 1973 753 2037 hoc
774 1968 894 2033 firmins
916 1971 1125 2034 crederemus.
1558 2013 1561 2018 -

492 2069 575 2133 v111.
597 2064 650 2130 bl.
673 2069 709 2130 Α.
732 2065 855 2129 Vellem
877 2064 910 2127 id
934 2064 1082 2148 quidem,
1105 2062 1162 2128 sed
1183 2062 1286 2127 habeo
1307 2063 1437 2148 paulum
1460 2063 1547 2147 quod
1569 2064 1740 2148 requiram.

407 2162 474 2245 Ego
489 2162 574 2225 enim
590 2161 755 2225 adsentior
769 2178 895 2234 eorum,
918 2177 1001 2242 quae
1017 2157 1169 2242 posuisti,
1191 2156 1324 2221 alterurn
1338 2157 1429 2222 alteri
1444 2176 1643 2242 consequeus
1658 2178 1739 2233 esse,

409 2265 443 2320 ut
464 2275 560 2340 quem
583 2255 784 2328 admodum,
806 2253 934 2336 siquod
953 2250 1121 2315 honestum
1136 2250 1193 2325 sit,
1215 2249 1248 2312 id
1264 2248 1365 2314 solum
1381 2251 1424 2314 sit
1437 2250 1566 2327 bonurn,
1588 2260 1740 2337 sequatur
1749 2268 1778 2315 to

409 2350 503 2412 vitam
526 2350 651 2413 beatam
673 2349 789 2412 virtute
810 2346 941 2419 confici,
970 2346 1015 2407 sic
1045 2345 1071 2407 si
1095 2344 1159 2407 vita
1181 2345 1273 2408 beata
1294 2345 1327 2408 in
1351 2346 1465 2409 virtute
1487 2346 1543 2422 sit,
1565 2346 1646 2410 nibil
1668 2367 1740 2412 esse

408 2444 468 2507 nisi
497 2445 645 2506 rirtmem
673 2443 803 2505 bonurn.
842 2440 903 2502 Sed
930 2441 1046 2501 Brutus
1067 2446 1142 2501 tuns
1164 2447 1294 2502 auctore
1316 2439 1420 2503 Aristo
1442 2448 1474 2503 et
1494 2439 1652 2504 Antiocho
1672 2461 1739 2505 nou

408 2536 502 2600 sentit
531 2535 609 2610 hoc,
643 2543 735 2619 putat
762 2534 865 2607 enim,
893 2534 987 2596 etiarn
1018 2533 1044 2595 si
1072 2533 1115 2597 sit
1142 2530 1261 2597 honum
1283 2533 1412 2619 aliquod
1434 2542 1560 2617 praeter
1580 2535 1739 2599 virtutem.

407 2632 448 2693 lt.
471 2630 559 2706 Quid
581 2630 698 2712 igituri
725 2636 837 2692 contra
858 2629 1031 2690 Brutumne
1056 2646 1107 2689 me
1130 2627 1287 2689 dicturum
1309 2629 1427 2709 putari
1460 2630 1496 2691 Α.
1519 2628 1568 2692 Tu
1590 2647 1681 2704 reru,
1703 2636 1740 2692 ut

408 2724 551 2798 ridetur3
573 2743 648 2786 nam
669 2721 838 2804 praefinire
860 2739 924 2783 uon
947 2728 996 2784 est
1015 2739 1131 2785 meum.
1175 2716 1226 2781 22.
1248 2722 1291 2783 Μ.
1307 2720 1393 2797 Quid
1416 2722 1530 2806 cuique
1551 2721 1650 2804 igitur
1664 2741 1739 2785 cons
1748 2736 1778 2783 44

408 2828 594 2883 sentaneum
617 2816 672 2891 sit,
695 2816 759 2880 alio
780 2815 861 2878 loco.
893 2814 1055 2877 Numisia
1077 2813 1154 2878 mihi
1177 2821 1302 2877 etcum
1325 2814 1482 2878 Antiocho
1504 2835 1600 2899 saepe
1622 2823 1739 2879 etcum

407 2913 511 2975 Aristo
533 2930 647 2993 nuper,
670 2930 742 2973 cum
757 2908 889 2971 Athenis
904 2909 1076 2989 imperatur
1090 2905 1173 2990 apud
1189 2926 1262 2971 eum
1278 2908 1471 2983 deversarer,
1493 2908 1651 2974 dissensio
1669 2908 1740 2972 tuit.

408 3006 484 3069 llihi
499 3005 586 3068 enim
601 3022 666 3066 non
686 3002 853 3065 ridebatur
866 3003 1037 3085 quisquam
1055 3020 1126 3062 esse
1141 3001 1251 3065 beatus
1265 3022 1372 3085 posse,
1394 3022 1467 3065 cum
1481 3002 1514 3065 in
1531 3003 1622 3067 malis
1638 3010 1738 3079 esset3

407 3099 439 3161 in
461 3097 554 3161 malis
574 3104 679 3159 autern
702 3096 879 3180 sapientem
903 3115 974 3158 esse
996 3114 1103 3177 posse,
1126 3095 1152 3157 si
1169 3107 1276 3160 essent
1289 3096 1355 3158 ulla
1370 3098 1512 3179 corporis
1526 3105 1582 3161 aut
1594 3097 1740 3161 fortunae

409 3192 499 3256 mala.
524 3190 719 3254 Dicebantur
734 3190 824 3260 haec,
840 3208 923 3272 quae
938 3189 1065 3273 scripsit
1079 3189 1176 3251 etiam
1187 3189 1362 3252 Antiochus
1378 3190 1456 3253 lucis
1471 3189 1626 3274 pluribus,
1640 3191 1778 3253 virtu-so

409 3294 471 3350 tem
491 3286 593 3369 ipsam
615 3304 674 3367 per
696 3304 730 3348 se
752 3284 875 3346 beatam
898 3283 997 3346 vitam
1012 3282 1140 3346 efficere
1154 3301 1250 3366 posse
1264 3302 1370 3367 neque
1385 3289 1490 3347 tamen
1506 3284 1738 3359 beatissimum

409 3379 524 3443 deinde
547 3398 589 3442 ex
611 3380 730 3441 maiore
751 3385 841 3462 parte
862 3378 1035 3460 plerasque
1056 3397 1108 3439 res
1129 3378 1301 3451 nominari,
1324 3379 1419 3440 etiam
1442 3380 1469 3442 si
1486 3398 1570 3463 quae
1590 3398 1664 3462 pars
1685 3378 1741 3442 ab·

409 3483 508 3548 esset,
542 3482 578 3536 ut
599 3474 700 3547 vires,
728 3481 764 3534 ut
785 3470 1018 3544 valetudinem,
1049 3482 1085 3533 ut
1107 3471 1250 3545 divitias,
1279 3479 1317 3535 ut
1337 3470 1506 3549 honorem,
1533 3478 1570 3536 ut
1596 3472 1741 3555 gloriam,

408 3588 492 3651 quae
514 3586 646 3650 genere,
668 3585 733 3629 nou
754 3573 1132 3629 numero-cernerentur:
1154 3565 1228 3628 item
1251 3565 1375 3628 beatam
1397 3566 1511 3642 utam,
1534 3569 1628 3632 etiam
1651 3569 1678 3631 si
1700 3587 1741 3631 er

409 3662 516 3746 aliqua
544 3668 635 3744 parte
663 3659 842 3731 clauderet,
872 3667 977 3721 tamen
1006 3679 1047 3722 er
1075 3659 1176 3722 multo
1199 3658 1319 3723 maiore
1345 3669 1437 3744 parte
1458 3662 1603 3744 optinere
1624 3675 1778 3727 nomenis

408 3776 510 3821 suum.
553 3753 714 3818 4441444
742 3772 827 3816 nunc
857 3752 1026 3815 enucleare
1055 3772 1120 3816 non
1148 3754 1191 3816 ita
1219 3772 1352 3817 necesse
1374 3761 1440 3831 est,
1463 3775 1653 3840 quamquam
1675 3776 1740 3821 nou

409 3850 664 3915 constantissime
685 3846 749 3909 dici
771 3845 849 3909 mihi
871 3845 1027 3909 videntur.
1064 3850 1141 3910 Nam
1169 3854 1201 3910 et
1222 3849 1278 3930 qui
1299 3847 1411 3913 beatus
1433 3857 1482 3913 est
1502 3868 1568 3914 uon
1587 3852 1740 3935 intellego

408 3943 483 4025 quid
505 3943 661 4026 requirat,
683 3948 720 4004 ut
740 3941 782 4003 sit
802 3939 927 4002 beatior
948 3940 1039 4004 -si
1061 3950 1110 4005 est
1131 3940 1216 4005 e'nim
1240 3941 1328 4026 quod
1349 3943 1449 4018 desit,
1473 3962 1514 4007 ue
1535 3945 1647 4009 beatus
1669 3946 1741 4030 qni-

408 4035 478 4101 dem
508 4046 556 4101 est
576 4069 636 4111 -,
664 4044 698 4098 et
725 4032 814 4118 quod
844 4054 886 4097 ex
913 4034 1033 4098 maiore
1061 4043 1151 4118 parte
1180 4055 1275 4099 unam
1302 4054 1463 4121 quamque
1490 4056 1556 4102 rem
1586 4040 1741 4123 appellari

409 4132 608 4216 rpecmrique
637 4128 761 4202 dicunt,
791 4135 840 4189 est
867 4127 923 4191 ubi
946 4127 979 4189 id
1001 4129 1062 4191 isto
1085 4129 1180 4193 modo
1202 4129 1324 4193 valeat:
1353 4149 1423 4194 cum
1447 4150 1523 4194 reru
1545 4133 1601 4195 tria
1624 4141 1777 4215 generati

410 4226 563 4289 malorum
586 4244 657 4287 esse
681 4222 804 4296 dicant,
831 4222 887 4304 qui
908 4221 1044 4286 duorum
1067 4243 1218 4305 generum
1242 4224 1333 4288 malis
1356 4226 1503 4288 omnibus
1524 4236 1683 4309 urgeatur,
1705 4236 1742 4292 ut

410 4322 515 4383 omnia
536 4318 673 4381 advorsa
694 4317 759 4378 sint
781 4316 813 4378 in
835 4316 977 4389 fortuna,
999 4318 1147 4380 omnibus
1162 4337 1349 4401 oppressum
1372 4339 1488 4402 corpus
1512 4326 1544 4382 et
1561 4319 1740 4384 contectum

410 4412 589 4485 doloribus,
618 4411 692 4474 huic
715 4410 886 4493 paulumne
908 4409 946 4472 ad
970 4410 1093 4475 beatam
1116 4412 1214 4475 vitam
1236 4410 1347 4476 deesse
1369 4412 1527 4488 dicemus,
1557 4433 1621 4477 non
1644 4414 1740 4478 modu

410 4505 448 4568 ad
469 4505 709 4570 beatissimam?

492 4602 548 4663 1x.
570 4596 622 4662 it.
644 4600 714 4662 lloc
734 4597 815 4663 illud
834 4606 895 4672 est,
917 4600 1006 4683 quod
1020 4600 1260 4685 Theophrastus
1275 4601 1432 4664 sustinere
1448 4619 1513 4663 non
1527 4602 1640 4685 potuit
1661 4602 1778 4666 Nemas

410 4714 479 4757 cum
501 4696 677 4769 statuisset,
706 4693 853 4768 verbera,
876 4701 1051 4768 tormenta,
1073 4694 1247 4768 cruciatus,
1275 4695 1393 4778 patriae
1415 4696 1612 4770 eversiones,
1635 4695 1741 4772 exilia,

410 4789 559 4854 orbitates
590 4808 733 4871 magnam
762 4789 827 4851 vim
855 4786 973 4851 habere
1000 4787 1040 4850 ad
1071 4787 1154 4851 male
1176 4788 1357 4871 misereque
1378 4788 1566 4866 vivendum,
1597 4810 1664 4853 non
1694 4799 1742 4854 est

474 5055 497 5104 4.
516 5053 587 5117 mugi
603 5052 623 5102 li
641 5054 668 5101 et
686 5052 828 5114 (superaus.
842 5051 866 5111 oi
880 5052 901 5100 G
916 5076 944 5086 -
963 5050 987 5100 3.
1000 5054 1140 5101 motum
1151 5052 1200 5101 Gli
1212 5078 1238 5088 -
1252 5052 1276 5100 5.
1288 5050 1444 5101 uoluntatem
1458 5051 1505 5101 Gli
1520 5079 1546 5088 -
1564 5053 1649 5117 [444444
1660 5055 1741 5105 lient-

409 5127 460 5192 ley:
472 5128 622 5191 [44400-
636 5128 661 5177 8.
678 5128 890 5189 pouuuomo-
903 5127 942 5175 it.
958 5126 1069 5176 44444444
1081 5127 1116 5185 C;
1135 5127 1199 5176 item
1211 5138 1237 5176 v.
1251 5126 1291 5176 tr.
1306 5152 1334 5163 -
1350 5126 1390 5177 43.
1402 5128 1423 5177 ri
1436 5139 1489 5178 om.
1502 5125 1532 5177 G¹
1546 5153 1572 5163 —
1588 5128 1627 5179 it.
1641 5129 1742 5181 bractam

409 5216 452 5252 444
467 5203 544 5253 osec
564 5229 592 5240 -
621 5203 660 5251 ii.
679 5202 795 5252 dimutto
812 5204 832 5252 G
850 5228 882 5239 -
908 5202 949 5251 20.
967 5202 1111 5263 scriptasit
1128 5201 1163 5260 C;
1187 5200 1338 5263 scriptitavit
1358 5200 1483 5253 Klotzius.
1510 5201 1591 5252 Error
1611 5201 1741 5255 librorum

409 5278 470 5328 inde
494 5280 572 5328 natus
593 5277 708 5337 videtur,
733 5275 806 5340 quod
828 5273 948 5338 syllabae
964 5276 1031 5338 scrip
1048 5278 1075 5325 et
1091 5276 1123 5325 rit
1142 5276 1168 5325 in
1186 5275 1334 5339 erchetypu
1351 5274 1450 5325 divisse
1469 5280 1553 5327 eruut.
1576 5278 1615 5328 lie
1633 5278 1741 5341 syllable

411 5352 527 5402 institutis
544 5350 606 5400 vide
623 5350 657 5399 ad
675 5351 685 5399 Ι
703 5350 717 5413 5
735 5350 775 5400 aa.
796 5377 824 5388 -
843 5351 884 5400 it.
902 5363 973 5412 posse
989 5362 1043 5399 om.
1062 5347 1101 5412 li¹,
1123 5347 1232 5400 seclusit
1248 5349 1406 5413 iregderus.
1429 5350 1547 5403 cibasse
1565 5354 1674 5417 quidem
1692 5367 1742 5419 po-

411 5428 478 5476 terat
495 5425 537 5488 (ct.
557 5425 588 5489 §s
607 5425 648 5474 47.
665 5426 706 5474 at.
725 5423 766 5474 ta.
786 5423 842 5484 l8i,
860 5423 923 5483 sed,
941 5425 1067 5488 quoniam
1080 5436 1167 5487 neque
1179 5437 1211 5474 ea
1222 5437 1274 5475 vox
1285 5424 1355 5475 male
1371 5437 1570 5491 superrscauea
1583 5430 1741 5493 eetisuprs:

410 5501 469 5551 mibi
485 5512 535 5550 aon
551 5499 684 5550 4444444444
700 5501 833 5561 quisquam
849 5511 899 5548 esra
915 5498 1001 5549 beatus
1015 5498 1114 5563 posse)
1131 5501 1159 5548 et
1175 5497 1217 5549 ille
1235 5498 1320 5549 codex
1333 5502 1454 5563 proprias
1467 5500 1607 5551 nonnullas
1619 5501 1741 5552 omissio·

412 5587 458 5625 nes
475 5574 620 5625 mendosas
642 5573 724 5623 hebet
742 5577 780 5635 (ut
795 5574 821 5633 1,
841 5575 871 5624 40
889 5574 1011 5637 desmdet,
1035 5574 1067 5625 to
1083 5574 1216 5635 supertom
1227 5578 1383 5636 --outoro,
1406 5574 1438 5625 te
1455 5580 1496 5636 at,
1517 5576 1561 5637 iil,
1583 5577 1613 5625 40
1631 5575 1739 5637 quidem,

412 5650 442 5710 i,
459 5650 491 5700 tit
507 5656 531 5700 et
546 5651 719 5711 4444444444),
742 5647 804 5698 nihii
828 5649 889 5709 tuit,
917 5662 977 5709 eur,
1001 5649 1072 5713 quod
1096 5649 1177 5698 ceteri
1200 5660 1294 5699 omnes
1314 5648 1422 5700 codices
1439 5652 1566 5710 retinent,
1585 5653 1741 5714 suspectum

412 5725 581 5777 baberetur·
598 5727 642 5775 W.
660 5753 694 5763 —
710 5725 751 5775 Ξῖ.
769 5730 843 5787 putre
860 5725 890 5774 G¹
909 5751 937 5762 -
955 5724 996 5775 27.
1014 5726 1133 5775 4444444444
1149 5724 1183 5773 li:
1201 5724 1301 5774 uidetur
1317 5725 1367 5774 Gli
1378 5749 1406 5760 -
1426 5725 1468 5774 29.
1485 5723 1547 5788 rem]
1562 5728 1661 5787 purtem
1678 5725 1738 5774 C-

411 5799 451 5850 tc.
469 5799 529 5864 4444]
546 5800 596 5849 tatu
611 5801 663 5849 triu
674 5802 705 5859 G,
724 5797 773 5849 sed
789 5800 839 5847 ista
849 5801 975 5861 quattuor
985 5801 1091 5863 punctis
1102 5800 1222 5848 notatum
1233 5800 1283 5849 est.
1298 5824 1325 5837 -
1345 5798 1385 5850 34.
1405 5799 1490 5848 dicam
1506 5800 1525 5848 li
1539 5823 1566 5837 -
1579 5796 1620 5849 33.
1636 5798 1742 5861 positu·

411 5875 492 5926 444444
513 5877 534 5926 0
557 5900 584 5913 -
609 5874 650 5926 it.
668 5874 823 5937 4444444444
845 5874 895 5924 Gli
920 5899 947 5911 -
972 5873 1013 5924 37.
1032 5886 1082 5924 ocu
1099 5877 1136 5925 ost
1151 5884 1229 5924 444444
1244 5872 1310 5926 stote
1324 5877 1348 5925 et
1364 5874 1447 5937 ample
1462 5873 1541 5938 ioqui,
1558 5872 1684 5925 4444444444
1699 5873 1741 5924 dt-

411 5952 530 6013 ssirssqse
545 5950 635 6001 44444444
651 5951 750 6002 Nouius
767 5963 793 6014 p.
806 5949 864 6001 286.

451 6042 542 6090 Gcrao
558 6040 585 6089 Τ.
596 6040 634 6088 iv.
1488 6036 1531 6105 ῃ
