4342 7459
443 1211 507 1277 768
949 1211 1005 1276 nil
1025 1210 1078 1275 RE
1100 1209 1270 1275 suecica

445 1378 541 1460 putat
563 1392 639 1439 esse
659 1372 938 1456 componendum,
959 1377 995 1438 ut
1017 1376 1064 1439 ita
1086 1375 1213 1441 caelum
1236 1374 1442 1461 possideant,
1463 1381 1501 1441 ut
1522 1379 1670 1463 uterque
1695 1397 1783 1465 pos-

443 1477 580 1544 sederit.
625 1475 706 1540 Tum
721 1475 898 1541 Manilius:
920 1465 1085 1565 Pergisne
1107 1496 1190 1559 eam,
1212 1478 1316 1560 haeli,
1337 1484 1442 1544 artem
1465 1477 1630 1564 inludere,
1653 1481 1690 1546 in
1715 1499 1784 1567 qna

445 1584 579 1666 primum
608 1581 746 1646 excellis
777 1583 867 1664 lpse,
896 1579 1017 1645 deinde
1044 1584 1117 1645 sine
1147 1599 1212 1666 qua
1238 1583 1327 1647 scire
1356 1600 1451 1648 nemu
1481 1588 1598 1667 potest
1626 1582 1712 1668 quid
1737 1587 1784 1650 sit

442 1704 475 1767 p.
488 1678 552 1764 lh]
575 1704 686 1768 suum,
709 1682 786 1768 quid
809 1677 1002 1754 alienum'il
1029 1682 1102 1751 Sed
1119 1688 1189 1751 ista
1211 1705 1301 1750 mox:
1324 1705 1412 1753 nunc
1434 1685 1612 1752 audiamus
1635 1686 1786 1770 Philum,

418 1809 538 1876 aquom
560 1789 660 1854 video
683 1789 862 1853 maioribus
882 1789 946 1853 iam
968 1787 1133 1855 derebus
1163 1810 1259 1875 quam
1281 1810 1333 1857 me
1361 1797 1420 1856 aut
1442 1810 1538 1877 quam
1560 1789 1602 1858 P·
1624 1789 1784 1858 Mucium

442 1894 581 1961 conardi.
1415 1941 1417 1946 ,

526 1994 621 2062 xlv.
649 1992 714 2060 21.
743 1994 824 2059 Tum
849 1993 979 2061 Philus:
1002 1994 1091 2061 Nihil
1114 1998 1193 2061 novi
1215 1998 1314 2062 vohis
1335 1995 1485 2063 adieram
1509 2015 1621 2079 neque
1643 1999 1785 2085 quoda

441 2118 493 2165 me
521 2103 566 2165 sit
593 2100 777 2188 cogitatum
806 2102 865 2163 aut
892 2100 1083 2185 inventum3
1116 2119 1191 2164 nam
1223 2102 1377 2166 memoria
1406 2106 1506 2165 teneo
1528 2101 1566 2167 c.
1587 2092 1783 2180 Sulpicia·

441 2203 589 2283 Gallum,
611 2202 854 2284 doctissimum,
875 2207 912 2266 ut
934 2204 1039 2286 scitis,
1061 2202 1235 2289 hominem,
1257 2222 1330 2269 cunr
1352 2202 1437 2270 idem
1461 2201 1525 2270 hoc
1545 2205 1658 2269 visum
1683 2204 1784 2274 diee-

404 2314 535 2374 uretur
563 2311 597 2371 ct
625 2309 715 2371 esset
743 2323 823 2371 casu
845 2309 928 2389 aput
949 2306 1001 2371 Μ.
1025 2305 1241 2384 Marcellum,
1272 2310 1326 2392 qui
1350 2327 1422 2373 cum
1444 2326 1485 2373 eo
1508 2309 1629 2373 conssul
1653 2309 1782 2395 iuerat,

441 2427 473 2490 p.
488 2400 571 2485 loa]
595 2408 782 2498 sphaeram,
805 2429 899 2493 uuam
916 2409 966 2475 M.
979 2410 1136 2477 Marcelli
1158 2430 1244 2476 avus
1266 2414 1376 2495 captis
1394 2408 1400 2487 Ι
1418 2409 1604 2497 Syracusis
1626 2430 1672 2477 ex
1697 2414 1781 2480 arbe

442 2513 702 2595 locupletissima
724 2517 826 2597 atque
849 2514 1058 2578 ornatissima
1082 2515 1286 2596 sustulisset,
1309 2532 1381 2580 cum
1403 2513 1493 2579 allud
1517 2514 1597 2579 nihil
1621 2534 1666 2581 ex
1682 2521 1781 2582 tanta

442 2614 569 2699 praeda
601 2613 730 2679 domum
763 2631 855 2679 suam
889 2613 1159 2700 deportavlsset,
1198 2618 1336 2683 iussisse
1369 2618 1534 2702 proferri:
1577 2620 1680 2684 euius
1714 2638 1779 2709 ego

441 2717 606 2804 sphaerae
628 2736 700 2783 eum
724 2737 886 2803 persaepe
910 2725 1049 2802 propter
1073 2718 1264 2786 Archimedi
1286 2722 1427 2808 gloriam
1449 2738 1568 2785 nomen
1593 2721 1778 2807 audisset,

404 2823 586 2905 inspeciem
610 2821 713 2905 ipsam
737 2839 803 2884 nun
826 2840 896 2885 sum
920 2826 1014 2886 tantu
1037 2840 1141 2905 opere
1162 2821 1361 2903 admiratum
1383 2828 1457 2888 erat
1481 2825 1565 2887 enirn
1589 2824 1650 2888 iiia
1666 2842 1779 2890 venu-

441 2926 526 2989 stior
548 2928 582 2987 et
604 2923 747 2988 nobilior
767 2924 801 2986 in
825 2924 966 3011 volgus,
994 2942 1091 3008 quam
1118 2925 1161 2990 ab
1191 2923 1306 2990 eodem
1331 2923 1532 2990 Archimede
1561 2926 1692 2992 iacta·
1715 2947 1779 3014 po-

442 3031 557 3093 sue-rat
584 3027 619 3090 in
647 3026 771 3108 templo
798 3024 941 3089 Virtutis
969 3024 1156 3092 Marcellus
1184 3025 1279 3092 idem.
1334 3022 1397 3091 22
1428 3024 1500 3092 Sed
1523 3031 1646 3110 postea
1670 3015 1775 3115 qun!

441 3149 473 3211 p.
489 3122 572 3209 lua]
604 3130 717 3212 coepit
743 3132 905 3194 rationem
935 3127 1032 3193 huius
1060 3132 1173 3213 operis
1199 3131 1419 3196 scientissime
1441 3130 1560 3197 Gallus
1589 3150 1777 3216 exponere,

442 3234 518 3319 plus
546 3235 579 3298 in
602 3233 659 3298 lllo
681 3230 797 3298 Siculo
825 3233 949 3319 ingenii
973 3253 1068 3317 quam
1092 3233 1264 3299 videretur
1285 3238 1406 3299 natura
1428 3232 1569 3299 humane
1593 3235 1691 3302 ferre
1714 3255 1776 3320 pa-

403 3338 547 3405 aotulsse
568 3335 752 3401 iudicabam
776 3335 890 3400 luisse.
919 3334 1062 3401 Dicebat
1084 3339 1170 3401 enim
1192 3335 1311 3403 Gallus
1332 3334 1497 3421 sphaerae
1520 3339 1612 3402 iliius
1634 3340 1776 3406 alterins

440 3438 570 3505 solidae
590 3444 692 3523 atque
714 3439 832 3521 plenae
854 3442 954 3504 vetus
975 3456 1051 3504 esse
1073 3439 1243 3503 inventum
1272 3444 1306 3503 et
1329 3457 1400 3504 eam
1422 3458 1442 3503 a
1465 3438 1610 3505 'l’halele
1633 3440 1773 3508 Milesio

441 3546 577 3629 prinum
607 3561 683 3607 esse
713 3545 895 3626 tornatum,
928 3547 1005 3624 post
1034 3546 1144 3608 autem
1174 3543 1218 3608 ab
1246 3541 1391 3607 iiudoxo
1420 3541 1557 3629 Cnidio,
1587 3542 1774 3624 discipulo.

440 3652 478 3711 ut
507 3646 655 3728 ferebat,
684 3643 856 3726 Platonis,
889 3643 1027 3709 eandem
1057 3645 1144 3711 iliam
1175 3647 1276 3709 astris
1309 3664 1394 3728 «puae
1427 3646 1521 3709 eaelo
1554 3644 1775 3713 inhaererent

440 3741 553 3829 poe]
592 3741 673 3827 esise
705 3748 926 3831 descriptam,
958 3750 1053 3812 cilius
1085 3766 1213 3812 omnem
1247 3753 1399 3812 ornatum
1432 3752 1467 3811 et
1499 3745 1777 3833 descriptionem,

401 3858 601 3937 assumptam
623 3852 666 3916 ab
689 3849 841 3932 Eudoxo,
866 3851 976 3915 multis
997 3853 1095 3915 anilis
1117 3856 1194 3935 post
1215 3872 1282 3916 non
1306 3851 1512 3939 astrologiae
1532 3854 1698 3942 scientia,
1718 3854 1777 3921 sed

441 3956 573 4038 poetica
600 3951 740 4038 quadam
772 3953 933 4018 facultate
961 3953 1117 4018 versibus
1145 3953 1287 4019 Aratum
1321 3954 1494 4019 extulisse.
1548 3953 1631 4021 lloc
1662 3963 1778 4024 ante·

439 4056 604 4142 sphaerae
624 4074 744 4144 genus,
767 4057 799 4117 ln
824 4074 887 4138 quo
909 4055 992 4119 solis
1014 4061 1049 4119 et
1072 4057 1170 4120 lunae
1192 4061 1300 4120 motus
1322 4058 1471 4121 inessent
1489 4057 1523 4120 et
1538 4073 1658 4123 earum
1677 4064 1779 4145 quin.

440 4178 503 4243 qnae
525 4160 712 4240 stellarum,
744 4176 828 4240 quae
857 4163 1010 4222 errantes
1039 4164 1073 4223 et
1104 4162 1197 4244 quasi
1225 4178 1335 4247 vagae
1358 4161 1632 4247 nominarentur,
1657 4165 1695 4228 ln
1725 4167 1782 4230 llla

438 4261 583 4346 sphaere
603 4259 710 4325 solida
732 4280 798 4324 non
822 4263 971 4343 potuisse
995 4260 1093 4341 liniri,
1122 4268 1222 4347 atque
1245 4265 1278 4326 ln
1301 4281 1341 4327 eo
1363 4260 1592 4326 admirandum
1618 4282 1704 4334 esse
1728 4272 1783 4333 in.

400 4381 469 4444 top.
486 4358 548 4444 oe]
578 4359 734 4439 ventum}
757 4364 964 4443 Archimedi,
993 4365 1081 4447 quod
1111 4369 1357 4451 excogitasset,
1390 4385 1483 4450 quem
1514 4364 1556 4429 ad
1583 4368 1727 4438 modun
1749 4375 1783 4438 in

439 4467 660 4532 dissimillimis
683 4467 825 4531 motibus
847 4470 1074 4551 inaequabiles
1095 4475 1131 4534 et
1152 4473 1266 4533 uarios
1288 4489 1406 4533 cursus
1427 4477 1584 4533 servaret
1602 4492 1677 4539 una
1694 4495 1784 4541 con-

439 4575 566 4646 versio,
613 4573 707 4636 lianc
737 4570 911 4654 sphaeram
941 4572 1061 4638 Gallus
1090 4592 1162 4638 cum
1195 4579 1366 4657 moveret,
1399 4572 1497 4636 fiebat
1527 4581 1564 4637 ut
1599 4578 1669 4641 soii
1703 4580 1786 4646 luna

437 4674 575 4741 totidem
597 4676 872 4741 conversionibus
894 4679 927 4739 ln
949 4695 1028 4741 aere
1050 4677 1107 4741 illo
1130 4683 1210 4761 quui
1233 4677 1350 4743 diebus
1372 4680 1404 4741 in
1427 4678 1501 4760 ipso
1527 4679 1632 4745 caelo
1655 4702 1788 4752 sucee-

503 4908 526 4954 l.
546 4866 649 4954 aurlhsn
668 4905 687 4954 C
708 4931 734 4941 —
754 4904 778 4953 3.
797 4904 1007 4954 accedislloser:
1028 4918 1137 4954 excelso
1156 4906 1184 4962 C,
1202 4905 1306 4955 eccollm
1323 4904 1585 4968 (abeeoeileolliioiz
1615 4936 1646 4947 —
1673 4911 1700 4963 t,
1723 4928 1789 4966 sm

437 4994 539 5040 ooromo
558 4980 593 5037 C.
616 4979 665 5030 sed
689 4993 731 5037 uui
748 4978 865 5029 deletum
894 5006 920 5015 -
948 4994 1039 5029 aaluua
1058 4982 1077 5030 C
1096 4980 1183 5031 deleta
1202 4995 1217 5029 u
1239 5007 1265 5017 -
1289 4982 1312 5031 7.
1332 4994 1399 5029 araus
1418 4983 1436 5031 C
1456 5004 1484 5015 -
1504 4982 1546 5031 il.
1566 4995 1695 5038 seneen!
1717 4992 1738 5042 C
1760 5017 1787 5028 —

436 5064 595 5166 rucrrhhh
613 5104 632 5153 C
653 5127 679 5137 -
700 5101 741 5152 ti.
760 5102 904 5150 Arusianus
922 5101 1006 5163 pili
1024 5103 1051 5151 L.
1072 5103 1143 5153 «Cic.
1157 5103 1191 5153 de
1204 5104 1268 5166 liep.
1283 5104 1316 5151 ll:
1336 5116 1393 5152 cum
1409 5101 1480 5151 uliud
1496 5101 1561 5151 nibil
1580 5105 1699 5160 donnum
1716 5126 1792 5163 ,m

434 5226 595 5287 deportasset.
616 5250 643 5259 -
663 5222 703 5273 li.
722 5235 812 5271 salsas
831 5222 850 5271 C
869 5248 901 5257 —
919 5222 959 5271 46.
979 5224 1132 5273 sommoaC
1158 5249 1183 5259 —·
1213 5224 1252 5273 20.
1272 5222 1414 5273 iudicabam
1431 5223 1495 5272 lini:
1517 5189 1678 5283 ruurcsh'c
1699 5234 1791 5287 delen

435 5360 462 5407 ι,
480 5347 592 5395 iudicasti
609 5346 711 5407 lirenup
742 5367 769 5379 -
799 5344 927 5393 errasse
957 5372 988 5380 —
1015 5347 1056 5394 al.
1075 5307 1207 5394 ruhrrhc
1239 5372 1265 5381 -
1295 5308 1508 5395 iihnalrlac
1540 5373 1567 5382 -
1602 5352 1651 5402 23,
1672 5356 1791 5418 [mam

434 5468 559 5518 Heinrich
578 5492 604 5502 -
625 5465 854 5526 astrisquuecoslo
866 5466 1022 5515 inhonorent
1040 5480 1101 5516 nos:
1122 5429 1512 5525 lsdsm'sfflll-CAELOiNflsslEWi
1526 5467 1547 5518 C
1562 5472 1643 5525 ¹0⁸&
1659 5478 1789 5540 011Βὶ011.

432 5541 535 5592 litterae
559 5555 604 5591 aaa
625 5539 729 5590 deletae
752 5541 825 5598 suut,
849 5553 870 5588 rs
888 5544 947 5604 post
964 5554 992 5589 ιι
1010 5541 1112 5590 addidit
1130 5544 1213 5605 prima
1227 5542 1257 5601 (il
1277 5554 1385 5598 manus.
1409 5543 1438 5588 Ui
1455 5538 1581 5604 Vidflilss'i
1615 5555 1702 5603 “titis
1719 5557 1791 5605 mdo

432 5617 474 5667 mn
474 5616 616 5668 malibus
633 5616 652 5664 0
671 5628 732 5665 cum
750 5616 831 5673 llai0;
850 5614 883 5664 el.
903 5616 1016 5665 Duliieu
1034 5618 1103 5680 pit
1121 5621 1147 5667 et
1165 5616 1195 5665 63
1215 5641 1242 5653 -
1262 5618 1302 5665 ib.
1322 5627 1472 5664 asraouoou
1490 5615 1523 5665 C¹
1543 5642 1573 5654 -
1603 5624 1653 5675 27.
1674 5641 1790 5681 sanam

434 5701 623 5792 C—hsasc
649 5764 679 5773 -
705 5737 746 5787 28.
765 5699 851 5794 oohC
881 5764 906 5773 -
935 5699 1036 5787 unohC
1063 5764 1096 5775 -
1121 5738 1160 5787 iil.
1178 5739 1235 5800 flori
1253 5738 1321 5787 conl.
1337 5737 1386 5786 llal
1414 5763 1440 5773 -
1468 5749 1496 5785 oo
1516 5739 1679 5798 Heinrich:
1700 5765 1734 5801 u
1753 5752 1788 5804 (ξς

432 5842 521 5895 locum
538 5841 573 5893 ob
590 5839 683 5892 oculos
700 5840 952 5892 babuitlactanilus
969 5840 1094 5891 diuinst.
1110 5842 1184 5901 ll,b.
1205 5866 1233 5877 -
1251 5841 1292 5890 31.
1312 5824 1530 5892 olusianmuuc
1553 5870 1583 5883 -
1606 5847 1656 5902 32,
1671 5867 1788 5906 „mu

434 5919 500 5968 C-
521 5917 562 5968 ³³.
580 5928 648 5972 ouoo
665 5917 694 5967 C.
