4342 7459
446 1224 509 1291 670
988 1232 1042 1295 DE
1065 1231 1236 1296 OFFlCllS

445 1389 639 1454 eutissimum
672 1395 705 1452 et
736 1389 1001 1471 patientissimum
1035 1390 1321 1455 Lacedaemonium
1352 1392 1552 1475 Lysandrum
1583 1395 1775 1478 accepimus,

445 1491 616 1566 contraque
632 1482 863 1557 Callicratidan,
885 1484 941 1567 qui
964 1485 1144 1567 praefectus
1166 1486 1278 1549 classis
1299 1486 1466 1569 proximus
1487 1496 1563 1569 post
1576 1488 1774 1574 Lysandrum

444 1577 514 1641 tuit.
569 1578 713 1661 Itemque
741 1577 775 1639 in
804 1579 1003 1642 sermonibus
1031 1580 1189 1662 aliquem,
1223 1582 1367 1664 quamvis
1396 1589 1586 1663 praepotens
1619 1585 1675 1658 sit,
1708 1581 1777 1648 etli-

444 1691 516 1736 cere
546 1680 581 1735 ut
608 1691 689 1734 unus
718 1670 758 1732 de
780 1671 885 1735 multis
907 1691 977 1735 esse
999 1673 1162 1736 videatur:
1192 1675 1277 1757 quod
1302 1676 1334 1737 in
1359 1673 1488 1750 Catulo,
1520 1684 1553 1739 et
1574 1676 1606 1740 in
1630 1685 1722 1761 patre
1744 1686 1777 1741 et

419 1765 477 1829 rin
499 1762 582 1839 filio,
611 1766 751 1848 itemque
780 1766 816 1828 in
848 1766 886 1840 Q.
908 1768 1015 1830 Mucio
1037 1768 1162 1831 Mancia
1194 1768 1341 1831 vidimus.
1391 1768 1507 1833 Audivi
1538 1790 1579 1833 ex
1601 1770 1775 1836 maioribus

442 1868 537 1934 natu,
567 1858 629 1922 hoc
659 1859 743 1923 idem
772 1859 871 1923 fuisse
900 1861 933 1923 in
962 1861 996 1922 P.
1019 1861 1169 1942 Scipione
1190 1861 1321 1935 Nasica,
1352 1871 1527 1945 contraque
1551 1873 1670 1948 patrem
1693 1866 1774 1939 eius,

441 1954 531 2019 illum
562 1955 618 2037 qui
645 1954 694 2016 Ti.
717 1954 849 2018 Gracchi
880 1965 1011 2019 conatus
1042 1957 1184 2037 perditos
1215 1955 1402 2029 vindicavit,
1437 1958 1558 2021 nullam
1592 1960 1775 2022 comitatem

441 2047 591 2112 babuisse
613 2048 768 2112 sermonis
791 2043 843 2133 [ne
860 2050 1073 2112 Xenocratem
1096 2049 1225 2131 quidem
1241 2051 1477 2114 severissimum
1493 2047 1774 2136 pbilosophorum]

443 2143 484 2205 ob
506 2161 641 2226 eamque
663 2161 730 2205 rem
752 2143 854 2225 ipsam
876 2163 1025 2225 magnum
1054 2152 1087 2206 et
1115 2144 1235 2208 clarum
1265 2144 1375 2208 luisse.
1419 2145 1672 2210 Innumerabiles
1693 2146 1776 2210 aliae

405 2253 434 2299 sa
443 2235 720 2300 dissimilitudines
742 2245 817 2299 sunt
838 2245 969 2299 naturae
991 2257 1190 2321 morumque,
1212 2238 1344 2302 minime
1359 2245 1465 2301 tamen
1480 2239 1773 2323 vituperandorum.

528 2332 646 2395 XXXl.
669 2326 741 2392 110.
763 2330 941 2393 Admodum
964 2340 1069 2394 autem
1093 2332 1230 2395 tenenda
1253 2340 1327 2394 sunt
1349 2352 1407 2395 sua
1428 2334 1554 2415 cuique,
1570 2353 1633 2396 non
1650 2334 1775 2408 vitiosa,

443 2428 500 2492 sed
523 2434 628 2490 tamen
651 2425 797 2507 propria,
827 2444 892 2507 quo
914 2424 1041 2487 facilius
1064 2424 1215 2488 decorum
1237 2426 1336 2501 illud,
1367 2426 1454 2509 quod
1477 2429 1677 2510 quaerimus,
1699 2428 1774 2491 reti·

442 2529 565 2585 nentur.
608 2519 661 2582 Sic
691 2519 776 2581 enim
805 2528 853 2582 est
880 2518 1077 2592 laciendum,
1106 2528 1140 2582 ut
1173 2528 1285 2583 contra
1312 2521 1492 2583 universam
1521 2529 1667 2584 naturam
1695 2520 1774 2583 nibil

441 2614 691 2685 contendamus,
723 2632 759 2674 ea
790 2620 897 2676 tamen
927 2621 1110 2676 conservata
1143 2614 1303 2697 propriam
1337 2619 1475 2677 nostram
1507 2634 1695 2696 sequamur,
1728 2621 1787 2689 ut,'

403 2723 433 2771 tt
442 2709 538 2772 etiam
568 2708 595 2771 si
624 2709 688 2770 sint
715 2707 779 2770 alia
805 2708 951 2789 graviora
978 2717 1074 2790 atque
1106 2707 1254 2780 meliora,
1289 2715 1394 2771 tamen
1428 2727 1488 2771 nos
1524 2708 1630 2771 studia
1664 2715 1774 2771 nostra

440 2810 568 2866 nostrae
589 2810 719 2865 naturae
740 2802 848 2883 regula
871 2802 1053 2875 metiamur;
1076 2821 1179 2883 neque
1203 2803 1288 2864 enim
1311 2803 1423 2866 attinet
1444 2809 1577 2865 naturae
1591 2820 1771 2886 repugnare

441 2896 693 2980 necquicquam
716 2896 823 2979 sequi,
853 2896 938 2980 quod
962 2897 1091 2978 assequi
1113 2917 1174 2959 non
1198 2916 1314 2980 queas:
1348 2917 1475 2981 exque
1505 2896 1605 2979 magis
1628 2896 1772 2978 emergit,

440 2990 535 3075 quale
557 2990 599 3053 sit
619 2990 771 3052 decorum
793 2989 889 3064 illud,
912 2989 984 3052 ideo
1007 2992 1081 3071 quia
1103 2991 1181 3053 nibil
1204 2992 1295 3054 decet
1316 2991 1424 3055 invita·
1438 2992 1591 3064 Minerva,
1614 2997 1651 3053 ut
1671 2990 1771 3064 aiunt,

439 3086 472 3150 id
494 3095 543 3151 est
564 3085 751 3150 adversante
774 3092 805 3147 et
827 3092 1023 3167 repugnante
1047 3093 1168 3148 natura.
1218 3080 1289 3146 111.
1313 3085 1451 3152 Omnino
1473 3084 1500 3147 si
1525 3084 1699 3168 quiequam
1722 3092 1772 3147 eat

404 3179 610 3253 iudaeorum,
643 3178 721 3241 nibil
756 3186 805 3242 est
834 3176 977 3261 profecto
1008 3179 1109 3260 magis
1140 3198 1234 3262 quam
1263 3179 1475 3263 aequabilitas
1506 3199 1575 3241 cum
1606 3178 1772 3241 universae

439 3278 541 3350 vitae,
570 3283 636 3338 tum
660 3272 854 3355 singularum
877 3274 1054 3347 actionum,
1084 3292 1179 3356 quam
1201 3292 1390 3336 conservare
1412 3293 1475 3337 non
1498 3271 1618 3355 possis,
1646 3271 1673 3333 si
1695 3271 1772 3334 alio-

439 3390 510 3433 rum
532 3376 676 3431 naturam
698 3367 826 3429 imitans
848 3368 974 3430 omittas
996 3375 1092 3430 tuam.
1136 3367 1176 3429 Ut
1197 3367 1282 3428 enim
1305 3387 1452 3430 sermone
1475 3388 1514 3432 eo
1537 3365 1691 3430 debemus
1714 3365 1771 3438 uti,

441 3465 497 3549 qui
518 3466 644 3527 innatus
667 3469 716 3525 est
746 3461 857 3534 nobis,
887 3480 944 3535 ne,
974 3470 1010 3524 ut
1032 3462 1161 3543 quidam
1184 3461 1306 3524 Graeca
1332 3461 1429 3524 verba
1455 3459 1671 3532 inculcantes,
1700 3457 1769 3521 iure

440 3557 562 3640 optimo
583 3556 753 3627 rideamur,
775 3554 821 3617 sic
843 3555 876 3617 in
898 3556 1038 3617 actiones
1061 3573 1251 3637 omnemque
1274 3555 1370 3617 vitam
1384 3555 1504 3618 nullam
1519 3552 1768 3636 discrepantiam

400 3652 585 3716 reconferre
607 3649 769 3712 debemus.
814 3644 885 3709 ltu.
908 3649 1012 3730 Atque
1033 3647 1113 3710 haec
1134 3648 1310 3712 differentia
1333 3656 1514 3711 naturarum
1536 3655 1656 3710 tantam
1673 3645 1770 3710 babet

438 3746 519 3819 vim,
540 3752 661 3807 utnon
683 3762 856 3825 numquam
881 3750 1011 3804 mortem
1035 3741 1095 3804 sibi
1118 3743 1186 3824 ipse
1209 3742 1406 3806 consciscere
1426 3742 1510 3805 alius
1532 3740 1665 3814 debeat,
1686 3740 1769 3803 alius

440 3835 486 3923 [in
501 3837 612 3902 eadem
628 3831 736 3918 causa]
753 3856 818 3899 non
834 3836 957 3898 debeat.
1002 3838 1083 3897 Num
1108 3836 1192 3898 enim
1213 3837 1277 3899 alia
1299 3838 1332 3898 in
1354 3855 1449 3898 causa
1465 3837 1507 3899 bl·
1523 3834 1599 3899 Cato
1614 3834 1690 3909 luit,
1705 3834 1769 3899 alia

438 3934 550 4006 ceteri,
573 3932 627 4015 qui
650 3949 685 3994 se
707 3931 739 3992 in
757 3929 860 3992 Africa
876 3929 1001 3993 Caesari
1025 3929 1248 3993 tradiderunt?
1281 3931 1378 4013 Atqui
1400 3929 1513 3993 ceteris
1535 3928 1670 3993 forsitan
1692 3929 1769 3992 vitiu

438 4027 546 4092 datum
569 4033 669 4098 esset,
698 4026 724 4087 si
749 4044 782 4087 se
804 4024 1056 4097 interemissent,
1086 4032 1255 4106 propterea
1285 4023 1373 4106 quod
1396 4023 1497 4086 lenior
1519 4043 1629 4086 eorum
1651 4023 1716 4086 vita
1738 4030 1770 4085 et

400 4131 542 4185 remores
563 4120 688 4183 fuerant
709 4119 883 4182 faciliores:
908 4118 1019 4180 Catoni
1043 4140 1114 4180 cum
1137 4118 1355 4182 incredibilem
1380 4119 1542 4181 tribuisset
1564 4125 1675 4180 natura
1697 4136 1767 4199 gra·

438 4217 585 4289 vitatem,
619 4234 754 4298 eamque
787 4215 855 4296 ipse
885 4222 1041 4294 perpetua
1071 4215 1247 4275 constantia
1275 4211 1490 4274 roboravisset
1518 4231 1706 4294 semperque
1734 4212 1767 4274 in

437 4310 601 4392 proposito
632 4316 846 4391 susceptoque
875 4307 1010 4369 consilio
1040 4307 1283 4390 permansisset,
1314 4306 1511 4369 moriendum
1542 4307 1767 4389 potiusquam

440 4485 546 4498 —.

503 4600 527 4648 2.
546 4596 725 4647 eutlmrutidou
743 4596 803 4644 Ba:
822 4595 1019 4644 calliercutidou
1036 4594 1072 4652 ΙΙ,
1091 4593 1295 4642 cellicrcmidam
1312 4593 1342 4651 A,
1361 4591 1546 4641 collimatidum
1562 4590 1629 4641 boo
1646 4617 1675 4628 -
1693 4591 1768 4642 clarat

436 4684 452 4726 o
471 4697 498 4709 -
522 4673 547 4722 3.
566 4673 687 4734 aliquem,
700 4671 816 4733 quumvis
831 4674 972 4721 Pearcius:
992 4670 1072 4718 olium
1089 4682 1209 4730 quemque
1226 4669 1341 4728 quamuis
1358 4667 1391 4724 C;
1420 4679 1540 4728 quemque
1557 4667 1637 4715 olium
1653 4668 1768 4729 quemuis

435 4763 467 4813 p;
486 4748 572 4807 olium,
586 4748 700 4808 quamvis
717 4744 892 4800 Pacciolatus;
914 4746 995 4793 ulium
1012 4757 1092 4804 quem,
1112 4744 1259 4804 quumviso
1284 4766 1310 4777 -
1340 4740 1364 4792 1.
1384 4742 1501 4791 uideatur
1518 4754 1599 4791 essee
1621 4768 1648 4778 -
1675 4742 1769 4792 catullo

434 4824 528 4875 Ab-
551 4823 786 4884 etiupctreetin
802 4821 853 4883 ulio
871 4821 958 4869 Assb:
981 4821 1136 4881 etinpctre
1153 4819 1242 4881 etfitio
1261 4819 1320 4875 lle;
1339 4822 1451 4879 etputre
1468 4818 1557 4879 ettttio
1575 4830 1590 4867 o
1610 4841 1637 4853 -
1656 4819 1767 4869 bitem-

434 4913 483 4964 que
503 4900 552 4949 il¹t
579 4894 841 4956 ideoqueAlllsbo
872 4921 897 4929 —
928 4897 954 4943 iu
977 4909 999 4955 q.
1019 4895 1216 4943 muriomontic
1239 4894 1273 4952 B,
1300 4895 1328 4941 iu
1345 4905 1370 4951 q.
1388 4893 1585 4942 mutiomonciu
1609 4894 1666 4951 lic,
1698 4895 1724 4942 in
1742 4908 1765 4955 q.

433 4976 512 5026 mutio
528 4976 628 5023 montio
645 4984 670 5029 a,
693 4973 768 5033 inque
783 4973 865 5019 mucio
882 4972 981 5019 mantio
1003 4970 1035 5027 b,
1063 4971 1138 5030 inque
1154 4969 1232 5017 mutio
1249 4970 1348 5016 mantio
1364 4970 1399 5026 A,
1418 4969 1444 5015 in
1461 4981 1486 5028 q.
1503 4968 1601 5017 musitio
1618 4971 1718 5017 montio
1734 4982 1765 5031 p;

432 5051 460 5100 ie
477 5052 507 5112 0.
519 5049 603 5098 Mucio
614 5049 633 5107 †
644 5048 747 5097 Marcie
764 5046 856 5103 lleine,
876 5047 918 5095 cui
936 5044 1078 5106 legendum
1098 5043 1203 5092 videtur
1218 5046 1245 5093 iu
1264 5045 1293 5104 Q.
1304 5043 1386 5091 Mucio
1398 5048 1421 5092 et
1432 5044 1539 5092 Marcio.
1560 5069 1587 5077 -
1606 5043 1631 5092 Ἰ.
1645 5044 1673 5093 ti.
1688 5046 1766 5104 (corr.

432 5128 460 5178 ln
471 5132 490 5177 t.
506 5127 535 5186 li)
553 5123 655 5188 prareti
672 5122 754 5172 Allb:
774 5128 808 5181 ty.
819 5122 904 5184 praeci
922 5133 949 5175 ος
969 5126 987 5169 t.
1001 5121 1103 5182 procelli
1120 5120 1164 5169 Ba
1192 5146 1218 5154 -
1246 5120 1271 5168 8.
1292 5119 1378 5167 Verba
1396 5132 1426 5167 ue
1437 5119 1600 5167 Xenocratem
1611 5119 1767 5181 --pbilcro-

430 5203 538 5265 phorum
554 5198 607 5249 del.
619 5199 805 5252 lleumannus;
826 5197 904 5244 etiam
923 5209 992 5257 quae
1009 5198 1158 5257 sequuntur
1174 5194 1204 5242 ob
1222 5207 1325 5254 eamque
1337 5219 1374 5230 ·-
1384 5194 1460 5254 fuisse
1476 5193 1659 5257 interpolatori
1677 5193 1766 5244 tribuit

432 5276 553 5328 Orellius.
569 5301 595 5311 -
614 5278 858 5323 recenseremus:
877 5284 921 5320 nec
937 5276 1090 5320 xenocrates
1109 5283 1122 5318 c
1145 5298 1168 5305 -
1195 5270 1218 5319 9.
1238 5274 1261 5319 et
1277 5270 1376 5317 clerum
1394 5270 1427 5318 C:
1447 5269 1595 5330 clarumque
1612 5280 1627 5318 o
1646 5269 1707 5331 (non
1720 5267 1764 5326 abi

432 5379 465 5392 -·
477 5355 517 5403 m.
530 5351 597 5414 quod
606 5349 706 5412 lucilius
718 5346 760 5396 Ab
781 5374 807 5383 -
828 5346 867 5394 11.
881 5351 993 5394 nostram
1011 5348 1066 5408 Cp:
1087 5351 1207 5394 usturam
1224 5357 1240 5394 o
1260 5370 1285 5379 -
1306 5350 1334 5392 ut
1351 5346 1404 5393 iam
1420 5348 1452 5392 sit
1469 5344 1568 5393 aliun
1579 5345 1663 5393 studio
1679 5350 1766 5393 nostru

430 5433 541 5479 emarus
557 5426 645 5490 requio
661 5425 778 5473 metimur
795 5422 893 5471 Nonius
911 5435 935 5483 p.
948 5422 1003 5470 315.
1026 5446 1052 5456 -
1078 5426 1105 5469 ut
1122 5433 1177 5470 eom
1194 5421 1269 5468 etiam
1286 5420 1330 5468 Ab
1351 5446 1375 5455 -
1403 5421 1443 5467 15.
1461 5420 1545 5467 studia
1561 5424 1650 5466 nostro
1666 5423 1766 5467 nostrae

431 5509 540 5554 tanturm
556 5502 646 5565 requio
670 5499 820 5549 Ernestius:
843 5497 927 5544 studio
943 5502 1029 5545 nostra
1046 5502 1133 5545 nostra
1151 5500 1229 5555 (corr.
1243 5508 1275 5543 ex
1293 5496 1382 5554 nestri)
1400 5494 1490 5557 requio
1506 5496 1542 5548 A;
1565 5494 1650 5542 studio
1665 5500 1765 5543 nostrae

431 5579 535 5643 reputes
550 5578 585 5635 B,
603 5576 687 5625 studia
703 5579 805 5622 nostrae
821 5569 910 5634 repuli
928 5573 964 5626 ll;
983 5572 1066 5619 studio
1082 5575 1170 5619 uestra
1187 5570 1277 5632 reputo
1295 5580 1324 5624 e;
1344 5569 1428 5617 studio
1445 5573 1527 5628 (corr.
1541 5568 1566 5617 in
1583 5569 1668 5629 studii)
1686 5567 1765 5619 matri

431 5654 521 5717 reputo
541 5652 574 5706 b;
601 5653 788 5700 eradicemus
805 5646 1019 5709 naturacrequlu
1040 5658 1055 5694 c
1077 5649 1104 5694 et
1125 5648 1232 5695 Nonius.
1262 5672 1294 5680 —
1323 5645 1363 5693 tr,
1381 5646 1584 5705 nequicquome
1613 5668 1640 5679 -
1672 5644 1712 5692 m.
1729 5644 1765 5692 ric

432 5731 601 5792 quicquamst
624 5751 650 5761 -
674 5726 714 5774 20.
733 5737 790 5773 cum
808 5722 964 5771 Lambinus:
989 5735 1042 5770 om.
1058 5722 1101 5770 Co
1129 5747 1155 5755 —
1183 5721 1223 5768 2³.
1243 5722 1344 5768 innatus
1361 5732 1423 5768 nos:
1448 5724 1521 5768 actus
1539 5720 1596 5770 Co:
1620 5724 1696 5767 actua
1712 5716 1761 5766 alil.

433 5829 461 5840 -
488 5805 529 5855 11.
547 5804 677 5852 rideamur
698 5801 731 5849 C:
759 5798 913 5848 irrideamur
930 5795 970 5844 alii
989 5797 1097 5857 (none)
1126 5822 1153 5830 -
1181 5797 1221 5845 26.
1241 5797 1306 5843 alius
1322 5794 1476 5843 nordebert
1497 5806 1526 5843 a:
1555 5794 1664 5843 attusia
1679 5793 1765 5843 eudem

432 5892 511 5929 ceusu
527 5893 578 5928 ucri
594 5878 679 5928 debeat
697 5885 766 5937 ορος
793 5873 966 5923 haecomnia
985 5885 1038 5923 om.
1051 5872 1150 5922 ABllb
1175 5897 1199 5906 -
1228 5871 1269 5919 27.
1288 5871 1344 5920 Nou
1361 5871 1458 5920 mimo
1484 5896 1511 5906 -
1534 5868 1576 5919 29.
1595 5867 1676 5918 leuior
1692 5867 1714 5918 ll
1733 5890 1761 5904 ·

433 5952 474 6004 ³0,
492 5953 643 6004 incredulam
659 5965 688 6014 a,
707 5950 863 6001 incredulum
879 5946 935 5997 Ab.
