4342 7459
672 1269 740 1331 ns.
762 1267 803 1333 n.
831 1264 905 1331 cn.
926 1263 1189 1328 xum-xus.
1216 1259 1262 1347 §s
1285 1258 1471 1327 raa-lac.
1692 1256 1728 1323 u

408 1458 540 1505 caveam
568 1458 611 1501 ne
640 1436 742 1501 scelus
770 1435 907 1499 laciaml
937 1434 1040 1499 scelus
1068 1438 1152 1496 enim
1181 1432 1307 1497 dicebar
1329 1454 1415 1509 esre,
1444 1432 1591 1508 Luculle,
1621 1432 1734 1517 dogma

407 1531 557 1617 prodere.
596 1532 752 1594 Contineo
773 1530 872 1612 igitur
892 1548 958 1603 me,
981 1547 1021 1590 ne
1042 1528 1204 1609 incognito
1224 1527 1401 1591 adsentiar:
1423 1526 1511 1611 quod
1533 1527 1611 1591 mihi
1632 1536 1735 1591 tecum

408 1635 457 1690 ast
478 1627 597 1708 dogma
618 1644 796 1688 commune.
839 1619 911 1685 l3l.
932 1624 1015 1685 Ecce
1037 1622 1136 1685 multo
1158 1623 1259 1684 maior
1280 1623 1376 1685 etiam
1397 1622 1563 1686 dissensio.
1595 1624 1680 1685 Zeno
1701 1621 1736 1682 in

408 1740 472 1785 una
494 1720 611 1782 virtute
633 1720 768 1801 positam
783 1718 907 1780 beatam
922 1719 1017 1780 vitam
1035 1723 1132 1799 putat.
1166 1714 1251 1791 Quid
1266 1715 1463 1779 Antiochus?
1484 1716 1602 1790 Etiam,
1623 1715 1737 1798 inquit,

408 1814 550 1888 beatam,
580 1811 725 1875 sednon
747 1812 972 1876 beatissimam.
1014 1812 1100 1872 Deus
1122 1810 1193 1883 ille,
1223 1810 1277 1893 qui
1299 1810 1376 1872 nihil
1397 1812 1520 1873 cenauit
1541 1809 1652 1872 deesse
1675 1809 1761 1869 vir-c

409 1908 487 1982 tuti,
514 1906 688 1970 homuncio
718 1906 785 1981 hic,
820 1906 876 1990 qui
907 1906 1004 1968 multa
1032 1911 1124 1986 putat
1151 1910 1276 1985 praeter
1302 1903 1451 1967 virtutem
1479 1902 1601 1966 homini
1623 1902 1738 1984 partim

410 2021 483 2065 cara
504 2021 593 2074 esse,
622 2000 738 2083 partim
761 2001 856 2063 etiam
880 1999 1065 2062 necessaria.
1106 1998 1168 2059 Sed
1190 1996 1245 2059 ille
1266 2016 1380 2059 vereor
1400 2017 1441 2059 ne
1463 1997 1569 2060 virtuti
1591 1996 1663 2078 plus
1683 1996 1739 2060 tri·

408 2096 489 2159 bnat
508 2115 607 2178 quam
629 2103 742 2158 natura
763 2096 916 2177 patiatur,
939 2093 1122 2176 praesertim
1146 2089 1365 2172 Theophrasto
1388 2090 1486 2154 multa
1500 2090 1617 2153 diserte
1631 2089 1739 2171 eopio-

410 2209 511 2272 seque
533 2188 796 2251 contradicente.
832 2188 873 2250 Et
893 2187 946 2250 bic
968 2194 1073 2249 metuo
1096 2205 1137 2248 ne
1159 2186 1213 2247 vix
1235 2183 1295 2247 sibi
1318 2191 1457 2259 constet,
1483 2183 1539 2267 qui
1561 2203 1633 2247 cum
1654 2181 1739 2246 dicat

411 2305 481 2349 esse
511 2284 670 2366 quaedam
701 2289 734 2344 et
759 2282 901 2364 eorporis
927 2289 959 2343 et
986 2280 1132 2343 fortunae
1159 2277 1258 2352 mala,
1292 2283 1397 2340 tamen
1427 2297 1514 2353 eum,
1549 2276 1604 2361 qui
1633 2276 1667 2339 in
1687 2275 1775 2339 histo

410 2377 560 2442 omnibus
589 2377 647 2450 sit,
675 2375 803 2438 beatum
831 2375 899 2438 iore
921 2381 1062 2447 censeat,
1092 2373 1120 2436 si
1141 2373 1269 2455 sapiens
1291 2372 1340 2434 ait.
1376 2372 1561 2436 Distrahor:
1587 2379 1654 2436 tum
1676 2370 1738 2434 hoc

412 2471 489 2536 mibi
512 2468 724 2553 probabilius,
752 2476 818 2531 tum
839 2467 918 2530 illud
941 2468 1079 2541 videtur,
1109 2474 1283 2541 ettamen,
1306 2465 1369 2529 nisi
1389 2467 1576 2530 alterutrum
1598 2466 1654 2541 sit,
1675 2466 1738 2530 rir-

412 2572 513 2628 tutem
535 2565 643 2626 iacere
666 2562 761 2644 plane
782 2571 869 2644 puto.
906 2562 1022 2624 Verum
1045 2561 1078 2622 in
1100 2560 1149 2623 hia
1171 2561 1362 2642 discrepant.

496 2657 609 2720 XLIV.
633 2651 705 2718 t35.
728 2656 837 2731 Quidt
863 2654 933 2729 illa,
955 2655 1127 2737 inquibus
1149 2657 1362 2728 consentiunt,
1384 2675 1460 2717 num
1482 2675 1540 2739 pro
1561 2656 1645 2720 veris
1666 2676 1738 2739 pro·

411 2752 486 2815 bare
508 2753 705 2833 possumus?
728 2750 889 2832 Sapientis
910 2749 1049 2811 animum
1072 2768 1243 2831 numquam
1266 2767 1325 2810 nec
1346 2746 1519 2829 cupiditate
1537 2750 1657 2814 moveri
1679 2760 1775 2814 nectt

412 2845 535 2909 laetitia
555 2844 682 2908 ecferri.
718 2843 799 2924 Age,
826 2842 906 2905 haec
927 2842 1104 2924 probabilia
1125 2861 1201 2904 sane
1223 2842 1305 2905 sint:
1331 2862 1409 2905 num
1434 2843 1530 2906 etiam
1553 2842 1622 2920 illa,
1648 2865 1739 2908 num·

412 2958 510 3023 qnam
531 2938 659 3011 timere,
682 2955 853 3019 numquam
876 2936 1010 2998 doleret
1043 2935 1219 3017 Sapiensne
1240 2954 1305 2996 non
1326 2935 1436 2998 timeat
1455 2956 1496 2999 ne
1518 2937 1620 3021 patria
1634 2937 1739 3002 delea-

412 3035 485 3095 tur?
518 3051 585 3094 non
612 3030 736 3104 doleat,
770 3030 797 3092 si
827 3029 931 3093 deleta
952 3030 1014 3091 sitl
1046 3030 1180 3101 Durum,
1211 3028 1267 3090 aed
1290 3027 1409 3090 Zenoni
1430 3031 1656 3106 necessarium,
1686 3032 1739 3094 cui

413 3136 540 3210 praeter
559 3126 732 3189 honestum
754 3124 833 3187 nihil
856 3131 904 3187 est
925 3124 959 3186 in
980 3122 1091 3195 honis,
1118 3121 1174 3183 tibi
1197 3140 1289 3194 vero,
1316 3122 1487 3198 Antioche,
1517 3125 1662 3200 minime,
1689 3128 1739 3191 cui

414 3228 539 3302 prater
559 3219 758 3282 honestatem
781 3218 879 3280 multa
900 3217 998 3291 bona,
1022 3221 1146 3298 praeter
1167 3214 1393 3298 turpitudinem
1415 3216 1513 3278 multa
1531 3218 1614 3281 mala
1628 3219 1776 3283 viden-so

414 3322 479 3389 tur,
504 3331 589 3396 quae
612 3320 645 3375 et
667 3313 825 3374 venientia
848 3318 966 3374 metuat
987 3310 1116 3392 sapiens
1138 3328 1267 3371 necesse
1283 3316 1332 3371 est
1346 3310 1514 3373 strauisse
1530 3311 1645 3376 dolcat.
1676 3310 1739 3375 Sed

417 3427 551 3491 quaero,
575 3406 706 3489 quando
721 3406 782 3468 ista
795 3405 912 3468 luerint
926 3404 1096 3467 Academia
1110 3411 1216 3466 vetere
1231 3402 1367 3477 decreta,
1387 3411 1421 3465 ut
1435 3405 1574 3468 animum
1590 3406 1740 3490 sapientis

417 3501 611 3564 commoveri
643 3507 676 3563 et
705 3499 884 3562 conturbari
913 3501 1089 3579 negarent?
1121 3497 1355 3560 Mediocritates
1383 3496 1429 3560 illi
1458 3498 1635 3581 probabant
1655 3505 1687 3561 et
1707 3498 1741 3560 in

419 3596 501 3657 omni
528 3593 730 3678 permotione
760 3592 933 3655 naturalem
957 3592 1110 3657 ¹nolebant
1138 3611 1208 3653 esse
1230 3590 1391 3674 quendam
1412 3590 1553 3655 modum.
1594 3594 1741 3675 Legimus

420 3706 527 3750 omnes
559 3687 736 3760 Crantoris,
764 3686 880 3748 veteris
910 3685 1105 3759 Academici,
1136 3684 1176 3746 de
1205 3683 1306 3759 luctu;
1338 3691 1386 3747 eat
1407 3686 1492 3748 enim
1512 3705 1579 3750 non
1600 3696 1779 3770 magnuqto

421 3800 529 3844 rerum
550 3780 700 3843 aureolus
723 3788 770 3852 et,
792 3786 829 3841 ut
842 3778 1003 3841 Tuberoni
1025 3779 1192 3841 Panaetius
1214 3778 1380 3861 praecipit,
1402 3780 1443 3843 ad
1456 3781 1588 3843 verbum
1601 3780 1745 3844 ediscen-

423 3870 478 3937 dus
500 3871 641 3936 libellus.
678 3873 782 3955 Atque
804 3872 850 3935 illi
874 3871 1000 3954 quidem
1023 3872 1118 3934 etiam
1139 3870 1262 3934 utiliter
1282 3890 1302 3934 a
1322 3878 1434 3935 natura
1453 3873 1600 3938 dicebant
1619 3895 1746 3958 permo-

422 3970 525 4033 tiones
555 3968 635 4030 istas
665 3966 916 4028 animisnostris
939 3962 1043 4027 datas:
1074 3972 1191 4029 metum
1213 3964 1345 4028 carendi
1368 3985 1477 4041 causa,
1498 3967 1746 4033 misericordiam

422 4060 718 4144 aegritudinemque
747 4058 948 4131 clementiae,
976 4058 1077 4140 ipsam
1099 4059 1294 4121 iracundiam
1316 4059 1511 4123 fortitudinis
1532 4064 1623 4145 qnasi
1644 4069 1747 4127 cotem

425 4174 491 4218 esse
513 4153 681 4217 dicebant:
704 4159 789 4215 recte
811 4170 945 4214 secusne
967 4152 1045 4214 alias
1067 4153 1247 4214 viderimus.
1283 4148 1355 4214 436.
1370 4153 1524 4216 Atrocitas
1540 4155 1668 4238 quidem
1687 4158 1785 4219 istaec

426 4258 478 4310 tua
499 4269 565 4331 quo
589 4246 685 4310 modo
707 4247 741 4307 in
765 4254 902 4308 veterem
925 4245 1124 4307 Academiam
1147 4245 1313 4328 inruperit,
1336 4246 1462 4308 nescio:
1492 4248 1546 4310 illa
1568 4268 1643 4311 vero
1665 4249 1748 4312 ferre

427 4360 487 4404 non
509 4360 661 4423 possum,
685 4358 748 4400 non
771 4358 835 4421 quo
858 4337 935 4400 mihi
958 4338 1147 4420 displiceant
1167 4347 1297 4403 -sunt
1318 4340 1401 4402 enim
1418 4341 1577 4405 Socratica
1598 4343 1749 4425 pleraque

426 4436 581 4498 mirabilia
604 4434 797 4507 Stoicorum,
821 4451 904 4515 quae
926 4432 1085 4513 paradoxa
1107 4435 1380 4507 nominantur-,
1401 4434 1457 4496 sed
1473 4434 1528 4498 ubi
1544 4436 1750 4510 Xenocrates,

426 4529 479 4593 nbi
500 4528 690 4593 Aristoteles
713 4528 773 4590 ista
795 4527 923 4608 tetigit?
945 4525 1005 4587 bos
1027 4525 1111 4587 enim
1135 4527 1224 4608 quasi
1247 4526 1375 4590 eosdem
1390 4546 1460 4590 esse
1475 4527 1580 4591 vultis.
1613 4529 1664 4591 llli
1682 4549 1752 4591 um·

427 4821 504 4869 etism
527 4817 641 4883 apparet
662 4829 694 4866 er
717 4813 759 4864 illo
782 4815 854 4876 quid,
878 4813 950 4877 quod
970 4815 1019 4863 AB
1044 4818 1103 4878 post
1124 4816 1240 4864 dicacatur
1261 4814 1360 4864 habent
1382 4818 1409 4866 et
1428 4829 1459 4864 ex
1478 4828 1510 4865 eo
1528 4815 1599 4879 quod
1617 4817 1677 4879 quid
1693 4818 1753 4867 ante

427 4907 490 4956 qnos
505 4894 625 4942 dicasntw
643 4893 701 4941 inA
720 4903 801 4953 super
818 4888 914 4939 lineam
931 4888 1051 4938 additum
1069 4892 1118 4939 est.
1134 4917 1160 4925 -
1180 4890 1204 4938 6.
1222 4890 1377 4940 homuntioA
1393 4917 1420 4926 -
1440 4891 1463 4939 7.
1482 4904 1545 4940 cora
1563 4891 1632 4941 Crat.
1647 4904 1754 4954 margo:

426 4970 498 5019 claro
513 4968 656 5025 AllGrv‚
681 4965 748 5015 elota
764 4965 783 5013 E
812 4991 837 5000 -
862 4964 938 5013 etiam
956 4978 1008 5013 om.
1029 4967 1048 5012 G
1073 4992 1100 5000 -
1128 4966 1152 5015 8.
1171 4967 1310 5027 theoprcsto
1326 4966 1407 5015 multo
1423 4966 1523 5015 dissma
1538 4969 1559 5016 A
1578 4994 1605 5003 -
1625 4968 1649 5017 9.
1667 4974 1756 5017 contra

426 5043 519 5093 ms
542 5043 662 5090 Goerenz
681 5041 797 5100 (auctore
822 5037 965 5097 lambino,
989 5041 1033 5102 qui
1050 5045 1139 5088 contro
1157 5043 1216 5102 post
1231 5040 1311 5088 multa
1328 5039 1451 5101 addidit):
1475 5053 1528 5090 om.
1547 5040 1624 5092 codd.
1644 5045 1671 5091 et
1687 5044 1707 5092 0
1727 5069 1754 5078 -

427 5116 465 5165 44.
483 5121 583 5165 meent
600 5114 699 5163 13²sz
720 5118 816 5161 renuat
833 5114 905 5171 AB¹,
925 5113 1017 5162 renuat
1035 5113 1069 5173 E,
1087 5120 1166 5163 certast
1184 5116 1226 5164 r0
1246 5142 1272 5149 —
1298 5129 1354 5164 cum
1370 5115 1413 5165 bec
1430 5117 1450 5164 G
1468 5141 1495 5150 -
1515 5114 1555 5165 44.
1575 5118 1634 5178 quid
1650 5118 1695 5167 itta
1712 5117 1756 5167 ed.

426 5193 497 5240 Asc:
516 5190 578 5251 quid
588 5186 783 5238 4644414066.-
804 5188 844 5236 45.
856 5199 934 5247 aeque
946 5213 983 5224 -·
994 5202 1072 5249 aeque
1084 5191 1104 5236 G
1118 5215 1143 5223 -
1165 5189 1204 5238 46.
1219 5190 1307 5251 ecferri
1323 5191 1390 5239 Aua:
1410 5190 1531 5252 boecscrri
1542 5192 1580 5250 414,
1599 5192 1682 5254 essem
1694 5193 1714 5241 0
1728 5218 1755 5227 -

427 5266 466 5315 44.
483 5279 535 5314 ron
553 5266 654 5324 44444444,
672 5276 703 5311 ae
716 5264 805 5324 patrio
823 5262 952 5311 deleatur?
975 5276 1025 5311 non
1043 5266 1094 5324 (nec
1111 5264 1214 5326 Davies)
1233 5266 1326 5324 dohet,
1344 5266 1365 5313 si
1382 5265 1461 5315 delcto
1477 5267 1529 5314 sit?
1546 5266 1646 5315 Dorum
1662 5267 1758 5316 Davies

427 5340 568 5389 etiterum
587 5336 691 5400 Madvig
709 5336 753 5399 (ad
771 5338 826 5386 Cic.
847 5336 880 5386 de
899 5338 961 5387 sinn.
981 5351 1006 5401 p.
1026 5338 1096 5400 820):
1117 5354 1167 5388 non
1184 5341 1270 5389 timeat
1286 5353 1330 5390 nec
1346 5342 1367 5389 si
1381 5342 1468 5402 patria
1485 5340 1597 5390 deleotm
1612 5355 1662 5390 noa
1679 5341 1760 5391 doleat

429 5414 534 5474 idoleut
557 5414 597 5476 114)
620 5414 642 5462 si
659 5412 769 5461 metuo
791 5412 878 5473 (deleta
899 5414 959 5461 satis
982 5413 1025 5471 13²,
1049 5414 1070 5490 si
1088 5415 1219 5463 detoesmis
1235 5418 1263 5476 A]
1282 5416 1374 5464 durum
1389 5417 1454 5475 AB,
1479 5430 1528 5465 non
1545 5417 1629 5465 timeat
1646 5428 1724 5476 aeuus
1740 5417 1761 5464 si

427 5507 514 5566 petria
530 5506 649 5555 doleatur
665 5520 715 5555 non
732 5506 813 5555 doleat
829 5519 907 5567 aeque
923 5506 943 5554 si
961 5506 1053 5555 domm
1071 5510 1106 5568 G,
1125 5510 1210 5557 timeat
1227 5522 1271 5557 acc
1286 5511 1308 5557 ri
1322 5510 1411 5570 patria
1428 5510 1599 5560 debetorum
1611 5509 1764 5559 (1044444464

429 5582 519 5631 brun
531 5582 567 5640 e';
586 5595 638 5630 non
651 5582 757 5631 timeat?
774 5595 826 5641 nec,
839 5582 860 5629 si
868 5581 956 5642 patria
968 5581 1100 5630 delcotm?
1116 5598 1166 5632 non
1179 5584 1278 5633 doleat?
1294 5597 1347 5644 nec,
1359 5586 1380 5632 si
1392 5585 1470 5634 deleto
1481 5586 1530 5634 sit?
1547 5586 1615 5633 Satis
1626 5585 1717 5633 dunen
1725 5585 1763 5634 l0

434 5682 459 5693 -
476 5658 518 5707 ἢ.
538 5657 645 5719 mdo
669 5658 699 5706 13¹
723 5682 749 5691 -
777 5657 809 5706 ob
829 5658 905 5706 Arari.
926 5659 967 5705 r0
991 5683 1017 5691 -
1043 5658 1142 5708 decreto
1160 5660 1217 5707 Er:
1245 5659 1339 5707 duroto
1362 5660 1381 5708 B
1401 5658 1455 5721 (sed
1474 5672 1573 5708 ronon
1591 5657 1762 5722 subcelare),

432 5731 489 5781 ht
499 5733 537 5781 tia
552 5733 609 5793 (sict
622 5735 654 5793 A,
674 5733 741 5781 dicto
753 5734 772 5781 G
782 5746 813 5787 νς
833 5732 892 5782 lort.
911 5734 1005 5781 dictata
1019 5759 1046 5767 -
1065 5739 1111 5781 out
1128 5734 1192 5782 B-
1208 5732 1248 5784 il.
1267 5734 1377 5782 omnlsA
1392 5759 1418 5768 -
1438 5736 1479 5783 25.
1493 5734 1621 5783 Crantoris
1638 5746 1665 5782 r:
1684 5749 1766 5798 proa-

434 5805 489 5855 44444
504 5806 621 5857 ABEG
642 5832 669 5842 -
692 5806 735 5855 26.
752 5811 780 5854 att
797 5819 850 5856 om.
870 5809 898 5856 13¹
917 5834 943 5843 -
966 5810 1082 5870 panetius
1099 5812 1119 5857 A
1138 5834 1165 5844 -
1185 5810 1226 5858 st.
1245 5821 1262 5856 a
1278 5812 1331 5856 not.
1349 5808 1443 5858 utiliter
1460 5811 1479 5857 G
1502 5834 1526 5845 -
1546 5809 1586 5858 28.
1606 5809 1671 5857 ditas
1686 5811 1716 5859 B¹
1736 5836 1763 5846 -

435 5877 471 5930 34.
488 5882 539 5931 icto
555 5880 658 5944 quidem
669 5880 764 5933 lamb.
778 5907 805 5916 -
825 5881 866 5932 34.
885 5884 929 5933 itta
946 5884 981 5944 B,
1000 5880 1048 5933 sed
1067 5897 1084 5933 o
1102 5885 1127 5932 in
1145 5896 1196 5933 rus.
1213 5909 1238 5919 -
1258 5882 1299 5932 33.
1317 5888 1456 5933 emonam
1473 5885 1491 5932 A
1508 5909 1532 5922 -
1554 5881 1595 5933 34.
1613 5885 1725 5949 tettps'tur
1736 5886 1765 5933 13¹

438 5979 461 5990 -
478 5956 522 6008 hos
537 5969 568 6008 r:
586 5957 634 6007 bor
649 5956 701 6007 AB
712 5955 733 6007 Ε
743 5957 763 6005 G
773 5969 798 6006 v.
