4342 7459
691 1229 760 1292 nn.
780 1229 821 1291 11.
850 1228 925 1293 un.
947 1230 1208 1297 xxni-xxv.
1235 1229 1282 1315 §s
1304 1229 1452 1299 75-80.
1673 1228 1734 1296 uo

406 1403 572 1461 rectumne
594 1399 645 1461 sit
674 1398 751 1461 Mihi
774 1399 902 1482 quidem
925 1420 982 1463 eae
1003 1421 1095 1464 verae
1110 1402 1255 1465 videntur
1271 1404 1451 1486 opiniones,
1475 1424 1556 1487 quae
1571 1405 1736 1483 honestae,

408 1512 493 1575 qnae
513 1491 708 1565 laudabiles,
739 1514 819 1575 qnae
842 1494 1014 1575 gloriosae,
1042 1515 1126 1579 qnae
1149 1496 1183 1557 in
1206 1505 1333 1571 senatu,
1362 1518 1445 1580 qnae
1466 1499 1550 1580 apnd
1572 1499 1736 1583 populum,

408 1605 492 1668 qnae
514 1585 549 1648 in
570 1586 658 1651 ordii
679 1596 772 1649 coetu
794 1588 993 1671 concilioque
1014 1587 1208 1671 profitendae
1231 1592 1310 1664 sint,
1332 1612 1372 1653 ne
1394 1592 1426 1655 id
1442 1611 1514 1675 ‚non
1532 1594 1651 1675 pudeat
1664 1613 1735 1656 sen·

408 1682 482 1754 tire,
504 1679 591 1761 qnod
613 1681 733 1762 pudeat
753 1680 867 1744 dicere.
911 1679 962 1743 78.
985 1683 1150 1746 Amicitiae
1172 1704 1246 1747 vero
1276 1683 1365 1747 locus
1387 1685 1441 1747 nbi
1465 1705 1534 1749 esse
1556 1694 1737 1769 potestant

409 1774 483 1858 qnis
504 1773 625 1837 amicus
647 1795 718 1838 esse
740 1775 904 1858 cuiquam,
926 1797 1021 1859 quem
1043 1797 1108 1839 non
1131 1778 1235 1860 ipsum
1251 1787 1334 1842 amet
1354 1786 1481 1862 propter
1499 1780 1627 1862 ipsnm‘t
1651 1780 1759 1855 Qnids

408 1878 514 1935 autem
537 1876 586 1932 est
613 1888 738 1943 amare,
766 1889 870 1952 equo
893 1892 1008 1933 nomen
1031 1872 1160 1933 ductum
1183 1872 1340 1935 amicitiae
1363 1882 1427 1946 est,
1457 1873 1519 1935 nisi
1540 1874 1622 1936 velle
1643 1873 1736 1937 bonis

408 1966 548 2047 aliquem
578 1959 662 2026 affici
691 1983 785 2047 quarn
816 1964 979 2039 maximis,
1007 1966 1101 2028 etiam
1130 1967 1156 2027 si
1183 1965 1224 2027 ad
1252 1987 1285 2028 se
1309 1968 1408 2029 exiis
1432 1966 1509 2028 nibil
1532 1967 1662 2030 redeat?
1698 1967 1739 2029 Et

408 2058 555 2143 prodest,
576 2057 699 2140 inquit,
723 2058 798 2119 mibi
821 2079 859 2121 eo
882 2078 951 2120 esse
973 2060 1089 2121 animo.
1134 2060 1232 2122 lmmo
1255 2061 1354 2123 videri
1377 2060 1526 2124 sortasse:
1550 2080 1621 2124 esse
1642 2062 1737 2134 enim,

409 2155 471 2217 nisi
500 2152 636 2225 videris,
666 2171 731 2214 non
760 2151 901 2232 prodest.
944 2152 1006 2227 Qui
1035 2161 1141 2215 autem
1164 2174 1234 2215 esse
1256 2154 1392 2236 poteris,
1421 2156 1482 2218 nisi
1505 2163 1536 2219 te
1558 2176 1648 2219 amor
1668 2155 1737 2237 ipse

409 2247 550 2331 ceperitl
581 2244 668 2328 qnod
697 2265 763 2307 non
791 2242 946 2309 subducta
973 2246 1120 2309 utilitatis
1142 2249 1262 2311 ratione
1285 2245 1365 2311 effici
1390 2249 1485 2322 solet,
1514 2248 1570 2312 sed
1591 2250 1697 2331 ipsum
1719 2267 1775 2313 ato

409 2363 444 2407 sa
466 2341 567 2405 oritur
588 2349 619 2402 et
641 2359 697 2402 sna
718 2348 832 2421 sponte
854 2341 1001 2402 nascitur.
1038 2343 1096 2402 «tt
1117 2343 1200 2404 enim
1223 2362 1342 2425 sequor
1366 2343 1562 2406 utilitatem.»
1597 2342 1740 2406 Manebit

409 2456 484 2518 ergo
514 2434 654 2497 amicitia
674 2442 737 2496 tam
759 2432 832 2505 din,
859 2453 955 2514 quam
978 2434 1031 2496 diu
1055 2436 1361 2518 sequetur,ntilitas,
1392 2443 1440 2510 et,
1470 2437 1498 2501 si
1522 2437 1641 2500 utilitas
1663 2455 1739 2498 con·

410 2532 519 2596 stitnet
540 2527 726 2600 amicitiam,
756 2528 846 2589 tollet
868 2528 988 2589 eadem.
1032 2526 1082 2590 79.
1108 2530 1170 2591 Sed
1194 2530 1271 2613 quid
1298 2549 1373 2612 ages
1396 2531 1540 2605 tandem,
1568 2530 1596 2592 si
1617 2528 1739 2592 utilitas

410 2626 450 2690 ab
471 2622 627 2695 amicitia,
650 2628 684 2684 nt
703 2622 740 2684 lit
759 2641 865 2704 saepe,
887 2621 1061 2683 deiecerit?
1085 2624 1320 2707 Relinqnesnel
1343 2646 1424 2708 qnae
1444 2626 1503 2688 ista
1519 2624 1655 2688 amicilia
1670 2624 1739 2685 est?

410 2718 597 2784 Retinebisl
621 2715 676 2797 qni
699 2716 869 2778 convenit?
892 2715 970 2798 quid
993 2716 1077 2778 enim
1101 2716 1140 2779 de
1162 2718 1301 2781 amicitia
1323 2720 1471 2781 statueris
1486 2718 1630 2781 utilitatis
1646 2736 1777 2780 causato

411 2813 604 2896 expetenda,
633 2809 734 2872 vides.
781 2811 849 2871 «Ne
878 2810 910 2871 in
940 2810 1049 2872 odium
1071 2811 1211 2885 veniam,
1240 2813 1266 2874 si
1295 2812 1431 2875 amicum
1454 2812 1605 2876 destitero
1627 2813 1738 2874 tueri.»

410 2908 550 2974 Pri-nm
572 2925 630 2968 cnr
651 2904 713 2966 ista
734 2924 785 2966 res
807 2904 904 2986 digna
926 2905 1001 2967 odio
1024 2913 1085 2978 est,
1110 2906 1171 2967 nisi
1194 2905 1280 2988 qnod
1302 2915 1350 2967 est
1372 2906 1495 2988 turpis?
1519 2905 1614 2981 Quod
1636 2907 1677 2979 si,
1700 2925 1741 2968 ne

411 3020 477 3085 qno
499 2999 703 3062 incommodo
725 2996 877 3071 afficiare,
901 3019 964 3060 non
988 3000 1149 3081 relinques
1171 3000 1319 3073 amicum,
1342 3007 1461 3073 tamen,
1484 3020 1524 3062 ne
1547 3000 1616 3063 sine
1637 2998 1741 3062 lrnctn

410 3095 556 3176 alligatus
586 3093 646 3166 sis,
677 3100 711 3154 nt
741 3093 893 3156 moriatur
921 3092 1054 3174 optabis.
1100 3091 1209 3167 Qnidl
1239 3093 1266 3154 si
1292 3113 1357 3154 non
1379 3093 1473 3156 modo
1495 3094 1660 3156 utilitatem
1684 3092 1741 3156 tibi

410 3187 531 3250 nubam
553 3187 680 3259 aderet,
703 3186 759 3248 sed
783 3188 921 3250 iacturae
943 3188 988 3248 rei
1011 3186 1177 3249 familiaris
1200 3195 1292 3250 erunt
1305 3185 1482 3260 faciundae,
1504 3188 1628 3251 laboras
1643 3186 1780 3251 susci-so

410 3280 537 3364 piendi,
559 3279 740 3343 adeundum
763 3282 845 3344 vitae
867 3280 1051 3364 pericnlum,
1074 3301 1115 3342 ne
1139 3289 1203 3343 tum
1229 3280 1356 3364 quidem
1381 3288 1411 3344 te
1434 3282 1586 3365 respicies
1607 3287 1640 3343 et
1657 3280 1743 3362 cogi·

412 3375 493 3437 tabis
516 3374 577 3437 sibi
599 3395 760 3457 quemque
782 3382 890 3437 natum
914 3395 984 3438 esse
1007 3384 1038 3436 et
1059 3375 1127 3437 snis
1151 3374 1387 3457 voluptatibus?
1411 3375 1531 3437 Vadam
1553 3382 1583 3437 te
1604 3374 1644 3437 ad
1660 3393 1744 3436 mor·

413 3479 477 3533 lem
501 3475 635 3551 tyranno
657 3468 747 3530 dabis
769 3488 828 3550 pro
850 3469 970 3541 amico,
1004 3477 1039 3531 ut
1059 3468 1274 3552 Pythagoreus
1296 3469 1350 3531 ille
1374 3469 1481 3532 Siculo
1502 3469 1580 3532 lecit
1600 3477 1743 3552 tyranno,

412 3572 477 3637 ant,
501 3561 636 3645 Pylades
659 3583 730 3626 cum
752 3565 806 3634 sis,
828 3562 914 3624 dices
937 3572 968 3625 te
991 3583 1060 3625 esse
1075 3564 1220 3636 Oresten,
1245 3571 1279 3626 nt
1300 3564 1436 3628 moriare
1458 3583 1515 3647 pro
1530 3564 1656 3626 amico?
1678 3570 1743 3636 ant,

414 3660 440 3721 si
463 3677 552 3743 esses
576 3656 720 3729 Orestes,
743 3657 892 3740 Pyladem
915 3656 1094 3730 refelleres,
1117 3665 1148 3719 te
1169 3658 1326 3720 indicares
1348 3668 1390 3733 et,
1412 3659 1438 3721 si
1453 3658 1486 3721 id
1501 3678 1566 3722 non
1581 3657 1781 3742 probarem

411 3772 476 3835 quo
500 3751 605 3814 minus
627 3751 720 3813 ambo
743 3771 806 3812 una
828 3751 1026 3814 necaremini
1043 3771 1107 3813 non
1130 3756 1320 3833 precareret

498 3846 599 3907 XXV.
621 3842 673 3906 80.
704 3846 836 3907 Faceres
866 3854 900 3907 tu
923 3844 1067 3927 quidem,
1096 3846 1272 3927 Torquate,
1300 3846 1380 3908 baec
1402 3846 1526 3919 omnia3
1556 3844 1638 3908 nibil
1659 3845 1743 3909 enim

410 3939 547 4003 arbitror
569 3958 640 4000 csse
663 3958 776 4019 magna
799 3938 892 4000 lande
916 3939 1062 4019 dignum,
1086 3939 1173 4020 qnod
1194 3948 1224 4001 te
1240 3939 1534 4021 praetermissurum
1549 3939 1675 4004 credam
1689 3946 1746 4002 aut

412 4033 524 4096 mortis
546 4040 600 4094 aut
622 4029 741 4093 doloris
766 4039 861 4094 metu.
896 4035 964 4109 Non
989 4033 1153 4114 quaeritur
1174 4041 1296 4108 autem,
1319 4033 1396 4117 quid
1419 4042 1552 4096 naturae
1574 4040 1646 4095 tuae
1669 4052 1745 4095 con·

411 4134 597 4190 sentanenm
620 4126 675 4198 sit,
706 4126 762 4188 sed
786 4126 863 4206 quid
888 4125 1085 4207 disciplinae.
1130 4128 1220 4188 Ratio
1243 4128 1317 4200 ista,
1348 4148 1441 4209 qnam
1463 4127 1626 4199 defendis,
1655 4145 1782 4209 prae-ao

411 4229 519 4302 cepta,
543 4240 627 4303 qnae
650 4221 798 4292 didicisti,
822 4240 903 4302 qnae
928 4220 1051 4300 probas,
1074 4220 1217 4282 funditus
1241 4231 1385 4283 evertunt
1399 4222 1577 4293 amicitiam,
1601 4221 1744 4304 quamvis

413 4335 482 4378 eam
505 4315 672 4396 Epicurus,
696 4323 730 4375 ut
751 4314 843 4385 lacit,
867 4315 898 4373 in
923 4313 1046 4375 caelum
1063 4315 1173 4375 ellerat
1195 4315 1353 4377 laudibus.
1389 4318 1448 4377 ult
1466 4316 1564 4377 coluit
1586 4316 1654 4398 ipse
1669 4317 1745 4379 ami-

411 4410 532 4471 citias.»
572 4409 667 4482 Quis,
691 4428 825 4490 quaeso,
848 4408 937 4468 illum
963 4415 1056 4487 negat
1078 4418 1109 4470 et
1132 4408 1247 4470 bonnm
1265 4410 1365 4471 virum
1389 4417 1420 4470 et
1438 4429 1558 4470 comem
1582 4417 1613 4471 et
1635 4410 1745 4472 huma-

413 4523 487 4564 num
514 4501 637 4564 luisset
677 4504 722 4563 De
751 4501 877 4581 ingenio
908 4502 977 4563 eius
1009 4503 1040 4562 in
1070 4503 1119 4563 bis
1143 4502 1427 4584 disputationibus,
1458 4523 1522 4564 non
1544 4502 1583 4564 de
1607 4502 1744 4565 moribus

422 4679 559 4685 ——m
877 4680 1195 4688 ...ψ-...ρ-

1777 4771 1791 4797 0

479 4813 500 4859 l.
520 4811 627 4871 quidem]
647 4810 706 4869 quid
724 4810 771 4857 BE
794 4835 817 4843 -
838 4810 889 4871 ene]
907 4810 953 4857 bue
970 4814 1004 4861 a:
1023 4816 1045 4858 et
1063 4811 1111 4859 ΒΒ
1131 4837 1155 4843 -
1177 4811 1200 4859 3.
1217 4809 1372 4870 profitendae
1389 4809 1482 4857 ΑΒΒε
1499 4809 1665 4869 proterendos
1682 4811 1702 4858 0
1716 4836 1742 4846 -

415 4900 443 4934 ne
459 4888 485 4934 id
499 4886 592 4947 pudeat
608 4899 656 4932 non
677 4885 755 4943 (neh)
774 4886 863 4932 seutirc
881 4886 946 4941 ‹piioil
962 4900 1010 4932 uon
1032 4901 1057 4945 p.
1078 4888 1101 4933 d.
1123 4887 1140 4933 Β
1152 4886 1169 4933 i:
1194 4910 1220 4919 —
1244 4884 1268 4931 7.
1288 4896 1320 4931 en
1336 4883 1372 4929 bis
1390 4883 1449 4930 nibil
1466 4885 1502 4940 sl;
1526 4883 1586 4930 nibil
1602 4897 1635 4932 ec
1651 4885 1696 4944 bur
1712 4886 1745 4942 B,

415 4962 474 5009 sitiit
490 4974 523 5009 ar
541 4962 571 5007 iis
588 4961 642 5008 ΜΟ
663 4987 687 4994 -
709 4961 811 5007 redeunt
829 4960 906 5008 ΑΒΕ
928 4987 952 4995 -
978 4966 1000 5007 et
1018 4961 1081 5008 AB:
1106 4961 1135 5007 Et
1154 4960 1252 5021 quidem
1270 4958 1303 5013 O,
1326 4958 1356 5005 At
1375 4957 1477 5018 Madvig
1500 4958 1525 5006 in
1543 4960 1744 5009 commentario.

416 5036 452 5085 (Il.
472 5037 504 5085 M.
525 5033 640 5095 Seyffert
662 5034 750 5082 Sciott.
771 5036 834 5082 Leti.
856 5049 880 5097 p.
902 5036 956 5084 tte.
979 5062 1004 5069 —
1028 5037 1052 5082 o.
1072 5036 1119 5082 nid
1135 5034 1240 5092 rideris,
1264 5046 1314 5080 nou
1336 5033 1434 5093 prodest
1451 5033 1594 5082 Graserns:
1619 5034 1667 5081 uisi
1685 5035 1747 5092 eris,

416 5127 462 5159 noa
475 5116 546 5172 potes
563 5109 641 5158 codd.
662 5113 688 5157 et
706 5111 759 5158 MO
781 5134 806 5143 —
828 5112 870 5171 qui
888 5117 970 5157 aretem
982 5136 996 5146 —
1007 5137 1021 5146 -
1032 5111 1091 5157 solet
1109 5111 1207 5159 Nonius
1231 5122 1256 5170 p.
1276 5108 1333 5156 399.
1353 5133 1380 5142 -
1399 5107 1500 5170 poteris]
1515 5112 1584 5170 potes
1600 5109 1699 5157 Nonius
1718 5135 1744 5144 -

416 5187 454 5235 tu.
473 5186 594 5234 subducto
613 5186 728 5233 Nonius:
756 5185 876 5234 subdubia
895 5186 972 5234 codd.
993 5184 1100 5234 Tulliani
1125 5211 1151 5218 -
1180 5198 1196 5231 α
1215 5185 1277 5232 AB:
1297 5183 1364 5231 udE
1387 5210 1419 5218 -
1442 5185 1482 5231 ll.
1501 5196 1592 5243 sequor
1608 5184 1747 5247 utilitatem]

416 5264 524 5323 sequitur
540 5262 636 5309 utilius
647 5264 777 5309 Graserns
796 5288 822 5297 -
845 5264 854 5308 l
863 5263 884 5310 it.
904 5274 979 5321 quum
997 5262 1040 5307 diu
1057 5275 1110 5309 oni.
1130 5260 1158 5308 Α1
1179 5262 1196 5308 Β
1218 5286 1243 5293 -
1262 5260 1390 5307 constituet
1406 5258 1543 5307 amicitiam
1556 5262 1574 5307 Α
1585 5272 1590 5304 :
1610 5258 1748 5308 amicitiam

416 5339 541 5385 constituet
559 5336 642 5384 uuo
656 5361 681 5369 -
703 5336 742 5382 ⁴3.
761 5338 816 5397 nqis
834 5337 852 5384 Β
867 5362 891 5368 -
914 5335 953 5384 ll.
972 5335 1095 5394 retinentes
1112 5347 1189 5393 oeque
1207 5333 1254 5380 istu
1272 5336 1291 5381 Α
1308 5359 1333 5367 -
1354 5334 1393 5381 iti.
1413 5333 1519 5396 venium]
1538 5333 1674 5381 ueuiuutur
1686 5333 1705 5380 Β
1719 5358 1745 5368 -

418 5412 454 5458 Π.
468 5413 546 5473 dipua
562 5411 619 5457 odio
636 5415 670 5457 est
685 5425 733 5457 uisu
746 5413 810 5470 quod
826 5418 862 5458 est
879 5412 959 5470 turpis
976 5411 1023 5458 taisi
1040 5411 1105 5469 quoii
1123 5415 1165 5457 est.
1185 5410 1236 5456 sinc
1254 5423 1301 5469 quo
1319 5408 1473 5456 iuimnmodo
1485 5410 1506 5457 lt
1521 5434 1547 5442 -
1567 5408 1587 5455 si
1604 5421 1634 5457 ne
1646 5408 1706 5467 (siue
1718 5408 1747 5467 Β)

418 5499 463 5544 quo
480 5486 546 5533 BD:
566 5485 586 5532 si
604 5498 634 5532 uo
651 5487 754 5533 tuott'
770 5513 795 5519 --
817 5487 856 5533 49.
876 5488 941 5545 quod
958 5487 978 5532 si
996 5490 1016 5534 Α
1032 5511 1056 5519 —
1078 5488 1117 5532 tu.
1138 5486 1183 5532 erit
1202 5485 1220 5532 E
1236 5509 1263 5519 -
1283 5485 1324 5531 at.
1344 5483 1450 5547 quiden]
1468 5486 1528 5545 quid
1544 5489 1579 5533 ost
1594 5485 1652 5532 Β-
1673 5484 1750 5531 lbet

419 5575 468 5608 ont.
491 5561 540 5609 BE
562 5586 589 5596 -
618 5561 706 5609 l'ndem
725 5562 754 5623 te]
775 5564 880 5610 uudeutc
898 5563 915 5609 Β
936 5587 962 5594 -
988 5561 1028 5607 tit.
1048 5565 1156 5618 turatino
1173 5561 1292 5621 spurium
1311 5561 1414 5608 censuit
1432 5560 1483 5608 iarn
1502 5563 1642 5619 Gruterus,
1665 5559 1749 5607 Sicuto

420 5649 523 5697 qnoque
543 5636 663 5683 Dasisius
681 5640 707 5684 et
726 5638 858 5694 licentius,
885 5638 929 5698 qni
954 5634 1036 5684 uerba
1060 5648 1121 5683 eutii
1147 5634 1322 5683 deterioribus
1346 5634 1423 5683 codd.
1444 5635 1495 5683 hoc
1515 5635 1608 5683 ordine
1626 5632 1749 5696 legebant

419 5712 472 5768 {ecit
483 5711 567 5759 Siculo
584 5716 702 5770 tyranno.
722 5714 790 5761 Fert.
810 5714 888 5761 etiarn
906 5714 962 5772 secti
980 5711 1098 5773 spurium
1117 5714 1171 5768 est,
1191 5711 1261 5771 qnod
1281 5725 1333 5760 om.
1348 5711 1406 5759 eod.
1424 5711 1544 5772 Madvigii
1558 5708 1703 5758 lieidensis.
1716 5736 1748 5744 —

421 5783 458 5833 ll.
476 5791 572 5835 oresteo
588 5791 623 5835 A:
649 5788 757 5835 Orestem
779 5789 860 5836 utto
885 5815 908 5821 -
931 5789 970 5835 25.
989 5787 1010 5832 si
1027 5798 1080 5832 oni.
1102 5786 1120 5833 E
1147 5812 1171 5819 -
1195 5786 1236 5833 td.
1253 5799 1386 5846 procurare
1409 5787 1471 5835 AB:
1502 5786 1663 5846 deprecarere
1680 5784 1700 5834 0
1720 5812 1745 5819 -

421 5859 459 5909 tt.
477 5874 526 5910 esse
542 5876 574 5909 m.
594 5863 610 5910 l.
629 5863 732 5924 dipnrun
749 5866 783 5910 A:
802 5877 834 5910 ne
855 5860 871 5909 l.
885 5864 988 5924 dippum
1005 5873 1054 5907 esse
1066 5864 1132 5915 (esset
1147 5861 1174 5916 Β)
1193 5862 1288 5918 ΒΒΒΙ;
1307 5873 1357 5910 case
1374 5874 1427 5909 orn.
1446 5861 1465 5908 0
1482 5887 1513 5895 —
1531 5859 1572 5908 29.
1591 5858 1651 5919 quid
1666 5872 1692 5907 o.
1711 5861 1746 5906 A:

423 5936 484 5995 quod
500 5950 526 5984 n.
540 5937 558 5985 B
572 5962 598 5972 -
618 5937 658 5986 30.
673 5938 739 5996 quod
755 5937 814 5986 disc.
833 5938 881 5986 ΑΒ
902 5964 928 5972 -
949 5937 988 5985 33.
1009 5948 1099 5997 quaeso
1116 5936 1250 5987 Davisius:
1270 5936 1341 5997 quusi
1358 5934 1437 5984 codd.
