4342 7459
731 1243 799 1307 ns.
814 1243 870 1307 ιιι
897 1242 970 1307 cu.
985 1241 1179 1307 vu-vur.
1204 1236 1411 1326 sset-37.
1670 1237 1733 1305 ru

408 1406 592 1471 riderentur
618 1401 721 1468 utilia.
772 1402 857 1466 Nihil
888 1422 963 1466 vero
991 1402 1087 1478 utile,
1114 1402 1201 1486 quod
1228 1421 1294 1465 nou
1323 1402 1407 1466 idem
1435 1401 1622 1476 honestum,
1653 1398 1734 1464 nibil

408 1499 596 1573 honestum,
618 1495 704 1582 qued
724 1516 790 1561 nou
811 1495 897 1559 idem
919 1496 998 1560 utile
1020 1498 1077 1570 sit,
1105 1513 1201 1579 saepe
1222 1502 1357 1560 testatur
1376 1502 1536 1578 negatque
1557 1495 1656 1560 ullam
1677 1517 1734 1581 pe·

408 1601 489 1658 stem
512 1593 663 1656 maiorem
685 1592 719 1654 in
742 1591 837 1654 vitam
859 1589 1024 1653 hominum
1046 1590 1202 1653 invasisse
1224 1608 1320 1673 quam
1338 1607 1448 1653 eorum
1463 1587 1663 1671 opinionem,
1677 1590 1734 1674 qni

407 1687 468 1751 ista
491 1686 708 1750 distraxerint.
753 1685 864 1766 ltaque
884 1702 960 1757 non,
983 1681 1213 1767 utaliquando
1234 1690 1503 1765 anteponeremus
1523 1681 1613 1746 utilia
1633 1682 1734 1748 boue·

407 1781 476 1856 stis,
497 1779 555 1845 sed
576 1788 612 1843 ut
633 1797 671 1843 ea
692 1778 761 1841 siue
783 1796 889 1841 errore
911 1775 1167 1851 diiudicaremus,
1190 1776 1217 1840 si
1241 1775 1370 1861 quando
1391 1775 1587 1850 incidissent,
1607 1774 1758 1841 induxits

408 1895 497 1950 eam,
519 1892 603 1958 quae
625 1871 788 1936 videretur
809 1890 896 1945 esse,
917 1891 982 1933 uon
1005 1890 1088 1954 quae
1111 1878 1212 1944 esset,
1233 1870 1485 1953 repugnantiam.
1528 1871 1617 1933 lianc
1638 1870 1735 1954 igitur

407 1978 528 2052 partem
556 1966 698 2030 relictam
725 1965 924 2049 explebimus
954 1963 1051 2026 nullis
1079 1963 1295 2038 adminiculis,
1324 1964 1398 2038 sed,
1426 1972 1462 2026 ut
1481 1963 1611 2039 dicitur,
1633 1965 1733 2027 llarte

407 2070 530 2125 nestro.
574 2062 687 2144 Neque
717 2059 802 2123 enim
832 2059 1002 2142 quicquam
1032 2064 1080 2120 est
1109 2058 1148 2120 de
1175 2057 1235 2121 bae
1262 2066 1352 2140 parte
1378 2065 1452 2139 post
1471 2058 1657 2122 Panaetium
1678 2078 1734 2123 ex-

409 2155 577 2238 plicatum,
605 2152 692 2236 quod
721 2151 850 2235 quidem
872 2151 950 2215 mibi
973 2150 1176 2233 probaretur,
1206 2150 1246 2214 de
1267 2151 1324 2227 iis,
1353 2151 1491 2235 quaein
1513 2171 1624 2217 manus
1646 2171 1734 2217 meas

410 2255 574 2313 venerunt.
1745 2260 1774 2309 to

493 2341 577 2404 Vlll.
598 2336 650 2403 35.
673 2339 750 2405 Cum
773 2340 869 2423 igitur
889 2338 996 2422 aliqua
1020 2341 1141 2423 species
1162 2339 1306 2404 utilitatis
1326 2340 1451 2404 obieeta
1466 2349 1529 2416 est,
1544 2340 1736 2405 commoveri

410 2455 541 2500 necesse
563 2441 621 2498 est.
668 2434 731 2498 Sed
753 2436 799 2508 si,
827 2453 899 2497 cum
921 2433 1062 2496 animum
1085 2434 1275 2507 attenderis,
1303 2434 1529 2517 turpitudinem
1551 2433 1660 2498 rideas
1680 2434 1737 2500 ad·

411 2532 549 2593 iunctam
571 2529 603 2592 ei
624 2528 686 2602 rei,
709 2546 792 2613 quae
814 2527 954 2610 speciem
979 2526 1124 2589 utilitatis
1146 2528 1302 2602 attulerit,
1324 2534 1391 2592 tum
1412 2546 1477 2592 uon
1500 2528 1619 2594 utilitas
1639 2529 1737 2593 reliu-

410 2622 540 2706 queuda
561 2629 619 2697 est,
641 2620 698 2685 sed
720 2620 982 2703 intellegendum,
1005 2619 1059 2682 ubi
1082 2619 1244 2703 turpitudo
1266 2621 1316 2696 sit,
1338 2620 1384 2683 ibi
1405 2622 1572 2687 utilitatem
1587 2643 1735 2689 essenon

409 2734 515 2799 pesse.
559 2714 651 2790 Quod
674 2715 702 2777 si
722 2714 803 2777 nibil
826 2721 874 2778 est
895 2722 958 2777 tam
981 2722 1090 2777 eontra
1111 2721 1254 2778 naturam
1283 2733 1379 2798 quam
1406 2716 1629 2800 turpitudo-
1648 2727 1775 2784 reetate

411 2810 497 2873 euim
519 2815 552 2872 et
573 2809 794 2873 convenientia
822 2816 854 2872 et
875 2809 1052 2870 constantia
1074 2814 1188 2870 natura
1209 2806 1369 2872 desiderat
1388 2818 1637 2895 aspernaturque
1660 2829 1737 2876 eou-

411 2903 507 2966 traria
521 2935 563 2947 —
583 2902 729 2987 nihilque
751 2910 815 2966 tam
837 2898 1011 2965 secundum
1034 2908 1180 2964 naturam
1203 2919 1297 2985 quam
1320 2901 1447 2975 utilitas,
1470 2904 1609 2968 certain
1624 2904 1737 2970 eadem

411 3017 447 3060 re
469 2996 588 3060 utilitas
609 3004 642 3060 et
663 2995 826 3081 turpitudo
849 3012 919 3058 esse
940 3014 1005 3056 non
1026 3001 1141 3078 potest.
1170 2994 1324 3076 Itemque,
1347 2994 1374 3058 si
1395 2994 1436 3058 ad
1457 2994 1657 3062 honestatem
1671 2999 1737 3064 uati

412 3110 522 3154 sumus
550 3108 655 3174 eaque
683 3097 738 3153 ant
765 3090 833 3153 sola
862 3087 1041 3169 expetenda
1071 3095 1136 3162 est,
1164 3095 1200 3150 ut
1221 3090 1341 3153 Zenoni
1362 3090 1462 3153 risum
1485 3099 1548 3167 est,
1574 3101 1630 3157 aut
1650 3101 1737 3160 certe

414 3185 500 3250 omni
528 3183 671 3268 pondere
701 3184 827 3267 grauior
854 3178 999 3245 habenda
1027 3200 1123 3263 φιιιιιι
1152 3179 1275 3263 reliqua
1303 3182 1425 3256 omnia,
1458 3185 1545 3267 quud
1573 3187 1774 3252 aristotelico

414 3280 528 3362 placet,
549 3296 680 3341 necesse
703 3286 761 3351 est,
784 3276 868 3359 qnod
891 3275 1060 3339 honestum
1081 3274 1133 3348 sit,
1154 3271 1187 3336 id
1210 3293 1281 3338 esse
1301 3283 1357 3339 aut
1378 3276 1482 3340 solum
1503 3287 1559 3343 aut
1579 3299 1737 3345 summum

413 3369 551 3447 bonrum
574 3370 664 3455 quod
682 3380 787 3435 autem
808 3369 945 3444 bouum,
967 3368 999 3432 id
1023 3375 1109 3431 certe
1130 3367 1224 3441 utile,
1247 3369 1306 3444 ita,
1328 3369 1483 3453 quiequid
1504 3369 1682 3450 honestum,
1702 3371 1738 3441 id

414 3465 502 3529 utile.
550 3460 602 3528 36.
631 3464 703 3540 Qua
724 3484 758 3527 re
787 3482 876 3526 error
901 3463 1066 3526 homiuum
1087 3479 1155 3523 non
1175 3462 1364 3544 proborum,
1391 3483 1463 3527 eum
1485 3463 1623 3549 aliquid,
1651 3468 1737 3553 quod

414 3560 490 3623 utile
512 3560 613 3623 risum
637 3566 702 3630 est,
729 3558 882 3641 erripuit,
903 3557 936 3619 id
958 3556 1110 3619 continuo
1132 3558 1270 3620 secernit
1290 3557 1332 3621 ab
1352 3556 1496 3621 honesto.
1538 3559 1620 3624 Hine
1642 3562 1738 3637 sicae,

413 3652 487 3717 hinc
509 3670 641 3726 venena,
662 3651 737 3714 binc
758 3650 839 3715 falsa
859 3656 1048 3713 testamenta
1069 3656 1254 3724 nascuntur,
1275 3649 1352 3714 hine
1372 3650 1466 3727 furta,
1486 3653 1661 3736 peculatus,
1682 3667 1775 3720 ems

413 3746 583 3830 pilationes
614 3745 872 3830 direptionesque
903 3744 1062 3807 sociorum
1095 3749 1127 3804 et
1159 3743 1292 3817 civium,
1325 3743 1399 3807 hine
1431 3763 1528 3828 opum
1557 3747 1738 3827 nimiarum,

413 3841 575 3924 potentiae
595 3858 661 3902 uon
683 3837 848 3912 ferendae,
878 3845 1039 3920 postremo
1068 3836 1163 3900 etiarn
1190 3835 1225 3898 in
1253 3835 1361 3901 liberis
1383 3836 1564 3902 civitatibus
1584 3841 1740 3925 regnandi

414 3935 573 3999 exsistunt
600 3932 810 4016 cupiditates,
840 3930 958 4014 quibus
986 3928 1066 3992 nibil
1097 3947 1156 3990 neo
1186 3930 1316 3993 taetrius
1337 3950 1398 3995 nee
1419 3929 1545 3996 foedius
1567 3935 1740 4019 excogitari

413 4036 526 4112 potest.
567 4025 789 4089 Emolumenta
811 4025 896 4088 enirn
919 4043 1025 4087 rerum
1047 4021 1213 4085 fallacibus
1235 4022 1361 4088 iudiciis
1383 4023 1502 4098 vident,
1523 4046 1661 4110 poenam
1675 4049 1739 4094 nou

413 4121 485 4187 dicu
506 4121 623 4203 lequm,
645 4138 740 4203 quam
762 4138 857 4202 saepe
878 4124 1096 4201 perrumpunt,
1118 4113 1173 4179 ied
1196 4117 1297 4201 ipsius
1318 4118 1532 4204 turpitudinis,
1555 4141 1638 4205 quae
1653 4134 1776 4187 acen-so

412 4216 544 4279 bissima
565 4222 630 4290 est,
653 4233 718 4277 nou
741 4212 859 4277 vident.
902 4207 953 4272 37.
984 4210 1088 4285 Quam
1111 4211 1241 4274 obrem
1263 4211 1324 4276 boe
1346 4213 1474 4296 quidem
1497 4212 1738 4279 deliberantium

414 4328 513 4392 genus
541 4308 679 4393 pellatur
706 4328 724 4371 e
754 4306 860 4371 medio
888 4341 930 4354 -
959 4311 1007 4367 est
1029 4303 1114 4367 euim
1136 4310 1238 4367 tetum
1261 4304 1449 4369 sceleratum
1471 4307 1658 4391 olimpium
1680 4342 1737 4380 -,

413 4403 469 4485 qui
492 4400 679 4477 deliberant,
702 4410 808 4465 uuum
830 4399 863 4463 id
886 4405 1071 4484 sequautur,
1095 4397 1181 4481 quod
1203 4396 1371 4461 honestum
1393 4418 1463 4463 esse
1485 4400 1624 4476 rideant,
1645 4419 1686 4465 an
1704 4420 1739 4465 se

414 4496 551 4559 seientes
580 4496 699 4560 scelere
727 4493 960 4568 contaminent3
993 4493 1027 4556 iu
1055 4492 1123 4575 ipsa
1153 4492 1237 4554 enim
1266 4491 1465 4558 dubitatione
1493 4492 1617 4558 lacinus
1645 4496 1738 4571 inest,

414 4591 507 4653 etiam
530 4591 558 4653 si
579 4589 619 4654 ad
642 4588 675 4652 id
697 4608 762 4653 nou
784 4586 995 4672 pervenerint.
1026 4587 1110 4668 Ergo
1132 4605 1170 4648 ea
1192 4584 1395 4650 deliberanda
1418 4588 1548 4651 omnino
1569 4607 1633 4652 nou
1655 4597 1777 4668 suntet

412 4684 446 4747 iu
468 4683 584 4767 quibus
606 4691 656 4746 est
677 4682 778 4766 turpis
799 4682 869 4765 ipsa
891 4679 1088 4745 deliberatio.
1121 4680 1224 4764 Atque
1246 4680 1340 4742 etiam
1356 4684 1497 4745 exomni
1512 4678 1740 4747 deliberatione

413 4776 538 4841 celandi
569 4783 601 4841 et
630 4775 808 4840 occultandi
835 4795 908 4861 spes
930 4774 1105 4859 opinioque
1126 4774 1319 4838 removenda
1340 4783 1404 4852 est3
1432 4776 1509 4841 satis
1531 4777 1616 4841 enim
1636 4778 1739 4853 uobis,

479 5047 504 5097 t.
523 5052 599 5112 secet
616 5047 687 5098 44444444
700 5051 793 5111 pestem
813 5045 830 5096 b
856 5071 883 5082 -
911 5048 936 5097 t.
954 5050 983 5096 ut
998 5056 1055 5095 cem
1072 5044 1297 5109 (repugnantiam)
1319 5044 1373 5096 slus
1387 5057 1474 5098 mere
1490 5046 1698 5113 dtodboresssr,
1719 5049 1741 5101 sl

413 5124 514 5184 quondo
530 5124 654 5173 temdum
670 5124 765 5186 Unger.
785 5145 813 5159 ·-
831 5123 856 5173 9.
869 5122 901 5172 lta
916 5121 971 5172 Bb:
990 5121 1029 5170 tis
1045 5120 1098 5178 lle,
1116 5120 1164 5182 ldis
1180 5128 1196 5169 o
1215 5145 1243 5156 -
1271 5119 1311 5170 to.
1329 5124 1451 5172 cesenat
1466 5121 1609 5175 Uenutius:
1628 5127 1742 5176 resciat

413 5200 459 5249 Co
479 5224 506 5235 -
525 5198 565 5248 lt.
583 5204 607 5248 st
622 5199 652 5259 rt,
670 5211 728 5248 mm
744 5197 1002 5248 caenam-widem
1017 5195 1158 5245 odeum
1173 5194 1274 5245 Nouius
1292 5194 1386 5260 p.238.
1407 5217 1435 5232 ·-
1458 5197 1500 5247 red
1515 5198 1579 5249 eleut
1594 5199 1707 5249 eamus
1723 5199 1741 5250 b

415 5298 443 5311 ·-
471 5273 511 5324 43.
529 5274 681 5337 requirmdo
701 5285 718 5335 p
742 5298 770 5309 -
797 5273 837 5322 48.
855 5269 1179 5332 reattlltoaetterpltodo
1200 5280 1232 5319 o:
1258 5269 1504 5335 reotlls'turps'tude
1526 5271 1641 5332 ellam
1672 5278 1742 5324 rect

412 5347 509 5397 stttttos
524 5354 547 5398 et
563 5349 692 5411 torpitudo
710 5348 862 5398 Lambinus.
883 5371 911 5385 -
931 5346 971 5397 te.
990 5350 1036 5396 out
1051 5351 1117 5395 certe
1133 5346 1200 5395 omui
1214 5346 1325 5407 pondere
1338 5349 1445 5410 praetor
1460 5347 1574 5400 tebeude
1590 5352 1627 5398 est
1642 5349 1741 5400 Nonius

414 5434 440 5486 p.
451 5421 509 5474 344.
528 5447 557 5459 -
576 5424 616 5473 22.
635 5422 662 5471 ld
678 5428 744 5472 certe
758 5422 819 5472 utile
835 5432 850 5470 o
868 5448 896 5458 -
915 5420 956 5471 il.
969 5422 1074 5471 secreuit
1091 5421 1120 5470 ³¹
1134 5446 1160 5457 -
1180 5421 1220 5471 26.
1233 5421 1382 5482 simiarum,
1390 5421 1518 5484 poleam
1534 5422 1632 5485 Unger:
1650 5424 1743 5474 alodo·

412 5508 471 5545 neu
483 5498 609 5560 punctim
626 5510 641 5548 o
669 5525 696 5536 -
723 5498 765 5548 17.
781 5498 938 5560 potentieque
953 5509 1003 5545 aon
1020 5507 1035 5545 o
1062 5521 1088 5531 -
1114 5501 1240 5559 postremo
1255 5496 1332 5546 etlam
1343 5521 1380 5533 --
1393 5496 1534 5561 amciter-l
1547 5502 1627 5561 potest
1642 5499 1742 5552 Nonius

413 5584 441 5636 p.
451 5571 507 5623 4444.
528 5598 555 5610 -
575 5574 616 5624 28.
635 5586 680 5623 sec
696 5573 834 5624 detertss
853 5597 880 5608 -
898 5572 1007 5635 cupitos-i
1024 5570 1095 5620 liele
1112 5569 1146 5620 ad
1158 5571 1213 5622 cte.
1227 5569 1262 5621 de
1277 5572 1354 5635 legg.
1368 5584 1393 5634 p.
1403 5570 1460 5623 tet.
1481 5596 1509 5609 -
1528 5572 1568 5623 ³0.
1587 5586 1663 5635 quern
1680 5573 1740 5639 Cp:

413 5656 477 5708 quos
492 5657 517 5697 o.
541 5648 625 5698 «Cum
641 5646 679 5708 ld,
697 5646 769 5710 quod
786 5647 943 5710 insequitur,
962 5644 1198 5709 qooeocsrbbdmo
1208 5649 1252 5706 est,
1264 5645 1298 5696 ad
1311 5657 1425 5711 poenam
1437 5646 1496 5696 elue
1507 5645 1589 5697 dublo
1598 5647 1740 5713 pertineat,

413 5720 521 5772 videtur
537 5724 618 5774 etiem
634 5722 660 5772 ln
677 5722 764 5786 priore
775 5723 906 5774 umentia
921 5735 1004 5785 posse
1021 5719 1190 5784 intelligenda
1207 5732 1278 5772 esse.
1305 5720 1337 5771 Et
1354 5733 1415 5771 cum
1432 5719 1506 5786 leges
1523 5724 1741 5788 perrumpuutnr,

413 5799 593 5863 perrumpitur
610 5798 691 5849 etlam
707 5809 794 5862 poena
812 5795 915 5861 leqlbns
933 5797 1101 5847 constituta.»
1119 5796 1211 5847 Zoster.
1242 5794 1281 5847 ct.
1300 5796 1388 5847 Partit.
1406 5798 1473 5847 orat.
1492 5795 1565 5860 8⁴⁴¹
1580 5809 1743 5863 perrupere

410 5872 561 5934 periculam
586 5870 1229 5937 Verr.llb.1sttqeseattosespmnpera-
1252 5869 1741 5937 tupldlwb-dl00tmmt

415 5945 1207 6012 -tt.ettnmem.o-tt.optstoqeeesrssreessdoo.
