4342 7459
489 1409 525 1474 ln
555 1407 807 1476 Tusculanarum
837 1407 926 1475 libris
949 1408 1014 1476 duo
1037 1408 1169 1477 codices
1191 1409 1408 1487 vetustissimi,
1432 1409 1599 1477 Gudianus
1621 1432 1651 1479 n.
1673 1412 1736 1478 tat

405 1520 438 1580 et
466 1513 631 1579 Parisinus
661 1535 691 1578 n.
720 1512 817 1589 6332,
852 1514 916 1580 iarn
945 1521 1039 1579 antea
1067 1513 1109 1579 ab
1140 1512 1210 1579 aliis
1231 1513 1417 1580 hominibus
1440 1512 1575 1580 literatis
1603 1513 1736 1582 adhibiti

406 1626 511 1693 erant,
535 1615 595 1683 sed
617 1637 690 1684 cum
714 1616 745 1682 in
768 1616 854 1684 haud
870 1618 984 1706 paucis
999 1617 1079 1685 locis
1101 1617 1143 1684 de
1159 1617 1288 1684 illorum
1303 1618 1451 1685 codicum
1467 1619 1636 1707 scripturis
1650 1618 1737 1686 haud

404 1721 482 1790 satis
504 1731 675 1799 constaret,
699 1720 770 1789 illos
795 1743 928 1811 quoque
951 1723 1066 1788 iterum
1089 1722 1303 1790 conterendos
1326 1723 1519 1811 putavimus.

489 1826 525 1890 ln
556 1824 665 1893 Laelio
696 1835 727 1892 et
751 1825 871 1893 Catone
900 1825 1021 1893 Maiore
1043 1846 1084 1894 ex
1106 1826 1225 1914 ingenti
1249 1826 1402 1893 librorum
1425 1826 1737 1915 manuscriptorum

404 1928 499 2018 copia
521 1928 592 1996 illos
614 1929 787 2016 elegimus,
811 1951 895 2019 quos
918 1929 1052 2020 reliquis
1075 1931 1181 1997 minus
1203 1930 1411 2019 interpolatos
1435 1951 1509 1998 essa
1532 1952 1595 1997 usu
1618 1950 1738 2020 cogno-

405 2054 565 2101 veramus.
588 2035 732 2102 Paenitet
753 2055 816 2101 non
839 2034 1027 2102 adhibuisse
1050 2035 1198 2103 codicem
1221 2034 1435 2103 bibliothecae
1458 2034 1606 2124 publicae
1629 2035 1739 2102 Mona-

405 2137 513 2205 censis
536 2160 621 2204 num.
644 2137 763 2214 tosti,
801 2139 833 2204 in
863 2159 960 2227 quern
991 2150 1023 2204 et
1051 2139 1157 2226 ipsum
1187 2159 1292 2226 nuper
1327 2139 1460 2206 demum
1482 2139 1595 2215 incidi,
1617 2138 1650 2204 in
1672 2159 1738 2227 quo

398 2240 532 2310 haelias
562 2241 701 2329 scriptus
732 2251 783 2308 est
804 2242 878 2309 inde
906 2243 1052 2330 acapita
1074 2244 1141 2308 Xll.
1179 2243 1281 2310 Habet
1303 2243 1330 2310 is
1354 2242 1459 2311 codex
1481 2242 1579 2310 multa
1605 2242 1738 2331 quidem

404 2346 479 2412 vitia
502 2344 653 2432 vulgaria,
677 2345 736 2413 sed
759 2356 808 2412 est
831 2346 913 2413 liber
935 2346 976 2413 ab
1000 2345 1300 2433 interpolationibus
1332 2366 1439 2435 eoque
1473 2347 1600 2413 nomine
1633 2347 1740 2435 suspi-

403 2447 554 2526 ciendus,
577 2448 665 2537 quod
688 2469 801 2516 omnes
824 2448 931 2525 lacile,
957 2448 1133 2538 quiadhuc
1148 2449 1265 2536 cogniti
1282 2458 1370 2524 sunt.
1394 2458 1552 2518 vetustate
1568 2449 1739 2518 antecedit.

402 2552 585 2640 Neglectus
602 2564 708 2618 tamen
734 2564 803 2620 erat
831 2554 863 2619 in
886 2563 995 2620 nostra
1017 2552 1220 2630 bibliotheca.
1245 2552 1321 2641 quia
1344 2550 1386 2620 de
1409 2552 1480 2620 eius
1503 2563 1622 2631 aetate,
1652 2574 1738 2642 quae

403 2655 535 2724 saeculo
558 2656 685 2724 decimo
708 2676 771 2722 non
794 2666 844 2724 est
865 2655 1003 2735 interior,
1028 2657 1059 2721 in
1083 2655 1246 2723 indicibus
1261 2655 1410 2723 codicum
1433 2677 1529 2722 manu
1545 2657 1738 2746 scriptorum

404 2772 546 2827 erratum
562 2769 640 2827 erat.

487 2865 521 2929 ln
545 2863 689 2953 reliquiis
711 2863 866 2932 librorum
890 2863 931 2931 de
954 2885 990 2931 re
1013 2863 1144 2951 publica
1168 2883 1232 2930 non
1254 2862 1324 2930 sine
1341 2863 1444 2931 lructu
1460 2864 1509 2932 usi
1525 2885 1638 2931 sumus
1654 2885 1738 2932 nova

402 2968 601 3058 palimpsesti
623 2967 793 3036 collatione
815 2989 913 3056 quam
937 2969 972 3036 G.
995 2971 1031 3034 N.
1048 2968 1092 3036 du
1108 2969 1188 3036 Rieu
1204 2969 1341 3034 Batavus
1357 2988 1377 3035 a
1391 2989 1428 3035 se
1444 2969 1617 3035 institutam
1634 2968 1739 3057 publi-

402 3072 495 3140 cavit.
539 3073 639 3139 Etiam
671 3071 743 3160 plus
777 3071 894 3160 profuit
916 3071 1058 3140 sollertia
1081 3071 1348 3148 Detlclsenii,
1381 3072 1437 3160 qui
1461 3082 1493 3140 et
1515 3082 1638 3159 partem
1665 3071 1739 3139 libri

402 3177 431 3243 ll
454 3175 562 3243 denuo
585 3175 759 3264 descripsit
780 3185 812 3242 et
833 3175 865 3241 in
888 3174 1109 3264 compluribus
1132 3173 1211 3243 locis
1234 3174 1480 3242 obscurioribus
1497 3185 1609 3243 nostro
1625 3186 1738 3266 rogatu

403 3280 647 3369 palimpsestum
681 3281 796 3347 iterum
832 3280 979 3368 inspexit.
1024 3280 1101 3346 Eius
1124 3280 1298 3368 sagacitate
1321 3280 1497 3367 perlectum
1523 3290 1573 3348 ost
1596 3291 1632 3347 ut
1653 3300 1738 3374 unus

402 3383 494 3452 locus
522 3385 582 3460 lll,
616 3405 645 3451 c.
670 3383 710 3449 t5
734 3407 765 3472 p.
788 3384 859 3460 823,
883 3383 933 3462 l8,
959 3385 1014 3472 qui
1038 3382 1144 3451 adhuc
1167 3383 1308 3471 pessime
1331 3383 1458 3451 habitus
1480 3393 1558 3461 erat,
1585 3384 1738 3452 emenda-

402 3489 490 3555 tione
519 3508 653 3576 prorsus
686 3487 853 3575 praeclara
879 3488 912 3553 in
944 3488 1103 3575 integrum
1125 3487 1359 3554 restitueretur.
1403 3488 1526 3558 Utimur
1548 3498 1656 3555 autem
1678 3488 1738 3556 hac

402 3590 509 3658 oblata
542 3593 712 3659 occasione
741 3603 777 3658 ut
803 3591 974 3658 molestum
997 3611 1171 3679 operarum
1193 3611 1338 3658 errorem
1359 3613 1391 3678 p.
1414 3592 1490 3668 tot,
1515 3592 1570 3668 ta,
1594 3591 1649 3659 ubi
1677 3593 1737 3658 im-

403 3716 553 3784 pressum
576 3707 626 3763 est
647 3696 837 3762 circumiecto
860 3696 931 3763 eius
953 3694 1025 3762 loco
1048 3694 1136 3784 quod
1153 3694 1294 3762 debebat
1308 3696 1512 3777 circumiectu,
1527 3697 1735 3784 corrigamus.

488 3802 597 3868 Restat
628 3798 769 3888 denique
803 3810 838 3865 ut
868 3800 981 3886 paucis
1003 3797 1238 3885 significemus,
1272 3819 1330 3887 per
1353 3801 1507 3876 rationes,
1537 3821 1623 3889 quae
1655 3802 1737 3868 inter

402 3925 462 3972 nos
484 3913 517 3971 et
536 3904 773 3993 typographum
794 3905 1061 3980 intercesserunt,
1087 3903 1205 3970 lactum
1230 3923 1304 3971 esse
1327 3915 1362 3970 ut
1384 3902 1539 3972 absolutis
1553 3885 1645 3972 lib'ris
1666 3904 1737 3993 phi-

403 4010 547 4097 losophis
584 4029 729 4086 manum,
773 4018 808 4075 ut
843 4009 948 4086 aiunt,
989 4008 1031 4076 de
1071 4007 1180 4076 tabula
1215 4009 1276 4096 ipsi
1314 4008 1510 4076 tolleremus.
1558 4008 1639 4076 Cum
1678 4028 1737 4076 au-

403 4124 468 4181 tern
507 4113 579 4181 eius
615 4114 756 4181 rationes
792 4113 991 4201 postularent
1027 4123 1062 4179 ut
1100 4113 1275 4199 fragmenta
1315 4134 1401 4202 quae
1444 4122 1559 4181 vocant
1601 4135 1621 4181 a
1653 4134 1738 4182 nova

402 4219 543 4286 editione
566 4239 606 4286 ne
629 4217 888 4295 excluderentur,
912 4216 993 4286 haec
1015 4217 1148 4307 quidem
1171 4219 1214 4285 ita
1236 4216 1453 4286 describenda
1474 4218 1672 4295 curavimus,
1703 4230 1738 4285 ut

401 4323 442 4389 ab
465 4321 587 4391 Orellio
608 4323 762 4390 secundis
783 4324 869 4390 curis
892 4333 1063 4391 retractata
1086 4323 1280 4389 invenimus.
1299 4324 1333 4388 ln
1349 4324 1479 4390 Timaeo
1495 4332 1602 4390 tamm
1617 4324 1736 4392 nostris

403 4427 506 4515 copiis
533 4426 583 4492 usi
612 4447 741 4506 sumus;
769 4448 842 4493 narn
873 4426 900 4493 is
927 4426 1026 4504 liber,
1049 4446 1124 4494 cum
1147 4427 1218 4492 eius
1240 4436 1349 4513 partes
1372 4425 1516 4515 reliquae
1540 4448 1604 4494 non
1626 4447 1667 4494 ax
1689 4428 1737 4495 di·

403 4531 507 4598 versis
532 4529 744 4618 scriptoribus
775 4530 884 4617 operis
913 4529 1052 4597 tesselati
1080 4528 1178 4595 instar
1207 4529 1416 4597 concinnatae
1443 4529 1518 4603 sint.
1542 4530 1672 4597 omnino
1695 4551 1736 4597 ex

403 4635 586 4722 fragmentis
609 4634 800 4702 eximendus
822 4647 854 4702 et
876 4635 957 4700 inter
975 4632 1119 4723 reliquas
1138 4633 1330 4721 scriptiones
1346 4632 1554 4722 philosophas
1576 4633 1735 4721 recipien-

404 4739 466 4806 dus
488 4749 565 4806 erat.
600 4740 635 4804 ln
650 4738 735 4805 hrati
752 4758 884 4826 quoque
896 4736 1133 4804 Phaenomenis
1149 4736 1296 4805 codicum
1311 4738 1564 4805 britannicorum
1578 4736 1734 4806 lectiones

404 4842 523 4912 Ottleio
551 4843 635 4911 duco
668 4841 831 4930 aliquanto
866 4842 1047 4908 accuratius
1079 4841 1292 4907 indicavimus
1325 4862 1422 4929 quam
1455 4841 1589 4930 abipso
1612 4842 1734 4911 Orellio

402 4947 519 5015 lactum
542 4956 592 5014 est
612 4946 644 5012 in
666 4941 905 5033 Prograr'nmate
928 4945 1093 5012 Turicensi
1117 4943 1292 5012 autumnali
1314 4946 1387 5012 anni
1411 4946 1696 5015 thCCCXXXVll.

487 5087 609 5176 Scripsi
629 5087 785 5156 hlonachii
807 5087 886 5176 ipsis
908 5086 1057 5156 Calendis
1079 5087 1169 5154 Maiis
1190 5107 1219 5155 a.
1246 5087 1340 5154 1862.

1261 5338 1432 5413 carolum
1452 5339 1649 5417 Halmius
