4342 7459
429 1254 471 1322 i0
832 1257 1157 1327 acaousflcouuu
1178 1259 1360 1326 PRIORUM

436 1435 588 1501 memoria
608 1437 828 1519 perceptarum
850 1431 1203 1516 conprehensammque
1221 1450 1326 1495 rerum
1342 1436 1407 1506 est,
1429 1432 1552 1506 omnia,
1574 1450 1656 1515 quae
1671 1433 1760 1519 quis·

439 1549 501 1615 que
531 1527 691 1602 meminit,
722 1526 820 1590 habet
850 1546 888 1590 ea
908 1523 1125 1609 conprehensa
1151 1531 1247 1608 atque
1272 1532 1437 1607 percepta3
1471 1524 1542 1589 falsi
1562 1533 1668 1590 autem
1683 1547 1759 1591 con-

437 1621 549 1708 prendi
577 1620 659 1685 nihil
688 1627 807 1706 potest,
837 1626 870 1683 et
900 1619 1007 1683 omnia
1034 1619 1178 1681 meminit
1207 1617 1319 1681 Sciron
1344 1617 1471 1700 Epicuri
1492 1618 1654 1702 dogmata:
1684 1641 1761 1686 vera

436 1718 533 1800 igitur
552 1715 609 1779 iila
630 1722 705 1778 sunt
725 1733 808 1777 nunc
831 1713 946 1776 omnia.
988 1711 1057 1775 Hoc
1078 1731 1136 1795 per
1157 1731 1208 1774 me
1229 1710 1320 1774 licet:
1348 1709 1404 1774 sed
1431 1711 1487 1776 tibi
1508 1720 1564 1777 aut
1584 1715 1760 1779 conceden-

414 1813 513 1875 odum
534 1817 583 1873 est
603 1811 647 1873 ita
669 1828 753 1883 esse,
775 1807 860 1890 quod
883 1805 1013 1870 minime
1027 1806 1093 1881 vis,
1115 1810 1169 1870 aut
1187 1804 1370 1869 memoriam
1385 1805 1463 1868 mihi
1478 1805 1620 1871 remittas
1636 1814 1761 1892 oportet

437 1912 468 1969 et
488 1903 607 1967 fateare
629 1921 700 1965 asse
721 1901 752 1964 ei
773 1901 892 1975 locum,
915 1898 1010 1963 etiam
1032 1900 1060 1962 si
1082 1900 1322 1983 comprehensio
1348 1901 1575 1984 perceptioque
1596 1900 1685 1965 nulla
1705 1902 1758 1966 sit.

437 1992 509 2061 407.
532 1995 617 2072 Quid
637 1991 693 2059 tiet
713 1994 856 2059 44404444
879 1993 1025 2070 Quibus?
1047 1993 1145 2069 iisne,
1169 2013 1250 2078 quae
1272 1993 1361 2076 ipsae
1379 1992 1518 2057 fatentur
1531 1993 1711 2058 coniectura
1725 2014 1760 2059 44

436 2090 510 2176 pius
530 2089 577 2152 uti
599 2109 693 2173 quam
716 2087 863 2162 scientia,
885 2105 926 2149 au
947 2086 1002 2161 iis,
1025 2107 1107 2171 quae
1129 2093 1251 2152 tantum
1273 2086 1325 2161 id,
1347 2085 1433 2170 quod
1447 2087 1589 2164 videtur,
1610 2098 1761 2153 secuntur

437 2204 496 2249 nec
517 2181 635 2246 habent
654 2183 747 2247 istam
767 2188 867 2246 artem
888 2187 1039 2257 vestram,
1061 2200 1126 2265 qua
1146 2200 1221 2245 vera
1243 2188 1275 2244 et
1296 2179 1375 2244 44444
1397 2180 1597 2245 diiudicent?

401 2298 429 2344 44
524 2276 588 2341 Sed
616 2277 673 2341 illa
698 2283 771 2353 suut
798 2275 918 2339 lumina
946 2274 1030 2350 duo,
1060 2294 1142 2357 quae
1168 2274 1306 2338 maxime
1328 2293 1452 2338 causam
1474 2276 1565 2340 istam
1587 2277 1760 2343 continent.

437 2372 575 2435 Primum
602 2370 687 2434 enim
715 2370 835 2453 negatis
856 2367 925 2433 fieri
946 2365 1041 2454 posse
1062 2375 1099 2431 ut
1120 2368 1288 2452 quisquam
1311 2368 1392 2432 nulli
1412 2370 1459 2433 rei
1480 2370 1685 2436 adsentiatur.
1721 2373 1762 2437 At

437 2465 471 2528 id
493 2462 622 2548 quidem
642 2463 845 2547 perspicuum
868 2470 925 2526 est.
960 2462 1037 2526 Cum
1059 2460 1246 2537 Panaetius,
1267 2463 1414 2548 princeps
1429 2484 1530 2548 prope
1545 2485 1616 2530 meo
1631 2466 1762 2550 quidem

438 2558 557 2621 iudicio
579 2557 774 2633 Stoicorum,
796 2576 834 2620 ea
855 2556 895 2619 de
916 2576 950 2620 re
972 2555 1116 2620 dubitare
1139 2576 1172 2620 se
1195 2555 1294 2632 dicat,
1317 2577 1411 2641 quam
1427 2578 1535 2623 omnes
1550 2566 1762 2644 praeteream

438 2652 537 2716 Stoici
558 2650 760 2715 certissimam
781 2656 908 2735 putant,
930 2668 1004 2715 vera
1027 2669 1098 2714 esso
1112 2649 1314 2733 haruspicum
1332 2669 1488 2733 responso,
1512 2652 1669 2738 auspicia,
1691 2672 1762 2715 ora·

401 2745 524 2819 rocula,
546 2745 684 2820 somnia,
704 2744 961 2819 vaticinationes,
982 2763 1082 2828 seque
1104 2743 1143 2807 ab
1165 2743 1303 2807 adsensu
1318 2745 1489 2809 sustineat:
1511 2746 1639 2830 quodie
1656 2751 1763 2829 potest
1823 2778 1827 2782 ·

437 2838 540 2903 iacere
562 2837 613 2902 vel
634 2837 674 2901 de
695 2837 735 2901 iis
757 2834 867 2914 rebus,
891 2856 969 2922 quas
989 2836 1053 2912 ilii,
1075 2836 1226 2921 aquibus
1242 2837 1311 2922 ipse
1325 2837 1447 2914 didicit,
1468 2846 1569 2903 certas
1582 2836 1765 2914 habuerint,

439 2924 495 2997 cur
515 2931 548 2997 id
569 2933 696 3016 sapiens
718 2930 758 2995 de
776 2932 910 3016 reliquis
925 2931 1018 2994 rebus
1033 2930 1137 2995 iacere
1152 2952 1216 2995 non
1233 2934 1357 3015 possiti
1387 2933 1436 2995 An
1451 2940 1501 2997 est
1514 2931 1650 3016 aliquid,
1673 2930 1761 3016 quod

437 3026 575 3111 positum
598 3025 649 3090 vel
669 3024 839 3109 inprobare
860 3026 912 3090 vei
933 3024 1110 3108 adprobare
1131 3026 1249 3110 possit,
1270 3026 1414 3091 dubitare
1428 3046 1494 3090 non
1516 3028 1642 3110 possiti
1665 3047 1706 3091 an
1727 3035 1761 3090 tu

437 3122 472 3185 in
493 3120 600 3184 soritis
621 3119 740 3206 poteris
761 3119 840 3195 hoc,
863 3138 935 3183 cum
956 3119 1062 3183 voles:
1083 3118 1138 3182 ille
1159 3119 1194 3182 in
1215 3120 1347 3205 reliquis
1368 3121 1463 3184 rebus
1485 3141 1550 3183 non
1572 3120 1690 3204 poterit
1708 3139 1762 3183 eo·

402 3214 511 3284 ecdem
533 3212 629 3278 modo
651 3213 819 3277 insisteret
848 3212 1033 3296 praesertim
1055 3233 1127 3276 cum
1148 3213 1251 3296 possit
1271 3215 1340 3278 siue
1363 3214 1551 3278 adsensione
1573 3214 1675 3298 ipsam
1696 3213 1763 3277 veri

438 3305 678 3373 similitudinem
703 3326 769 3370 non
796 3306 968 3392 inpeditam
996 3308 1098 3393 sequi.
1142 3302 1213 3370 408.
1242 3308 1384 3372 Alterum
1413 3315 1478 3383 est,
1510 3306 1597 3392 quod
1623 3308 1762 3391 negatis,

438 3402 596 3467 actionem
616 3401 713 3466 ullius
735 3401 780 3464 rei
803 3420 897 3485 posse
920 3401 953 3464 in
976 3420 1015 3465 eo
1038 3422 1125 3476 esse,
1147 3401 1203 3483 qui
1224 3402 1344 3466 nuliam
1365 3420 1432 3464 rem
1453 3401 1591 3465 adsensu
1612 3420 1671 3464 suo
1686 3420 1764 3464 con·

437 3497 561 3582 probet.
592 3495 730 3559 4444444444
752 3495 836 3558 enim
858 3494 960 3559 videri
982 3500 1126 3578 oportet,
1149 3494 1183 3557 in
1198 3516 1262 3579 quo
1278 3495 1320 3559 sit
1335 3495 1430 3559 etiam
1445 3495 1610 3559 adsensus.
1645 3494 1764 3559 Dicunt

437 3590 522 3652 enim
544 3588 643 3653 Stoici
664 3606 776 3651 sensus
797 3589 884 3672 ipsos
906 3588 1061 3652 adsensus
1084 3607 1173 3651 esse:
1201 3608 1281 3672 quos
1303 3589 1454 3672 quoniam
1475 3589 1628 3674 adpetitio
1650 3606 1763 3655 conse·

400 3705 429 3752 ss
438 3689 563 3768 quatur,
578 3681 734 3746 actionem
748 3682 857 3765 sequi3
879 3681 949 3746 toiii
963 3690 1069 3746 autem
1084 3683 1200 3757 omnia,
1215 3683 1243 3745 si
1257 3684 1323 3747 visa
1339 3683 1499 3747 tollantur.
1530 3684 1676 3747 XXXIV.
1694 3684 1762 3747 Hac

438 3777 478 3841 de
499 3795 533 3839 re
554 3775 589 3840 in
609 3782 776 3859 utramque
799 3782 921 3859 partem
943 3783 975 3841 et
996 3776 1079 3841 dicta
1100 3783 1175 3841 sunt
1196 3783 1228 3840 et
1249 3778 1365 3862 scripta
1384 3778 1500 3853 multa,
1523 3777 1580 3842 sed
1601 3777 1689 3843 brevi
1711 3797 1761 3842 res

502 4069 527 4119 4.
544 4068 821 4131 44444444444444440
842 4094 868 4105 -
887 4068 912 4118 2.
931 4080 1069 4131 conprenso
1085 4068 1105 4117 B
1127 4093 1154 4104 -
1173 4066 1197 4118 9.
1215 4067 1326 4117 macinii
1342 4067 1423 4117 seiron
1440 4066 1495 4130 (sic)
1508 4082 1623 4119 --4444
1639 4070 1725 4121 oemio
1741 4070 1763 4121 Α

437 4142 519 4195 habet
538 4143 565 4193 iu
582 4156 665 4206 marg.
683 4155 720 4193 m.
737 4144 754 4193 4
771 4141 834 4194 400.
854 4168 882 4179 -
903 4143 987 4192 scion
1003 4143 1067 4193 BE:
1086 4155 1160 4193 44444
1178 4144 1213 4200 G;
1231 4144 1327 4205 Scyron
1344 4144 1399 4199 4ος
1417 4143 1499 4204 Syron
1517 4145 1634 4193 Goerenz
1655 4144 1688 4194 ad
1706 4145 1761 4196 Cic.

437 4218 471 4269 de
489 4218 552 4269 dnn.
570 4219 607 4278 11,
628 4216 643 4281 5
661 4218 722 4279 449,
740 4216 786 4268 ubi
803 4230 874 4268 nunc
890 4231 916 4267 v.
934 4217 1103 4280 Madvigium.
1129 4216 1210 4267 Nobis
1233 4219 1321 4268 tauron
1339 4230 1402 4268 vera
1424 4217 1509 4268 torma
1532 4216 1637 4268 videtur
1658 4219 1762 4282 Seiron,

437 4306 519 4357 quam
542 4291 658 4343 editores
680 4293 760 4343 etiem
783 4306 815 4344 er
838 4294 931 4343 Donati
947 4294 999 4343 vite
1015 4291 1121 4355 Vergilii
1138 4290 1153 4356 9
1171 4292 1202 4341 79
1221 4294 1247 4341 et
1264 4305 1296 4343 ex
1313 4292 1453 4343 catalectis
1470 4293 1549 4355 Verg.
1566 4294 1592 4355 7,
1611 4293 1626 4343 9
1643 4296 1728 4355 4440,
1748 4296 1759 4344 4

437 4367 516 4419 4400.
534 4368 630 4432 spretis
651 4366 817 4432 expulerunt.
839 4369 868 4419 lu
886 4369 941 4419 Cic.
959 4368 1035 4433 epist.
1054 4366 1088 4417 ad
1107 4366 1185 4418 tami.
1204 4366 1251 4426 Vi,
1270 4368 1310 4429 44,
1329 4369 1354 4417 t.
1380 4368 1501 4429 84444444
1518 4366 1618 4427 editur,
1637 4367 1686 4418 sed
1702 4368 1763 4418 Bri·

437 4447 495 4497 tero
517 4445 586 4495 teste
607 4442 692 4494 codex
713 4443 847 4495 Mediceus
869 4441 977 4494 exhibet
998 4444 1165 4493 tironum-
1181 4442 1297 4490 04444444
1313 4441 1342 4490 04
1360 4467 1387 4476 -
1407 4442 1431 4492 6.
1448 4442 1547 4505 facore
1562 4442 1670 4493 Davies:
1689 4441 1765 4504 144444

437 4519 538 4581 amu,
555 4520 684 4583 iocereG,
700 4514 784 4581 444444
801 4519 844 4581 444,
860 4518 942 4580 socios
953 4516 1011 4568 cod.
1025 4518 1145 4575 Manutii;
1163 4514 1312 4579 4444444444
1326 4517 1427 4578 potiore
1438 4518 1581 4572 Hermann.
1608 4519 1760 4569 tectionem

436 4595 519 4658 socors
535 4592 654 4644 defendit
669 4592 770 4654 Christ,
794 4595 955 4644 structuram
977 4597 1036 4657 post
1056 4598 1152 4654 oportet
1174 4592 1303 4641 variatam
1321 4605 1380 4643 esse
1398 4595 1530 4655 statuens,
1553 4595 1679 4657 utsupra
1696 4592 1712 4657 5
1729 4593 1762 4643 09

438 4671 499 4733 post
518 4680 612 4719 4444444
632 4672 681 4727 444ς
709 4667 743 4718 04
765 4667 892 4718 infinitivo
913 4670 1003 4718 autem
1027 4670 1089 4733 post
1103 4668 1187 4731 iacere
1204 4680 1229 4716 v.
1248 4666 1334 4718 Madv.
1352 4666 1386 4717 ad
1404 4668 1457 4718 Cic.
1476 4668 1510 4718 dc
1527 4668 1591 4719 dun.
1608 4682 1636 4733 p.
1653 4666 1712 4719 496.
1733 4694 1760 4705 -

438 4744 463 4794 7.
481 4742 569 4805 444444
584 4755 638 4793 om.
657 4742 691 4804 B,
714 4743 778 4793 init
801 4745 955 4807 punctatum
977 4769 1005 4778 -
1027 4744 1059 4793 iis
1079 4756 1127 4805 qao
1145 4743 1216 4805 ipsae
1235 4745 1270 4803 Α,
1295 4741 1345 4793 440
1367 4744 1631 4805 porturianus,
1657 4744 1689 4793 iis
1704 4756 1762 4804 neq·

437 4818 506 4880 44444
522 4817 572 4867 so
589 4842 618 4853 -
644 4816 669 4867 8.
687 4815 730 4881 44]
754 4817 879 4868 aetatu
895 4830 1000 4869 ras-
1021 4819 1043 4868 is
1062 4816 1094 4869 Α4
1116 4844 1143 4853 -
1171 4818 1195 4867 9.
1217 4817 1287 4868 44444
1312 4819 1387 4868 13¹-
1414 4818 1438 4867 9.
1457 4820 1760 4879 444--4444444440-

439 4893 480 4943 40.
498 4891 586 4941 iimina
602 4894 636 4951 0,
652 4891 755 4941 4444444
770 4890 812 4943 444
829 4893 968 4943 maeoniae
984 4894 1092 4955 Davies,
1111 4892 1238 4942 coiomioo
1253 4891 1364 4955 Bentley
1375 4919 1407 4929 —
1425 4893 1465 4943 44.
1483 4894 1518 4943 40
1531 4892 1574 4944 444.
1593 4896 1646 4944 Nos
1663 4891 1763 4943 verbo·

439 4978 500 5016 rum
521 4966 761 5030 interpunctionem
785 4979 834 5031 per
850 4968 935 5018 totum
951 4965 1039 5018 locum
1057 4967 1273 5029 emendavimus,
1295 4966 1408 5019 lectione
1424 4966 1552 5019 librorum
1569 4969 1634 5030 qood
1649 4968 1764 5031 ispotest

440 5053 466 5090 v.
480 5039 511 5089 to
528 5040 663 5101 restituta3
681 5041 712 5092 ,44
727 5042 754 5091 40
770 5042 869 5105 4440444
882 5044 1041 5107 perspicuam
1054 5048 1103 5094 est:
1122 5057 1199 5106 44444
1208 5044 1343 5094 Paroreios
1353 5069 1389 5081 ·-
1399 5045 1525 5095 4444444444.
1544 5044 1614 5107 Quod
1624 5044 1646 5094 44
1656 5044 1764 5107 ispotast

438 5173 521 5236 soem
542 5172 594 5223 444.
612 5172 633 5223 0
651 5197 679 5210 -
703 5173 744 5224 49.
762 5174 1057 5236 queem-certissimam
1074 5173 1142 5225 a¹13¹
1160 5131 1243 5256 (44444
1259 5204 1287 5232 ι.
1303 5176 1355 5227 orire
1369 5177 1403 5239 Α)
1424 5202 1450 5212 -
1475 5176 1515 5228 44.
1533 5176 1694 5239 dommim
1712 5175 1762 5226 Ab

440 5264 490 5315 EG
508 5263 566 5328 (sed
581 5278 622 5316 or.
640 5264 676 5327 ii,
693 5279 752 5316 aar.
770 5267 813 5328 Gi:
831 5266 1091 5330 commissurum,
1109 5269 1297 5332 conopionem
1314 5271 1416 5321 Ernesti
1434 5271 1461 5320 44
1476 5269 1511 5330 0,
1529 5270 1698 5332 haruspicium
1714 5268 1765 5318 Da-

439 5341 495 5392 vies
512 5338 572 5391 coil.
590 5339 654 5391 Piiu.
672 5344 725 5392 nat.
744 5342 804 5393 hist.
823 5343 880 5397 vii.
898 5344 943 5406 46,
962 5343 977 5408 s
993 5345 1041 5395 203
1060 5343 1114 5407 (ubi
1130 5357 1202 5396 nuuc
1219 5345 1380 5407 honespicom
1395 5341 1510 5407 iegitur),
1528 5344 1624 5395 iterum
1636 5345 1764 5395 Herman-

441 5428 491 5467 uus
513 5414 572 5466 coil.
591 5414 684 5468 0444444
701 5417 747 5480 90,
764 5419 794 5477 4;
819 5420 846 5468 44
866 5431 928 5471 cum
949 5433 1047 5471 nomeu
1071 5419 1179 5484 pluralis
1203 5421 1307 5472 numeri
1323 5420 1422 5484 requiri
1438 5419 1571 5482 videatur,
1594 5416 1763 5469 verisimilius

439 5488 544 5540 videtur
558 5502 677 5553 respom
692 5496 753 5558 post
768 5492 928 5558 honopicrea
943 5496 1125 5556 intercidisse,
1150 5499 1180 5546 ut
1196 5494 1267 5546 idem
1286 5494 1389 5545 Ernesti
1406 5494 1533 5554 coniecit,
1556 5505 1719 5557 quamquam
1736 5493 1762 5544 in

440 5564 585 5616 verborum
596 5569 722 5619 44444444
732 5569 918 5634 Mammosas
928 5570 1010 5623 dedit.
1022 5597 1049 5607 -
1063 5570 1169 5621 4444444
1184 5572 1281 5621 4444444
1291 5572 1313 5621 Α
1325 5570 1351 5619 44
1363 5580 1416 5619 ras.
1429 5568 1512 5619 habat
1523 5592 1550 5605 -
1569 5569 1610 5619 44.
1622 5572 1763 5619 moesone

441 5661 506 5712 B·
525 5661 752 5723 444044444Εο
768 5663 856 5727 (44οΑ
872 5666 932 5728 bisi:
951 5664 1205 5728 44404444οω44
1222 5662 1281 5714 440.
1296 5663 1393 5714 Davisii
1414 5690 1442 5700 -
1467 5663 1507 5714 46.
1525 5661 1564 5714 oei
1580 5663 1715 5713 Goerenz:
1733 5666 1763 5713 44

441 5735 506 5797 BG,
530 5738 665 5800 444444,
688 5738 738 5791 sed
759 5740 847 5791 estin
868 5742 891 5793 Α
912 5754 964 5792 vox
986 5754 1061 5792 erasa
1085 5766 1113 5777 -
1137 5740 1211 5790 4440
1232 5765 1259 5776 -
1282 5740 1341 5789 04444
1357 5739 1387 5790 04
1405 5764 1433 5774 -
1456 5738 1496 5790 48.
1511 5732 1595 5801 positi
1616 5736 1666 5787 ΑΒ
1689 5749 1759 5788 corr.

442 5822 476 5861 ex
492 5812 575 5875 posito
592 5838 620 5851 -
646 5814 760 5865 44444444
778 5815 886 5867 Damas:
913 5816 1023 5867 44444444
1044 5814 1123 5867 4400.
1148 5840 1175 5852 -
1201 5814 1241 5865 49.
1258 5814 1304 5863 hoc
1325 5813 1414 5865 omb
1438 5839 1466 5851 -
1491 5813 1532 5864 st.
1549 5812 1664 5876 44444444
1679 5812 1709 5862 B·
1729 5838 1756 5849 -

441 5885 483 5937 49.
500 5887 576 5939 444444
591 5892 745 5955 suspectum
762 5890 882 5943 Emsstto
893 5916 921 5929 -
934 5892 975 5945 44.
993 5890 1047 5943 44444
1062 5888 1093 5942 444
1111 5916 1138 5929 -
1156 5903 1188 5942 oe
1205 5888 1235 5944 44
1254 5915 1281 5929 -·
1299 5889 1341 5946 40.
1358 5890 1408 5944 rint
1423 5888 1455 5941 Α·
1467 5914 1494 5926 -
1512 5887 1595 5944 oscito
1610 5886 1757 5943 Manutius:

442 5963 832 6033 44444444444444444400.
