4342 7459
437 1243 500 1313 hid
691 1312 705 1340 ,
761 1253 1083 1317 absentantium
1104 1254 1429 1320 blaiusirloltttu

437 1430 472 1473 se
494 1412 673 1493 pertineret
694 1414 777 1494 Ergo
799 1414 927 1476 arbores
949 1421 1033 1476 seret
1053 1413 1187 1496 diligens
1209 1414 1359 1496 agricola,
1383 1436 1515 1498 quarum
1540 1414 1675 1499 aspiciet
1699 1416 1754 1481 ba·

437 1524 506 1567 eam
525 1504 593 1586 ipse
607 1526 795 1589 numquam:
817 1509 865 1569 vir
879 1527 1010 1590 magnus
1026 1508 1121 1589 leges,
1142 1508 1295 1581 instituta,
1317 1528 1383 1570 rem
1397 1508 1554 1590 publicam
1568 1530 1633 1573 uon
1648 1512 1754 1574 seretl

439 1596 523 1671 Quid
552 1599 728 1679 procreatio
759 1600 942 1673 liberorum,
972 1602 1048 1682 quid
1078 1602 1262 1685 propagatio
1288 1602 1442 1676 nominis,
1468 1602 1545 1683 qnid
1567 1604 1755 1687 adoptiones

438 1685 584 1764 liliorum,
606 1692 683 1773 quid
705 1700 960 1756 testamentorum
983 1682 1255 1776 diligentia,'quid
1279 1695 1347 1776 ipsa
1370 1695 1607 1777 sepulchrorum
1632 1693 1756 1780 [monu-

414 1778 555 1865 smenta]
582 1784 686 1866 elogia
707 1784 882 1867 significant
902 1788 963 1849 uisi
985 1808 1043 1849 nos
1062 1787 1167 1850 futura
1188 1788 1280 1851 etiam
1296 1789 1456 1869 cogitare?
1486 1786 1535 1849 32.
1553 1789 1637 1864 Quid
1657 1789 1757 1855 titudt

437 1896 511 1937 num
541 1876 664 1940 dubitas
690 1880 767 1960 quin
794 1880 952 1961 specimen
976 1889 1105 1943 naturae
1128 1883 1197 1962 rapi
1220 1880 1329 1944 deceat
1350 1902 1391 1942 ex
1413 1882 1531 1962 optima
1553 1902 1681 1966 quaque
1703 1903 1759 1948 na·

437 1972 529 2032 tura?
559 1971 648 2046 Quae
677 1980 725 2034 est
749 1972 860 2036 melior
888 1975 983 2055 igitur
1009 1974 1040 2035 in
1068 1974 1229 2036 bominum
1253 1995 1368 2057 genere
1391 1983 1498 2037 natura
1521 1996 1616 2058 quarn
1638 1997 1758 2052 eornm,

437 2064 491 2144 qui
514 2084 548 2126 se
570 2073 660 2128 natos
682 2066 720 2127 ad
742 2066 884 2130 homiues
907 2068 1075 2139 iuvandos,
1104 2068 1268 2141 tutandos,
1291 2068 1522 2131 conservandos
1544 2068 1757 2136 arbitrantur?

438 2156 522 2219 abitt
536 2157 575 2220 ad
591 2160 669 2222 deos
687 2160 855 2221 llercules:
877 2182 1047 2244 numquam
1063 2162 1194 2234 abisset,
1217 2162 1294 2234 uisi,
1317 2181 1389 2223 cnm
1406 2162 1487 2224 inter
1500 2162 1645 2227 homiues
1662 2175 1755 2240 esset,

401 2264 428 2309 to
438 2268 506 2312 eam
529 2252 590 2315 eibi
611 2252 695 2315 viam
716 2254 910 2315 munivisset.

520 2344 588 2405 XV.
616 2345 728 2408 Vetera
749 2347 811 2408 iam
833 2347 893 2409 ista
915 2356 946 2410 et
970 2347 1122 2428 religione
1146 2350 1285 2411 omniurn
1309 2357 1504 2411 consecrata.
1538 2350 1620 2424 Quid
1644 2352 1757 2416 iubae

437 2457 471 2499 re
493 2437 619 2518 publica
640 2446 688 2501 tot
708 2447 874 2524 tantosque
896 2441 980 2503 viros
1003 2442 1043 2503 ob
1065 2463 1131 2504 rem
1154 2443 1309 2523 publicam
1332 2441 1514 2505 interiectos
1535 2444 1690 2524 cogitasse
1710 2465 1759 2510 ar·

437 2530 608 2592 bitramurl
622 2532 763 2595 isdemne
780 2542 816 2596 ut
828 2530 944 2596 finibus
960 2555 1072 2597 nomen
1090 2556 1179 2597 suum
1196 2536 1310 2617 quibus
1326 2536 1390 2596 vita
1406 2538 1644 2598 terminaretur?
1660 2541 1759 2603 Nemo

437 2642 585 2705 umquam
608 2626 675 2688 sine
699 2646 812 2706 magua
834 2647 890 2709 spe
912 2629 1140 2691 inmortalitatis
1164 2651 1197 2691 se
1220 2649 1277 2711 pro
1299 2629 1398 2711 patria
1415 2629 1541 2690 offerret
1562 2630 1602 2692 ad
1618 2640 1759 2716 mortem.

401 2712 488 2778 ta33·
520 2718 622 2780 Licuit
652 2738 722 2781 esse
749 2720 851 2782 otioso
881 2721 1102 2794 Themistocli,
1137 2723 1226 2784 licuit
1253 2721 1503 2804 Epaminondae,
1533 2723 1639 2798 licuit,
1668 2746 1709 2789 ne
1730 2733 1762 2790 et

437 2819 544 2875 vetera
565 2819 597 2874 et
617 2821 747 2876 externa
769 2832 931 2894 quaeram,
955 2814 1049 2889 mibi;
1072 2816 1127 2878 sed
1144 2817 1251 2878 nescio
1274 2835 1337 2900 quo
1360 2817 1454 2878 modo
1470 2816 1613 2880 inhaeret
1626 2819 1659 2881 in
1674 2838 1762 2883 men·

438 2906 519 2969 tibus
542 2908 631 2989 quasi
654 2907 829 2969 saeclorum
852 2908 1011 2989 quoddam
1037 2910 1204 2990 augurium
1226 2909 1420 2982 futurorum,
1443 2910 1541 2992 idque
1563 2912 1597 2973 in
1618 2912 1761 2976 maximis

437 2999 574 3079 ingeniis
602 2999 827 3083 altissimisque
856 3002 970 3065 animis
999 3010 1030 3064 et
1059 3004 1183 3064 exsistit
1213 3003 1349 3065 maxime
1382 3011 1413 3064 et
1440 3012 1572 3084 apparet
1601 3003 1761 3068 facillime.

439 3091 510 3166 Quo
539 3091 667 3176 quidem
696 3093 824 3175 dempto
853 3097 924 3178 quis
950 3104 1011 3158 tam
1034 3102 1118 3157 esset
1140 3115 1247 3158 amens
1270 3094 1325 3177 qui
1348 3114 1472 3175 semper
1493 3094 1526 3157 in
1548 3095 1710 3160 laboribus
1731 3104 1763 3160 et

400 3186 588 3267 sopericulis
603 3188 747 3250 riveret‘i
790 3184 840 3249 3t.
862 3190 990 3272 Loquor
1012 3188 1051 3251 de
1073 3189 1285 3272 principibus:
1308 3188 1385 3271 quid
1404 3191 1539 3269 potitae?
1562 3209 1668 3252 nonna
1689 3196 1763 3273 post

438 3287 571 3343 mortem
592 3280 751 3343 nobilitari
776 3281 911 3344 volunt‘i
944 3283 1033 3345 Unde
1055 3302 1131 3364 ergo
1154 3283 1254 3345 illudi

563 3375 755 3456 Aspicite,
778 3395 797 3437 o
820 3375 944 3449 cives,
967 3378 1073 3439 senis
1096 3377 1193 3437 Enni
1217 3378 1405 3458 imaginis
1428 3376 1604 3440 formam.

605 3470 681 3531 llic
703 3470 877 3531 vestrum
903 3472 1041 3552 panxit
1064 3472 1229 3532 maxima
1251 3470 1352 3532 lacta
1375 3479 1541 3552 patrum.

438 3564 615 3626 Mercedem
631 3563 750 3643 gloriae
766 3560 887 3644 flagitat
900 3563 940 3626 ab
955 3564 1009 3637 iis,
1026 3584 1159 3647 quorum
1177 3572 1281 3645 patres
1297 3564 1455 3627 adiecerat
1470 3564 1581 3645 gloria,
1595 3561 1761 3647 idemque:

400 3665 430 3711 25
564 3658 683 3719 Nemo
706 3676 760 3718 mc
783 3656 958 3719 lacrimis
979 3657 1135 3718 decoret
1156 3676 1222 3717 aec
1240 3658 1383 3737 funera
1401 3659 1501 3738 sieta

606 3750 730 3811 Poscit.
753 3753 843 3811 curi
866 3750 996 3812 volito
1020 3751 1133 3812 viros
1156 3770 1318 3831 perora
1341 3752 1480 3814 virum.

440 3841 501 3906 Sed
525 3844 600 3927 quid
618 3847 746 3926 poetas?
769 3843 897 3926 opifices
917 3852 985 3927 post
1005 3852 1136 3906 mortem
1156 3842 1317 3904 nobilitari
1336 3844 1455 3907 volunt.
1490 3843 1575 3917 Quid
1593 3844 1676 3906 enim
1692 3840 1763 3906 ehi·

439 3937 508 4001 dias
522 3937 571 4000 sui
588 3936 720 4000 similem
737 3937 873 4018 speciem
890 3937 1017 4000 inclusit
1031 3939 1063 3999 in
1080 3938 1192 4018 clupeo
1204 3937 1372 4010 Minervae,
1388 3957 1457 3999 cum
1473 3936 1647 3999 inscribere
1659 3955 1764 4000 acmes

486 4074 591 4082 ..---
612 4072 1021 4079 -----.--——-.-...v—--—..--
1047 4074 1065 4078 ..
1097 4075 1102 4078 v
1179 4074 1241 4077 --4-
1267 4073 1394 4078 .<..>.......
1415 4074 1429 4078 ,..
1457 4072 1757 4081 -..η-.-.οοο-ο-..αια

439 4154 486 4203 que
507 4142 567 4190 mibi
588 4140 643 4188 libet
664 4140 823 4199 exclamare,
846 4146 874 4188 at
892 4140 1095 4201 insumpseris,
1118 4143 1163 4188 aut
1186 4139 1225 4187 iile
1246 4141 1306 4187 aute
1324 4140 1349 4186 in
1371 4141 1415 4187 aut
1435 4143 1470 4186 est
1493 4137 1621 4188 excidisse
1645 4139 1761 4190 videtur:

440 4219 487 4268 uisi
506 4217 571 4267 torte
589 4217 681 4265 Cicero
699 4228 729 4263 er
748 4215 893 4263 exclamare
910 4215 1001 4265 durius
1024 4214 1128 4275 intelligi
1148 4213 1230 4262 voluit
1246 4214 1412 4262 exclamatur.
1441 4213 1530 4261 Latine
1549 4211 1599 4261 dici
1616 4214 1698 4273 iuquit
1715 4229 1762 4278 pro

437 4293 518 4353 inquit
534 4291 638 4351 aliquis,
663 4291 743 4349 inquit
762 4291 923 4339 adversarius
941 4294 976 4347 (ut
994 4290 1009 4352 ἕ
1026 4290 1069 4347 93)
1089 4288 1156 4338 aliud
1175 4292 1223 4337 est.
1253 4286 1320 4336 lael.
1341 4287 1355 4350 5
1373 4287 1404 4336 98
1424 4286 1573 4335 subiectum
1593 4286 1667 4336 verbi
1685 4289 1763 4351 iuquit

440 4382 472 4417 ex
496 4367 585 4416 aniliter
604 4366 707 4428 gloriosi
728 4364 802 4413 tacite
824 4363 989 4426 intelligitur;
1016 4378 1041 4428 p.
1067 4366 1133 4413 Scst.
1153 4364 1167 4426 5
1187 4365 1232 4412 tce
1256 4364 1335 4423 inquit
1358 4363 1414 4411 sine
1433 4362 1554 4410 subiecto
1579 4364 1694 4425 positum
1713 4370 1761 4424 est,

440 4442 515 4505 quasi
532 4439 719 4503 praecederet:
740 4453 757 4487 a
776 4443 869 4500 poeto
891 4440 1016 4488 verissime
1036 4442 1206 4488 dictumest.»
1225 4440 1265 4488 W.
1295 4438 1341 4487 alii
1359 4451 1410 4487 non
1429 4440 1515 4487 miuus
1534 4437 1602 4487 bene
1621 4439 1763 4504 supplere·

440 4519 502 4566 runt
517 4521 544 4565 ut
560 4516 598 4565 ait
617 4516 736 4565 Statius
755 4517 781 4564 irs
804 4516 844 4569 S.;
868 4515 902 4564 cl.
922 4516 985 4564 Cato
1004 4516 1035 4563 ii.
1057 4518 1071 4576 5
1091 4514 1129 4564 ii.
1151 4539 1178 4548 -
1198 4513 1468 4573 instrepuerunt:
1488 4515 1514 4561 irs
1531 4514 1680 4575 sinepboebis
1697 4518 1714 4566 Β
1735 4542 1761 4552 -

439 4592 463 4640 2.
482 4605 531 4639 aon
547 4588 618 4652 seret]
638 4592 784 4639 comerettl
812 4616 836 4625 -
864 4589 886 4639 3.
906 4590 1060 4652 properasti
1087 4615 1110 4622 -
1139 4588 1161 4638 l.
1180 4595 1339 4636 monumento
1359 4590 1441 4649 elogio
1458 4589 1491 4636 C:
1515 4598 1687 4652 monumento,
1705 4594 1764 4653 quid

439 4667 520 4729 elogia
534 4665 561 4714 0.
583 4669 752 4726 (monumento
771 4664 872 4727 primus
894 4663 1001 4713 seclusit
1018 4663 1186 4725 Tregdcrus)
1207 4689 1233 4697 —
1254 4663 1292 4711 it.
1312 4664 1385 4724 offert
1400 4663 1468 4710 Baka
1486 4661 1501 4711 l.
1517 4660 1533 4712 i.
1552 4678 1579 4728 p.
1593 4665 1634 4723 76,
1653 4666 1700 4715 sed
1714 4669 1765 4717 sias

440 4755 534 4804 magra
555 4753 597 4802 sps
614 4744 655 4790 est
676 4738 745 4789 idem
764 4738 900 4801 quodnisi
920 4753 1012 4800 magno
1031 4746 1167 4799 spesersct.
1193 4764 1219 4772 -
1250 4738 1288 4785 iti.
1309 4739 1335 4785 in
1357 4749 1490 4798 supcrscr.
1510 4738 1569 4786 ead.
1590 4752 1625 4789 m.
1646 4741 1671 4790 iu
1697 4742 1762 4790 G—

442 4816 628 4866 taseasorum
644 4815 664 4863 0
681 4839 706 4848 —
728 4815 767 4863 49.
786 4814 852 4874 qaod
869 4815 917 4862 Gli
936 4813 992 4869 ised
1010 4815 1034 4861 in
1053 4816 1071 4860 G
1091 4812 1176 4862 littera
1191 4814 1207 4860 d
1225 4815 1321 4874 puncto
1340 4814 1426 4860 notata
1439 4811 1486 4871 esti
1507 4837 1531 4846 -
1553 4814 1593 4861 20.
1613 4816 1678 4873 quod
1696 4829 1763 4867 corr.

441 4890 466 4939 in
478 4891 568 4953 qaidG
582 4914 608 4925 -
628 4888 668 4938 23.
679 4887 796 4949 pinotrc
812 4913 838 4922 -
858 4888 898 4936 it.
912 4887 943 4935 ob
959 4888 996 4935 bis
1008 4889 1027 4936 C
1042 4914 1068 4922 —
1090 4890 1128 4936 as,
1147 4890 1242 4936 decoret
1253 4914 1267 4924 ·
1277 4915 1289 4924 -
1301 4888 1368 4949 iacit
1380 4901 1433 4936 cru.
1447 4888 1475 4936 C.
1497 4889 1590 4937 abitror
1601 4889 1764 4953 Tregder-um

441 4964 554 5013 duorum
577 4963 655 5013 codd.
674 4964 822 5013 auctoritati
844 4966 945 5011 tautum
970 4961 1106 5019 tribuisse,
1131 4966 1159 5010 ut
1182 4965 1207 5011 in
1226 4962 1320 5011 mediis
1339 4962 1411 5011 Ennii
1430 4960 1552 5011 versibus
1570 4964 1652 5013 verba
1670 4966 1766 5014 decoret

442 5052 484 5087 aec
500 5040 591 5098 (suero
605 5040 665 5099 stetu
680 5039 748 5098 sarrit
765 5039 906 5087 omitteret.
931 5038 1023 5099 Neque
1042 5051 1104 5085 vero
1123 5038 1216 5086 Cicero
1234 5049 1360 5099 umquam
1378 5036 1416 5084 sic
1430 5035 1531 5085 medios
1543 5050 1637 5087 versus
1650 5037 1763 5096 mutilat:

442 5112 473 5162 cl.
494 5111 622 5161 Emeudd.
641 5113 705 5175 Epp.
725 5125 750 5175 p.
769 5112 793 5161 3.
828 5113 919 5161 illrum
938 5113 1016 5160 etiarn
1034 5112 1055 5159 si
1075 5113 1221 5173 posteriorc
1239 5110 1296 5160 loco
1316 5111 1338 5172 (5
1356 5111 1411 5165 ili.
1432 5110 1464 5159 cl.
1484 5112 1540 5159 Cal.
1560 5113 1592 5160 bl.
1612 5112 1626 5174 5
1644 5113 1683 5173 tsi
1702 5126 1766 5162 seu·

442 5186 551 5235 tentiam
568 5186 702 5247 (namon
714 5187 791 5250 scoti)
809 5185 935 5243 absolvit,
960 5188 1047 5250 priore
1067 5189 1211 5250 interrupit.
1240 5188 1285 5247 (De
1304 5186 1392 5247 pravis
1410 5184 1469 5232 cod.
1489 5186 1559 5247 liegii
1577 5185 1765 5236 omissionibus

442 5261 474 5311 cl.
494 5260 525 5322 ἐξ
543 5260 582 5308 lb.
600 5259 640 5309 20.
660 5262 690 5321 ll,
704 5263 727 5311 7.
747 5263 789 5319 iii,
804 5263 842 5311 ⁴3.
857 5259 916 5320 ali»
935 5262 975 5310 W.
994 5288 1019 5296 -
1039 5262 1078 5309 si.
1096 5261 1316 5323 praecipuast:
1338 5285 1363 5294 —
1384 5259 1423 5308 28.
1437 5272 1524 5307 acmen
1542 5260 1692 5310 Ernestius:
1711 5273 1764 5310 om.

442 5337 500 5387 CO.
521 5334 636 5383 -srcidit
653 5337 678 5384 in
697 5335 857 5399 archetypo,
878 5339 905 5384 nt
922 5334 971 5384 ulia
989 5334 1079 5393 multa,
1099 5337 1137 5385 sic
1154 5337 1181 5385 b.
1196 5335 1211 5384 Ι.
1225 5340 1285 5384 ante
1300 5349 1349 5383 noa
1360 5336 1425 5388 sive,
1445 5337 1473 5382 ut
1486 5335 1603 5384 Ernestio
1615 5335 1701 5385 visum
1715 5336 1764 5392 est,

441 5424 530 5460 nomer
553 5410 609 5459 sive
630 5424 718 5459 nocua
740 5424 819 5459 serrem⁴
849 5412 877 5461 Ut
895 5411 966 5458 enirn
985 5411 1115 5460 inscribere
1132 5410 1252 5460 absolute
1270 5413 1333 5472 (cirre
1350 5410 1483 5471 Ausscbriii
1499 5409 1648 5470 subnaym)
1665 5421 1765 5471 ponere

443 5485 556 5540 licuerit,
576 5484 646 5546 quod
665 5486 727 5534 mihi
746 5484 854 5547 quidem
872 5484 982 5533 dubium
996 5490 1044 5541 est,
1063 5489 1152 5535 tamen
1169 5486 1194 5534 b.
1209 5484 1236 5537 i..
1255 5485 1317 5547 quid
1337 5484 1482 5533 inscribere
1501 5498 1551 5533 uon
1570 5482 1694 5544 licuisset,
1714 5484 1765 5533 dici

443 5574 553 5612 necesse
572 5559 618 5609 luit
635 5563 704 5620 inem
723 5563 828 5622 praeter
844 5573 933 5607 nemea
950 5560 1056 5609 artificis
1069 5559 1116 5607 elia
1131 5573 1237 5622 qnoque
1257 5558 1362 5607 inscribi
1381 5562 1545 5622 potuerunt),
1563 5570 1625 5606 cnm
1643 5571 1766 5621 praeser-

442 5639 489 5686 tim
507 5637 546 5685 sai
562 5634 666 5684 amiam
682 5634 786 5695 speciem
803 5634 963 5696 requireret,
990 5635 1062 5695 quod
1080 5640 1139 5697 (per
1156 5634 1314 5697 chiasmurn)
1336 5648 1367 5683 ex
1386 5636 1517 5684 contrario
1535 5636 1704 5696 poneretur.»
1723 5633 1764 5683 W.

444 5714 471 5762 ln
490 5712 632 5761 novissima
650 5709 765 5758 editione
789 5707 903 5758 Klotzius
920 5710 1042 5759 codicum
1066 5708 1205 5759 lectionem
1225 5707 1342 5757 defendit
1359 5710 1452 5757 usitata
1471 5706 1580 5757 termula
1598 5712 1709 5757 statuam
1725 5707 1767 5755 irs·

443 5787 548 5843 scribae
566 5788 695 5849 (Accusat.
708 5784 730 5835 ll
748 5784 763 5847 fl
781 5785 837 5849 ⁴67)
855 5788 934 5846 atque
952 5787 1108 5846 cogitatione
1126 5782 1240 5831 adsuruit
1254 5783 1396 5830 ilinervam
1410 5781 1450 5831 vel
1468 5783 1553 5845 potius
1567 5782 1698 5831 Minervae
1710 5781 1767 5831 sia-

446 5867 528 5912 tuam.
547 5861 599 5912 Sed
616 5875 676 5925 quie
695 5863 850 5912 Ciceronem
872 5859 964 5909 credat
981 5861 1047 5908 intra
1066 5859 1239 5921 paucissimus
1256 5869 1349 5905 versus
1368 5858 1411 5916 (ci.
1427 5872 1453 5921 p.
1472 5858 1528 5915 sis,
1542 5855 1565 5917 ti
1584 5858 1609 5905 in
1627 5856 1712 5907 verbo
1727 5857 1769 5905 irr-

444 5937 550 5989 sm'bsrs
560 5940 614 5988 tarn
627 5937 760 5988 diverssm
775 5938 935 5988 structuram
954 5933 1125 5984 adhibuisses
1143 5932 1181 5983 Ci.
1196 5933 1278 5996 Bergk
1294 5932 1407 5981 lacsir.
1419 5932 1438 5995 i.
1451 5930 1578 5982 Aitertiw.
1592 5931 1655 5983 isti
1671 5944 1697 5996 p.
1708 5930 1766 5984 tbi.
