<?xml version="1.0" encoding="UTF-8"?>
<!DOCTYPE html PUBLIC "-//W3C//DTD XHTML 1.0 Transitional//EN"
    "http://www.w3.org/TR/xhtml1/DTD/xhtml1-transitional.dtd">
<html xmlns="http://www.w3.org/1999/xhtml" xml:lang="en" lang="en">
 <head>
  <title>
</title>
<meta http-equiv="Content-Type" content="text/html;charset=utf-8" />
  <meta name='ocr-system' content='tesseract 3.04.00' />
  <meta name='ocr-capabilities' content='ocr_page ocr_carea ocr_par ocr_line ocrx_word'/>
</head>
<body>
  <div class='ocr_page' id='page_1' title='image "./operaquaesupers00halmgoog/operaquaesupers00halmgoog_0340.png"; bbox 0 0 4342 7459; ppageno 0'>
   <div class='ocr_carea' id='block_1_1' title="bbox 440 1216 1436 1285">
    <p class='ocr_par' dir='ltr' id='par_1_1' title="bbox 440 1216 1436 1285">
     <span class='ocr_line' id='line_1_1' title="bbox 440 1216 1436 1285; baseline 0 -2"><span class='ocrx_word' id='word_1_1' title='bbox 440 1216 502 1285; x_wconf 75' lang='lat' dir='ltr'><strong>32l</strong></span> <span class='ocrx_word' id='word_1_2' title='bbox 766 1217 1086 1283; x_wconf 68' lang='lat' dir='ltr'><strong>sustentantium</strong></span> <span class='ocrx_word' id='word_1_3' title='bbox 1107 1217 1436 1283; x_wconf 74' lang='lat' dir='ltr'><strong>ntsrttrartortutt</strong></span> 
     </span>
    </p>
   </div>
   <div class='ocr_carea' id='block_1_2' title="bbox 346 1377 1769 5215">
    <p class='ocr_par' dir='ltr' id='par_1_2' title="bbox 441 1377 1763 1461">
     <span class='ocr_line' id='line_1_2' title="bbox 441 1377 1763 1461; baseline -0.006 -13"><span class='ocrx_word' id='word_1_4' title='bbox 441 1384 524 1449; x_wconf 90' lang='lat' dir='ltr'><strong>enim</strong></span> <span class='ocrx_word' id='word_1_5' title='bbox 551 1382 630 1446; x_wconf 89' lang='lat' dir='ltr'><strong>baec</strong></span> <span class='ocrx_word' id='word_1_6' title='bbox 660 1387 748 1454; x_wconf 90' lang='lat' dir='ltr'><strong>sunt,</strong></span> <span class='ocrx_word' id='word_1_7' title='bbox 777 1379 833 1461; x_wconf 94' lang='lat' dir='ltr'><strong>qui</strong></span> <span class='ocrx_word' id='word_1_8' title='bbox 862 1386 992 1443; x_wconf 85' lang='lat' dir='ltr'><strong>eventus</strong></span> <span class='ocrx_word' id='word_1_9' title='bbox 1020 1377 1175 1442; x_wconf 88' lang='lat' dir='ltr'><strong>humanos</strong></span> <span class='ocrx_word' id='word_1_10' title='bbox 1204 1377 1384 1460; x_wconf 76' lang='lat' dir='ltr'><strong>superiores</strong></span> <span class='ocrx_word' id='word_1_11' title='bbox 1412 1396 1508 1461; x_wconf 88' lang='lat' dir='ltr'><strong>quam</strong></span> <span class='ocrx_word' id='word_1_12' title='bbox 1535 1397 1612 1442; x_wconf 89' lang='lat' dir='ltr'><strong>suos</strong></span> <span class='ocrx_word' id='word_1_13' title='bbox 1639 1377 1763 1441; x_wconf 82' lang='lat' dir='ltr'><strong>animos</strong></span> 
     </span>
    </p>

    <p class='ocr_par' dir='ltr' id='par_1_3' title="bbox 441 1478 661 1545">
     <span class='ocr_line' id='line_1_3' title="bbox 441 1478 661 1545; baseline -0.041 0"><span class='ocrx_word' id='word_1_14' title='bbox 441 1500 510 1545; x_wconf 89' lang='lat' dir='ltr'><strong>esse</strong></span> <span class='ocrx_word' id='word_1_15' title='bbox 532 1478 661 1541; x_wconf 89' lang='lat' dir='ltr'><strong>ducunt.</strong></span> 
     </span>
    </p>

    <p class='ocr_par' dir='ltr' id='par_1_4' title="bbox 440 1564 1767 1746">
     <span class='ocr_line' id='line_1_4' title="bbox 523 1564 1765 1651; baseline -0.005 -17"><span class='ocrx_word' id='word_1_16' title='bbox 523 1570 641 1634; x_wconf 88' lang='lat' dir='ltr'>XXIX.</span> <span class='ocrx_word' id='word_1_17' title='bbox 664 1564 715 1629; x_wconf 73' lang='lat'><strong>62.</strong></span> <span class='ocrx_word' id='word_1_18' title='bbox 737 1566 807 1642; x_wconf 88' lang='lat' dir='ltr'><strong>Qua</strong></span> <span class='ocrx_word' id='word_1_19' title='bbox 830 1588 864 1629; x_wconf 90' lang='lat' dir='ltr'><strong>re</strong></span> <span class='ocrx_word' id='word_1_20' title='bbox 886 1568 1332 1651; x_wconf 90' lang='lat' dir='ltr'><strong>omninmpbilosopbornm,</strong></span> <span class='ocrx_word' id='word_1_21' title='bbox 1354 1576 1390 1631; x_wconf 94' lang='lat' dir='ltr'><strong>ut</strong></span> <span class='ocrx_word' id='word_1_22' title='bbox 1410 1575 1484 1630; x_wconf 86' lang='lat' dir='ltr'><strong>ente</strong></span> <span class='ocrx_word' id='word_1_23' title='bbox 1500 1566 1582 1641; x_wconf 83' lang='lat' dir='ltr'><strong>dixi,</strong></span> <span class='ocrx_word' id='word_1_24' title='bbox 1604 1586 1668 1629; x_wconf 82' lang='lat' dir='ltr'><strong>una</strong></span> <span class='ocrx_word' id='word_1_25' title='bbox 1682 1566 1765 1629; x_wconf 89' lang='lat' dir='ltr'><strong>ratio</strong></span> 
     </span>
     <span class='ocr_line' id='line_1_5' title="bbox 440 1660 1767 1746; baseline -0.008 -14"><span class='ocrx_word' id='word_1_26' title='bbox 440 1677 488 1732; x_wconf 92' lang='lat' dir='ltr'><strong>est</strong></span> <span class='ocrx_word' id='word_1_27' title='bbox 511 1662 672 1735; x_wconf 91' lang='lat' dir='ltr'><strong>medendi,</strong></span> <span class='ocrx_word' id='word_1_28' title='bbox 702 1670 737 1723; x_wconf 92' lang='lat' dir='ltr'><strong>ut</strong></span> <span class='ocrx_word' id='word_1_29' title='bbox 758 1662 855 1734; x_wconf 89' lang='lat' dir='ltr'><strong>nibil,</strong></span> <span class='ocrx_word' id='word_1_30' title='bbox 878 1662 971 1746; x_wconf 88' lang='lat' dir='ltr'><strong>quale</strong></span> <span class='ocrx_word' id='word_1_31' title='bbox 994 1664 1034 1725; x_wconf 86' lang='lat' dir='ltr'><strong>sit</strong></span> <span class='ocrx_word' id='word_1_32' title='bbox 1055 1661 1149 1735; x_wconf 90' lang='lat' dir='ltr'><strong>illud,</strong></span> <span class='ocrx_word' id='word_1_33' title='bbox 1173 1662 1260 1744; x_wconf 94' lang='lat' dir='ltr'><strong>quod</strong></span> <span class='ocrx_word' id='word_1_34' title='bbox 1281 1662 1446 1745; x_wconf 89' lang='lat' dir='ltr'><strong>perturbet</strong></span> <span class='ocrx_word' id='word_1_35' title='bbox 1467 1662 1620 1734; x_wconf 91' lang='lat' dir='ltr'><strong>animum,</strong></span> <span class='ocrx_word' id='word_1_36' title='bbox 1645 1660 1703 1723; x_wconf 90' lang='lat' dir='ltr'><strong>sed</strong></span> <span class='ocrx_word' id='word_1_37' title='bbox 1725 1660 1767 1723; x_wconf 89' lang='lat' dir='ltr'><strong>de</strong></span> 
     </span>
    </p>

    <p class='ocr_par' dir='ltr' id='par_1_5' title="bbox 415 1754 1768 1847">
     <span class='ocr_line' id='line_1_6' title="bbox 415 1754 1768 1847; baseline -0.009 -19"><span class='ocrx_word' id='word_1_38' title='bbox 415 1766 507 1847; x_wconf 78' lang='lat' dir='ltr'><strong>tipsa</strong></span> <span class='ocrx_word' id='word_1_39' title='bbox 529 1760 570 1822; x_wconf 91' lang='lat' dir='ltr'><strong>sit</strong></span> <span class='ocrx_word' id='word_1_40' title='bbox 591 1756 826 1839; x_wconf 74' lang='lat' dir='ltr'><strong>perturbatione</strong></span> <span class='ocrx_word' id='word_1_41' title='bbox 849 1754 1028 1818; x_wconf 88' lang='lat' dir='ltr'><strong>dicendum.</strong></span> <span class='ocrx_word' id='word_1_42' title='bbox 1063 1756 1174 1837; x_wconf 86' lang='lat' dir='ltr'><strong>ltaque</strong></span> <span class='ocrx_word' id='word_1_43' title='bbox 1197 1756 1331 1836; x_wconf 90' lang='lat' dir='ltr'><strong>primum</strong></span> <span class='ocrx_word' id='word_1_44' title='bbox 1354 1756 1469 1838; x_wconf 84' lang='lat' dir='ltr'><strong>inipso</strong></span> <span class='ocrx_word' id='word_1_45' title='bbox 1485 1754 1669 1836; x_wconf 88' lang='lat' dir='ltr'><strong>cupiditate,</strong></span> <span class='ocrx_word' id='word_1_46' title='bbox 1693 1773 1768 1818; x_wconf 89' lang='lat' dir='ltr'><strong>cum</strong></span> 
     </span>
    </p>

    <p class='ocr_par' dir='ltr' id='par_1_6' title="bbox 438 1847 1769 1932">
     <span class='ocr_line' id='line_1_7' title="bbox 438 1847 1769 1932; baseline -0.008 -12"><span class='ocrx_word' id='word_1_47' title='bbox 438 1856 470 1919; x_wconf 90' lang='lat' dir='ltr'><strong>id</strong></span> <span class='ocrx_word' id='word_1_48' title='bbox 492 1853 595 1918; x_wconf 90' lang='lat' dir='ltr'><strong>solum</strong></span> <span class='ocrx_word' id='word_1_49' title='bbox 617 1850 734 1932; x_wconf 87' lang='lat' dir='ltr'><strong>agitur,</strong></span> <span class='ocrx_word' id='word_1_50' title='bbox 757 1858 792 1913; x_wconf 92' lang='lat' dir='ltr'><strong>ut</strong></span> <span class='ocrx_word' id='word_1_51' title='bbox 813 1870 850 1913; x_wconf 89' lang='lat' dir='ltr'><strong>ea</strong></span> <span class='ocrx_word' id='word_1_52' title='bbox 872 1848 1010 1919; x_wconf 88' lang='lat' dir='ltr'><strong>tollatur,</strong></span> <span class='ocrx_word' id='word_1_53' title='bbox 1034 1868 1097 1910; x_wconf 90' lang='lat' dir='ltr'><strong>non</strong></span> <span class='ocrx_word' id='word_1_54' title='bbox 1121 1856 1167 1909; x_wconf 87' lang='lat' dir='ltr'><strong>est</strong></span> <span class='ocrx_word' id='word_1_55' title='bbox 1186 1849 1416 1931; x_wconf 89' lang='lat' dir='ltr'><strong>quaerendum,</strong></span> <span class='ocrx_word' id='word_1_56' title='bbox 1439 1848 1556 1911; x_wconf 92' lang='lat' dir='ltr'><strong>bonum</strong></span> <span class='ocrx_word' id='word_1_57' title='bbox 1571 1847 1651 1910; x_wconf 92' lang='lat' dir='ltr'><strong>illud</strong></span> <span class='ocrx_word' id='word_1_58' title='bbox 1667 1864 1769 1911; x_wconf 86' lang='lat' dir='ltr'><strong>neone</strong></span> 
     </span>
    </p>

    <p class='ocr_par' dir='ltr' id='par_1_7' title="bbox 439 1940 1767 2031">
     <span class='ocr_line' id='line_1_8' title="bbox 439 1940 1767 2031; baseline -0.005 -22"><span class='ocrx_word' id='word_1_59' title='bbox 439 1951 492 2023; x_wconf 82' lang='lat' dir='ltr'><strong>sit,</strong></span> <span class='ocrx_word' id='word_1_60' title='bbox 515 1945 601 2031; x_wconf 92' lang='lat' dir='ltr'><strong>quod</strong></span> <span class='ocrx_word' id='word_1_61' title='bbox 621 1942 797 2006; x_wconf 57' lang='lat' dir='ltr'><strong>&gt;lubidinem</strong></span> <span class='ocrx_word' id='word_1_62' title='bbox 820 1951 958 2016; x_wconf 84' lang='lat' dir='ltr'><strong>moveat,</strong></span> <span class='ocrx_word' id='word_1_63' title='bbox 981 1940 1036 2003; x_wconf 90' lang='lat' dir='ltr'><strong>sed</strong></span> <span class='ocrx_word' id='word_1_64' title='bbox 1057 1940 1167 2004; x_wconf 92' lang='lat' dir='ltr'><strong>lubido</strong></span> <span class='ocrx_word' id='word_1_65' title='bbox 1190 1941 1258 2023; x_wconf 87' lang='lat' dir='ltr'><strong>ipsa</strong></span> <span class='ocrx_word' id='word_1_66' title='bbox 1281 1942 1421 2005; x_wconf 80' lang='lat' dir='ltr'><strong>tollenda</strong></span> <span class='ocrx_word' id='word_1_67' title='bbox 1436 1952 1499 2016; x_wconf 89' lang='lat' dir='ltr'><strong>est,</strong></span> <span class='ocrx_word' id='word_1_68' title='bbox 1521 1951 1557 2006; x_wconf 90' lang='lat' dir='ltr'><strong>ut</strong></span> <span class='ocrx_word' id='word_1_69' title='bbox 1578 1942 1655 2015; x_wconf 84' lang='lat' dir='ltr'><strong>sive,</strong></span> <span class='ocrx_word' id='word_1_70' title='bbox 1679 1941 1767 2027; x_wconf 91' lang='lat' dir='ltr'><strong>quod</strong></span> 
     </span>
    </p>

    <p class='ocr_par' dir='ltr' id='par_1_8' title="bbox 386 2031 1768 2584">
     <span class='ocr_line' id='line_1_9' title="bbox 438 2031 1768 2119; baseline -0.007 -11"><span class='ocrx_word' id='word_1_71' title='bbox 438 2046 605 2108; x_wconf 86' lang='lat' dir='ltr'><strong>bonestum</strong></span> <span class='ocrx_word' id='word_1_72' title='bbox 628 2044 693 2109; x_wconf 88' lang='lat' dir='ltr'><strong>est,</strong></span> <span class='ocrx_word' id='word_1_73' title='bbox 714 2035 803 2116; x_wconf 26' lang='lat' dir='ltr'><strong>idlsit</strong></span> <span class='ocrx_word' id='word_1_74' title='bbox 819 2055 973 2100; x_wconf 90' lang='lat' dir='ltr'><strong>summum</strong></span> <span class='ocrx_word' id='word_1_75' title='bbox 998 2031 1120 2105; x_wconf 89' lang='lat' dir='ltr'><strong>bonnm</strong></span> <span class='ocrx_word' id='word_1_76' title='bbox 1137 2034 1204 2096; x_wconf 88' lang='lat' dir='ltr'><strong>sive</strong></span> <span class='ocrx_word' id='word_1_77' title='bbox 1227 2035 1371 2118; x_wconf 86' lang='lat' dir='ltr'><strong>voluptas</strong></span> <span class='ocrx_word' id='word_1_78' title='bbox 1386 2036 1453 2097; x_wconf 85' lang='lat' dir='ltr'><strong>sive</strong></span> <span class='ocrx_word' id='word_1_79' title='bbox 1467 2037 1579 2098; x_wconf 93' lang='lat' dir='ltr'><strong>borum</strong></span> <span class='ocrx_word' id='word_1_80' title='bbox 1594 2044 1768 2119; x_wconf 85' lang='lat' dir='ltr'><strong>utrumque</strong></span> 
     </span>
     <span class='ocr_line' id='line_1_10' title="bbox 438 2127 1768 2212; baseline -0.007 -10"><span class='ocrx_word' id='word_1_81' title='bbox 438 2138 639 2202; x_wconf 90' lang='lat' dir='ltr'><strong>coniunctum</strong></span> <span class='ocrx_word' id='word_1_82' title='bbox 661 2131 728 2193; x_wconf 81' lang='lat' dir='ltr'><strong>sire</strong></span> <span class='ocrx_word' id='word_1_83' title='bbox 750 2130 808 2192; x_wconf 87' lang='lat' dir='ltr'><strong>tria</strong></span> <span class='ocrx_word' id='word_1_84' title='bbox 830 2128 883 2191; x_wconf 93' lang='lat' dir='ltr'><strong>illa</strong></span> <span class='ocrx_word' id='word_1_85' title='bbox 907 2147 1021 2210; x_wconf 87' lang='lat' dir='ltr'><strong>genera</strong></span> <span class='ocrx_word' id='word_1_86' title='bbox 1044 2127 1208 2200; x_wconf 88' lang='lat' dir='ltr'><strong>bonorum,</strong></span> <span class='ocrx_word' id='word_1_87' title='bbox 1231 2133 1345 2202; x_wconf 87' lang='lat' dir='ltr'><strong>tamen,</strong></span> <span class='ocrx_word' id='word_1_88' title='bbox 1368 2130 1461 2192; x_wconf 91' lang='lat' dir='ltr'><strong>etiam</strong></span> <span class='ocrx_word' id='word_1_89' title='bbox 1484 2130 1511 2191; x_wconf 90' lang='lat' dir='ltr'><strong>si</strong></span> <span class='ocrx_word' id='word_1_90' title='bbox 1528 2129 1652 2193; x_wconf 82' lang='lat' dir='ltr'><strong>virtutis</strong></span> <span class='ocrx_word' id='word_1_91' title='bbox 1666 2129 1768 2212; x_wconf 90' lang='lat' dir='ltr'><strong>ipsius</strong></span> 
     </span>
     <span class='ocr_line' id='line_1_11' title="bbox 401 2220 1767 2306; baseline -0.006 -13"><span class='ocrx_word' id='word_1_92' title='bbox 401 2226 657 2296; x_wconf 82' lang='lat' dir='ltr'><strong>tovebementior</strong></span> <span class='ocrx_word' id='word_1_93' title='bbox 677 2222 835 2306; x_wconf 90' lang='lat' dir='ltr'><strong>adpetitus</strong></span> <span class='ocrx_word' id='word_1_94' title='bbox 857 2223 907 2293; x_wconf 88' lang='lat' dir='ltr'><strong>sit,</strong></span> <span class='ocrx_word' id='word_1_95' title='bbox 931 2220 1041 2284; x_wconf 89' lang='lat' dir='ltr'><strong>eadem</strong></span> <span class='ocrx_word' id='word_1_96' title='bbox 1065 2222 1107 2283; x_wconf 91' lang='lat' dir='ltr'><strong>sit</strong></span> <span class='ocrx_word' id='word_1_97' title='bbox 1127 2220 1272 2283; x_wconf 90' lang='lat' dir='ltr'><strong>omnibus</strong></span> <span class='ocrx_word' id='word_1_98' title='bbox 1287 2220 1325 2283; x_wconf 91' lang='lat' dir='ltr'><strong>ad</strong></span> <span class='ocrx_word' id='word_1_99' title='bbox 1342 2222 1563 2285; x_wconf 89' lang='lat' dir='ltr'><strong>deterrendum</strong></span> <span class='ocrx_word' id='word_1_100' title='bbox 1585 2223 1767 2285; x_wconf 86' lang='lat' dir='ltr'><strong>adbibenda</strong></span> 
     </span>
     <span class='ocr_line' id='line_1_12' title="bbox 438 2313 1765 2397; baseline -0.008 -6"><span class='ocrx_word' id='word_1_101' title='bbox 438 2326 550 2389; x_wconf 90' lang='lat' dir='ltr'><strong>oratio.</strong></span> <span class='ocrx_word' id='word_1_102' title='bbox 591 2318 737 2383; x_wconf 83' lang='lat' dir='ltr'><strong>Continet</strong></span> <span class='ocrx_word' id='word_1_103' title='bbox 763 2322 869 2378; x_wconf 89' lang='lat' dir='ltr'><strong>autem</strong></span> <span class='ocrx_word' id='word_1_104' title='bbox 892 2335 1018 2377; x_wconf 88' lang='lat' dir='ltr'><strong>omnem</strong></span> <span class='ocrx_word' id='word_1_105' title='bbox 1041 2313 1237 2377; x_wconf 90' lang='lat' dir='ltr'><strong>sedationem</strong></span> <span class='ocrx_word' id='word_1_106' title='bbox 1259 2315 1355 2376; x_wconf 89' lang='lat' dir='ltr'><strong>animi</strong></span> <span class='ocrx_word' id='word_1_107' title='bbox 1377 2315 1513 2378; x_wconf 89' lang='lat' dir='ltr'><strong>bumana</strong></span> <span class='ocrx_word' id='word_1_108' title='bbox 1536 2316 1568 2377; x_wconf 92' lang='lat' dir='ltr'><strong>in</strong></span> <span class='ocrx_word' id='word_1_109' title='bbox 1592 2324 1765 2397; x_wconf 89' lang='lat' dir='ltr'><strong>conspectu</strong></span> 
     </span>
     <span class='ocr_line' id='line_1_13' title="bbox 437 2406 1767 2502; baseline -0.006 -21"><span class='ocrx_word' id='word_1_110' title='bbox 437 2417 542 2502; x_wconf 87' lang='lat' dir='ltr'><strong>posita</strong></span> <span class='ocrx_word' id='word_1_111' title='bbox 562 2421 689 2484; x_wconf 88' lang='lat' dir='ltr'><strong>natura,</strong></span> <span class='ocrx_word' id='word_1_112' title='bbox 719 2428 802 2493; x_wconf 89' lang='lat' dir='ltr'><strong>quae</strong></span> <span class='ocrx_word' id='word_1_113' title='bbox 824 2427 888 2489; x_wconf 94' lang='lat' dir='ltr'><strong>quo</strong></span> <span class='ocrx_word' id='word_1_114' title='bbox 908 2406 1031 2470; x_wconf 85' lang='lat' dir='ltr'><strong>facilius</strong></span> <span class='ocrx_word' id='word_1_115' title='bbox 1054 2418 1386 2489; x_wconf 83' lang='lat' dir='ltr'><strong>expressa&#39;cernatur,</strong></span> <span class='ocrx_word' id='word_1_116' title='bbox 1415 2407 1603 2490; x_wconf 86' lang='lat' dir='ltr'><strong>explicanda</strong></span> <span class='ocrx_word' id='word_1_117' title='bbox 1625 2418 1675 2472; x_wconf 91' lang='lat' dir='ltr'><strong>est</strong></span> <span class='ocrx_word' id='word_1_118' title='bbox 1696 2429 1767 2473; x_wconf 83' lang='lat' dir='ltr'><strong>ore·</strong></span> 
     </span>
     <span class='ocr_line' id='line_1_14' title="bbox 386 2496 1765 2584; baseline -0.008 -9"><span class='ocrx_word' id='word_1_119' title='bbox 386 2496 394 2512; x_wconf 71' lang='lat'><em>⁰</em></span> <span class='ocrx_word' id='word_1_120' title='bbox 437 2513 525 2575; x_wconf 88' lang='lat' dir='ltr'><strong>tione</strong></span> <span class='ocrx_word' id='word_1_121' title='bbox 546 2504 720 2571; x_wconf 90' lang='lat' dir='ltr'><strong>communis</strong></span> <span class='ocrx_word' id='word_1_122' title='bbox 743 2502 882 2565; x_wconf 91' lang='lat' dir='ltr'><strong>conditio</strong></span> <span class='ocrx_word' id='word_1_123' title='bbox 901 2501 1018 2584; x_wconf 81' lang='lat' dir='ltr'><strong>lexque</strong></span> <span class='ocrx_word' id='word_1_124' title='bbox 1041 2502 1132 2563; x_wconf 87' lang='lat' dir='ltr'><strong>vitae.</strong></span> <span class='ocrx_word' id='word_1_125' title='bbox 1176 2496 1227 2560; x_wconf 87' lang='grc'><strong>63.</strong></span> <span class='ocrx_word' id='word_1_126' title='bbox 1251 2500 1361 2583; x_wconf 90' lang='lat' dir='ltr'><strong>ltaque</strong></span> <span class='ocrx_word' id='word_1_127' title='bbox 1383 2521 1446 2564; x_wconf 92' lang='lat' dir='ltr'><strong>non</strong></span> <span class='ocrx_word' id='word_1_128' title='bbox 1470 2504 1538 2564; x_wconf 91' lang='lat' dir='ltr'><strong>sine</strong></span> <span class='ocrx_word' id='word_1_129' title='bbox 1561 2520 1670 2575; x_wconf 76' lang='lat' dir='ltr'><strong>caum,</strong></span> <span class='ocrx_word' id='word_1_130' title='bbox 1693 2522 1765 2566; x_wconf 90' lang='lat' dir='ltr'><strong>cum</strong></span> 
     </span>
    </p>

    <p class='ocr_par' dir='ltr' id='par_1_9' title="bbox 401 2594 1768 2762">
     <span class='ocr_line' id='line_1_15' title="bbox 438 2594 1768 2676; baseline -0.008 -7"><span class='ocrx_word' id='word_1_131' title='bbox 438 2604 582 2669; x_wconf 81' lang='lat' dir='ltr'><strong>Orestem</strong></span> <span class='ocrx_word' id='word_1_132' title='bbox 603 2596 741 2662; x_wconf 81' lang='lat' dir='ltr'><strong>fabulam</strong></span> <span class='ocrx_word' id='word_1_133' title='bbox 764 2594 892 2658; x_wconf 89' lang='lat' dir='ltr'><strong>doceret</strong></span> <span class='ocrx_word' id='word_1_134' title='bbox 906 2594 1089 2676; x_wconf 89' lang='lat' dir='ltr'><strong>Euripides,</strong></span> <span class='ocrx_word' id='word_1_135' title='bbox 1112 2594 1230 2676; x_wconf 89' lang='lat' dir='ltr'><strong>primos</strong></span> <span class='ocrx_word' id='word_1_136' title='bbox 1253 2594 1308 2656; x_wconf 89' lang='lat' dir='ltr'><strong>tris</strong></span> <span class='ocrx_word' id='word_1_137' title='bbox 1330 2614 1440 2658; x_wconf 84' lang='lat' dir='ltr'><strong>versus</strong></span> <span class='ocrx_word' id='word_1_138' title='bbox 1463 2614 1627 2658; x_wconf 79' lang='lat' dir='ltr'><strong>revocasse</strong></span> <span class='ocrx_word' id='word_1_139' title='bbox 1650 2595 1768 2668; x_wconf 84' lang='lat' dir='ltr'><strong>dicitur</strong></span> 
     </span>
     <span class='ocr_line' id='line_1_16' title="bbox 401 2700 603 2762; baseline -0.03 0"><span class='ocrx_word' id='word_1_140' title='bbox 401 2700 603 2762; x_wconf 83' lang='lat' dir='ltr'><strong>teSoerates:</strong></span> 
     </span>
    </p>

    <p class='ocr_par' dir='ltr' id='par_1_10' title="bbox 605 2781 1576 2950">
     <span class='ocr_line' id='line_1_17' title="bbox 606 2781 1563 2868; baseline -0.004 -19"><span class='ocrx_word' id='word_1_141' title='bbox 606 2787 744 2868; x_wconf 87' lang='lat' dir='ltr'><strong>Neque</strong></span> <span class='ocrx_word' id='word_1_142' title='bbox 766 2792 843 2846; x_wconf 91' lang='lat' dir='ltr'><strong>tam</strong></span> <span class='ocrx_word' id='word_1_143' title='bbox 864 2783 1081 2846; x_wconf 90' lang='lat' dir='ltr'><strong>terribilis</strong></span> <span class='ocrx_word' id='word_1_144' title='bbox 1105 2783 1184 2845; x_wconf 91' lang='lat' dir='ltr'><strong>ulla</strong></span> <span class='ocrx_word' id='word_1_145' title='bbox 1206 2781 1327 2845; x_wconf 82' lang='lat' dir='ltr'><strong>fando</strong></span> <span class='ocrx_word' id='word_1_146' title='bbox 1351 2784 1481 2846; x_wconf 91' lang='lat' dir='ltr'><strong>oratio</strong></span> <span class='ocrx_word' id='word_1_147' title='bbox 1503 2792 1563 2846; x_wconf 90' lang='lat' dir='ltr'><strong>est</strong></span> 
     </span>
     <span class='ocr_line' id='line_1_18' title="bbox 605 2876 1576 2950; baseline -0.007 -6"><span class='ocrx_word' id='word_1_148' title='bbox 605 2883 681 2944; x_wconf 91' lang='lat' dir='ltr'><strong>Nec</strong></span> <span class='ocrx_word' id='word_1_149' title='bbox 703 2898 789 2941; x_wconf 90' lang='lat' dir='ltr'><strong>sors</strong></span> <span class='ocrx_word' id='word_1_150' title='bbox 812 2898 883 2939; x_wconf 87' lang='lat' dir='ltr'><strong>nec</strong></span> <span class='ocrx_word' id='word_1_151' title='bbox 905 2878 963 2939; x_wconf 91' lang='lat' dir='ltr'><strong>ira</strong></span> <span class='ocrx_word' id='word_1_152' title='bbox 986 2876 1175 2939; x_wconf 89' lang='lat' dir='ltr'><strong>caelitum</strong></span> <span class='ocrx_word' id='word_1_153' title='bbox 1198 2876 1396 2937; x_wconf 83' lang='lat' dir='ltr'><strong>invectum</strong></span> <span class='ocrx_word' id='word_1_154' title='bbox 1420 2876 1576 2950; x_wconf 88' lang='lat' dir='ltr'><strong>malum,</strong></span> 
     </span>
    </p>

    <p class='ocr_par' dir='ltr' id='par_1_11' title="bbox 541 2967 1576 3051">
     <span class='ocr_line' id='line_1_19' title="bbox 541 2967 1576 3051; baseline -0.007 -13"><span class='ocrx_word' id='word_1_155' title='bbox 541 2967 543 2970; x_wconf 58' lang='grc'><strong>’</strong></span> <span class='ocrx_word' id='word_1_156' title='bbox 607 2973 717 3049; x_wconf 89' lang='lat' dir='ltr'><strong>Quod</strong></span> <span class='ocrx_word' id='word_1_157' title='bbox 740 2991 817 3034; x_wconf 94' lang='lat' dir='ltr'><strong>non</strong></span> <span class='ocrx_word' id='word_1_158' title='bbox 839 2979 982 3034; x_wconf 90' lang='lat' dir='ltr'><strong>natura</strong></span> <span class='ocrx_word' id='word_1_159' title='bbox 1004 2971 1174 3032; x_wconf 89' lang='lat' dir='ltr'><strong>bumana</strong></span> <span class='ocrx_word' id='word_1_160' title='bbox 1197 2970 1390 3051; x_wconf 88' lang='lat' dir='ltr'><strong>patiendo</strong></span> <span class='ocrx_word' id='word_1_161' title='bbox 1413 2969 1576 3033; x_wconf 85' lang='lat' dir='ltr'><strong>ecferat.</strong></span> 
     </span>
    </p>

    <p class='ocr_par' dir='ltr' id='par_1_12' title="bbox 401 3062 1767 3336">
     <span class='ocr_line' id='line_1_20' title="bbox 438 3062 1767 3149; baseline -0.007 -10"><span class='ocrx_word' id='word_1_162' title='bbox 438 3077 493 3139; x_wconf 83' lang='lat' dir='ltr'><strong>Est</strong></span> <span class='ocrx_word' id='word_1_163' title='bbox 513 3079 618 3136; x_wconf 93' lang='lat' dir='ltr'><strong>autem</strong></span> <span class='ocrx_word' id='word_1_164' title='bbox 641 3067 727 3130; x_wconf 90' lang='lat' dir='ltr'><strong>utilis</strong></span> <span class='ocrx_word' id='word_1_165' title='bbox 749 3066 788 3129; x_wconf 89' lang='lat' dir='ltr'><strong>ud</strong></span> <span class='ocrx_word' id='word_1_166' title='bbox 816 3064 1070 3147; x_wconf 87' lang='lat' dir='ltr'><strong>persuadendum</strong></span> <span class='ocrx_word' id='word_1_167' title='bbox 1101 3083 1152 3136; x_wconf 86' lang='lat' dir='ltr'><strong>es,</strong></span> <span class='ocrx_word' id='word_1_168' title='bbox 1181 3082 1263 3146; x_wconf 91' lang='lat' dir='ltr'><strong>quae</strong></span> <span class='ocrx_word' id='word_1_169' title='bbox 1292 3062 1478 3137; x_wconf 86' lang='lat' dir='ltr'><strong>acciderint,</strong></span> <span class='ocrx_word' id='word_1_170' title='bbox 1505 3063 1579 3126; x_wconf 81' lang='lat' dir='ltr'><strong>terri</strong></span> <span class='ocrx_word' id='word_1_171' title='bbox 1608 3074 1642 3127; x_wconf 92' lang='lat' dir='ltr'><strong>et</strong></span> <span class='ocrx_word' id='word_1_172' title='bbox 1670 3086 1767 3149; x_wconf 85' lang='lat' dir='ltr'><strong>posse</strong></span> 
     </span>
     <span class='ocr_line' id='line_1_21' title="bbox 401 3156 1766 3248; baseline -0.003 -19"><span class='ocrx_word' id='word_1_173' title='bbox 401 3175 471 3231; x_wconf 81' lang='lat' dir='ltr'><strong>stet</strong></span> <span class='ocrx_word' id='word_1_174' title='bbox 498 3171 644 3248; x_wconf 86' lang='lat' dir='ltr'><strong>oportere</strong></span> <span class='ocrx_word' id='word_1_175' title='bbox 672 3158 867 3222; x_wconf 80' lang='lat' dir='ltr'><strong>enumeratio</strong></span> <span class='ocrx_word' id='word_1_176' title='bbox 896 3178 1021 3232; x_wconf 86' lang='lat' dir='ltr'><strong>eorum,</strong></span> <span class='ocrx_word' id='word_1_177' title='bbox 1051 3156 1106 3240; x_wconf 91' lang='lat' dir='ltr'><strong>qui</strong></span> <span class='ocrx_word' id='word_1_178' title='bbox 1134 3156 1283 3218; x_wconf 87' lang='lat' dir='ltr'><strong>tulerunt.</strong></span> <span class='ocrx_word' id='word_1_179' title='bbox 1317 3158 1383 3220; x_wconf 87' lang='lat' dir='ltr'><strong>Etsi</strong></span> <span class='ocrx_word' id='word_1_180' title='bbox 1413 3157 1619 3239; x_wconf 86' lang='lat' dir='ltr'><strong>aegritudinis</strong></span> <span class='ocrx_word' id='word_1_181' title='bbox 1641 3160 1766 3225; x_wconf 88' lang='lat' dir='ltr'><strong>sedatio</strong></span> 
     </span>
     <span class='ocr_line' id='line_1_22' title="bbox 417 3249 1765 3336; baseline -0.007 -10"><span class='ocrx_word' id='word_1_182' title='bbox 417 3270 471 3325; x_wconf 62' lang='lat' dir='ltr'><strong>‘st</strong></span> <span class='ocrx_word' id='word_1_183' title='bbox 491 3259 638 3323; x_wconf 88' lang='lat' dir='ltr'><strong>besterna</strong></span> <span class='ocrx_word' id='word_1_184' title='bbox 662 3253 876 3336; x_wconf 88' lang='lat' dir='ltr'><strong>disputatione</strong></span> <span class='ocrx_word' id='word_1_185' title='bbox 899 3252 1055 3335; x_wconf 84' lang='lat' dir='ltr'><strong>explicata</strong></span> <span class='ocrx_word' id='word_1_186' title='bbox 1078 3258 1124 3313; x_wconf 85' lang='lat' dir='ltr'><strong>est</strong></span> <span class='ocrx_word' id='word_1_187' title='bbox 1147 3258 1179 3313; x_wconf 89' lang='lat' dir='ltr'><strong>et</strong></span> <span class='ocrx_word' id='word_1_188' title='bbox 1200 3250 1231 3311; x_wconf 92' lang='lat' dir='ltr'><strong>in</strong></span> <span class='ocrx_word' id='word_1_189' title='bbox 1249 3249 1482 3315; x_wconf 80' lang='lat' dir='ltr'><strong>Consolationis</strong></span> <span class='ocrx_word' id='word_1_190' title='bbox 1504 3251 1596 3323; x_wconf 88' lang='lat' dir='ltr'><strong>libro,</strong></span> <span class='ocrx_word' id='word_1_191' title='bbox 1618 3273 1714 3335; x_wconf 92' lang='lat' dir='ltr'><strong>quem</strong></span> <span class='ocrx_word' id='word_1_192' title='bbox 1731 3255 1765 3317; x_wconf 93' lang='lat' dir='ltr'><strong>in</strong></span> 
     </span>
    </p>

    <p class='ocr_par' dir='ltr' id='par_1_13' title="bbox 439 3344 1765 3430">
     <span class='ocr_line' id='line_1_23' title="bbox 439 3344 1765 3430; baseline -0.005 -11"><span class='ocrx_word' id='word_1_193' title='bbox 439 3352 543 3418; x_wconf 90' lang='lat' dir='ltr'><strong>medio</strong></span> <span class='ocrx_word' id='word_1_194' title='bbox 559 3380 600 3394; x_wconf 87' lang='lat'><strong>·-</strong></span> <span class='ocrx_word' id='word_1_195' title='bbox 614 3367 680 3409; x_wconf 95' lang='lat' dir='ltr'><strong>non</strong></span> <span class='ocrx_word' id='word_1_196' title='bbox 702 3347 786 3409; x_wconf 91' lang='lat' dir='ltr'><strong>enim</strong></span> <span class='ocrx_word' id='word_1_197' title='bbox 807 3346 966 3427; x_wconf 89' lang='lat' dir='ltr'><strong>sapientes</strong></span> <span class='ocrx_word' id='word_1_198' title='bbox 981 3364 1105 3408; x_wconf 88' lang='lat' dir='ltr'><strong>eramus</strong></span> <span class='ocrx_word' id='word_1_199' title='bbox 1122 3379 1160 3388; x_wconf 94' lang='lat'>—</span> <span class='ocrx_word' id='word_1_200' title='bbox 1177 3362 1318 3406; x_wconf 89' lang='lat' dir='ltr'><strong>maerore</strong></span> <span class='ocrx_word' id='word_1_201' title='bbox 1334 3352 1366 3407; x_wconf 88' lang='lat' dir='ltr'><strong>et</strong></span> <span class='ocrx_word' id='word_1_202' title='bbox 1381 3344 1491 3407; x_wconf 90' lang='lat' dir='ltr'><strong>dolore</strong></span> <span class='ocrx_word' id='word_1_203' title='bbox 1507 3346 1765 3430; x_wconf 80' lang='lat' dir='ltr'><strong>conscripsimus,</strong></span> 
     </span>
    </p>

    <p class='ocr_par' dir='ltr' id='par_1_14' title="bbox 401 3437 1765 3707">
     <span class='ocr_line' id='line_1_24' title="bbox 439 3437 1762 3532; baseline -0.003 -22"><span class='ocrx_word' id='word_1_204' title='bbox 439 3446 592 3532; x_wconf 90' lang='lat' dir='ltr'><strong>qnodque</strong></span> <span class='ocrx_word' id='word_1_205' title='bbox 614 3447 698 3503; x_wconf 84' lang='lat' dir='ltr'><strong>vetat</strong></span> <span class='ocrx_word' id='word_1_206' title='bbox 726 3439 934 3522; x_wconf 82' lang='lat' dir='ltr'><strong>Chrysippus,</strong></span> <span class='ocrx_word' id='word_1_207' title='bbox 963 3438 1004 3501; x_wconf 94' lang='lat' dir='ltr'><strong>ad</strong></span> <span class='ocrx_word' id='word_1_208' title='bbox 1033 3439 1168 3501; x_wconf 85' lang='lat' dir='ltr'><strong>recentis</strong></span> <span class='ocrx_word' id='word_1_209' title='bbox 1196 3437 1287 3520; x_wconf 91' lang='lat' dir='ltr'><strong>quasi</strong></span> <span class='ocrx_word' id='word_1_210' title='bbox 1309 3446 1448 3500; x_wconf 89' lang='lat' dir='ltr'><strong>tumores</strong></span> <span class='ocrx_word' id='word_1_211' title='bbox 1470 3440 1566 3501; x_wconf 92' lang='lat' dir='ltr'><strong>animi</strong></span> <span class='ocrx_word' id='word_1_212' title='bbox 1589 3440 1762 3507; x_wconf 88' lang='lat' dir='ltr'><strong>remedium</strong></span> 
     </span>
     <span class='ocr_line' id='line_1_25' title="bbox 439 3530 1765 3616; baseline -0.004 -11"><span class='ocrx_word' id='word_1_213' title='bbox 439 3537 601 3608; x_wconf 85' lang='lat' dir='ltr'><strong>adbibere,</strong></span> <span class='ocrx_word' id='word_1_214' title='bbox 623 3533 655 3595; x_wconf 93' lang='lat' dir='ltr'><strong>id</strong></span> <span class='ocrx_word' id='word_1_215' title='bbox 677 3551 736 3595; x_wconf 90' lang='lat' dir='ltr'><strong>nos</strong></span> <span class='ocrx_word' id='word_1_216' title='bbox 756 3530 890 3594; x_wconf 81' lang='lat' dir='ltr'><strong>fecimus</strong></span> <span class='ocrx_word' id='word_1_217' title='bbox 911 3540 1106 3616; x_wconf 81' lang='lat' dir='ltr'><strong>naturaeque</strong></span> <span class='ocrx_word' id='word_1_218' title='bbox 1128 3532 1189 3593; x_wconf 86' lang='lat' dir='ltr'><strong>vim</strong></span> <span class='ocrx_word' id='word_1_219' title='bbox 1213 3530 1389 3605; x_wconf 90' lang='lat' dir='ltr'><strong>attulimus,</strong></span> <span class='ocrx_word' id='word_1_220' title='bbox 1412 3541 1447 3594; x_wconf 92' lang='lat' dir='ltr'><strong>nt</strong></span> <span class='ocrx_word' id='word_1_221' title='bbox 1469 3533 1678 3615; x_wconf 76' lang='lat' dir='ltr'><strong>magnitudini</strong></span> <span class='ocrx_word' id='word_1_222' title='bbox 1701 3556 1765 3600; x_wconf 91' lang='lat' dir='ltr'><strong>me·</strong></span> 
     </span>
     <span class='ocr_line' id='line_1_26' title="bbox 401 3626 1129 3707; baseline -0.011 -10"><span class='ocrx_word' id='word_1_223' title='bbox 401 3632 564 3697; x_wconf 81' lang='lat' dir='ltr'><strong>ssttctnas</strong></span> <span class='ocrx_word' id='word_1_224' title='bbox 587 3626 705 3690; x_wconf 89' lang='lat' dir='ltr'><strong>doloris</strong></span> <span class='ocrx_word' id='word_1_225' title='bbox 726 3627 909 3707; x_wconf 76' lang='lat' dir='ltr'><strong>magnitudo</strong></span> <span class='ocrx_word' id='word_1_226' title='bbox 931 3627 1129 3689; x_wconf 90' lang='lat' dir='ltr'><strong>concederet.</strong></span> 
     </span>
    </p>

    <p class='ocr_par' dir='ltr' id='par_1_15' title="bbox 439 3717 1765 4092">
     <span class='ocr_line' id='line_1_27' title="bbox 522 3717 1764 3804; baseline 0.002 -18"><span class='ocrx_word' id='word_1_227' title='bbox 522 3722 627 3786; x_wconf 89' lang='lat' dir='ltr'><strong>XXX.</strong></span> <span class='ocrx_word' id='word_1_228' title='bbox 650 3717 701 3781; x_wconf 76' lang='lat' dir='ltr'><strong>ot.</strong></span> <span class='ocrx_word' id='word_1_229' title='bbox 731 3718 793 3783; x_wconf 92' lang='lat' dir='ltr'><strong>Sed</strong></span> <span class='ocrx_word' id='word_1_230' title='bbox 823 3720 1028 3802; x_wconf 74' lang='lat' dir='ltr'><strong>aegritudini,</strong></span> <span class='ocrx_word' id='word_1_231' title='bbox 1056 3721 1095 3782; x_wconf 88' lang='lat' dir='ltr'><strong>de</strong></span> <span class='ocrx_word' id='word_1_232' title='bbox 1121 3740 1183 3804; x_wconf 92' lang='lat' dir='ltr'><strong>qua</strong></span> <span class='ocrx_word' id='word_1_233' title='bbox 1204 3721 1279 3782; x_wconf 90' lang='lat' dir='ltr'><strong>satis</strong></span> <span class='ocrx_word' id='word_1_234' title='bbox 1301 3728 1349 3783; x_wconf 91' lang='lat' dir='ltr'><strong>est</strong></span> <span class='ocrx_word' id='word_1_235' title='bbox 1371 3720 1581 3804; x_wconf 87' lang='lat' dir='ltr'><strong>disputatum,</strong></span> <span class='ocrx_word' id='word_1_236' title='bbox 1612 3719 1764 3787; x_wconf 86' lang='lat' dir='ltr'><strong>finitimus</strong></span> 
     </span>
     <span class='ocr_line' id='line_1_28' title="bbox 439 3813 1763 3899; baseline -0.002 -14"><span class='ocrx_word' id='word_1_237' title='bbox 439 3826 623 3889; x_wconf 78' lang='lat' dir='ltr'><strong>saturetur,</strong></span> <span class='ocrx_word' id='word_1_238' title='bbox 651 3814 691 3877; x_wconf 93' lang='lat' dir='ltr'><strong>de</strong></span> <span class='ocrx_word' id='word_1_239' title='bbox 718 3834 782 3898; x_wconf 91' lang='lat' dir='ltr'><strong>quo</strong></span> <span class='ocrx_word' id='word_1_240' title='bbox 804 3833 905 3895; x_wconf 91' lang='lat' dir='ltr'><strong>pauca</strong></span> <span class='ocrx_word' id='word_1_241' title='bbox 926 3813 1059 3877; x_wconf 92' lang='lat' dir='ltr'><strong>dicenda</strong></span> <span class='ocrx_word' id='word_1_242' title='bbox 1088 3823 1170 3878; x_wconf 91' lang='lat' dir='ltr'><strong>sunt.</strong></span> <span class='ocrx_word' id='word_1_243' title='bbox 1209 3816 1265 3877; x_wconf 88' lang='lat' dir='ltr'><strong>Est</strong></span> <span class='ocrx_word' id='word_1_244' title='bbox 1286 3815 1370 3878; x_wconf 91' lang='lat' dir='ltr'><strong>enim</strong></span> <span class='ocrx_word' id='word_1_245' title='bbox 1393 3822 1510 3889; x_wconf 91' lang='lat' dir='ltr'><strong>metus,</strong></span> <span class='ocrx_word' id='word_1_246' title='bbox 1540 3824 1576 3879; x_wconf 95' lang='lat' dir='ltr'><strong>ut</strong></span> <span class='ocrx_word' id='word_1_247' title='bbox 1596 3818 1763 3899; x_wconf 88' lang='lat' dir='ltr'><strong>aegritudo</strong></span> 
     </span>
     <span class='ocr_line' id='line_1_29' title="bbox 439 3906 1764 3999; baseline -0.001 -21"><span class='ocrx_word' id='word_1_248' title='bbox 439 3910 631 3999; x_wconf 87' lang='lat' dir='ltr'><strong>praesentis,</strong></span> <span class='ocrx_word' id='word_1_249' title='bbox 663 3909 709 3971; x_wconf 89' lang='lat' dir='ltr'><strong>sic</strong></span> <span class='ocrx_word' id='word_1_250' title='bbox 740 3907 795 3970; x_wconf 91' lang='lat' dir='ltr'><strong>ille</strong></span> <span class='ocrx_word' id='word_1_251' title='bbox 823 3906 920 3970; x_wconf 86' lang='lat' dir='ltr'><strong>futuri</strong></span> <span class='ocrx_word' id='word_1_252' title='bbox 950 3907 1033 3972; x_wconf 89' lang='lat' dir='ltr'><strong>mali.</strong></span> <span class='ocrx_word' id='word_1_253' title='bbox 1067 3908 1175 3991; x_wconf 86' lang='lat' dir='ltr'><strong>ltaque</strong></span> <span class='ocrx_word' id='word_1_254' title='bbox 1206 3928 1269 3971; x_wconf 93' lang='lat' dir='ltr'><strong>non</strong></span> <span class='ocrx_word' id='word_1_255' title='bbox 1298 3909 1376 3971; x_wconf 93' lang='lat' dir='ltr'><strong>nulli</strong></span> <span class='ocrx_word' id='word_1_256' title='bbox 1405 3907 1612 3991; x_wconf 80' lang='lat' dir='ltr'><strong>aegritudinis</strong></span> <span class='ocrx_word' id='word_1_257' title='bbox 1641 3921 1764 3996; x_wconf 85' lang='lat' dir='ltr'><strong>partem</strong></span> 
     </span>
     <span class='ocr_line' id='line_1_30' title="bbox 439 4001 1765 4092; baseline -0.001 -21"><span class='ocrx_word' id='word_1_258' title='bbox 439 4007 596 4092; x_wconf 86' lang='lat' dir='ltr'><strong>quandam</strong></span> <span class='ocrx_word' id='word_1_259' title='bbox 619 4010 736 4066; x_wconf 90' lang='lat' dir='ltr'><strong>metum</strong></span> <span class='ocrx_word' id='word_1_260' title='bbox 758 4021 828 4065; x_wconf 91' lang='lat' dir='ltr'><strong>esse</strong></span> <span class='ocrx_word' id='word_1_261' title='bbox 852 4001 1013 4076; x_wconf 83' lang='lat' dir='ltr'><strong>dicebant3</strong></span> <span class='ocrx_word' id='word_1_262' title='bbox 1035 4002 1088 4063; x_wconf 90' lang='lat' dir='ltr'><strong>alii</strong></span> <span class='ocrx_word' id='word_1_263' title='bbox 1110 4009 1216 4065; x_wconf 88' lang='lat' dir='ltr'><strong>autem</strong></span> <span class='ocrx_word' id='word_1_264' title='bbox 1240 4010 1356 4066; x_wconf 89' lang='lat' dir='ltr'><strong>metum</strong></span> <span class='ocrx_word' id='word_1_265' title='bbox 1381 4003 1634 4085; x_wconf 86' lang='lat' dir='ltr'><strong>praemolestiam</strong></span> <span class='ocrx_word' id='word_1_266' title='bbox 1655 4007 1765 4090; x_wconf 88' lang='lat' dir='ltr'><strong>appel·</strong></span> 
     </span>
    </p>

    <p class='ocr_par' dir='ltr' id='par_1_16' title="bbox 346 4095 1767 5215">
     <span class='ocr_line' id='line_1_31' title="bbox 402 4095 1764 4183; baseline -0.002 -17"><span class='ocrx_word' id='word_1_267' title='bbox 402 4104 560 4175; x_wconf 76' lang='lat' dir='ltr'><strong>sotebant,</strong></span> <span class='ocrx_word' id='word_1_268' title='bbox 583 4098 668 4183; x_wconf 93' lang='lat' dir='ltr'><strong>quod</strong></span> <span class='ocrx_word' id='word_1_269' title='bbox 692 4103 776 4160; x_wconf 89' lang='lat' dir='ltr'><strong>esset</strong></span> <span class='ocrx_word' id='word_1_270' title='bbox 798 4097 887 4180; x_wconf 91' lang='lat' dir='ltr'><strong>quasi</strong></span> <span class='ocrx_word' id='word_1_271' title='bbox 910 4095 975 4158; x_wconf 85' lang='lat' dir='ltr'><strong>dux</strong></span> <span class='ocrx_word' id='word_1_272' title='bbox 998 4097 1222 4176; x_wconf 88' lang='lat' dir='ltr'><strong>consequentis</strong></span> <span class='ocrx_word' id='word_1_273' title='bbox 1244 4097 1416 4160; x_wconf 87' lang='lat' dir='ltr'><strong>molestiae.</strong></span> <span class='ocrx_word' id='word_1_274' title='bbox 1451 4096 1575 4170; x_wconf 81' lang='lat' dir='ltr'><strong>Quibus</strong></span> <span class='ocrx_word' id='word_1_275' title='bbox 1598 4097 1695 4180; x_wconf 89' lang='lat' dir='ltr'><strong>igitur</strong></span> <span class='ocrx_word' id='word_1_276' title='bbox 1716 4121 1764 4163; x_wconf 88' lang='lat' dir='ltr'><strong>ra·</strong></span> 
     </span>
     <span class='ocr_line' id='line_1_32' title="bbox 438 4188 1766 4274; baseline -0.002 -16"><span class='ocrx_word' id='word_1_277' title='bbox 438 4195 579 4258; x_wconf 85' lang='lat' dir='ltr'><strong>tionibus</strong></span> <span class='ocrx_word' id='word_1_278' title='bbox 603 4192 751 4254; x_wconf 90' lang='lat' dir='ltr'><strong>instantia</strong></span> <span class='ocrx_word' id='word_1_279' title='bbox 772 4188 925 4262; x_wconf 84' lang='lat' dir='ltr'><strong>feruntur,</strong></span> <span class='ocrx_word' id='word_1_280' title='bbox 947 4189 1067 4252; x_wconf 88' lang='lat' dir='ltr'><strong>eisdem</strong></span> <span class='ocrx_word' id='word_1_281' title='bbox 1091 4197 1336 4254; x_wconf 88' lang='lat' dir='ltr'><strong>contemnuntur</strong></span> <span class='ocrx_word' id='word_1_282' title='bbox 1354 4191 1531 4274; x_wconf 85' lang='lat' dir='ltr'><strong>sequentia.</strong></span> <span class='ocrx_word' id='word_1_283' title='bbox 1560 4192 1637 4255; x_wconf 90' lang='lat' dir='ltr'><strong>Nam</strong></span> <span class='ocrx_word' id='word_1_284' title='bbox 1653 4194 1766 4256; x_wconf 87' lang='lat' dir='ltr'><strong>viden·</strong></span> 
     </span>
     <span class='ocr_line' id='line_1_33' title="bbox 440 4282 1764 4366; baseline -0.002 -13"><span class='ocrx_word' id='word_1_285' title='bbox 440 4292 514 4353; x_wconf 90' lang='lat' dir='ltr'><strong>dum</strong></span> <span class='ocrx_word' id='word_1_286' title='bbox 537 4296 586 4351; x_wconf 92' lang='lat' dir='ltr'><strong>est</strong></span> <span class='ocrx_word' id='word_1_287' title='bbox 606 4288 637 4350; x_wconf 91' lang='lat' dir='ltr'><strong>iu</strong></span> <span class='ocrx_word' id='word_1_288' title='bbox 660 4285 815 4366; x_wconf 84' lang='lat' dir='ltr'><strong>utrisque,</strong></span> <span class='ocrx_word' id='word_1_289' title='bbox 845 4302 885 4345; x_wconf 89' lang='lat' dir='ltr'><strong>ne</strong></span> <span class='ocrx_word' id='word_1_290' title='bbox 907 4282 983 4365; x_wconf 94' lang='lat' dir='ltr'><strong>quid</strong></span> <span class='ocrx_word' id='word_1_291' title='bbox 1005 4282 1142 4356; x_wconf 88' lang='lat' dir='ltr'><strong>humile,</strong></span> <span class='ocrx_word' id='word_1_292' title='bbox 1166 4285 1376 4357; x_wconf 88' lang='lat' dir='ltr'><strong>summissum,</strong></span> <span class='ocrx_word' id='word_1_293' title='bbox 1399 4285 1505 4356; x_wconf 87' lang='lat' dir='ltr'><strong>molle,</strong></span> <span class='ocrx_word' id='word_1_294' title='bbox 1528 4284 1764 4362; x_wconf 82' lang='lat' dir='ltr'><strong>ecfeminatum,</strong></span> 
     </span>
     <span class='ocr_line' id='line_1_34' title="bbox 346 4375 1765 4463; baseline 0 -18"><span class='ocrx_word' id='word_1_295' title='bbox 346 4393 349 4398; x_wconf 83' lang='lat'>&#39;</span> <span class='ocrx_word' id='word_1_296' title='bbox 438 4382 571 4446; x_wconf 81' lang='lat' dir='ltr'><strong>fractum</strong></span> <span class='ocrx_word' id='word_1_297' title='bbox 600 4379 819 4459; x_wconf 89' lang='lat' dir='ltr'><strong>abiectumque</strong></span> <span class='ocrx_word' id='word_1_298' title='bbox 841 4375 1001 4440; x_wconf 85' lang='lat' dir='ltr'><strong>faciamus.</strong></span> <span class='ocrx_word' id='word_1_299' title='bbox 1044 4377 1106 4439; x_wconf 90' lang='lat' dir='ltr'><strong>Sed</strong></span> <span class='ocrx_word' id='word_1_300' title='bbox 1129 4397 1318 4463; x_wconf 90' lang='lat' dir='ltr'><strong>quamquam</strong></span> <span class='ocrx_word' id='word_1_301' title='bbox 1342 4382 1381 4443; x_wconf 91' lang='lat' dir='ltr'><strong>de</strong></span> <span class='ocrx_word' id='word_1_302' title='bbox 1407 4381 1508 4462; x_wconf 86' lang='lat' dir='ltr'><strong>ipsius</strong></span> <span class='ocrx_word' id='word_1_303' title='bbox 1530 4386 1632 4442; x_wconf 87' lang='lat' dir='ltr'><strong>metus</strong></span> <span class='ocrx_word' id='word_1_304' title='bbox 1654 4381 1765 4445; x_wconf 92' lang='lat' dir='ltr'><strong>incon-</strong></span> 
     </span>
     <span class='ocr_line' id='line_1_35' title="bbox 439 4470 1765 4553; baseline -0.002 -13"><span class='ocrx_word' id='word_1_305' title='bbox 439 4477 568 4549; x_wconf 82' lang='lat' dir='ltr'><strong>stantia,</strong></span> <span class='ocrx_word' id='word_1_306' title='bbox 597 4471 817 4542; x_wconf 88' lang='lat' dir='ltr'><strong>inbeeillitate,</strong></span> <span class='ocrx_word' id='word_1_307' title='bbox 845 4471 971 4534; x_wconf 85' lang='lat' dir='ltr'><strong>levitate</strong></span> <span class='ocrx_word' id='word_1_308' title='bbox 995 4470 1161 4534; x_wconf 91' lang='lat' dir='ltr'><strong>dicendum</strong></span> <span class='ocrx_word' id='word_1_309' title='bbox 1185 4482 1250 4545; x_wconf 89' lang='lat' dir='ltr'><strong>est,</strong></span> <span class='ocrx_word' id='word_1_310' title='bbox 1280 4482 1383 4535; x_wconf 86' lang='lat' dir='ltr'><strong>tamen</strong></span> <span class='ocrx_word' id='word_1_311' title='bbox 1407 4472 1539 4536; x_wconf 90' lang='lat' dir='ltr'><strong>multum</strong></span> <span class='ocrx_word' id='word_1_312' title='bbox 1563 4471 1692 4553; x_wconf 90' lang='lat' dir='ltr'><strong>prodest</strong></span> <span class='ocrx_word' id='word_1_313' title='bbox 1714 4495 1765 4549; x_wconf 89' lang='lat' dir='ltr'><strong>ea,</strong></span> 
     </span>
     <span class='ocr_line' id='line_1_36' title="bbox 403 4564 1765 4654; baseline -0.003 -21"><span class='ocrx_word' id='word_1_314' title='bbox 403 4587 522 4654; x_wconf 80' lang='lat' dir='ltr'><strong>eaquae</strong></span> <span class='ocrx_word' id='word_1_315' title='bbox 545 4573 734 4638; x_wconf 89' lang='lat' dir='ltr'><strong>metuuntur,</strong></span> <span class='ocrx_word' id='word_1_316' title='bbox 757 4566 825 4646; x_wconf 89' lang='lat' dir='ltr'><strong>ipsa</strong></span> <span class='ocrx_word' id='word_1_317' title='bbox 848 4573 1058 4627; x_wconf 87' lang='lat' dir='ltr'><strong>contemnere.</strong></span> <span class='ocrx_word' id='word_1_318' title='bbox 1093 4565 1204 4648; x_wconf 90' lang='lat' dir='ltr'><strong>ltaque</strong></span> <span class='ocrx_word' id='word_1_319' title='bbox 1226 4567 1292 4628; x_wconf 82' lang='lat' dir='ltr'><strong>sive</strong></span> <span class='ocrx_word' id='word_1_320' title='bbox 1316 4586 1390 4630; x_wconf 87' lang='lat' dir='ltr'><strong>casu</strong></span> <span class='ocrx_word' id='word_1_321' title='bbox 1406 4565 1522 4629; x_wconf 89' lang='lat' dir='ltr'><strong>accidit</strong></span> <span class='ocrx_word' id='word_1_322' title='bbox 1536 4564 1602 4627; x_wconf 85' lang='lat' dir='ltr'><strong>sive</strong></span> <span class='ocrx_word' id='word_1_323' title='bbox 1617 4568 1765 4642; x_wconf 88' lang='lat' dir='ltr'><strong>consilio,</strong></span> 
     </span>
     <span class='ocr_line' id='line_1_37' title="bbox 438 4658 1766 4748; baseline -0.002 -22"><span class='ocrx_word' id='word_1_324' title='bbox 438 4661 659 4748; x_wconf 89' lang='lat' dir='ltr'><strong>percommode</strong></span> <span class='ocrx_word' id='word_1_325' title='bbox 689 4658 804 4721; x_wconf 86' lang='lat' dir='ltr'><strong>factum</strong></span> <span class='ocrx_word' id='word_1_326' title='bbox 828 4666 894 4731; x_wconf 87' lang='lat' dir='ltr'><strong>est,</strong></span> <span class='ocrx_word' id='word_1_327' title='bbox 925 4658 1010 4742; x_wconf 91' lang='lat' dir='ltr'><strong>quod</strong></span> <span class='ocrx_word' id='word_1_328' title='bbox 1033 4659 1078 4719; x_wconf 89' lang='lat' dir='ltr'><strong>eis</strong></span> <span class='ocrx_word' id='word_1_329' title='bbox 1101 4659 1141 4720; x_wconf 89' lang='lat' dir='ltr'><strong>de</strong></span> <span class='ocrx_word' id='word_1_330' title='bbox 1167 4660 1276 4733; x_wconf 89' lang='lat' dir='ltr'><strong>rebus,</strong></span> <span class='ocrx_word' id='word_1_331' title='bbox 1307 4681 1388 4743; x_wconf 91' lang='lat' dir='ltr'><strong>quae</strong></span> <span class='ocrx_word' id='word_1_332' title='bbox 1410 4659 1546 4722; x_wconf 84' lang='lat' dir='ltr'><strong>maxime</strong></span> <span class='ocrx_word' id='word_1_333' title='bbox 1568 4667 1766 4735; x_wconf 89' lang='lat' dir='ltr'><strong>metuuntur,</strong></span> 
     </span>
     <span class='ocr_line' id='line_1_38' title="bbox 440 4752 1766 4836; baseline -0.002 -15"><span class='ocrx_word' id='word_1_334' title='bbox 440 4760 479 4821; x_wconf 91' lang='lat' dir='ltr'><strong>de</strong></span> <span class='ocrx_word' id='word_1_335' title='bbox 508 4765 607 4819; x_wconf 88' lang='lat' dir='ltr'><strong>morte</strong></span> <span class='ocrx_word' id='word_1_336' title='bbox 636 4761 667 4817; x_wconf 90' lang='lat' dir='ltr'><strong>et</strong></span> <span class='ocrx_word' id='word_1_337' title='bbox 695 4753 734 4816; x_wconf 91' lang='lat' dir='ltr'><strong>de</strong></span> <span class='ocrx_word' id='word_1_338' title='bbox 765 4752 889 4825; x_wconf 88' lang='lat' dir='ltr'><strong>dolore,</strong></span> <span class='ocrx_word' id='word_1_339' title='bbox 918 4753 1020 4835; x_wconf 90' lang='lat' dir='ltr'><strong>primo</strong></span> <span class='ocrx_word' id='word_1_340' title='bbox 1051 4761 1082 4815; x_wconf 92' lang='lat' dir='ltr'><strong>et</strong></span> <span class='ocrx_word' id='word_1_341' title='bbox 1113 4773 1268 4834; x_wconf 88' lang='lat' dir='ltr'><strong>proxumo</strong></span> <span class='ocrx_word' id='word_1_342' title='bbox 1291 4753 1342 4816; x_wconf 89' lang='lat' dir='ltr'><strong>die</strong></span> <span class='ocrx_word' id='word_1_343' title='bbox 1365 4755 1557 4836; x_wconf 91' lang='lat' dir='ltr'><strong>disputatum</strong></span> <span class='ocrx_word' id='word_1_344' title='bbox 1582 4761 1637 4815; x_wconf 90' lang='lat' dir='ltr'><strong>est.</strong></span> <span class='ocrx_word' id='word_1_345' title='bbox 1672 4755 1766 4830; x_wconf 88' lang='lat' dir='ltr'><strong>Quae</strong></span> 
     </span>
     <span class='ocr_line' id='line_1_39' title="bbox 439 4848 1430 4935; baseline -0.006 -20"><span class='ocrx_word' id='word_1_346' title='bbox 439 4855 464 4915; x_wconf 91' lang='lat' dir='ltr'><strong>si</strong></span> <span class='ocrx_word' id='word_1_347' title='bbox 487 4851 616 4935; x_wconf 88' lang='lat' dir='ltr'><strong>probata</strong></span> <span class='ocrx_word' id='word_1_348' title='bbox 637 4856 726 4920; x_wconf 91' lang='lat' dir='ltr'><strong>sunt,</strong></span> <span class='ocrx_word' id='word_1_349' title='bbox 749 4855 833 4909; x_wconf 87' lang='lat' dir='ltr'><strong>metu</strong></span> <span class='ocrx_word' id='word_1_350' title='bbox 856 4866 968 4929; x_wconf 90' lang='lat' dir='ltr'><strong>magna</strong></span> <span class='ocrx_word' id='word_1_351' title='bbox 991 4868 1031 4910; x_wconf 89' lang='lat' dir='ltr'><strong>ex</strong></span> <span class='ocrx_word' id='word_1_352' title='bbox 1053 4855 1142 4929; x_wconf 88' lang='lat' dir='ltr'><strong>parte</strong></span> <span class='ocrx_word' id='word_1_353' title='bbox 1164 4848 1287 4910; x_wconf 87' lang='lat' dir='ltr'><strong>liberati</strong></span> <span class='ocrx_word' id='word_1_354' title='bbox 1312 4868 1430 4911; x_wconf 87' lang='lat' dir='ltr'><strong>sumus.</strong></span> 
     </span>
     <span class='ocr_line' id='line_1_40' title="bbox 501 4938 1767 5023; baseline -0.004 -15"><span class='ocrx_word' id='word_1_355' title='bbox 501 4945 619 5008; x_wconf 92' lang='lat' dir='ltr'><strong>XXXl.</strong></span> <span class='ocrx_word' id='word_1_356' title='bbox 636 4942 687 5004; x_wconf 85' lang='lat'><strong>65.</strong></span> <span class='ocrx_word' id='word_1_357' title='bbox 702 4946 746 5005; x_wconf 80' lang='lat' dir='ltr'><strong>Ac</strong></span> <span class='ocrx_word' id='word_1_358' title='bbox 760 4942 799 5004; x_wconf 92' lang='lat' dir='ltr'><strong>de</strong></span> <span class='ocrx_word' id='word_1_359' title='bbox 815 4940 966 5004; x_wconf 90' lang='lat' dir='ltr'><strong>malorum</strong></span> <span class='ocrx_word' id='word_1_360' title='bbox 982 4940 1134 5023; x_wconf 88' lang='lat' dir='ltr'><strong>opinione</strong></span> <span class='ocrx_word' id='word_1_361' title='bbox 1148 4941 1318 5004; x_wconf 87' lang='lat' dir='ltr'><strong>hactenus:</strong></span> <span class='ocrx_word' id='word_1_362' title='bbox 1335 4938 1497 5003; x_wconf 87' lang='lat' dir='ltr'><strong>videamus</strong></span> <span class='ocrx_word' id='word_1_363' title='bbox 1514 4961 1596 5002; x_wconf 89' lang='lat' dir='ltr'><strong>nuno</strong></span> <span class='ocrx_word' id='word_1_364' title='bbox 1612 4940 1651 5003; x_wconf 94' lang='lat' dir='ltr'><strong>de</strong></span> <span class='ocrx_word' id='word_1_365' title='bbox 1664 4941 1767 5004; x_wconf 91' lang='lat' dir='ltr'><strong>bono·</strong></span> 
     </span>
     <span class='ocr_line' id='line_1_41' title="bbox 402 5026 1766 5117; baseline -0.005 -14"><span class='ocrx_word' id='word_1_366' title='bbox 402 5055 519 5111; x_wconf 88' lang='lat' dir='ltr'><strong>torum,</strong></span> <span class='ocrx_word' id='word_1_367' title='bbox 535 5038 567 5099; x_wconf 94' lang='lat' dir='ltr'><strong>id</strong></span> <span class='ocrx_word' id='word_1_368' title='bbox 580 5044 628 5099; x_wconf 92' lang='lat' dir='ltr'><strong>est</strong></span> <span class='ocrx_word' id='word_1_369' title='bbox 639 5037 678 5097; x_wconf 90' lang='lat' dir='ltr'><strong>de</strong></span> <span class='ocrx_word' id='word_1_370' title='bbox 690 5034 810 5097; x_wconf 87' lang='lat' dir='ltr'><strong>laetitia</strong></span> <span class='ocrx_word' id='word_1_371' title='bbox 823 5042 855 5096; x_wconf 91' lang='lat' dir='ltr'><strong>et</strong></span> <span class='ocrx_word' id='word_1_372' title='bbox 870 5033 910 5097; x_wconf 91' lang='lat' dir='ltr'><strong>de</strong></span> <span class='ocrx_word' id='word_1_373' title='bbox 921 5034 1104 5115; x_wconf 86' lang='lat' dir='ltr'><strong>cupiditate.</strong></span> <span class='ocrx_word' id='word_1_374' title='bbox 1129 5033 1204 5095; x_wconf 85' lang='lat' dir='ltr'><strong>illibi</strong></span> <span class='ocrx_word' id='word_1_375' title='bbox 1218 5034 1347 5116; x_wconf 88' lang='lat' dir='ltr'><strong>quidem</strong></span> <span class='ocrx_word' id='word_1_376' title='bbox 1360 5036 1392 5095; x_wconf 93' lang='lat' dir='ltr'><strong>in</strong></span> <span class='ocrx_word' id='word_1_377' title='bbox 1407 5043 1472 5097; x_wconf 88' lang='lat' dir='ltr'><strong>tota</strong></span> <span class='ocrx_word' id='word_1_378' title='bbox 1486 5035 1607 5097; x_wconf 91' lang='lat' dir='ltr'><strong>ratione</strong></span> <span class='ocrx_word' id='word_1_379' title='bbox 1619 5026 1666 5108; x_wconf 86' lang='lat' dir='ltr'><strong>ea,</strong></span> <span class='ocrx_word' id='word_1_380' title='bbox 1680 5052 1766 5117; x_wconf 89' lang='lat' dir='ltr'><strong>quae</strong></span> 
     </span>
     <span class='ocr_line' id='line_1_42' title="bbox 440 5127 1764 5215; baseline -0.004 -20"><span class='ocrx_word' id='word_1_381' title='bbox 440 5133 576 5215; x_wconf 87' lang='lat' dir='ltr'><strong>pertinet</strong></span> <span class='ocrx_word' id='word_1_382' title='bbox 591 5129 630 5192; x_wconf 93' lang='lat' dir='ltr'><strong>ad</strong></span> <span class='ocrx_word' id='word_1_383' title='bbox 645 5128 741 5191; x_wconf 90' lang='lat' dir='ltr'><strong>animi</strong></span> <span class='ocrx_word' id='word_1_384' title='bbox 757 5127 1036 5210; x_wconf 91' lang='lat' dir='ltr'><strong>perturbationem,</strong></span> <span class='ocrx_word' id='word_1_385' title='bbox 1049 5147 1113 5189; x_wconf 89' lang='lat' dir='ltr'><strong>una</strong></span> <span class='ocrx_word' id='word_1_386' title='bbox 1126 5147 1178 5190; x_wconf 89' lang='lat' dir='ltr'><strong>res</strong></span> <span class='ocrx_word' id='word_1_387' title='bbox 1193 5128 1320 5190; x_wconf 82' lang='lat' dir='ltr'><strong>videtur</strong></span> <span class='ocrx_word' id='word_1_388' title='bbox 1330 5147 1455 5190; x_wconf 89' lang='lat' dir='ltr'><strong>causam</strong></span> <span class='ocrx_word' id='word_1_389' title='bbox 1472 5127 1644 5200; x_wconf 88' lang='lat' dir='ltr'><strong>continere,</strong></span> <span class='ocrx_word' id='word_1_390' title='bbox 1659 5127 1764 5190; x_wconf 90' lang='lat' dir='ltr'><strong>omnis</strong></span> 
     </span>
    </p>
   </div>
   <div class='ocr_carea' id='block_1_3' title="bbox 441 5288 1464 5303">
    <p class='ocr_par' dir='ltr' id='par_1_17' title="bbox 441 5288 1464 5303">
     <span class='ocr_line' id='line_1_43' title="bbox 441 5288 1464 5303; baseline -0.006 0"><span class='ocrx_word' id='word_1_391' title='bbox 441 5293 592 5303; x_wconf 71' lang='lat' dir='ltr'>——n—--</span> <span class='ocrx_word' id='word_1_392' title='bbox 812 5288 1464 5298; x_wconf 66' lang='lat' dir='ltr'><strong>--------.—-.-.-.-.---...-⁴n-—-</strong></span> 
     </span>
    </p>
   </div>
   <div class='ocr_carea' id='block_1_4' title="bbox 414 5378 1764 5965">
    <p class='ocr_par' dir='ltr' id='par_1_18' title="bbox 434 5378 1763 5814">
     <span class='ocr_line' id='line_1_44' title="bbox 502 5378 1763 5441; baseline -0.004 -8"><span class='ocrx_word' id='word_1_393' title='bbox 502 5386 526 5433; x_wconf 73' lang='lat' dir='ltr'><strong>t.</strong></span> <span class='ocrx_word' id='word_1_394' title='bbox 545 5382 630 5431; x_wconf 80' lang='lat' dir='ltr'><strong>dicuat</strong></span> <span class='ocrx_word' id='word_1_395' title='bbox 646 5378 666 5429; x_wconf 88' lang='lat' dir='ltr'>C</span> <span class='ocrx_word' id='word_1_396' title='bbox 685 5403 711 5413; x_wconf 95' lang='lat'>-</span> <span class='ocrx_word' id='word_1_397' title='bbox 731 5380 756 5428; x_wconf 84' lang='lat'><strong>9.</strong></span> <span class='ocrx_word' id='word_1_398' title='bbox 774 5379 890 5428; x_wconf 79' lang='lat' dir='ltr'><strong>uirtusli</strong></span> <span class='ocrx_word' id='word_1_399' title='bbox 911 5404 937 5413; x_wconf 93' lang='lat'><em>-</em></span> <span class='ocrx_word' id='word_1_400' title='bbox 959 5380 998 5429; x_wconf 85' lang='grc'><strong>43.</strong></span> <span class='ocrx_word' id='word_1_401' title='bbox 1016 5392 1066 5427; x_wconf 82' lang='lat' dir='ltr'><strong>non</strong></span> <span class='ocrx_word' id='word_1_402' title='bbox 1082 5379 1136 5429; x_wconf 79' lang='lat' dir='ltr'><strong>stne</strong></span> <span class='ocrx_word' id='word_1_403' title='bbox 1150 5392 1243 5440; x_wconf 81' lang='lat' dir='ltr'><strong>causo,</strong></span> <span class='ocrx_word' id='word_1_404' title='bbox 1261 5393 1318 5428; x_wconf 87' lang='lat' dir='ltr'><strong>cum</strong></span> <span class='ocrx_word' id='word_1_405' title='bbox 1335 5380 1426 5428; x_wconf 85' lang='lat' dir='ltr'><strong>Orestis</strong></span> <span class='ocrx_word' id='word_1_406' title='bbox 1441 5378 1553 5441; x_wconf 65' lang='lat' dir='ltr'><strong>sebum</strong></span> <span class='ocrx_word' id='word_1_407' title='bbox 1570 5379 1668 5427; x_wconf 64' lang='lat' dir='ltr'><strong>meret</strong></span> <span class='ocrx_word' id='word_1_408' title='bbox 1684 5379 1763 5428; x_wconf 69' lang='lat' dir='ltr'><strong>liuti-</strong></span> 
     </span>
     <span class='ocr_line' id='line_1_45' title="bbox 434 5452 1762 5522; baseline -0.005 -13"><span class='ocrx_word' id='word_1_409' title='bbox 434 5460 505 5522; x_wconf 79' lang='lat' dir='ltr'><strong>ptdes</strong></span> <span class='ocrx_word' id='word_1_410' title='bbox 521 5456 669 5507; x_wconf 85' lang='lat' dir='ltr'><strong>Priscianus</strong></span> <span class='ocrx_word' id='word_1_411' title='bbox 688 5453 729 5512; x_wconf 86' lang='lat' dir='ltr'><strong>Vl,</strong></span> <span class='ocrx_word' id='word_1_412' title='bbox 748 5454 787 5512; x_wconf 85' lang='lat' dir='ltr'><strong>tt,</strong></span> <span class='ocrx_word' id='word_1_413' title='bbox 807 5453 847 5502; x_wconf 90' lang='grc'><strong>64.</strong></span> <span class='ocrx_word' id='word_1_414' title='bbox 869 5479 895 5490; x_wconf 93' lang='grc'><strong>-</strong></span> <span class='ocrx_word' id='word_1_415' title='bbox 916 5452 956 5503; x_wconf 85' lang='lat' dir='ltr'><strong>tt.</strong></span> <span class='ocrx_word' id='word_1_416' title='bbox 974 5453 1066 5503; x_wconf 63' lang='lat' dir='ltr'><strong>diceet</strong></span> <span class='ocrx_word' id='word_1_417' title='bbox 1083 5454 1144 5503; x_wconf 87' lang='lat' dir='ltr'><strong>C-</strong></span> <span class='ocrx_word' id='word_1_418' title='bbox 1165 5455 1205 5503; x_wconf 83' lang='grc'><strong>46.</strong></span> <span class='ocrx_word' id='word_1_419' title='bbox 1224 5455 1309 5515; x_wconf 82' lang='lat' dir='ltr'><strong>Neque</strong></span> <span class='ocrx_word' id='word_1_420' title='bbox 1324 5459 1377 5502; x_wconf 86' lang='lat' dir='ltr'><strong>tom</strong></span> <span class='ocrx_word' id='word_1_421' title='bbox 1388 5454 1551 5515; x_wconf 82' lang='lat' dir='ltr'><strong>--pots&#39;eodo</strong></span> <span class='ocrx_word' id='word_1_422' title='bbox 1566 5454 1633 5514; x_wconf 67' lang='lat' dir='ltr'><strong>sect</strong></span> <span class='ocrx_word' id='word_1_423' title='bbox 1648 5455 1762 5505; x_wconf 85' lang='lat' dir='ltr'><strong>Priscis-</strong></span> 
     </span>
     <span class='ocr_line' id='line_1_46' title="bbox 438 5525 1763 5590; baseline -0.005 -7"><span class='ocrx_word' id='word_1_424' title='bbox 438 5546 487 5584; x_wconf 90' lang='lat' dir='ltr'><strong>nus</strong></span> <span class='ocrx_word' id='word_1_425' title='bbox 504 5531 538 5582; x_wconf 93' lang='lat' dir='ltr'><strong>de</strong></span> <span class='ocrx_word' id='word_1_426' title='bbox 556 5526 684 5584; x_wconf 71' lang='lat' dir='ltr'><strong>metrici,</strong></span> <span class='ocrx_word' id='word_1_427' title='bbox 698 5525 738 5575; x_wconf 84' lang='grc'><strong>49.</strong></span> <span class='ocrx_word' id='word_1_428' title='bbox 754 5551 780 5561; x_wconf 94' lang='grc'><strong>-</strong></span> <span class='ocrx_word' id='word_1_429' title='bbox 799 5527 876 5588; x_wconf 78' lang='lat' dir='ltr'><strong>fondo</strong></span> <span class='ocrx_word' id='word_1_430' title='bbox 892 5529 958 5577; x_wconf 83' lang='lat' dir='ltr'><strong>ratio</strong></span> <span class='ocrx_word' id='word_1_431' title='bbox 976 5528 995 5577; x_wconf 89' lang='lat' dir='ltr'>C</span> <span class='ocrx_word' id='word_1_432' title='bbox 1014 5530 1041 5577; x_wconf 89' lang='lat' dir='ltr'><strong>et</strong></span> <span class='ocrx_word' id='word_1_433' title='bbox 1058 5528 1215 5579; x_wconf 83' lang='lat' dir='ltr'><strong>Priscianus.</strong></span> <span class='ocrx_word' id='word_1_434' title='bbox 1231 5556 1258 5565; x_wconf 95' lang='lat'>—</span> <span class='ocrx_word' id='word_1_435' title='bbox 1278 5530 1317 5579; x_wconf 81' lang='grc'><strong>47.</strong></span> <span class='ocrx_word' id='word_1_436' title='bbox 1336 5542 1379 5577; x_wconf 84' lang='lat' dir='ltr'><strong>sor</strong></span> <span class='ocrx_word' id='word_1_437' title='bbox 1396 5528 1438 5586; x_wconf 84' lang='lat' dir='ltr'><strong>G¹;</strong></span> <span class='ocrx_word' id='word_1_438' title='bbox 1456 5530 1509 5590; x_wconf 72' lang='lat' dir='ltr'><strong>sors</strong></span> <span class='ocrx_word' id='word_1_439' title='bbox 1525 5529 1581 5577; x_wconf 61' lang='lat' dir='ltr'><strong>Geli</strong></span> <span class='ocrx_word' id='word_1_440' title='bbox 1592 5529 1611 5577; x_wconf 88' lang='lat' dir='ltr'>B</span> <span class='ocrx_word' id='word_1_441' title='bbox 1624 5553 1652 5563; x_wconf 96' lang='lat'><em>-</em></span> <span class='ocrx_word' id='word_1_442' title='bbox 1669 5530 1763 5578; x_wconf 59' lang='lat' dir='ltr'><strong>tasse</strong></span> 
     </span>
     <span class='ocr_line' id='line_1_47' title="bbox 437 5602 1763 5658; baseline -0.002 -3"><span class='ocrx_word' id='word_1_443' title='bbox 437 5610 525 5658; x_wconf 71' lang='lat' dir='ltr'><strong>tusc</strong></span> <span class='ocrx_word' id='word_1_444' title='bbox 545 5630 572 5641; x_wconf 96' lang='lat'>-</span> <span class='ocrx_word' id='word_1_445' title='bbox 592 5604 632 5655; x_wconf 90' lang='lat' dir='ltr'><strong>t8.</strong></span> <span class='ocrx_word' id='word_1_446' title='bbox 650 5615 700 5650; x_wconf 78' lang='lat' dir='ltr'><strong>ooo</strong></span> <span class='ocrx_word' id='word_1_447' title='bbox 717 5613 769 5650; x_wconf 88' lang='lat' dir='ltr'><strong>om.</strong></span> <span class='ocrx_word' id='word_1_448' title='bbox 784 5603 854 5650; x_wconf 79' lang='lat' dir='ltr'><strong>G1-</strong></span> <span class='ocrx_word' id='word_1_449' title='bbox 873 5602 913 5651; x_wconf 82' lang='grc'><strong>49.</strong></span> <span class='ocrx_word' id='word_1_450' title='bbox 932 5607 1016 5651; x_wconf 77' lang='lat' dir='ltr'><strong>auten</strong></span> <span class='ocrx_word' id='word_1_451' title='bbox 1028 5603 1060 5652; x_wconf 92' lang='lat' dir='ltr'><strong>C:</strong></span> <span class='ocrx_word' id='word_1_452' title='bbox 1079 5603 1155 5651; x_wconf 81' lang='lat' dir='ltr'><strong>etiem</strong></span> <span class='ocrx_word' id='word_1_453' title='bbox 1172 5603 1192 5651; x_wconf 93' lang='lat'>0</span> <span class='ocrx_word' id='word_1_454' title='bbox 1209 5629 1231 5639; x_wconf 89' lang='lat'><em>-</em></span> <span class='ocrx_word' id='word_1_455' title='bbox 1253 5604 1293 5654; x_wconf 79' lang='lat'><strong>20.</strong></span> <span class='ocrx_word' id='word_1_456' title='bbox 1313 5605 1430 5653; x_wconf 76' lang='lat' dir='ltr'><strong>tuttereiut</strong></span> <span class='ocrx_word' id='word_1_457' title='bbox 1447 5606 1546 5655; x_wconf 74' lang='lat' dir='ltr'><strong>Git1-</strong></span> <span class='ocrx_word' id='word_1_458' title='bbox 1566 5603 1605 5654; x_wconf 81' lang='lat' dir='ltr'><strong>tt.</strong></span> <span class='ocrx_word' id='word_1_459' title='bbox 1625 5604 1763 5653; x_wconf 71' lang='lat' dir='ltr'><strong>enauimus</strong></span> 
     </span>
     <span class='ocr_line' id='line_1_48' title="bbox 437 5677 1763 5740; baseline 0 -13"><span class='ocrx_word' id='word_1_460' title='bbox 437 5683 485 5732; x_wconf 77' lang='lat' dir='ltr'><strong>GR</strong></span> <span class='ocrx_word' id='word_1_461' title='bbox 504 5706 531 5717; x_wconf 94' lang='lat'>-</span> <span class='ocrx_word' id='word_1_462' title='bbox 549 5684 578 5727; x_wconf 83' lang='lat' dir='ltr'><strong>ut</strong></span> <span class='ocrx_word' id='word_1_463' title='bbox 593 5690 651 5726; x_wconf 73' lang='lat' dir='ltr'><strong>csso</strong></span> <span class='ocrx_word' id='word_1_464' title='bbox 666 5677 860 5738; x_wconf 80' lang='lat' dir='ltr'><strong>magnitudine·</strong></span> <span class='ocrx_word' id='word_1_465' title='bbox 871 5678 1036 5727; x_wconf 83' lang='lat' dir='ltr'><strong>-concederet</strong></span> <span class='ocrx_word' id='word_1_466' title='bbox 1053 5678 1152 5727; x_wconf 84' lang='lat' dir='ltr'><strong>Nonius</strong></span> <span class='ocrx_word' id='word_1_467' title='bbox 1170 5689 1195 5740; x_wconf 88' lang='lat' dir='ltr'><strong>p.</strong></span> <span class='ocrx_word' id='word_1_468' title='bbox 1209 5678 1266 5726; x_wconf 72' lang='lat'><strong>270.</strong></span> <span class='ocrx_word' id='word_1_469' title='bbox 1288 5703 1315 5714; x_wconf 92' lang='lat'>-</span> <span class='ocrx_word' id='word_1_470' title='bbox 1339 5677 1380 5728; x_wconf 71' lang='lat'><strong>²8.</strong></span> <span class='ocrx_word' id='word_1_471' title='bbox 1398 5679 1435 5727; x_wconf 84' lang='lat' dir='ltr'><strong>itti</strong></span> <span class='ocrx_word' id='word_1_472' title='bbox 1453 5680 1501 5728; x_wconf 86' lang='lat' dir='ltr'><strong>G&#39;tt</strong></span> <span class='ocrx_word' id='word_1_473' title='bbox 1523 5705 1549 5715; x_wconf 95' lang='lat'><em>—</em></span> <span class='ocrx_word' id='word_1_474' title='bbox 1568 5678 1608 5727; x_wconf 74' lang='lat'><strong>29.</strong></span> <span class='ocrx_word' id='word_1_475' title='bbox 1626 5692 1692 5740; x_wconf 84' lang='lat' dir='ltr'><strong>prce</strong></span> <span class='ocrx_word' id='word_1_476' title='bbox 1706 5690 1763 5727; x_wconf 79' lang='lat' dir='ltr'><strong>mo·</strong></span> 
     </span>
     <span class='ocr_line' id='line_1_49' title="bbox 435 5749 1763 5814; baseline 0.001 -9"><span class='ocrx_word' id='word_1_477' title='bbox 435 5757 507 5805; x_wconf 81' lang='lat' dir='ltr'><strong>teatio</strong></span> <span class='ocrx_word' id='word_1_478' title='bbox 527 5756 547 5804; x_wconf 84' lang='lat' dir='ltr'>C</span> <span class='ocrx_word' id='word_1_479' title='bbox 569 5778 597 5789; x_wconf 90' lang='lat'>-</span> <span class='ocrx_word' id='word_1_480' title='bbox 621 5752 662 5802; x_wconf 77' lang='lat'><strong>³0.</strong></span> <span class='ocrx_word' id='word_1_481' title='bbox 681 5756 740 5801; x_wconf 82' lang='lat' dir='ltr'><strong>esset</strong></span> <span class='ocrx_word' id='word_1_482' title='bbox 762 5749 886 5813; x_wconf 73' lang='lat' dir='ltr'><strong>bentley:</strong></span> <span class='ocrx_word' id='word_1_483' title='bbox 910 5758 945 5800; x_wconf 87' lang='lat' dir='ltr'><strong>est</strong></span> <span class='ocrx_word' id='word_1_484' title='bbox 967 5753 986 5801; x_wconf 90' lang='lat' dir='ltr'>C</span> <span class='ocrx_word' id='word_1_485' title='bbox 1011 5777 1037 5787; x_wconf 96' lang='lat'>-</span> <span class='ocrx_word' id='word_1_486' title='bbox 1063 5750 1104 5801; x_wconf 83' lang='grc'><strong>40.</strong></span> <span class='ocrx_word' id='word_1_487' title='bbox 1128 5764 1159 5799; x_wconf 86' lang='lat' dir='ltr'><strong>eo</strong></span> <span class='ocrx_word' id='word_1_488' title='bbox 1181 5753 1255 5813; x_wconf 80' lang='lat' dir='ltr'><strong>quae]</strong></span> <span class='ocrx_word' id='word_1_489' title='bbox 1278 5764 1356 5814; x_wconf 82' lang='lat' dir='ltr'><strong>eoque</strong></span> <span class='ocrx_word' id='word_1_490' title='bbox 1379 5754 1397 5801; x_wconf 85' lang='lat' dir='ltr'><strong>li</strong></span> <span class='ocrx_word' id='word_1_491' title='bbox 1421 5780 1446 5789; x_wconf 93' lang='lat'><em>-</em></span> <span class='ocrx_word' id='word_1_492' title='bbox 1470 5752 1718 5814; x_wconf 61' lang='lat' dir='ltr'><strong>tepescentes</strong></span> <span class='ocrx_word' id='word_1_493' title='bbox 1736 5761 1763 5806; x_wconf 82' lang='lat' dir='ltr'><strong>et</strong></span> 
     </span>
    </p>

    <p class='ocr_par' dir='ltr' id='par_1_19' title="bbox 414 5826 1764 5965">
     <span class='ocr_line' id='line_1_50' title="bbox 414 5826 1762 5894; baseline -0.003 -14"><span class='ocrx_word' id='word_1_494' title='bbox 414 5876 417 5881; x_wconf 85' lang='lat'><strong>.</strong></span> <span class='ocrx_word' id='word_1_495' title='bbox 438 5835 579 5894; x_wconf 78' lang='lat' dir='ltr'><strong>(superscr.</strong></span> <span class='ocrx_word' id='word_1_496' title='bbox 597 5828 646 5889; x_wconf 78' lang='lat' dir='ltr'><strong>set]</strong></span> <span class='ocrx_word' id='word_1_497' title='bbox 663 5828 692 5876; x_wconf 85' lang='grc' dir='ltr'><strong>Β.</strong></span> <span class='ocrx_word' id='word_1_498' title='bbox 716 5826 781 5876; x_wconf 86' lang='lat' dir='ltr'><strong>Vide</strong></span> <span class='ocrx_word' id='word_1_499' title='bbox 798 5826 831 5876; x_wconf 88' lang='lat' dir='ltr'><strong>ed</strong></span> <span class='ocrx_word' id='word_1_500' title='bbox 849 5829 891 5882; x_wconf 84' lang='lat' dir='ltr'><strong>ttt.</strong></span> <span class='ocrx_word' id='word_1_501' title='bbox 910 5828 949 5879; x_wconf 85' lang='grc'><strong>34.</strong></span> <span class='ocrx_word' id='word_1_502' title='bbox 969 5854 995 5864; x_wconf 88' lang='grc'><strong>-</strong></span> <span class='ocrx_word' id='word_1_503' title='bbox 1012 5827 1212 5890; x_wconf 77' lang='lat' dir='ltr'><strong>perturbationes</strong></span> <span class='ocrx_word' id='word_1_504' title='bbox 1228 5828 1248 5877; x_wconf 93' lang='lat'>0</span> <span class='ocrx_word' id='word_1_505' title='bbox 1266 5841 1313 5876; x_wconf 68' lang='lat' dir='ltr'><strong>sex</strong></span> <span class='ocrx_word' id='word_1_506' title='bbox 1331 5830 1482 5877; x_wconf 83' lang='lat' dir='ltr'><strong>coniectura</strong></span> <span class='ocrx_word' id='word_1_507' title='bbox 1500 5826 1618 5877; x_wconf 86' lang='lat' dir='ltr'><strong>Bentleii.</strong></span> <span class='ocrx_word' id='word_1_508' title='bbox 1638 5828 1762 5878; x_wconf 89' lang='lat' dir='ltr'><strong>Omnium</strong></span> 
     </span>
     <span class='ocr_line' id='line_1_51' title="bbox 437 5900 1764 5965; baseline -0.002 -11"><span class='ocrx_word' id='word_1_509' title='bbox 437 5902 560 5955; x_wconf 85' lang='lat' dir='ltr'><strong>codicum</strong></span> <span class='ocrx_word' id='word_1_510' title='bbox 577 5901 735 5965; x_wconf 82' lang='lat' dir='ltr'><strong>scripturam</strong></span> <span class='ocrx_word' id='word_1_511' title='bbox 749 5900 961 5965; x_wconf 74' lang='lat' dir='ltr'><strong>perturbatiores</strong></span> <span class='ocrx_word' id='word_1_512' title='bbox 977 5905 1051 5953; x_wconf 87' lang='lat' dir='ltr'><strong>recte</strong></span> <span class='ocrx_word' id='word_1_513' title='bbox 1068 5914 1085 5951; x_wconf 87' lang='lat' dir='ltr'><strong>e</strong></span> <span class='ocrx_word' id='word_1_514' title='bbox 1102 5901 1263 5965; x_wconf 83' lang='lat' dir='ltr'><strong>Wopkensto</strong></span> <span class='ocrx_word' id='word_1_515' title='bbox 1281 5905 1360 5964; x_wconf 86' lang='lat' dir='ltr'><strong>etque</strong></span> <span class='ocrx_word' id='word_1_516' title='bbox 1378 5900 1412 5951; x_wconf 81' lang='lat' dir='ltr'><strong>ab</strong></span> <span class='ocrx_word' id='word_1_517' title='bbox 1430 5901 1532 5953; x_wconf 84' lang='lat' dir='ltr'><strong>itandio</strong></span> <span class='ocrx_word' id='word_1_518' title='bbox 1544 5903 1579 5965; x_wconf 75' lang='lat' dir='ltr'><strong>(p.</strong></span> <span class='ocrx_word' id='word_1_519' title='bbox 1592 5901 1648 5963; x_wconf 82' lang='lat' dir='ltr'><strong>trs)</strong></span> <span class='ocrx_word' id='word_1_520' title='bbox 1667 5900 1764 5952; x_wconf 85' lang='lat' dir='ltr'><strong>delen·</strong></span> 
     </span>
    </p>
   </div>
   <div class='ocr_carea' id='block_1_5' title="bbox 0 0 2182 7459">
    <p class='ocr_par' dir='ltr' id='par_1_20' title="bbox 0 0 2182 7459">
     <span class='ocr_line' id='line_1_52' title="bbox 0 0 2182 7459; baseline 0 0"><span class='ocrx_word' id='word_1_521' title='bbox 0 0 2182 7459; x_wconf 95' lang='lat' dir='ltr'><strong> </strong></span> 
     </span>
    </p>
   </div>
  </div>
 </body>
</html>
