4342 7459
780 1227 848 1291 Lm.
870 1228 908 1290 V.
938 1227 1012 1292 Car.
1033 1228 1143 1291 1-11.
1170 1226 1216 1311 §§
1239 1223 1341 1291 l-d·
1672 1221 1734 1290 t77

406 1397 599 1480 requirentis
621 1396 744 1478 species
767 1396 925 1478 quaedam
947 1398 1134 1472 commovit,
1162 1399 1300 1460 inaniter
1320 1395 1458 1469 scilicet,
1488 1395 1543 1459 sed
1566 1395 1735 1459 commovit

407 1498 523 1553 tamen.
559 1490 640 1552 Tum
662 1490 869 1573 Pomponius:
891 1492 933 1553 At
954 1511 1028 1573 ego,
1050 1512 1146 1574 quem
1161 1512 1217 1555 vos
1231 1500 1266 1554 ut
1281 1491 1421 1555 deditum
1435 1491 1574 1574 Epicuro
1588 1490 1735 1554 insectari

408 1584 533 1658 soletis,
557 1603 627 1646 sum
649 1583 782 1646 multum
806 1584 954 1666 equidem
970 1606 1040 1649 aum
1056 1585 1209 1660 Phaedro,
1231 1605 1327 1668 quem
1346 1585 1439 1647 unice
1454 1584 1568 1666 diligo,
1589 1591 1627 1647 ut
1640 1583 1736 1657 scitis,

407 1677 441 1740 in
467 1677 595 1759 Epicuri
624 1676 744 1751 hortis,
776 1698 856 1760 quos
879 1679 973 1741 modo
1001 1680 1266 1763 praeteribamus,
1288 1680 1343 1742 sed
1366 1680 1480 1742 veteris
1501 1677 1659 1760 proverbii
1682 1677 1737 1740 ad·

408 1772 530 1833 monitu
561 1770 708 1833 rivomm
739 1773 884 1845 memini,
912 1792 970 1835 nec
991 1781 1097 1835 tamen
1118 1773 1246 1856 Epicuri
1269 1772 1344 1836 licet
1365 1771 1525 1846 oblivisci,
1554 1772 1581 1834 si
1603 1772 1761 1853 cupiam,³

408 1864 497 1927 cuius
526 1864 696 1946 imaginem
726 1884 790 1926 non
822 1865 919 1928 modo
949 1866 982 1927 in
1012 1865 1128 1930 tabulis
1156 1867 1255 1931 nostri
1283 1866 1469 1942 familiares,
1499 1866 1555 1929 sed
1582 1865 1677 1930 etiam
1704 1866 1737 1928 in

403 1957 532 2039 poculis
555 1966 587 2020 et
608 1958 642 2020 in
665 1957 771 2020 anulis
793 1958 921 2022 habent

491 2053 531 2115 11.
553 2050 583 2115 l.
607 2051 667 2114 llic
691 2070 767 2133 ego,
798 2053 991 2136 Pomponius
1013 2053 1158 2135 quidem,
1187 2054 1333 2137 inquam,
1355 2062 1465 2118 noster
1485 2056 1583 2119 iocari
1605 2053 1738 2129 videtur,

407 2154 439 2210 et
458 2146 594 2211 sortasse
617 2165 677 2209 suo
702 2145 784 2208 iure.
828 2146 874 2208 lta
898 2146 982 2208 enim
1004 2165 1039 2208 se
1060 2147 1193 2210 Athenis
1215 2148 1397 2223 collocavit,
1421 2156 1455 2211 nt
1476 2149 1517 2212 sit
1537 2169 1638 2233 paene
1656 2171 1738 2213 unus

407 2259 448 2302 ex
468 2240 600 2314 Atticis,
630 2249 666 2303 ut
695 2238 729 2301 id
760 2240 856 2304 etiam
878 2260 1056 2321 cognomen
1078 2241 1223 2304 videatur
1246 2241 1421 2306 habiturus.
1456 2243 1524 2325 ligo
1546 2251 1650 2306 autem
1671 2243 1739 2318 tibi,
1749 2248 1777 2295 ⁴⁰

408 2334 488 2407 Piso,
512 2335 685 2408 assentior,
708 2354 767 2395 usu
791 2333 854 2395 hoc
875 2334 984 2397 venire
1005 2342 1039 2396 ut
1061 2336 1164 2398 acrius
1186 2335 1350 2419 aliquanto
1373 2342 1405 2398 et
1426 2336 1577 2400 attentius
1592 2335 1632 2399 de
1647 2337 1740 2400 claris

408 2427 481 2489 viris
516 2427 657 2491 locorum
695 2426 859 2490 admonitu
893 2427 1077 2509 cogitemus.
1124 2429 1193 2492 Scis
1226 2430 1309 2492 enim
1343 2450 1393 2493 me
1425 2430 1564 2512 quodam
1598 2437 1740 2514 tempore

407 2521 622 2603 Metapontum
654 2521 781 2585 venisse
808 2530 912 2584 tecum
941 2541 1046 2605 neque
1073 2521 1114 2584 ad
1141 2522 1300 2605 hospitem
1327 2532 1401 2586 ante
1430 2522 1621 2598 devertisse,
1644 2543 1741 2608 quam

408 2613 605 2697 Pythagorae
638 2616 744 2698 ipsum
767 2614 858 2677 illum
881 2614 1001 2689 locum,
1028 2615 1081 2677 ubi
1105 2617 1200 2678 vitam
1222 2615 1379 2691 ediderat,
1401 2617 1574 2700 sedemque
1595 2616 1741 2681 viderim.

409 2707 478 2772 lloc
499 2718 606 2773 autem
630 2717 789 2791 tempore,
818 2708 878 2771 etsi
900 2708 999 2770 multa
1020 2708 1053 2771 in
1076 2710 1162 2772 omni
1187 2717 1275 2792 parte
1296 2710 1490 2773 Athenarum
1512 2717 1586 2773 sunt
1607 2709 1641 2773 in
1662 2712 1741 2794 ipsis
1751 2724 1779 2768 aa

408 2801 487 2866 locis
510 2803 630 2866 indicia
652 2821 849 2865 summorum
865 2801 1022 2877 virorum,
1045 2811 1150 2865 tamen
1166 2823 1225 2885 ego
1248 2803 1303 2867 illa
1317 2824 1448 2868 moveor
1462 2803 1611 2867 exhedra.
1642 2804 1742 2869 blodo

409 2898 495 2960 enim
516 2896 579 2959 fuit
602 2896 789 2960 Carneadis:
817 2915 912 2979 quem
935 2896 1043 2960 videre
1064 2898 1237 2960 videor-
1259 2905 1308 2961 est
1330 2898 1415 2960 enim
1437 2905 1512 2960 nota
1531 2898 1637 2980 imago
1659 2918 1742 2961 —a

411 2990 552 3075 sedeque
584 2992 654 3074 ipsa
683 2999 770 3053 tanta
800 2991 920 3072 ingenii
949 2992 1166 3073 magnitudine
1197 2991 1305 3054 orbata
1327 2990 1502 3054 desiderari
1522 2991 1610 3054 illam
1632 3012 1742 3057 rocem

410 3093 495 3167 puto.
534 3085 563 3148 5.
586 3086 667 3147 Turn
690 3084 779 3158 Piso,
802 3083 958 3159 Quoniam
981 3085 1078 3167 igitur
1100 3084 1222 3169 aliquid
1244 3104 1365 3159 omnes,
1387 3083 1467 3168 quid
1481 3082 1598 3147 Lucius
1612 3087 1741 3148 nostert

408 3178 531 3262 inquit,
561 3198 602 3241 an
632 3198 705 3241 eum
735 3178 839 3240 locum
868 3176 1005 3241 libenter
1032 3178 1155 3251 invisit,
1185 3179 1238 3241 ubi
1265 3178 1494 3242 Demosthenes
1516 3184 1549 3241 et
1567 3178 1780 3241 Aeschinesao

410 3273 494 3336 inter
523 3293 558 3336 se
590 3271 752 3336 decertare
779 3271 864 3335 soliti
892 3275 987 3334 suntt
1018 3291 1078 3335 suo
1109 3272 1191 3334 enim
1214 3292 1298 3335 unus
1320 3272 1457 3355 quisque
1479 3270 1584 3337 studio
1606 3274 1742 3336 maxime

412 3366 545 3431 ducitur.
581 3368 623 3429 Et
643 3366 712 3440 illa,
735 3385 808 3428 cum
830 3365 1025 3440 erubuisset,
1047 3364 1134 3439 Noli,
1162 3367 1281 3450 inquit,
1304 3386 1345 3428 ex
1367 3385 1417 3428 me
1440 3383 1608 3449 quaerere,
1631 3366 1742 3450 quiin

409 3459 609 3524 Phalericum
631 3462 726 3524 etiam
748 3458 983 3533 descenderim,
1008 3480 1073 3544 qno
1096 3461 1128 3522 in
1151 3459 1221 3523 loco
1243 3461 1283 3523 ad
1306 3461 1434 3522 fluctum
1455 3458 1545 3523 aiunt
1565 3459 1742 3546 declamare

409 3554 537 3617 solitum
559 3554 816 3628 llemosthenem,
837 3562 874 3616 ut
888 3553 1048 3616 fremitum
1061 3561 1259 3617 assuesceret
1274 3574 1351 3618 voca
1366 3552 1504 3615 vincere.
1536 3553 1631 3615 blodo
1646 3554 1740 3616 etiam

407 3648 536 3730 paulum
565 3648 606 3711 ad
628 3647 793 3711 dexteram
817 3646 856 3710 de
878 3648 930 3710 ria
952 3647 1125 3722 declinavi,
1158 3655 1193 3710 nt
1214 3649 1254 3711 ad
1275 3647 1388 3710 Pericli
1410 3645 1590 3730 sepulcrum
1612 3645 1779 3710 accede-ss

407 3760 484 3805 rem.
523 3742 723 3824 Quamquam
745 3741 778 3803 id
801 3741 929 3824 quidem
951 3738 1109 3804 infinitum
1125 3748 1174 3805 est
1195 3744 1228 3805 in
1243 3742 1302 3804 hac
1317 3741 1413 3804 urbe:
1436 3758 1636 3823 quacumque
1655 3741 1740 3804 enirn

406 3835 618 3918 ingredimur,
647 3835 681 3897 in
703 3834 809 3917 aliqua
830 3833 961 3897 historia
983 3834 1150 3916 vestigium
1173 3833 1330 3917 ponimns.
1362 3830 1393 3896 6.
1416 3834 1496 3896 Tum
1518 3832 1610 3909 Piso,
1632 3835 1739 3917 Atqui,

409 3928 535 4004 Cicero,
557 3929 678 4012 inquit,
700 3929 760 3991 ista
783 3928 904 4001 stadia,
937 3927 964 3990 si
986 3927 1027 3990 ad
1049 3928 1219 3991 imitandos
1241 3947 1380 3991 summos
1402 3926 1488 3989 viros
1511 3932 1669 4009 spectant,
1691 3927 1740 3988 in-

408 4025 612 4105 geniosorum
634 4031 723 4097 sant,
753 4022 804 4085 sin
827 4030 947 4085 tantum
969 4021 1065 4084 modo
1087 4021 1128 4085 ad
1151 4020 1270 4083 indicia
1292 4021 1408 4084 veteris
1429 4021 1601 4084 memoriae
1622 4040 1740 4104 cogno·

408 4118 540 4192 scenda,
563 4117 770 4180 annosorum.
808 4117 852 4177 Te
875 4122 979 4178 autem
1001 4116 1165 4179 hortamur
1186 4135 1312 4189 omnes,
1335 4121 1512 4178 currentem
1534 4115 1682 4197 quidem,
1705 4121 1777 4178 utao

408 4232 517 4294 spero,
539 4222 574 4276 ut
595 4231 671 4286 eos,
694 4232 774 4294 quos
797 4211 924 4273 novisse
948 4210 1008 4283 vis,
1032 4210 1144 4272 imitari
1169 4210 1262 4272 etiam
1279 4209 1368 4271 velis.
1407 4209 1466 4272 llic
1485 4227 1560 4290 ego,
1581 4210 1650 4272 Etsi
1666 4209 1740 4272 facit

408 4305 459 4369 hic
481 4306 629 4389 quidem,
657 4305 803 4387 inquam,
837 4304 924 4378 Piso,
954 4310 989 4366 ut
1011 4304 1118 4377 vides,
1141 4323 1195 4376 ea,
1226 4323 1309 4383 quae
1331 4301 1505 4385 praecipis,
1534 4310 1639 4366 tamen
1662 4303 1740 4366 mihi

407 4408 495 4483 grata
517 4399 655 4462 hortatio
678 4406 733 4462 tua
755 4405 812 4460 est.
858 4400 939 4460 Tum
961 4397 1015 4460 ille
1036 4398 1241 4470 amicissime,
1270 4404 1307 4458 ut
1329 4396 1467 4469 solebat,
1490 4397 1555 4459 Nos
1578 4416 1669 4471 vero,
1692 4397 1739 4459 in·

408 4495 492 4577 quit,
522 4512 633 4556 omnes
664 4493 771 4556 omnia
799 4491 839 4554 ad
869 4491 964 4554 huius
994 4490 1242 4554 adulescentiam
1265 4489 1477 4562 conferamus,
1506 4490 1539 4552 in
1565 4490 1739 4575 primisque

407 4596 443 4649 ut
468 4585 591 4669 aliquid
620 4605 748 4649 suorum
779 4585 954 4648 studiorum
981 4584 1203 4667 philosophiae
1230 4604 1360 4668 quoque
1381 4583 1556 4666 impertiat,
1579 4584 1628 4647 vel
1651 4591 1686 4646 ut
1707 4590 1777 4645 teas

408 4680 564 4754 imitetur,
593 4700 687 4763 quem
716 4687 817 4752 amat,
844 4679 894 4740 vel
922 4677 1061 4740 utillud
1088 4679 1209 4760 ipsum,
1239 4676 1327 4760 quod
1356 4677 1479 4750 studet,
1507 4675 1611 4739 facere
1638 4676 1740 4758 possit

408 4775 562 4839 ornatius.
607 4772 671 4836 Sed
699 4782 805 4837 utrum
832 4770 1007 4836 hortandus
1037 4792 1071 4834 es
1094 4772 1203 4846 nobis,
1233 4772 1329 4845 buci,
1357 4770 1476 4854 inquit,
1504 4788 1545 4832 an
1568 4770 1662 4832 etiam
1685 4775 1738 4831 tua

475 5030 498 5078 l.
517 5028 626 5077 marsim
642 5026 691 5076 BC
704 5026 770 5075 DE:
790 5025 873 5074 inanis
890 5026 954 5075 ΜΟ.
974 5023 1012 5073 Cl.
1031 5024 1112 5074 Acad.
1133 5024 1168 5084 ll,
1187 5023 1202 5087 5
1220 5023 1260 5074 al.
1282 5050 1307 5058 -
1328 5020 1352 5073 l.
1369 5019 1581 5083 praeteriebamus
1598 5021 1616 5070 B
1637 5047 1664 5056 -
1684 5033 1741 5068 cm-

405 5103 495 5152 noatls‘
515 5103 566 5153 BE
589 5127 616 5137 -
639 5102 664 5150 d.
682 5114 727 5150 uec
749 5105 832 5150 tamea
854 5101 1005 5162 Epicureum
1027 5101 1165 5150 licel--ct
1190 5101 1216 5148 ln
1237 5098 1325 5147 asellis
1347 5096 1468 5147 habebant
1484 5098 1584 5147 Nonius
1601 5094 1740 5147 hlarcellas

406 5190 434 5240 p.
452 5176 494 5227 30.
514 5202 541 5213 -
561 5177 585 5227 d.
604 5175 683 5241 cultu]
701 5177 753 5225 eius
769 5177 788 5225 B
808 5204 833 5212 —
852 5176 950 5240 tabulis]
969 5176 1059 5225 talibus
1075 5176 1165 5225 BE-
1186 5175 1209 5223 7.
1229 5172 1313 5221 anulis
1330 5172 1392 5221 RE:
1412 5171 1513 5220 ansulis
1529 5171 1562 5229 0;
1582 5170 1668 5219 aucuia
1681 5172 1701 5221 D
1714 5172 1742 5219 ct

406 5253 514 5303 Nonius.
536 5279 563 5289 -
584 5253 625 5302 tt.
643 5252 795 5301 maome
815 5277 842 5286 -
861 5253 947 5302 uenire
963 5252 1026 5301 BE:
1045 5253 1142 5301 evenire
1161 5250 1242 5300 ceteri
1260 5245 1381 5297 codd·
1399 5250 1427 5295 ut
1444 5246 1576 5295 acriusn
1587 5245 1741 5293 admonitum

407 5326 463 5388 (sic)
481 5328 615 5391 repiremus
631 5326 732 5376 Nonius
750 5340 776 5390 p.
796 5327 844 5375 ⁴90
862 5340 903 5390 sq.
923 5352 950 5361 —
971 5326 1008 5390 ut]
1025 5340 1056 5375 uc
1074 5328 1093 5374 B
1114 5353 1140 5360 -
1160 5324 1296 5384 aliquando
1314 5322 1362 5371 ΒΕ
1382 5348 1408 5356 -
1430 5320 1469 5370 43,
1487 5321 1618 5371 desertura
1635 5317 1742 5370 Lambi-

407 5413 472 5451 nus:
491 5402 620 5453 dluertlrse
635 5402 655 5451 ll
673 5428 701 5437 -
722 5403 762 5451 to.
781 5402 1008 5452 suat--ecbedra
1025 5402 1125 5451 Nonius
1143 5415 1168 5465 p.
1190 5401 1244 5449 ⁴07.
1266 5424 1292 5434 -
1318 5398 1358 5446 46.
1377 5397 1473 5447 eeedra
1490 5397 1543 5446 ΜΟ
1564 5421 1591 5430 -
1618 5395 1657 5443 ll.
1677 5394 1742 5443 Car-

405 5476 494 5526 meu
510 5477 657 5541 lladvigius
675 5478 710 5541 (in
728 5477 923 5539 adnotationel:
945 5478 1082 5526 cameadea
1099 5476 1177 5526 codd.
1197 5477 1224 5525 et
1241 5476 1278 5531 hl;
1299 5473 1457 5523 Cbarsuadm
1473 5470 1577 5521 Valesio
1595 5473 1703 5519 auctore
1721 5468 1741 5517 0

408 5574 437 5585 -
457 5550 498 5601 48.
516 5557 589 5602 tanta
606 5552 700 5602 BCG:
725 5554 790 5601 taotl
806 5552 857 5601 ΒΟ
878 5578 903 5585 -
930 5551 969 5600 ta.
989 5552 1092 5615 aliquod
1108 5552 1128 5601 B
1149 5579 1175 5587 -
1199 5551 1240 5600 20.
1259 5547 1368 5612 libenter]
1387 5548 1516 5610 diligenter
1533 5546 1553 5595 b
1574 5571 1599 5580 -
1619 5544 1660 5593 2⁴.
1678 5554 1743 5590 unua

407 5624 471 5674 BE:
491 5639 545 5677 om.
564 5627 619 5677 llo
638 5651 665 5662 -
690 5625 732 5676 23.
751 5627 786 5675 ad
801 5627 914 5689 fluctum]
931 5626 1052 5689 afflictum
1070 5627 1118 5675 BE
1139 5653 1165 5661 -
1191 5624 1314 5674 medeare
1331 5624 1350 5672 E
1370 5649 1396 5657 -
1420 5621 1461 5671 tl.
1480 5618 1627 5670 asmescerit
1644 5617 1692 5666 BE
1712 5641 1740 5653 -

406 5699 449 5749 25.
467 5700 556 5750 Poeteli
573 5701 749 5751 Goerenzius:
765 5702 852 5762 pericu
865 5702 883 5751 B
894 5701 928 5759 E;
947 5701 1047 5750 Periclis
1058 5702 1140 5750 ceteri
1154 5699 1231 5749 codd.
1248 5727 1274 5735 -
1293 5699 1448 5761 sepulchrum
1465 5696 1554 5745 BE·
1573 5693 1615 5742 26.
1634 5690 1741 5755 quiden]

408 5773 470 5835 quad
486 5775 549 5835 BE3
568 5776 633 5827 item
645 5790 670 5826 v.
684 5775 725 5825 30.
741 5800 768 5812 -
787 5776 828 5825 27.
847 5776 935 5839 aliqua
950 5776 1055 5824 butema
1072 5776 1105 5824 B:
1125 5775 1239 5840 aliquam
1256 5775 1385 5823 historiam
1402 5774 1422 5822 0
1436 5798 1463 5808 -
1482 5770 1523 5819 29.
1542 5768 1637 5816 iudicia
1654 5767 1699 5817 BE
1714 5793 1739 5801 -

409 5847 450 5898 34.
468 5850 565 5903 sauma
579 5850 625 5916 ola]
641 5851 715 5901 acub
730 5863 773 5900 seu
788 5851 868 5911 burh
889 5878 916 5886 -
934 5851 1030 5900 imltars'
1048 5852 1124 5900 ctiam
1141 5852 1203 5900 BE:
1223 5850 1299 5900 eliam
1316 5848 1412 5899 imitari
1429 5846 1482 5897 ΜΟ
1501 5869 1527 5879 -
1548 5842 1588 5892 33.
1606 5855 1647 5905 qr.
1660 5841 1684 5889 b.
1698 5846 1743 5889 tua

410 5927 445 5971 ut
460 5923 524 5975 BE:
542 5939 583 5990 gr.
601 5932 637 5979 eet
652 5926 678 5979 ll.
696 5931 743 5978 tua
759 5926 814 5977 llo
833 5952 860 5962 —
879 5926 920 5977 33.
938 5928 977 5976 uel
992 5931 1153 5988 unquam
1169 5931 1239 5975 amat
1255 5938 1308 5975 om.
1327 5925 1346 5973 B
1367 5950 1393 5958 -
1413 5921 1454 5972 37.
1472 5917 1525 5983 tua]
1543 5922 1598 5968 tuta
1616 5915 1674 5966 BE.

463 6013 649 6068 umarus.
1478 6010 1518 6077 ta
