4342 7459
1507 1052 1591 1061 -.-.
1633 1052 1673 1059 --
2164 1052 2174 1058 .
2384 1052 2483 1059 .....
2494 1052 2588 1060 -..-
2635 1052 2751 1059 ......
2762 1052 2841 1059 ---
2891 1052 3033 1078 3--.-
3112 1052 3173 1059 ..-
3225 1052 3374 1077 ...ηη
3419 1052 3456 1059 ..
3493 1052 3555 1059 --
3599 1052 3874 1059 ...Μ--..-

1460 1052 1865 1155 lescentulo
1845 1109 2149 1154 conversa
2194 1110 2338 1153 esse
2375 1092 2597 1154 scribit
2638 1096 2897 1168 Aratea,
2953 1093 3045 1153 sic
3086 1093 3272 1153 etiam
3313 1092 3637 1154 Homerica
3682 1107 3874 1170 quaet

1461 1189 1784 1249 iuventute
1820 1185 1901 1248 ab
1950 1203 2025 1246 eo
2073 1186 2534 1248 exercitationis
2569 1203 2760 1247 causa
2792 1185 3022 1247 Latinis
3049 1202 3351 1298 expressa
3379 1184 3509 1247 sint
3529 1183 3845 1247 versibus.

2503 1318 2586 1396 A)
2646 1335 2739 1378 ex
2790 1314 3061 1378 Iliade.

1773 1447 1831 1517 Ἰ.
1893 1447 2024 1518 Lib.
2078 1449 2155 1514 11.
2204 1468 2260 1513 v.
2310 1446 2614 1514 299-330.
2665 1468 2768 1537 ap.
2820 1448 2950 1516 Cic.
3003 1446 3087 1515 de
3133 1448 3336 1514 Divin.
3385 1448 3479 1524 ll,
3534 1446 3646 1525 30,
3699 1448 3806 1513 63.

1609 1588 1826 1663 Ferte,
1868 1588 2016 1664 viri,
2059 1595 2125 1647 et
2161 1585 2354 1648 duros
2387 1588 2593 1649 animo
2631 1586 2891 1648 tolerate
2928 1587 3211 1665 labores,

1462 1682 1728 1760 Auguris
1762 1689 1831 1740 ut
1869 1682 2065 1741 nostri
2110 1680 2463 1743 Calchantis
2500 1680 2624 1743 lata
2669 1698 2973 1760 queamus

1464 1776 1638 1836 Scire
1674 1781 1924 1835 ratosne
1966 1772 2240 1835 habeant
2276 1791 2355 1835 an
2401 1792 2596 1835 vanos
2635 1775 2909 1855 pectoris
2949 1792 3152 1835 orsus.

1461 1869 1741 1947 Namque
1788 1885 2002 1928 omnes
2049 1868 2306 1928 memori
2352 1874 2708 1947 portentum
2757 1874 2963 1929 mente
3005 1875 3340 1945 retentant,

1463 1964 1579 2035 Qui
1626 1980 1749 2023 non
1789 1962 2052 2023 funestis
2099 1961 2416 2041 liquerunt
2452 1960 2683 2024 lumina
2725 1962 2885 2024 fatis.

1462 2056 1768 2135 Argolicis
1810 2058 2075 2137 primum
2118 2064 2188 2117 ut
2238 2057 2456 2118 vestita
2510 2066 2608 2119 est
2651 2054 2959 2119 classibus
3004 2055 3210 2134 Aulis,

1461 2152 1635 2225 Quae
1683 2152 1920 2213 Priamo
1962 2149 2204 2212 cladem
2252 2158 2316 2212 et
2359 2152 2577 2213 Troiae
2626 2160 2998 2232 pestemque
3044 2150 3364 2229 serebant,

1463 2248 1588 2308 Nos
1634 2247 1865 2308 circum
1909 2244 2127 2307 latices
2165 2243 2407 2325 gelidos
2448 2246 2829 2308 fumantibus
2876 2248 3038 2325 aris,

1461 2341 1781 2420 Aurigeris
1827 2338 2035 2401 divom
2082 2337 2405 2420 placantes
2450 2340 2702 2402 numina
2747 2340 2971 2416 tauriS,

1463 2433 1595 2495 Sub
1634 2432 1886 2513 platano
1922 2431 2288 2509 umbrifera,
2336 2433 2475 2496 l'ons
2516 2432 2686 2494 unde
2734 2441 2985 2495 emanat
3032 2441 3250 2513 aquai,
3349 2459 3354 2464 ·

1463 2525 1740 2588 Vidimus
1782 2527 2031 2588 immani
2081 2530 2295 2608 specie
2344 2535 2633 2607 tortuque
2675 2526 3009 2590 draconem

1464 2618 1864 2693 Terribilem,
1918 2621 2078 2681 lovis
2123 2628 2194 2682 ut
2234 2619 2421 2702 pulsu
2462 2619 2835 2701 penetrabat
2870 2620 2951 2683 ab
2997 2639 3136 2686 ara:

1465 2716 1582 2787 Qui
1628 2713 1857 2795 platani
1899 2714 1963 2775 in
2007 2732 2181 2775 ramo
2225 2712 2506 2776 soliorum
2554 2715 2822 2794 tegmine
2869 2724 3120 2796 saeptos

1465 2808 1777 2889 Corripuit
1817 2806 2053 2888 pullos:
2116 2825 2277 2890 quos
2320 2826 2461 2870 cum
2505 2817 2905 2871 consumeret
2945 2816 3084 2871 octo
3106 2855 3122 2885 ,

1462 2904 1634 2964 Nona
1685 2919 1877 2982 super
1919 2901 2181 2966 tremulo
2231 2904 2518 3011 genetrix
2567 2903 2855 2992 clangore
2908 2902 3192 2982 volabat,

1466 2998 1580 3060 Cui
1626 2996 1795 3059 ierus
1839 2997 2068 3059 inmani
2114 2994 2373 3059 laniavit
2413 2998 2655 3060 viscera
2705 3015 2936 3060 morsu.

1465 3091 1673 3168 Hunc,
1714 3089 1825 3151 ubi
1868 3098 1991 3150 tam
2030 3098 2281 3152 teneros
2322 3090 2591 3152 volucris
2631 3098 3020 3172 matremque
3057 3090 3366 3173 peremit,

1466 3186 1584 3257 Qui
1624 3184 1743 3246 luci
1784 3183 2069 3246 ediderat
2104 3185 2349 3263 genitor
2390 3167 2727 3247 Saturnius¹
2763 3183 2931 3247 idem

1465 3276 1720 3340 Abdidit
1758 3284 1822 3339 et
1862 3277 2017 3340 duro
2060 3279 2344 3342 formavit
2379 3280 2650 3359 tegmine
2689 3281 2847 3342 saxi.

1466 3373 1592 3433 Nos
1638 3381 1846 3434 autem
1893 3371 2089 3434 timidi
2132 3381 2370 3436 stantes
2414 3372 2698 3437 mirabile
2745 3383 3086 3438 monstrum

1470 3463 1748 3528 Vidimus
1789 3468 1854 3527 in
1902 3467 2123 3538 mediis
2159 3468 2395 3530 divom
2416 3471 2731 3531 versarier
2771 3471 2917 3532 aris.

1616 3560 1772 3621 Tum
1813 3561 2075 3624 Calchas
2120 3561 2276 3625 haec
2321 3571 2420 3625 est
2458 3560 2675 3626 fidenti
2721 3582 2876 3629 voce
2917 3564 3190 3628 locutus:

1467 3651 1775 3727 Quidnam
1821 3662 2142 3736 torpentes
2193 3656 2400 3719 subito
2443 3657 2856 3740 obstupuistis
2900 3657 3160 3723 Achivi?

1466 3747 1659 3810 Nobis
1702 3749 1857 3813 haec
1903 3760 2190 3832 portenta
2239 3753 2425 3815 deum
2473 3750 2648 3816 dedit
2691 3756 2829 3835 ipse
2870 3764 3116 3818 creator

1467 3842 1670 3904 Tarda
1717 3853 1780 3904 et
1819 3862 1961 3907 sera
1999 3848 2221 3924 nimis,
2269 3846 2386 3910 sed
2431 3850 2591 3916 lama
2629 3848 2931 3926 aclaude
2965 3851 3248 3932 perenni.

1466 3937 1620 3997 Nam
1663 3946 1818 4016 quot
1857 3941 1989 4001 avis
2033 3949 2231 4003 taetro
2277 3951 2578 4005 mactatas
2623 3941 2811 4006 dente
2862 3944 3124 4025 videtiS,

1465 4029 1581 4090 Tot
1616 4047 1733 4092 nos
1779 4030 1859 4093 ad
1905 4034 2148 4095 Troiam
2195 4033 2342 4096 belli
2384 4036 2853 4099 exanclabimus
2897 4056 3094 4100 annos
3120 4085 3136 4107 .
