4342 7459
800 1223 922 1287 nan„
949 1222 1123 1289 444444
1149 1218 1359 1307 spec-et.
1667 1219 1726 1287 444

411 1390 459 1448 444
481 1382 593 1467 quiin
615 1401 709 1447 cauea
731 1382 841 1467 impia,
871 1384 999 1448 victoria
1021 1385 1116 1448 etium
1135 1382 1278 1447 foediore
1305 1402 1371 1445 non
1397 1378 1593 1465 cingulorum
1613 1380 1730 1446 civium

409 1476 493 1540 bona
515 1476 706 1560 publicaret,
736 1474 793 1539 aed
821 1478 985 1541 universae
1012 1478 1191 1560 pmrinoim
1218 1476 1428 1559 regionesque
1454 1495 1519 1539 uno
1544 1475 1731 1540 calamitatia

409 1570 478 1632 iure
499 1568 794 1651 comprehenderet.
837 1568 888 1633 28.
917 1572 1029 1653 ltaque
1050 1572 1172 1634 vexatio
1192 1590 1230 1633 ac
1253 1568 1387 1653 perditio
1407 1568 1525 1633 exterio
1546 1569 1730 1632 nationibua

408 1664 449 1726 ad
471 1663 651 1748 exemplum
679 1664 787 1728 amirei
815 1665 938 1749 imperii
968 1665 1088 1747 portari
1112 1665 1147 1727 in
1169 1663 1327 1747 triumpho
1347 1662 1520 1727 ltaaeiliam
1542 1660 1678 1726 vidimata
1697 1669 1730 1725 44

409 1775 450 1819 ex
470 1775 510 1819 ea
530 1757 608 1819 urbe
629 1757 827 1841 triumphari,
848 1759 919 1822 aine
940 1777 1005 1842 qna
1026 1776 1200 1841 numquam
1221 1756 1322 1821 noetri
1340 1757 1545 1839 imperatores
1567 1772 1609 1817 ex
1628 1760 1753 1818 444444

408 1849 522 1932 alpinis
543 1850 637 1915 bellio
657 1851 901 1935 triumphamnt.
950 1852 1050 1915 Multa
1071 1857 1235 1934 praeterea
1256 1867 1534 1913 commemorarem
1555 1846 1676 1912 nefaria
1695 1848 1729 1912 in

408 1942 527 2015 accior,
553 1943 581 2006 ei
601 1943 663 2008 hoc
683 1965 749 2010 uno
771 1946 944 2030 quicquam
966 1945 1015 2009 eol
1036 1943 1170 2012 vidieeet
1194 1942 1367 2027 indignior.
1408 1944 1482 2007 lure
1501 1942 1599 2026 igitur
1619 1941 1730 2024 picoti·

409 2055 487 2098 mur.
534 2036 602 2100 Niei
630 2039 714 2101 enim
744 2038 912 2103 multorum
943 2038 1086 2122 inpunita
1115 2037 1235 2103 ecelera
1262 2036 1462 2111 tulieeemua‚
1489 2055 1661 2119 numquam
1689 2032 1730 2099 ad

407 2149 505 2194 unum
527 2137 615 2194 tanta
637 2132 834 2214 perveniaaet
856 2132 1001 2196 licentia:
1022 2152 1041 2196 a
1066 2152 1131 2215 quo
1154 2131 1283 2216 quidem
1305 2131 1352 2194 rei
1370 2128 1534 2195 familiaria
1547 2128 1587 2194 ad
1601 2147 1729 2213 paueoa,

409 2222 613 2306 cupiditatum
635 2223 675 2288 ad
698 2225 816 2288 multoe
836 2226 989 2309 inprobos
1010 2227 1099 2289 venit
1118 2224 1289 2289 hereditas.
1331 2220 1382 2286 29.
1404 2226 1469 2289 Nec
1485 2243 1561 2286 vero
1579 2240 1729 2305 uquam
1738 2232 1769 2282 tt

407 2318 563 2382 beliorum
584 2318 726 2381 civilium
749 2338 856 2383 aemon
880 2327 913 2382 et
933 2339 1028 2383 cauea
1050 2320 1167 2394 deerit,
1197 2318 1272 2382 dum
1300 2316 1446 2382 hominea
1472 2316 1587 2400 perditi
1606 2316 1730 2380 14444444

408 2410 495 2474 iliam
518 2419 679 2476 cruentam
703 2420 735 2475 et
756 2413 958 2477 meminerint
978 2421 1011 2476 et
1031 2413 1222 2496 4444444444,
1244 2429 1340 2495 quam
1361 2411 1395 2474 P.
1410 2411 1499 2475 Sutia
1519 2429 1590 2474 cum
1612 2408 1731 2473 riome-

408 2511 458 2567 eet
478 2504 630 2568 dictatore
652 2506 832 2590 propinquo
854 2527 931 2580 eno,
958 2505 1041 2569 idem
1065 2514 1156 2571 eexto
1177 2505 1359 2569 tricensimo
1379 2524 1464 2568 anno
1491 2512 1565 2587 poet
1591 2522 1611 2567 a
1631 2501 1730 2567 ecele-

408 2597 527 2660 ratiore
547 2597 637 2662 haeta
657 2618 723 2661 non
744 2601 886 2675 receeait,
907 2600 987 2664 aiter
1008 2609 1128 2670 autem.
1146 2602 1201 2684 qui
1215 2601 1248 2663 in
1262 2599 1318 2663 illa
1334 2598 1487 2663 dictatura
1501 2597 1603 2662 eoriba
1616 2595 1730 2670 iuerat,

409 2692 444 2753 in
471 2689 531 2753 hac
556 2689 617 2755 fuit
644 2701 795 2776 quaeator
819 2692 970 2756 urbanus.
1014 2690 1061 2756 Ex
1083 2714 1149 2777 quo
1170 2692 1265 2757 debet
1285 2691 1427 2774 intellegi
1448 2690 1563 2755 talibua
1582 2689 1731 2775 praemiia
1739 2702 1768 2751 44

410 2785 584 2867 propositio
607 2805 780 2869 numquam
802 2786 947 2850 defutura
968 2786 1052 2850 444414
1073 2787 1189 2850 ciritio.
1237 2788 1349 2869 ltaque
1369 2784 1506 2867 pariete·
1527 2783 1623 2847 modo
1643 2783 1731 2848 urbm

410 2883 495 2939 etant
521 2885 554 2941 et
582 2888 728 2954 manent,
756 2880 845 2964 iique
871 2881 932 2963 ipsi
954 2881 1017 2944 iam
1039 2889 1182 2944 extrema
1202 2879 1324 2944 ecelera
1344 2885 1539 2951 metarentur,
1566 2896 1634 2941 rem
1655 2896 1731 2940 vero

409 2969 569 3051 publicam
591 2973 717 3055 penitna
738 2973 913 3037 amieimue.
955 2976 1060 3057 Atque
1081 2973 1115 3036 in
1135 2972 1193 3038 hm
1215 2970 1321 3037 oiadee
1342 2970 1513 3035 incidimur
1534 3005 1576 3021 ·-
1595 2970 1731 3036 redeuu-

410 3062 485 3126 dum
512 3070 562 3126 eet
587 3066 673 3127 enim
699 3065 741 3129 ad
768 3066 967 3149 propositum
990 3099 1048 3140 -,
1075 3066 1149 3131 dum
1172 3065 1271 3129 metui
1295 3083 1389 3149 quam
1411 3062 1476 3129 cari
1497 3083 1567 3129 4444
1588 3072 1621 3129 et
1641 3064 1731 3147 tutat

411 3154 591 3219 maluimua.
634 3157 725 3235 Quae
754 3159 781 3222 ei
810 3159 929 3244 popuio
950 3161 1093 3223 Romano
1118 3159 1238 3223 iniuste'
1260 3157 1427 3243 imperanti
1452 3157 1599 3222 accidere
1620 3165 1770 3241 potue-aa

409 3255 499 3321 runt,
528 3249 605 3332 quid
635 3249 751 3316 dehent
777 3259 891 3335 putare
917 3253 1056 3336 cinguli?
1100 3252 1196 3330 Quod
1218 3271 1288 3316 curo
1308 3250 1512 3335 perepicuum
1532 3250 1574 3314 eit
1591 3250 1731 3315 benero-

409 3340 525 3405 lentiae
554 3343 617 3406 rim
647 3364 718 3409 eeee
747 3365 910 3429 magnam,
943 3354 1045 3411 metus
1073 3344 1269 3419 inbecillam,
1297 3344 1440 3428 eequitur
1467 3350 1502 3407 ut
1529 3343 1730 3418 dieeeramue,

412 3435 527 3518 (4444444
549 3438 643 3501 rehue
664 3437 814 3502 facillime
837 3440 995 3521 poesimua
1017 3459 1102 3513 eam,
1130 3458 1225 3523 quam
1246 3438 1407 3512 volumus,
1427 3431 1561 3522 adipisci
1581 3457 1652 3501 cum
1673 3437 1731 3501 ho·

411 3548 490 3592 nore
523 3538 555 3593 et
583 3528 646 3594 tide
675 3532 847 3596 caritatem.
896 3529 948 3596 30.
978 3532 1040 3597 Sed
1068 3553 1106 3597 ea
1128 3551 1191 3598 non
1214 3533 1332 3616 pariter
1354 3550 1463 3596 omnee
1484 3549 1630 3614 44444444
1657 3550 1731 3594 nam

411 3622 450 3685 ad
472 3622 627 3708 euiueque
650 3625 746 3690 vitam
767 3628 943 3691 institutam
965 3625 1267 3690 accommodandum
1288 3633 1352 3701 eet,
1377 3644 1397 3689 a
1419 3623 1566 3689 multione
1587 3641 1670 3709 opua
1691 3624 1769 3688 citat

409 3733 451 3779 an
473 3718 551 3782 eatia
571 3718 613 3782 eit
633 3738 652 3782 a
674 3721 783 3801 paucio
805 3719 902 3802 diligi.
946 3720 1078 3784 Certum
1094 3719 1192 3802 igitur
1211 3718 1273 3783 hoc
1293 3720 1350 3795 eit,
1371 3717 1469 3803 idque
1490 3726 1525 3781 ct
1542 3718 1679 3802 primum
1700 3724 1734 3782 et

412 3829 560 3878 maxume
583 3812 806 3887 neceesarium,
828 3812 1057 3877 familiaritates
1076 3814 1195 3878 habere
1209 3809 1288 3878 fidae
1302 3812 1475 3877 amantium
1489 3832 1548 3877 noe
1562 3812 1734 3876 amicorum

412 3912 444 3967 et
464 3913 573 3968 444444
594 3896 791 3969 mirantiirm:
819 3908 897 3969 haec
919 3907 1004 3971 enim
1025 3927 1090 3971 una
1111 3926 1161 3971 444
1184 3925 1326 3991 protana,
1348 3913 1470 3970 utnon
1492 3904 1622 3971 muitum
1645 3905 1735 3969 dide-

410 4005 460 4060 rat
480 3999 563 4061 inter
584 4019 724 4063 aummoe
746 4008 778 4063 et
797 3999 968 4065 mediocria
990 4002 1093 4077 vitoe,
1121 4019 1223 4084 aeque
1243 4001 1390 4086 utrisque
1411 4007 1461 4064 eet
1487 4017 1585 4085 prope
1605 3998 1733 4063 modum

412 4092 633 4174 comparanda.
676 4090 728 4155 34.
755 4094 885 4157 Honore
907 4103 939 4158 et
959 4094 1060 4176 gloria
1080 4101 1112 4158 et
1133 4094 1355 4158 benevolentia
1377 4093 1494 4157 civium
1514 4091 1648 4156 fortaeee
1669 4100 1771 4156 oonto

411 4203 513 4268 aeque
534 4205 645 4250 omnee
667 4194 770 4269 egent,
792 4186 849 4250 aed
870 4196 986 4261 tamen,
1008 4188 1036 4250 ai
1058 4189 1110 4250 cui
1131 4189 1209 4251 haec
1223 4194 1409 4271 suppetunt,
1423 4185 1577 4250 adiuvant
1590 4186 1734 4270 aliquan-

412 4284 478 4340 tum
500 4277 632 4344 eumad
654 4288 767 4356 cetera,
790 4288 855 4343 tum
878 4281 919 4344 ad
942 4280 1098 4344 amicitiae
1121 4280 1359 4366 comparandae.

477 4632 1477 4698 4.444444444444-7.4444444444444-3.4444444444444444444“
1641 4635 1736 4687 4444444

412 4706 521 4758 4444444444
538 4709 636 4760 Nonius
654 4708 748 4774 4404.
769 4736 796 4747 -
822 4711 862 4760 40.
879 4711 1051 4762 4444444444
1075 4736 1102 4747 -
1128 4711 1169 4762 44.
1186 4710 1394 4761 comma
1416 4734 1444 4746 -
1563 4722 1734 4762 4444444444

415 4783 1733 4851 -44444444444444444ω444444444444444444444444444044444444444.400.-

413 4858 498 4908 444).
517 4859 592 4909 ozi.
611 4860 872 4923 ettae-spone
892 4888 919 4897 -
948 4856 1409 4925 43.44444]44ῑ.4-444444444.
1428 4859 1733 4913 04444444444444.

413 4931 452 4983 ct.
471 4933 505 4983 ad
523 4931 612 4985 Famil.
630 4934 662 4994 X,
675 4934 716 4994 30,
729 4935 759 4984 4;
786 4937 901 4997 44444444
916 4936 1067 4986 4444444444
1084 4933 1241 4998 (legionem).
1258 4933 1318 4992 111.
1331 4933 1411 4994 ¹⁵2⁴:
1438 4932 1518 4984 attero
1533 4934 1647 4986 4444444444
1664 4933 1734 5000 (dte).

412 5005 466 5065 XV,
479 5005 504 5067 4,
515 5008 560 5057 40;
578 5009 681 5071 44444444
697 5010 901 5073 4444444444
917 5009 989 5074 (die).
1007 5008 1041 5060 ad
1053 5011 1104 5059 ttt.
1123 5008 1155 5069 v,
1168 5008 1208 5068 te,
1219 5008 1248 5057 t:
1266 5008 1368 5071 44444444
1384 5008 1576 5072 4444444444444
1592 5008 1663 5073 (dio).
1676 5008 1734 5060 Cet.

413 5083 475 5132 mei.
493 5081 564 5145 4434
583 5089 674 5145 quarto
689 5085 851 5147 4444444444
867 5086 963 5147 (anuo).
984 5106 1012 5122 ··
1030 5084 1171 5134 4444444444
1188 5083 1247 5133 Hb:
1265 5084 1389 5134 4444444444
1404 5084 1490 5134 44444
1507 5109 1535 5121 -
1550 5082 1736 5148 4444144444

413 5169 428 5207 4
447 5182 476 5195 -
500 5159 539 5208 44.
557 5158 632 5223 taque
648 5170 679 5222 a,
700 5159 784 5221 444444
800 5158 837 5219 n,
858 5158 973 5221 444444
999 5186 1026 5196 -
1054 5158 1095 5208 40.
1112 5157 1247 5208 4444444444
1262 5170 1299 5209 44
1322 5158 1357 5219 (in
1373 5169 1391 5208 4
1407 5159 1496 5209 tumen
1512 5156 1560 5209 4444.
1578 5158 1588 5208 4
1604 5161 1735 5223 expuncta

413 5234 477 5294 eati:
495 5233 620 5283 4444444444
637 5235 730 5284 Bitho
750 5260 776 5269 -
793 5248 819 5297 4.
833 5235 931 5285 minate
948 5246 966 5285 a
984 5259 1011 5269 -
1031 5234 1143 5284 44444444
1158 5234 1293 5295 4444444444
1308 5245 1326 5296 4
1346 5258 1372 5270 -
1395 5233 1435 5283 at.
1453 5233 1515 5295 4444
1529 5232 1737 5296 moerore

412 5308 594 5372 4444444444-
619 5307 892 5360 4444444444444-
917 5319 1191 5371 monume-
1213 5308 1735 5359 td.ioatitataaoo-28.aoetreoara-

411 5382 560 5432 4444444444
577 5382 646 5433 Bate
664 5382 698 5433 de
716 5383 824 5434 emend.
843 5384 898 5435 Cte.
911 5384 1022 5434 0444444
1038 5395 1066 5448 p.
1075 5382 1117 5432 34.
1143 5409 1170 5418 -
1196 5382 1238 5433 43.
1256 5383 1322 5433 eata
1337 5396 1391 5433 444
1407 5395 1468 5434 noe:
1490 5383 1557 5433 44444
1572 5388 1607 5434 444
1622 5396 1675 5433 eae
1692 5384 1734 5436 co

415 5481 442 5492 -
461 5457 502 5507 40.
520 5470 599 5519 oeque
614 5458 726 5519 44444444
742 5456 843 5519 (deleto
854 5460 961 5508 utente
973 5458 1166 5520 propemodum
1185 5469 1235 5520 ego
1246 5455 1359 5508 alterum
1375 5461 1410 5508 444
1426 5459 1487 5507 ante
1503 5471 1557 5508 444
1572 5456 1662 5509 deiero
1674 5470 1735 5509 ma·

413 5528 462 5593 lui)
481 5531 569 5581 tund:
595 5544 674 5593 44444
694 5532 808 5594 atriaque
829 5533 889 5590 Coa
915 5545 995 5594 44444
1014 5545 1093 5594 oeque
1111 5532 1225 5594 otiaque
1243 5530 1443 5595 Bamenberger
1467 5530 1581 5595 (041444.
1598 5546 1624 5598 p.
1637 5531 1682 5595 at)
1707 5535 1735 5585 44

412 5607 602 5670 Stuerenburg.
632 5606 779 5658 «Probante
795 5608 924 5672 4444444444
939 5606 1074 5659 ienieeima
1091 5604 1223 5656 medicina
1240 5619 1305 5658 neue
1320 5604 1409 5657 iocum
1426 5607 1549 5656 morum
1565 5618 1627 5658 4444
1641 5619 1733 5672 apere.

414 5684 515 5734 senene
536 5684 587 5733 erit
607 5682 664 5733 hic:
690 5682 751 5733 4444
772 5696 826 5733 arao
843 5696 885 5734 rea
900 5695 1007 5746 4444444
1025 5681 1199 5743 4444444444
1217 5686 1253 5733 eat
1273 5687 1297 5733 44
1313 5682 1492 5745 4444444444
1512 5694 1592 5744 44444
1611 5684 1733 5746 44444444.

415 5759 511 5809 Poritio
528 5757 674 5807 verborum
691 5770 770 5819 44444
779 5758 891 5820 44444444
899 5757 1079 5820 4444444444
1095 5768 1144 5821 444
1154 5755 1218 5807 hac:
1233 5758 1412 5821 propemodum
1423 5769 1502 5821 444444
1511 5757 1633 5818 44444444,
1651 5758 1734 5810 nemi·

415 5844 478 5882 nem
496 5845 592 5896 magno
608 5846 690 5897 opere
707 5831 844 5885 offendere
861 5835 976 5898 potest.»
996 5858 1024 5870 -
1041 5831 1082 5884 30.
1095 5833 1269 5896 4444444444
1279 5844 1360 5898 propa
1374 5832 1477 5884 4444444
1492 5843 1507 5883 4
1526 5855 1554 5869 -
1572 5830 1614 5884 34.
1631 5837 1685 5885 tan
1699 5833 1736 5884 44

415 5912 499 5957 com
514 5918 538 5957 0.
