4342 7459
437 1222 499 1291 stt
931 1230 986 1292 DE
1006 1227 1274 1294 DIVINATIONE

438 1387 498 1452 vis
527 1387 712 1452 ridendi:
748 1388 861 1464 item,
892 1388 927 1452 si
957 1388 1051 1472 quis
1081 1388 1210 1452 semel
1239 1386 1400 1472 aliquid
1429 1388 1471 1452 in
1501 1388 1767 1457 divlnstione

439 1482 602 1556 dixerit,
631 1483 667 1546 is
694 1484 810 1547 etiam
839 1503 924 1546 cum
953 1491 1111 1566 peccet,
1139 1491 1269 1547 tamen
1292 1483 1605 1547 oxIstumandus
1627 1484 1681 1549 sit
1700 1485 1767 1551 ba·

438 1576 534 1642 bere
565 1577 641 1641 vim
671 1576 897 1641 divinandi.
1437 1574 1443 1599 ⁸
1611 1574 1617 1579 ’

522 1672 601 1735 LllI.
635 1670 729 1746 Vide,
757 1690 896 1755 quaeso,
929 1670 1078 1753 Cratippe
1101 1678 1225 1745 noster,
1249 1689 1345 1754 quam
1367 1671 1433 1733 sint
1452 1672 1514 1737 ista
1535 1671 1665 1749 similie;
1691 1693 1766 1738 nam

414 1762 514 1827 omibi
542 1785 606 1828 non
632 1765 788 1827 videntur.
840 1765 931 1828 Oculi
960 1765 1043 1827 enim
1074 1784 1148 1827 vera
1176 1771 1340 1828 cernentes
1368 1773 1501 1828 utuntur
1530 1774 1642 1830 natura
1671 1776 1768 1852 atquo

437 1877 550 1933 sensu,
579 1858 675 1922 animi
703 1859 731 1921 si
759 1858 890 1940 quando
918 1858 968 1921 vel
998 1859 1198 1921 vaticinando
1226 1858 1276 1920 vel
1300 1859 1489 1922 somniando
1512 1878 1587 1922 vera
1608 1859 1769 1935 viderunt,

436 1951 487 2015 usi
507 1958 583 2015 sunt
602 1950 728 2016 fortune
749 1961 846 2036 atque
868 1973 964 2027 casu;
994 1954 1054 2016 nisi
1081 1951 1164 2015 forte
1190 1971 1400 2015 concessuros
1424 1954 1481 2016 tibi
1505 1954 1678 2018 existumas
1701 1974 1769 2031 eos,

437 2045 493 2129 qui
515 2047 639 2109 somnia
660 2064 719 2127 pro
741 2046 874 2111 somniis
893 2046 1021 2120 babent,
1043 2046 1069 2108 si
1095 2045 1223 2129 quando
1245 2045 1375 2127 aliquod
1395 2048 1556 2110 somnium
1570 2067 1679 2111 verum
1696 2067 1770 2112 eva·

438 2138 530 2212 serit,
556 2158 621 2201 non
641 2139 674 2203 id
696 2139 826 2205 fortuito
848 2139 1014 2204 accidisse.
1060 2140 1123 2203 Sed
1146 2139 1258 2203 demus
1281 2141 1337 2204 tibi
1359 2142 1436 2204 istas
1460 2141 1539 2204 duas
1560 2142 1768 2223 sumptiones,

401 2250 477 2298 toea
498 2253 580 2316 quae
603 2232 756 2315 λήμματα
787 2234 947 2318 appellant
975 2234 1151 2308 dialectici,
1179 2233 1235 2296 sed
1258 2255 1316 2298 nos
1339 2235 1451 2297 Latiae
1474 2229 1566 2318 loqui
1590 2236 1767 2313 malumus;

437 2327 617 2411 adsumptio
639 2335 754 2401 tamen
776 2347 872 2411 quam
894 2328 1077 2412 πρόςληψιν
1098 2328 1182 2390 idem
1204 2336 1326 2402 vocant,
1348 2349 1413 2391 non
1437 2328 1574 2391 dabitur.
1611 2326 1682 2392 ⁴09.
1706 2333 1770 2394 sd-

438 2421 534 2484 sumit
547 2430 652 2484 autem
665 2422 834 2505 Cratippus
848 2421 910 2487 hoc
926 2422 1036 2486 modo:
1060 2423 1157 2486 Sunt
1178 2432 1300 2486 autem
1323 2423 1640 2488 innumerabiles
1660 2445 1770 2507 prae·

439 2515 659 2580 sensiones
689 2536 769 2579 non
800 2516 1009 2581 fortuitae.
1053 2520 1095 2580 st
1115 2535 1175 2599 ego
1197 2515 1271 2579 dico
1293 2514 1414 2578 nullum
1435 2515 1572 2578 —vide
1596 2522 1772 2601 quantasit

438 2611 654 2675 controversia
668 2632 730 2686 -3
755 2612 816 2675 iem
837 2609 1059 2695 adsumptione
1081 2630 1148 2673 non
1170 2628 1319 2673 concessa
1340 2610 1429 2672 nulla
1450 2610 1612 2673 conclusio
1635 2621 1692 2676 est
1730 2616 1771 2678 st

402 2703 640 2786 toimpudentes
667 2725 794 2779 sumus,
827 2706 901 2788 qui,
933 2726 1005 2768 cum
1034 2713 1098 2767 tam
1127 2705 1329 2787 perspicuum
1359 2704 1416 2777 sit,
1449 2723 1513 2768 non
1545 2705 1768 2771 concedamus.

439 2796 525 2873 Quid
549 2806 597 2861 est
617 2799 845 2881 perspicuum?
879 2799 977 2866 Multa
998 2820 1090 2873 vera,
1115 2799 1233 2882 inquit,
1256 2799 1400 2862 evadere.
1435 2797 1537 2874 Quid,
1559 2801 1647 2882 quod
1669 2801 1769 2865 multo

438 2892 531 2976 plura
552 2892 653 2956 falsat
684 2896 797 2957 Nonne
819 2892 888 2975 ipsa
912 2894 1063 2967 varietas,
1093 2913 1177 2976 quae
1199 2901 1248 2956 est
1269 2893 1399 2975 propria
1420 2891 1583 2967 fortunae,
1610 2892 1771 2959 fortunam

439 3007 510 3051 esse
539 3006 683 3062 causam,
713 3008 777 3052 non
807 2995 952 3051 naturam
982 3007 1053 3051 esse
1082 2987 1197 3049 dooett
1241 2985 1363 3049 Deinde
1386 2986 1414 3049 si
1435 2994 1489 3049 tua
1512 2985 1573 3050 ista
1594 2988 1771 3063 conclusio,

439 3080 607 3164 Cratippe,
629 3102 704 3146 vera
724 3090 775 3146 est
797 3116 840 3127 -
865 3089 969 3145 tecum
991 3080 1076 3144 enim
1099 3080 1176 3142 mibi
1199 3099 1250 3144 res
1271 3089 1319 3142 est
1333 3113 1393 3153 -,
1411 3099 1517 3142 nonne
1539 3081 1697 3165 intellegis
1718 3102 1772 3147 ea·

400 3174 511 3241 todem
532 3175 579 3238 nti
599 3196 697 3259 posse
719 3184 752 3239 et
772 3176 957 3256 haruspices
980 3184 1011 3237 et
1032 3173 1244 3257 fulguratores
1267 3183 1300 3237 et
1319 3174 1509 3255 interpretes
1528 3181 1725 3240 ostentorum
1740 3186 1774 3241 ot

438 3288 575 3351 augures
596 3278 628 3333 et
649 3271 817 3353 sortilegos
839 3279 872 3332 et
887 3269 1089 3333 Chaldaeos?
1114 3289 1249 3350 quorum
1264 3288 1415 3351 generum
1431 3268 1554 3332 nulium
1570 3275 1635 3344 est,
1650 3288 1692 3332 ex
1707 3292 1772 3354 quo

439 3383 503 3427 non
525 3363 657 3448 aliquid,
680 3366 761 3428 sicut
783 3364 979 3447 praedictum
1002 3364 1053 3435 sit,
1075 3362 1223 3425 evaserit.
1258 3365 1342 3445 Ergo
1363 3370 1420 3425 aut
1440 3381 1477 3425 ea
1500 3382 1630 3446 quoque
1654 3382 1772 3445 genera

439 3456 603 3522 divinandi
625 3467 716 3533 suut,
743 3479 825 3544 quae
853 3466 887 3521 tu
913 3457 1098 3520 rectissume
1119 3452 1284 3539 inprobas,
1310 3464 1366 3518 aut
1387 3456 1414 3517 si
1437 3474 1476 3518 ea
1497 3474 1561 3518 non
1582 3465 1675 3531 sunt,
1707 3478 1772 3521 non

439 3553 591 3635 intellego
622 3574 678 3617 cur
705 3554 784 3618 baec
814 3553 878 3616 duo
909 3553 992 3623 sint,
1024 3569 1107 3633 quae
1130 3549 1295 3633 relinquis.
1340 3548 1411 3624 Qua
1440 3568 1514 3631 ergo
1541 3550 1664 3613 ratione
1693 3550 1773 3615 haec

401 3647 580 3721 toinducis,
602 3648 712 3712 eadem
735 3648 791 3710 illa
813 3654 946 3731 possunt
967 3664 1054 3716 esse,
1078 3664 1161 3728 quae
1184 3643 1282 3707 toliis.

524 3741 601 3803 LIV.
634 3738 704 3804 tto.
736 3740 821 3816 Quid
849 3760 924 3804 vcro
953 3740 1048 3801 babet
1074 3737 1270 3800 auctoritatis
1292 3734 1382 3798 turer
1403 3736 1481 3811 iste,
1511 3758 1608 3820 quem
1626 3738 1772 3804 divinum

439 3836 569 3909 vocatis,
590 3843 626 3899 ut
647 3854 730 3919 quae
752 3835 878 3919 sapiens
900 3854 964 3897 uon
986 3834 1110 3907 videat,
1132 3852 1169 3895 ea
1192 3829 1297 3894 videat
1318 3831 1468 3905 insanus,
1483 3840 1515 3893 et
1530 3833 1573 3905 is,
1588 3832 1645 3914 qui
1661 3832 1773 3896 buma-

439 3948 497 3992 nos
519 3948 632 3992 sensus
654 3929 804 4001 amiserit,
828 3928 953 3991 divinos
974 3927 1144 3990 adsecutus
1167 3926 1233 3989 sitt
1263 3926 1403 4008 Sibyllae
1425 3946 1535 3988 versus
1558 3926 1773 4002 observamus,

440 4041 522 4105 quos
544 4021 598 4084 illa
620 4021 729 4085 furens
751 4021 871 4085 fudisse
895 4020 1020 4084 dicitur.
1062 4021 1207 4094 Quorum
1230 4020 1386 4101 interpres
1410 4040 1511 4102 nuper
1532 4019 1612 4084 falsa
1636 4021 1774 4103 quadem

402 4116 602 4179 uhominum
625 4116 708 4179 lama
729 4117 872 4184 dicturus
895 4116 926 4178 in
950 4122 1062 4177 senatu
1085 4114 1252 4197 putabatur
1275 4135 1364 4188 eum,
1394 4135 1490 4197 quem
1512 4135 1546 4176 re
1569 4135 1644 4177 vera
1666 4133 1772 4195 regem

440 4210 642 4283 habebamus,
666 4211 887 4295 appellandum
911 4230 1039 4293 quoque
1063 4229 1133 4272 esse
1150 4228 1272 4290 regem,
1288 4208 1315 4269 si
1331 4209 1410 4270 salvi
1426 4227 1495 4270 esse
1512 4208 1675 4270 vellemus.
1706 4209 1775 4271 Iloc

441 4306 468 4367 si
491 4313 539 4367 est
561 4305 592 4366 in
615 4305 722 4379 libus,
744 4307 776 4367 in
800 4325 895 4387 quem
917 4305 1078 4367 hominem
1102 4312 1134 4365 et
1155 4304 1188 4364 in
1205 4302 1291 4385 quod
1308 4310 1432 4385 tempus
1448 4306 1523 4365 est‘l
1552 4302 1672 4365 Callide
1689 4304 1773 4365 euim

442 4400 497 4481 qui
521 4398 576 4461 illa
598 4400 778 4482 composuit
800 4399 942 4481 perfecit,
964 4405 1000 4460 ut
1022 4397 1248 4479 quodcumque
1270 4396 1448 4468 accidisset,
1470 4393 1672 4479 praedictum
1688 4397 1775 4460 vide·

440 4501 526 4556 retur
555 4493 716 4556 bominum
747 4503 779 4557 et
807 4502 983 4576 temporum
1012 4491 1197 4553 delinitione
1225 4489 1358 4552 sublata.
1403 4485 1474 4551 ΙΙΙ.
1501 4489 1657 4553 Adhibuit
1679 4492 1774 4553 etiam

403 4586 592 4650 aelatebram
624 4587 844 4660 obscuritatis,
877 4594 911 4649 ut
932 4586 1016 4649 idem
1039 4605 1148 4647 versus
1170 4585 1249 4646 alias
1272 4584 1304 4645 in
1327 4584 1422 4647 aliam
1446 4605 1511 4647 rem
1534 4605 1627 4666 posse
1650 4605 1775 4648 accom-

442 4680 561 4744 modari
589 4682 782 4746 viderentur.
826 4683 897 4743 Non
921 4700 991 4743 esse
1014 4687 1119 4742 autem
1142 4679 1220 4741 illud
1247 4699 1374 4742 carmen
1398 4676 1546 4753 furentis,
1576 4698 1648 4740 cum
1670 4678 1774 4759 ipsum

442 4794 556 4859 poema
578 4775 731 4851 declarat,
755 4785 803 4840 est
824 4778 908 4840 enim
931 4774 1029 4856 magis
1052 4774 1128 4836 artis
1151 4779 1182 4835 et
1205 4772 1389 4856 diligentiae
1411 4793 1506 4855 quam
1529 4772 1721 4836 incitationis
1745 4779 1776 4834 et

443 4876 568 4944 motus,
591 4876 656 4932 tum
679 4890 754 4934 vero
777 4890 834 4945 ea,
857 4888 940 4954 quae
962 4870 1153 4950 ἀκροστιχὶς
1176 4868 1307 4942 dicitur,
1334 4889 1404 4931 cum
1427 4867 1578 4951 deinceps
1601 4886 1642 4930 ex
1665 4867 1788 4950 primis

509 5197 532 5245 l.
551 5197 572 5245 si
590 5198 645 5259 pou
662 5197 697 5247 C:
715 5198 736 5246 si
754 5199 797 5258 qul
815 5198 834 5246 0
854 5224 881 5233 —
900 5197 924 5246 t.
939 5198 1032 5246 discit
1044 5196 1077 5246 C:
1096 5197 1188 5245 uiderit
1205 5194 1264 5245 cod.
1279 5195 1374 5256 Regius
1386 5195 1415 5253 0,
1434 5207 1492 5243 uere
1503 5195 1597 5244 disserit
1615 5193 1774 5254 Lambinus3

442 5275 470 5322 tn
492 5271 552 5321 vide
576 5271 609 5322 de
632 5271 674 5322 lllo
699 5274 786 5322 minus
808 5268 920 5322 solemni
938 5274 962 5321 vi
981 5270 1056 5321 verbi
1074 5271 1179 5321 dicendi
1198 5272 1207 5320 Ι
1226 5269 1257 5333 §5
1269 5270 1315 5329 80,
1329 5269 1374 5326 90.
1397 5270 1417 5318 ΙΙ
1436 5269 1513 5331 57ος
1541 5272 1660 5318 ceterum
1679 5268 1774 5318 malis:

441 5350 672 5410 dcccv-dicit,
686 5347 916 5395 --sctsumondos
935 5352 968 5396 est
987 5370 1013 5381 -
1033 5348 1071 5395 bis
1089 5348 1107 5395 Β
1127 5372 1154 5382 -
1174 5347 1198 5395 6.
1217 5348 1238 5395 sl
1255 5358 1308 5394 om.
1329 5345 1350 5391 V
1369 5370 1395 5379 —
1418 5346 1442 5393 7.
1462 5345 1510 5393 uisi
1528 5343 1558 5391 V'
1579 5372 1604 5380 -
1632 5345 1655 5394 8,
1676 5346 1777 5405 quondo

441 5424 482 5474 uel
498 5424 662 5472 milcinoodo
679 5422 778 5486 aliquid
795 5422 956 5471 soomiomV
977 5448 1003 5458 -
1024 5422 1049 5476 9,
1066 5423 1209 5483 fortuitull
1235 5446 1263 5455 -
1291 5421 1331 5469 ⁴0.
1351 5421 1507 5469 lammotoc
1533 5446 1559 5454 -
1588 5420 1776 5468 molemussss

442 5500 461 5549 B
481 5526 508 5534 -
534 5499 574 5546 lt.
593 5498 734 5560 adsumptio
751 5497 890 5547 PearcIus:
913 5498 1056 5559 praesensio
1074 5498 1093 5546 C
1113 5520 1139 5531 -
1160 5491 1324 5563 πρόςληψιν
1342 5495 1492 5544 Ernestius:
1509 5494 1644 5556 prolocuto
1661 5496 1697 5552 A,
1714 5508 1778 5553 pro-

441 5574 535 5622 lemsim
547 5572 589 5621 BV
603 5598 629 5607 -
655 5574 742 5622 eldam
755 5572 783 5629 Β,
801 5572 876 5621 tuen
888 5573 908 5621 0
922 5599 949 5607 -
970 5572 1009 5622 l8.
1028 5578 1149 5620 notorum
1166 5572 1235 5619 docet
1252 5568 1329 5618 codd.
1350 5568 1497 5634 interpolati
1515 5571 1552 5627 0;
1576 5569 1610 5618 cl.
1630 5570 1651 5618 ll
1669 5568 1727 5631 §tlt
1748 5594 1775 5604 -·

440 5651 523 5699 otoo
539 5648 667 5697 wlstan
694 5671 721 5683 -
747 5645 787 5697 ⁴9.
806 5658 856 5694 ooo
872 5643 903 5695 ΑΙ
922 5674 950 5682 -
980 5649 1021 5696 20.
1039 5646 1244 5709 sulporotorctb
1269 5671 1295 5679 -
1328 5646 1368 5693 ΙΙ.
1384 5646 1567 5706 praedictumst
1583 5642 1659 5694 llalm
1684 5671 1710 5679 -
1734 5642 1775 5693 il.

440 5724 604 5787 slotJusotA
625 5748 653 5757 -
677 5722 802 5771 rotlomm
817 5721 847 5769 Βι
866 5747 892 5756 -
918 5721 957 5770 28.
977 5722 1105 5770 adsectator
1122 5722 1150 5770 ΙΙι
1170 5746 1195 5756 -
1216 5719 1387 5780 substinebit,
1405 5719 1539 5769 ubidosv
1557 5746 1589 5755 -
1607 5718 1646 5767 sn.
1666 5718 1777 5779 quodum

442 5780 521 5848 dodd.
535 5798 599 5848 dett.
614 5797 724 5848 Mosen:
745 5796 870 5858 qooadom
888 5797 907 5845 C
925 5822 958 5833 -
975 5795 1014 5845 32.
1033 5802 1057 5845 et
1073 5798 1101 5844 s‘o
1118 5800 1178 5855 quot
1194 5799 1289 5856 loripes
1306 5796 1334 5854 B,
1354 5794 1402 5844 sed
1420 5796 1447 5843 io
1463 5807 1521 5859 sup.
1535 5793 1579 5844 lin.
1600 5820 1625 5829 -
1646 5794 1686 5843 db.
1702 5793 1777 5842 uum

442 5874 503 5924 0-
524 5876 667 5925 scomma
686 5897 713 5907 -
732 5872 773 5922 ³8.
789 5883 849 5920 nore
865 5884 943 5931 mque
960 5872 1105 5921 westirblr
1121 5872 1139 5920 B
1154 5896 1181 5906 -
1200 5871 1333 5920 ocrotblcs's
1344 5869 1383 5929 ΑΙ,
1403 5870 1580 5920 oormtblctal'
1594 5895 1620 5905 -
1639 5882 1672 5918 so
1687 5868 1777 5929 prioris

441 5948 560 6012 cutesque
576 5959 662 5999 uersus
678 5947 769 5997 titteris
785 5946 880 6012 scripsi
898 5947 957 6010 (nni
973 5944 1050 5997 mal'n
1066 5959 1101 5998 cco
1113 5946 1192 6009 esses
1207 5958 1293 5997 uersor
1309 5944 1365 5995 scil.
1378 5947 1465 6010 prima
1481 5943 1569 5995 litters
1584 5945 1674 6007 priests
1689 5942 1777 5993 cutus·
