4342 7459
441 1232 503 1302 294
722 1245 776 1308 llll
797 1244 954 1307 lllNlBUS
977 1243 1174 1308 BONOBUM
1195 1245 1248 1305 ET
1269 1244 1469 1309 MALOBUM

441 1413 555 1496 partim
576 1413 668 1476 novis
690 1421 723 1478 et
743 1413 986 1488 commenticiis,
1010 1423 1044 1477 ut
1065 1415 1124 1477 ista
1146 1413 1299 1497 producta
1321 1422 1353 1476 et
1373 1412 1520 1487 reducta,
1542 1414 1656 1496 partim
1677 1414 1762 1478 idom

441 1503 691 1589 significantibus
713 1540 754 1553 -
777 1509 853 1590 quid
885 1496 968 1569 enim
998 1509 1129 1571 interest
1158 1515 1288 1590 expetas
1316 1527 1354 1570 an
1386 1507 1504 1589 eligas?
1534 1508 1609 1570 mibi
1630 1508 1762 1591 quidem

441 1600 535 1664 etiam
566 1601 682 1664 lautius
714 1602 839 1664 videtur
868 1599 953 1683 quod
983 1600 1108 1683 eligitur
1135 1610 1167 1663 et
1195 1601 1233 1664 ad
1258 1599 1342 1684 quod
1366 1600 1499 1663 dilectus
1520 1600 1689 1663 adhibetur
1710 1635 1762 1674 -,

440 1694 513 1768 sed,
535 1716 607 1758 cum
629 1716 688 1779 ego
709 1696 770 1759 ista
792 1695 898 1759 omnia
919 1695 1002 1759 bona
1017 1693 1137 1777 dixero,
1160 1703 1280 1758 tantum
1296 1693 1391 1756 refert
1406 1714 1500 1777 quam
1515 1712 1627 1775 magna
1643 1693 1761 1769 dicam3

416 1804 508 1850 ocum
532 1791 723 1872 expetenda,
747 1809 841 1873 quam
863 1788 965 1856 valde.
1002 1789 1056 1851 Sin
1081 1798 1184 1851 autem
1208 1809 1266 1850 nec
1283 1788 1462 1869 expetenda
1477 1807 1536 1870 ego
1552 1788 1651 1870 magis
1666 1808 1762 1871 quam

440 1890 473 1946 tu
502 1883 664 1966 eligenda,
696 1904 754 1947 nec
783 1883 839 1947 illa
868 1884 966 1966 pluris
993 1880 1186 1945 aestimanda
1209 1902 1283 1964 ego,
1313 1882 1368 1963 qui
1391 1881 1492 1953 bona,
1518 1901 1612 1963 quam
1634 1889 1684 1955 tu,
1707 1884 1762 1966 qui

440 1976 591 2058 producta
613 1978 773 2061 appellas,
804 1979 909 2041 omnia
930 1980 991 2041 ista
1013 1996 1144 2039 necesse
1166 1985 1215 2038 est
1236 1974 1396 2037 obscurari
1418 1994 1477 2036 nec
1500 1994 1652 2057 apparere
1675 1983 1707 2038 et
1728 1976 1762 2039 in

440 2070 564 2134 virtutis
593 2081 752 2155 tamquam
780 2071 813 2155 iq
843 2071 918 2134 solis
947 2071 1053 2134 radios
1081 2070 1251 2132 incurrere.
1294 2062 1345 2129 9l.
1367 2069 1408 2130 At
1429 2069 1527 2141 enim,
1559 2068 1676 2152 quain
1699 2068 1764 2131 vita

439 2172 488 2227 ost
518 2165 640 2248 aliquid
670 2164 761 2239 mali,
795 2184 832 2227 ea
864 2164 955 2227 beata
983 2184 1053 2228 esse
1083 2183 1145 2225 non
1176 2170 1290 2246 potest.
1333 2163 1378 2223 Ne
1401 2182 1491 2243 seges
1516 2162 1646 2244 quidem
1668 2162 1764 2244 igitur

351 2264 355 2269 “
402 2258 533 2341 respicis
562 2260 711 2323 uberibus
744 2267 776 2321 et
803 2251 937 2333 crebris,
968 2259 995 2322 si
1023 2276 1155 2320 avenam
1185 2257 1308 2338 uspiam
1335 2254 1469 2327 rideris,
1501 2274 1559 2317 neo
1587 2264 1764 2318 mercatura

439 2361 646 2434 quaestuosa,
667 2359 694 2416 si
715 2354 748 2416 in
771 2353 915 2416 maximis
936 2352 1032 2416 lucris
1055 2352 1182 2433 paulum
1206 2349 1326 2433 aliquid
1350 2349 1454 2412 damni
1477 2348 1679 2412 contraxerit.
1713 2348 1762 2410 An

437 2443 498 2507 boc
520 2466 623 2529 usque
645 2466 788 2529 quaque,
811 2446 904 2509 aliter
925 2447 959 2508 in
982 2447 1067 2509 vitat
1092 2454 1123 2508 et
1145 2464 1208 2508 non
1231 2464 1270 2507 ex
1294 2443 1431 2507 maxima
1454 2452 1541 2527 parte
1563 2443 1603 2506 de
1625 2450 1693 2506 tota
1714 2445 1764 2508 io·

439 2537 583 2601 dicabist
617 2560 658 2603 an
688 2540 818 2603 dubium
847 2548 895 2602 est
924 2540 1000 2623 quin
1028 2540 1127 2603 virtus
1156 2540 1200 2602 ita
1228 2539 1395 2602 maximam
1424 2546 1544 2619 partem
1567 2536 1709 2599 obtineat
1729 2538 1762 2600 in

436 2631 530 2694 rebus
551 2633 711 2706 humanis,
741 2639 777 2696 ut
798 2633 937 2716 reliquas
959 2634 1093 2696 obruat?
1123 2633 1256 2696 Audebo
1278 2632 1374 2713 igitur
1395 2640 1515 2706 cetera,
1546 2650 1628 2714 quae
1650 2624 1763 2693 snotin-

401 2724 512 2786 utdum
540 2733 682 2789 naturam
712 2733 800 2799 sunt,
833 2726 916 2788 bona
946 2726 1108 2809 appellare
1141 2747 1199 2789 nec
1232 2726 1378 2790 fraudare
1408 2745 1467 2788 suo
1498 2734 1604 2789 vetere
1633 2726 1762 2789 nomino

437 2809 652 2902 potiusquam
674 2819 805 2902 aliquod
824 2840 939 2883 novum
956 2823 1136 2902 exquirere,
1158 2820 1281 2884 virtutis
1297 2827 1400 2883 autem
1416 2819 1656 2903 amplitudinem
1671 2819 1761 2902 quasi

437 2910 471 2972 in
492 2911 592 2976 altera
614 2913 711 2976 librae
735 2902 824 2976 laneo
846 2933 974 2997 ponere.
1011 2911 1062 2976 92.
1087 2917 1231 2988 Terram,
1253 2913 1328 2976 mibi
1345 2912 1451 2986 credo,
1475 2933 1512 2976 ea
1527 2914 1602 2976 lanx
1618 2919 1650 2975 et
1664 2913 1762 2975 maria

436 3003 602 3087 deprimet
640 3008 771 3089 Semper
792 3007 878 3071 enim
900 3028 940 3070 ex
963 3028 1019 3082 eo,
1043 3009 1130 3093 quod
1154 3009 1305 3072 maximas
1320 3015 1424 3090 partes
1440 3007 1581 3069 continet
1595 3006 1763 3068 latissime-

400 3144 404 3147 ·
438 3118 500 3180 qne
521 3098 679 3176 funditur,
702 3108 765 3164 tota
789 3122 839 3165 res
862 3102 1049 3184 appellatur.
1086 3104 1225 3166 Dicimus
1247 3102 1386 3183 aliquem
1409 3100 1510 3163 hilare
1531 3102 1652 3163 rivere:
1676 3118 1763 3181 ergo,

399 3192 463 3255 rosi
493 3194 590 3257 semel
620 3195 742 3258 tristior
771 3197 900 3260 effectus
923 3205 986 3271 est,
1016 3197 1117 3260 hilara
1139 3198 1202 3259 vita
1224 3196 1337 3257 amissa
1360 3196 1428 3256 estt
1457 3196 1498 3256 At
1519 3193 1581 3255 boo
1602 3193 1637 3254 in
1659 3212 1698 3255 eo
1720 3194 1762 3261 bl.

438 3287 565 3362 Crasso,
594 3309 689 3371 quem
712 3290 809 3352 semel
831 3290 875 3352 ait
898 3291 931 3352 in
954 3291 1016 3353 vita
1040 3291 1147 3353 risisse
1169 3289 1327 3363 Lucilius,
1355 3307 1419 3350 non
1443 3288 1590 3371 contigit,
1612 3295 1648 3349 ut
1669 3306 1707 3350 oa
1728 3307 1762 3349 ra

437 3382 540 3444 minus
562 3383 754 3463 ἀγέλαστος,
784 3391 819 3446 ut
845 3384 1011 3457 nitidem,
1040 3393 1214 3451 vocaretur.
1258 3382 1452 3465 Polycratem
1477 3382 1616 3445 Samium
1638 3380 1763 3444 felicem

436 3475 655 3556 appellabant:
677 3476 760 3538 nihil
782 3477 941 3539 acciderat
962 3478 993 3539 ei
1015 3477 1101 3559 quod
1124 3477 1236 3548 nollet,
1261 3477 1320 3537 nisi
1344 3476 1431 3559 quod
1453 3476 1598 3549 anulum,
1622 3496 1686 3559 quo
1709 3474 1763 3538 de·

437 3566 623 3642 lactabatur,
652 3570 685 3631 in
716 3569 792 3631 mari
824 3569 991 3632 abiecerat
1032 3570 1115 3650 Ergo
1139 3568 1251 3631 infelix
1274 3589 1336 3630 una
1360 3569 1518 3643 molestia,
1543 3568 1622 3633 felix
1644 3586 1763 3646 rursus,

399 3674 509 3722 iocum
530 3662 558 3723 is
580 3662 649 3742 ipse
670 3662 784 3725 anulus
807 3663 839 3725 in
861 3662 1055 3744 praecordiis
1078 3663 1174 3745 piscis
1199 3663 1346 3725 inventus
1369 3667 1442 3725 estt
1469 3664 1526 3727 llle
1548 3684 1642 3738 vero,
1666 3669 1693 3728 si
1713 3663 1762 3725 in·

436 3752 555 3833 sipiens
579 3788 621 3802 -
644 3754 730 3837 quod
753 3764 851 3828 certe,
877 3756 1028 3837 quoniam
1055 3764 1206 3839 tyrannus
1228 3789 1282 3827 -,
1312 3776 1484 3839 numquam
1508 3757 1634 3822 beatus:
1664 3760 1691 3822 si
1715 3778 1763 3822 sa·

437 3845 541 3928 piens,
564 3868 603 3910 ne
626 3855 691 3910 turn
716 3848 843 3931 quidem
867 3849 975 3923 miser,
1003 3869 1074 3911 cum
1097 3849 1136 3911 ab
1159 3849 1273 3912 Oroete
1295 3858 1440 3932 praetore
1462 3852 1555 3915 Darei
1578 3853 1610 3914 in
1634 3873 1758 3916 crucem

437 3947 524 4002 actus
547 3950 606 4005 est.
647 3944 704 4004 «At
725 3942 831 4006 multis
854 3943 942 4006 malis
965 3943 1124 4007 auectus.»
1164 3938 1244 4018 Quis
1267 3947 1380 4025 negat?
1409 3944 1465 4006 sed
1489 3965 1525 4007 ea
1542 3946 1622 4009 mala
1638 3947 1761 4010 virtutis

437 4035 651 4117 magnitudine
674 4036 897 4099 obruebantur.

400 4140 428 4189 ³0
520 4131 637 4193 XXXl.
660 4127 711 4192 93.
742 4135 788 4191 An
819 4149 859 4192 ne
890 4130 949 4193 boc
981 4131 1110 4214 quidem
1142 4133 1352 4214 Peripateticis
1380 4132 1542 4203 concedis,
1576 4142 1611 4194 ut
1640 4133 1762 4206 dicant,

437 4226 576 4287 omnium
598 4225 753 4288 bonorum
775 4225 930 4297 virorum,
962 4225 993 4286 id
1017 4233 1064 4287 est
1087 4227 1288 4309 sapientium,
1313 4225 1456 4287 omnibus
1480 4226 1647 4288 virtutibus
1670 4245 1763 4289 orna-

438 4326 554 4393 torum,
584 4320 679 4381 vitam
709 4308 855 4381 omnibus
887 4319 1026 4400 partibus
1054 4319 1127 4399 plus
1155 4319 1271 4382 babere
1302 4340 1426 4403 semper
1447 4320 1521 4381 boni
1547 4338 1638 4401 quam
1664 4319 1763 4382 malit

423 4411 517 4487 *Quis
538 4412 599 4475 boc
622 4414 721 4476 dicit?
751 4413 847 4476 Stoici
870 4414 999 4475 scilicet.
1049 4413 1194 4484 Minime,
1222 4413 1277 4474 sed
1301 4415 1351 4476 isti
1376 4414 1449 4497 ipsi,
1474 4414 1528 4495 qui
1551 4412 1711 4494 voluptate
1732 4419 1764 4475 et

438 4505 547 4569 dolore
570 4508 674 4569 omnia
690 4507 879 4580 metiuntur,
903 4527 1008 4568 nonne
1025 4506 1160 4569 clamant
1176 4508 1310 4588 sapienti
1327 4508 1396 4590 plus
1412 4527 1538 4588 semper
1551 4506 1662 4568 adesse
1679 4506 1763 4589 quod

400 4598 514 4662 oretis
541 4621 635 4683 quam
666 4600 753 4684 quod
783 4601 887 4662 nolitt
922 4600 1000 4663 Cum
1031 4609 1149 4663 tantum
1180 4602 1275 4682 igitur
1303 4602 1334 4663 in
1358 4602 1472 4664 virtute
1496 4606 1617 4681 ponant
1638 4599 1678 4674 ii,
1707 4598 1763 4682 qui

437 4764 523 4777 ᾗ.-.
793 4772 960 4780 ψ..-
1355 4767 1758 4778 ——----.....---—-..-.⁴

502 4888 527 4937 9.
546 4888 652 4951 quidmst]
670 4888 730 4949 quid
746 4889 765 4937 B
781 4915 806 4923 -
826 4888 929 4938 &tutior
945 4890 995 4938 BD
1008 4890 1069 4951 (non
1083 4889 1109 4949 E]
1127 4914 1150 4922 -
1166 4889 1266 4937 dilectos
1284 4888 1346 4938 BE:
1366 4889 1470 4937 delector
1481 4888 1533 4937 ΜΟ
1547 4913 1572 4922 -
1593 4890 1617 4937 9.
1630 4887 1705 4936 vulda
1715 4888 1764 4935 iisd

437 4967 520 5011 numm
537 4962 582 5011 BE
597 4989 623 4996 -
644 4963 667 5011 6.
685 4963 766 5024 pluris
783 4965 981 5014 cristicrondnE
996 4992 1021 5000 -
1042 4977 1119 5023 quom
1135 4964 1177 5023 qui
1194 4977 1249 5011 cum
1258 4964 1351 5025 prodiit
1364 4964 1504 5023 appellasti
1519 4988 1543 4996 -·
1565 4962 1589 5011 8.
1602 4964 1701 5011 uirtutis
1712 4962 1764 5011 lla·

439 5039 539 5086 nutius:
553 5039 656 5086 uirtutes
667 5037 735 5086 codd
759 5063 784 5072 -
800 5038 824 5086 9.
840 5039 945 5103 quidem]
959 5039 1018 5099 quid
1031 5039 1074 5087 BE
1090 5063 1115 5072 —
1132 5038 1170 5086 to.
1184 5039 1336 5102 mercatura]
1350 5038 1422 5085 mirbi
1434 5042 1492 5084 toro
1504 5036 1550 5084 BE
1565 5063 1591 5071 -
1606 5038 1646 5085 ll.
1658 5036 1764 5097 pontum

438 5113 572 5162 Bromius:
584 5126 676 5173 porram
688 5112 757 5162 codd
771 5128 777 5170 3
789 5117 907 5177 tsponrm
919 5115 977 5164 lto.
998 5112 1031 5162 ct
1046 5112 1078 5161 ad
1093 5128 1117 5176 p.
1129 5112 1184 5170 t99,
1198 5115 1238 5161 to.
1251 5141 1274 5147 -
1292 5114 1331 5161 43.
1346 5125 1423 5173 usquo
1434 5126 1532 5173 quoquc
1543 5112 1618 5160 aliter
1629 5113 1655 5159 ic
1666 5112 1728 5169 cito,
1741 5115 1764 5159 et

437 5187 518 5235 nono
532 5211 557 5223 -
579 5187 619 5237 ll.
632 5187 731 5248 reliquo
747 5189 907 5238 Goerenzius
927 5217 952 5225 -
966 5188 1094 5236 cetoroB:
1114 5200 1167 5236 om.
1182 5187 1201 5234 0
1217 5214 1241 5222 -
1258 5189 1297 5237 ⁴5.
1310 5193 1366 5236 sunt
1378 5188 1438 5236 cod.
1453 5187 1601 5237 Leidensts:
1622 5187 1671 5234 rint
1688 5186 1764 5235 9910

439 5287 465 5297 -
477 5267 557 5311 omero
569 5274 631 5311 nos:
649 5264 726 5311 ceteri
739 5261 817 5312 codd.
833 5266 859 5311 et
877 5263 938 5312 tto.
958 5263 1015 5312 Vid.
1031 5261 1196 5324 Wesenberg
1214 5262 1246 5311 ad
1260 5276 1298 5311 or.
1312 5276 1338 5325 p.
1353 5263 1437 5311 Sestio
1455 5277 1479 5325 p.
1493 5263 1507 5311 t
1520 5275 1561 5325 sq.
1577 5287 1605 5298 -
1624 5261 1664 5310 ro.
1682 5262 1765 5321 potior

437 5350 513 5399 pacm
524 5336 626 5397 aliquod
637 5336 793 5386 Lambinus:
805 5339 975 5399 potiusquam
986 5338 1056 5386 aliod
1066 5340 1099 5394 G;
1113 5351 1189 5397 qurum
1202 5339 1298 5401 aliquid
1308 5338 1429 5399 (ntiquom
1439 5339 1487 5400 BE)
1499 5340 1580 5399 potiar
1591 5338 1672 5386 ceteri
1683 5335 1761 5385 codd.

438 5416 465 5462 ot
482 5413 516 5464 0:
536 5414 643 5474 tsorerem
660 5412 756 5475 aliquid
770 5413 852 5472 potios
869 5413 893 5461 bl
909 5439 934 5449 —
954 5414 1085 5476 acquirere
1103 5413 1121 5461 Ε
1138 5439 1162 5447 -
1183 5413 1222 5461 tt.
1237 5413 1274 5476 eo]
1293 5418 1320 5462 ot
1337 5414 1370 5470 B;
1388 5417 1411 5461 et
1429 5413 1488 5461 E-
1507 5413 1548 5462 2⁰.
1561 5413 1600 5474 At]
1618 5426 1653 5461 cn
1670 5412 1721 5462 99
1736 5437 1762 5446 -

381 5480 383 5482 ’
436 5487 478 5536 2⁴.
498 5486 615 5536 erassum
637 5486 720 5546 illum,
745 5499 816 5547 quern
838 5487 922 5537 Cicero
945 5493 1046 5537 auctora
1063 5487 1157 5536 Lucilio
1173 5488 1246 5536 sonet
1264 5489 1290 5535 ic
1307 5488 1359 5535 vito
1375 5489 1457 5536 risisse
1473 5488 1558 5536 scribit
1575 5486 1690 5537 Macmb.
1709 5487 1763 5535 Sat,

439 5563 472 5618 ll,
492 5562 516 5619 l,
535 5560 558 5609 o.
580 5587 605 5596 -
625 5565 654 5608 ut
671 5563 732 5620 (non
749 5562 801 5620 cut)
820 5573 851 5609 oo
868 5561 946 5610 etiam
966 5561 984 5609 E
1005 5588 1030 5598 —
1050 5563 1091 5610 93.
1110 5562 1235 5624 opetortos
1252 5562 1299 5610 BE
1315 5590 1341 5598 -
1360 5569 1404 5610 cot
1421 5564 1456 5610 cit
1476 5563 1562 5611 BE-
1583 5563 1623 5611 93.
1643 5562 1764 5610 occideret

439 5637 457 5685 B
478 5661 504 5671 —
528 5635 816 5684 meum-minutos
833 5636 882 5685 90
903 5662 928 5671 -
954 5635 994 5686 Bi.
1013 5638 1039 5685 ic
1062 5651 1132 5686 moro
1150 5637 1279 5685 Victorius
1302 5663 1327 5672 -
1351 5637 1392 5686 27.
1412 5637 1517 5697 quidem]
1536 5638 1595 5697 quid
1612 5637 1675 5695 BE3
1700 5638 1762 5685 item

438 5723 463 5757 v.
482 5709 522 5758 30.
546 5738 572 5749 -
598 5711 686 5761 Oroete
701 5710 845 5759 Victorius:
869 5717 954 5760 orocto
971 5711 1048 5761 codd.
1069 5715 1156 5772 (otiam
1175 5712 1202 5771 Bt
1222 5736 1249 5745 -
1274 5712 1314 5760 98.
1333 5711 1370 5774 Ar]
1389 5717 1411 5760 et
1432 5713 1450 5761 B
1474 5739 1498 5769 ε
1530 5711 1569 5760 Bt.
1589 5712 1709 5759 bonorum
1724 5710 1764 5759 oi-

438 5798 526 5833 rorom
549 5786 583 5834 B:
607 5787 720 5835 virorum
742 5785 862 5834 bonorum
880 5787 932 5835 ΜΟ
959 5813 983 5823 -
1009 5786 1050 5836 33,
1070 5787 1146 5836 Stoici
1168 5786 1258 5835 scilicet
1277 5784 1435 5836 lianrbinus:
1460 5787 1542 5835 stoicis
1563 5786 1618 5835 ticet
1635 5784 1713 5834 codd.
1734 5810 1761 5821 -·

345 5853 350 5863 '
438 5858 524 5907 irtoB
547 5884 575 5896 —
603 5859 643 5912 at.
661 5861 850 5911 monimenti
874 5886 901 5897 —
925 5861 966 5911 35.
982 5868 1079 5924 ponunt
1100 5862 1169 5911 Bake
1191 5861 1225 5911 ad
1250 5861 1302 5911 Cic.
1323 5861 1356 5911 de
1376 5864 1451 5926 legg.
1471 5876 1496 5927 p.
1513 5861 1561 5911 379
1578 5874 1619 5924 sq.
1641 5887 1668 5898 -
1688 5861 1715 5924 ii]
1731 5860 1763 5924 ὴν
