4342 7459
436 1256 499 1323 681
971 1264 1024 1327 DE
1047 1262 1216 1327 OFFlCllS

438 1419 557 1485 cultum
587 1429 620 1484 et
647 1422 686 1484 ud
716 1442 823 1485 earum
850 1441 972 1497 rerum,
1005 1423 1122 1506 quibus
1145 1431 1275 1487 utuntur
1295 1424 1457 1499 homines,
1487 1423 1687 1499 facultatem,
1715 1419 1759 1486 ad

438 1533 533 1596 opes,
554 1515 594 1577 ad
616 1517 734 1598 copias.
779 1512 825 1599 [ln
848 1536 911 1598 quo
934 1524 999 1578 tum
1022 1518 1130 1597 quaeri
1154 1516 1220 1579 dixi
1243 1518 1320 1601 quid
1341 1518 1435 1590 utile,
1459 1518 1535 1600 quid
1550 1517 1672 1591 inutile,
1688 1524 1758 1579 tum
1798 1514 1806 1547 '

438 1627 478 1670 ex
499 1608 629 1672 utilibus
652 1609 730 1692 quid
753 1611 862 1673 utilius
884 1617 939 1672 aut
961 1609 1037 1693 quid
1061 1611 1198 1674 maxime
1220 1607 1320 1694 utile]
1366 1613 1412 1674 De
1433 1612 1550 1694 quibus
1573 1610 1679 1674 dicere
1700 1610 1757 1675 ad·

437 1700 619 1783 gradiar,·si
642 1723 742 1787 pauca
763 1705 851 1786 prius
873 1704 912 1766 de
934 1704 1078 1765 instituto
1101 1723 1138 1766 ac
1157 1704 1196 1767 de
1212 1705 1331 1768 iudicio
1347 1724 1416 1767 meo
1432 1704 1555 1767 dixero.
1590 1701 1620 1766 2.
1637 1704 1758 1779 Quam·

413 1804 532 1877 equam
554 1797 637 1859 enirn
660 1798 732 1861 libri
755 1798 853 1862 nostri
875 1797 1055 1879 complures
1076 1817 1141 1860 non
1164 1797 1257 1861 modo
1286 1800 1326 1862 ad
1346 1799 1491 1882 legendi,
1520 1797 1576 1861 sed
1598 1798 1693 1861 etiam
1715 1795 1758 1859 ad

436 1888 593 1952 scribendi
622 1891 762 1954 studium
792 1892 1024 1965 excitaverunt,
1053 1900 1159 1954 tamen
1187 1893 1344 1956 interdum
1370 1912 1485 1957 uereor
1504 1912 1545 1955 ne
1568 1890 1757 1975 quibusdam

436 1981 527 2045 honis
555 1984 630 2047 viris
659 1984 881 2068 philosophiae
910 2004 1025 2047 nomen
1055 1985 1097 2047 sit
1124 1986 1260 2050 invisum
1282 1987 1498 2069 mirenturque
1520 1986 1553 2049 in
1575 2004 1613 2049 ea
1633 1991 1758 2050 tautum

436 2095 487 2138 me
508 2097 624 2160 operae
645 2085 678 2143 et
699 2078 847 2161 temporis
869 2097 997 2163 ponere.
1040 2080 1107 2160 Ego
1129 2087 1249 2155 autem,
1278 2100 1371 2163 quum
1401 2080 1455 2142 diu
1477 2099 1529 2143 res
1551 2077 1678 2162 publica
1698 2096 1759 2160 per

438 2188 492 2232 eos
513 2172 693 2252 gerebatur,
724 2173 839 2256 quibus
862 2193 896 2236 se
918 2174 987 2253 ipsa
1010 2174 1224 2246 commiserat,
1247 2174 1349 2236 omnis
1373 2194 1458 2237 meas
1480 2193 1571 2237 curas
1593 2169 1759 2255 cogitatio·

399 2271 556 2346 tonesque
586 2264 620 2326 in
649 2285 718 2329 eam
749 2265 958 2329 conferebam.
1011 2264 1089 2327 Cum
1112 2273 1218 2329 antem
1241 2267 1403 2330 dominatu
1425 2268 1520 2330 unius
1542 2266 1647 2330 omnia
1669 2275 1759 2329 tene·

437 2363 547 2419 rentur
568 2378 673 2441 neque
695 2367 779 2422 esset
800 2379 934 2442 usquam
957 2359 1089 2421 consilio
1113 2368 1167 2421 aut
1188 2360 1367 2423 auctoritati
1382 2361 1484 2435 locus,
1500 2360 1604 2424 socios
1619 2359 1758 2443 denique

437 2449 572 2513 tuendae
594 2453 640 2514 rei
661 2454 820 2537 publicae,
836 2473 976 2516 summos
992 2453 1093 2525 viros,
1108 2454 1299 2529 amisissem,
1315 2474 1373 2517 nec
1389 2475 1439 2517 me
1454 2456 1623 2537 angoribus
1638 2452 1757 2526 dedidi,

406 2595 408 2601 .
438 2545 554 2625 quihus
577 2565 677 2609 essem
700 2547 871 2620 conlectus,
893 2547 954 2609 nisi
976 2546 1015 2607 iis
1037 2546 1236 2620 restitissem,
1259 2568 1317 2610 nec
1335 2568 1460 2611 rursum
1475 2548 1614 2629 indignis
1629 2545 1757 2609 homine

438 2635 531 2701 docto
553 2639 773 2723 voluptatibus.
817 2637 847 2702 3.
869 2643 974 2722 Atque
995 2639 1116 2701 utinam
1139 2659 1189 2702 res
1211 2641 1338 2723 publica
1360 2644 1502 2704 stetisset
1523 2661 1588 2725 quo
1610 2647 1758 2723 coeperat

400 2737 520 2794 ttstatu
549 2752 608 2796 nec
637 2733 678 2794 in'
701 2734 844 2798 homines
877 2754 939 2797 non
975 2742 1037 2795 tam
1070 2736 1358 2797 commutandarum
1391 2755 1485 2817 quam
1518 2733 1756 2798 evertendarum

437 2842 542 2887 rerum
571 2826 703 2911 cupidos
732 2828 913 2891 incidissetl
959 2828 1095 2889 Primum
1118 2827 1218 2901 enim,
1248 2836 1282 2890 ut
1311 2835 1413 2891 stante
1442 2849 1476 2891 re
1504 2828 1631 2911 publica
1652 2827 1757 2890 iacere

437 2918 626 2996 solebamus,
648 2924 681 2986 in
704 2920 828 3004 agendo
850 2922 921 3005 plus
943 2940 1038 3003 quam
1060 2920 1094 2981 in
1110 2919 1276 2982 scribendo
1293 2940 1408 3003 operae
1423 2939 1626 3005 poneremus,
1642 2919 1758 2984 deinde

437 3012 516 3095 ipsis
537 3015 660 3098 scriptis
682 3035 745 3078 non
768 3035 820 3090 eu,
851 3034 932 3098 qnae
955 3034 1055 3088 nunc,
1078 3012 1135 3076 sed
1157 3013 1299 3076 actiones
1320 3022 1444 3078 nostras
1466 3014 1701 3089 mandaremus,
1723 3023 1759 3078 ut

437 3125 532 3189 saepe
554 3108 696 3173 fecimus.
740 3110 817 3173 Cum
839 3115 944 3171 autem
967 3127 1017 3170 res
1039 3108 1181 3191 publiea,
1203 3108 1236 3169 in
1260 3127 1323 3191 qna
1346 3108 1447 3171 omnis
1469 3127 1539 3171 mea
1562 3127 1652 3182 cura,
1674 3109 1760 3191 cogi·

400 3202 530 3275 mutio,
552 3221 647 3286 opera
669 3203 744 3288 poni
766 3203 904 3277 solebat,
927 3202 1013 3264 nulla
1036 3209 1119 3263 esset
1141 3202 1280 3274 omnino,
1301 3200 1375 3264 illae
1397 3202 1516 3264 scilicet
1539 3200 1661 3265 litterae
1683 3221 1760 3266 cou-

437 3297 596 3360 ticuerunt
616 3296 759 3360 forenses
781 3306 813 3359 et
834 3296 1021 3359 senatoriae.
1064 3292 1096 3356 l.
1120 3294 1205 3357 Nihil
1228 3313 1321 3376 agere
1343 3302 1448 3357 autem
1468 3313 1538 3357 cum
1554 3295 1679 3358 animus
1693 3314 1759 3359 non

437 3397 560 3475 posset,
590 3391 622 3452 in
644 3390 692 3454 his
715 3390 829 3453 studiis
858 3390 897 3452 ab
920 3390 1010 3452 initio
1033 3396 1175 3451 versatus
1198 3389 1309 3450 aetatis
1332 3389 1511 3452 existimari
1533 3388 1758 3452 honestissime

437 3484 598 3547 molestius
625 3478 719 3568 posse
747 3484 882 3565 deponi,
912 3483 938 3545 si
967 3502 1016 3545 me
1043 3482 1082 3544 ad
1105 3481 1337 3565 philosophiam
1360 3482 1563 3545 rettulissem.
1608 3480 1665 3544 Cui
1687 3501 1760 3545 cum

436 3577 571 3641 multum
599 3577 783 3640 adulescens
816 3575 959 3639 discendi
988 3594 1082 3638 causa
1113 3576 1263 3656 temporis
1291 3576 1489 3649 tribuissem,
1523 3583 1633 3658 postea
1662 3595 1759 3659 quum

400 3667 609 3734 ”honoribus
632 3672 784 3734 inservire
806 3671 895 3752 coepi
919 3689 1032 3752 meque
1055 3677 1156 3731 totum
1179 3669 1225 3731 rei
1247 3670 1391 3751 publicae
1411 3668 1541 3743 tradidi,
1557 3675 1676 3733 tantum
1692 3677 1760 3734 eret

437 3763 658 3847 philosophiae
680 3764 756 3838 loci,
776 3771 927 3845 quantum
944 3762 1142 3845 superfuerat
1157 3762 1328 3824 amicorum
1343 3772 1375 3826 et
1389 3764 1433 3825 rei
1448 3763 1594 3845 publicae
1610 3763 1760 3847 tempori·

436 3854 507 3921 hus.
540 3858 574 3920 ld
590 3867 695 3922 autem
713 3877 806 3921 omne
822 3856 1065 3919 consumebatur
1079 3855 1112 3917 in
1130 3855 1282 3936 legendo,
1298 3856 1456 3919 scribendi
1479 3856 1577 3919 otium
1599 3876 1661 3920 non
1683 3864 1760 3921 erat.

437 3952 476 4015 11.
506 3949 537 4013 ὅ.
567 3952 711 4014 Maximis
734 3952 829 4033 igitur
851 3951 883 4013 in
906 3949 997 4012 malis
1019 3948 1079 4011 hoc
1103 3957 1206 4011 tamen
1230 3949 1304 4010 boni
1328 3949 1463 4012 assecuti
1486 3948 1642 4024 ridemur,
1665 3959 1700 4013 ut
1722 3968 1760 4014 ea

438 4045 549 4109 litteris
572 4044 809 4117 mandaremus,
839 4062 920 4126 quae
950 4063 1009 4105 nec
1037 4050 1126 4105 erant
1155 4042 1230 4103 sotis
1253 4050 1327 4104 nota
1350 4044 1466 4106 nostris
1488 4051 1520 4105 et
1542 4052 1631 4105 erunt
1652 4044 1761 4125 cogni·

400 4148 428 4195 ³⁰
439 4141 523 4202 tione
547 4138 739 4221 dignissima.
786 4138 871 4213 Quid
896 4138 979 4200 enim
1002 4145 1066 4211 est,
1096 4156 1153 4218 per
1175 4136 1268 4209 deos,
1292 4134 1463 4218 optabilius
1487 4138 1658 4220 sapientia,
1681 4137 1760 4220 quid

437 4234 668 4316 praestantius,
699 4233 776 4315 quid
806 4232 926 4294 homini
951 4231 1081 4303 melius,
1115 4230 1191 4310 quid
1214 4230 1341 4291 homine
1364 4230 1510 4312 dignius?
1554 4231 1642 4292 llauc
1666 4232 1762 4314 igitur

438 4328 492 4410 qui
523 4333 675 4410 expetunt
703 4325 884 4408 philosophi
915 4325 1133 4397 nominantur,
1163 4344 1220 4384 nec
1251 4323 1418 4406 quicquum
1441 4324 1526 4386 alind
1550 4333 1597 4386 est
1619 4325 1761 4405 philoso-

438 4419 526 4504 phia,
548 4422 575 4483 si
597 4421 798 4503 interpretari
820 4419 914 4493 velis,
937 4427 1063 4502 praeter
1084 4417 1223 4480 studium
1246 4417 1428 4499 supientiae.
1473 4418 1633 4499 Sapientia
1654 4427 1761 4481 autem

503 4691 526 4738 t.
545 4689 653 4738 homiues
669 4690 703 4737 ud
719 4688 864 4750 facultatem
881 4701 896 4738 ο
920 4714 945 4723 -
975 4689 998 4737 2.
1017 4689 1046 4737 la
1064 4702 1112 4750 quo
1125 4715 1162 4726 --
1173 4688 1284 4737 maxima
1301 4687 1361 4737 utils
1377 4685 1428 4736 del.
1443 4688 1468 4736 S.
1483 4689 1510 4736 ll.
1526 4688 1716 4739 Heumannnus
1734 4693 1762 4740 et

438 4764 606 4815 Facciolatus.
643 4766 689 4813 «ln
709 4766 827 4827 margine
849 4762 973 4812 videntur
993 4762 1125 4826 adscripta
1148 4762 1237 4812 verbis
1259 4764 1321 4812 libro
1344 4763 1479 4824 superiore.
1515 4765 1553 4811 An
1573 4766 1649 4826 putas
1665 4765 1694 4813 lo
1711 4779 1761 4826 quo

437 4838 470 4889 ad
487 4840 554 4887 citos
570 4839 663 4888 cultum
684 4839 854 4890 reterendum
878 4853 938 4890 esse
962 4841 988 4888 et
1005 4841 1041 4888 De
1059 4839 1146 4900 quibus
1163 4838 1197 4887 ad
1214 4839 1353 4902 officiorum
1369 4849 1463 4900 genera
1480 4839 1632 4887 transverso
1650 4840 1760 4901 quidem

439 4912 531 4963 urdine
550 4914 715 4976 pertineret»
734 4918 828 4964 Gerra.
850 4938 876 4949 -
905 4915 961 4963 diui
978 4914 1080 4975 quer-io
1109 4940 1135 4948 -
1165 4919 1218 4962 tum
1235 4912 1439 4961 eu--mocrr'me
1454 4912 1513 4961 utils
1530 4925 1579 4974 op:
1599 4915 1761 4969 ombliah

438 5013 465 5024 -
486 4987 509 5038 l.
527 4990 639 5037 instituto
656 4996 678 5039 et
695 4991 817 5039 iudicioo
843 5018 869 5026 —
895 4992 917 5038 5.
939 4990 1016 5037 riustri
1033 4988 1121 5037 libris
1148 5015 1175 5024 —
1199 4990 1222 5037 7.
1242 4988 1305 5036 uiris
1322 4986 1420 5036 bouisu
1442 5014 1467 5024 -
1492 4989 1616 5037 mirentur
1632 4992 1658 5038 r'u
1675 5004 1706 5040 ea
1722 5006 1763 5042 ruo

436 5070 534 5112 tuntum
551 5071 679 5124 operaest
697 5070 812 5128 temporis
826 5078 918 5127 ponere
935 5066 1033 5113 Nonius
1051 5078 1076 5127 p.
1088 5065 1144 5114 368.
1167 5090 1191 5098 ·-
1212 5077 1250 5113 ute
1266 5066 1292 5112 r'o
1310 5077 1340 5112 eu
1357 5068 1454 5111 tontum
1471 5075 1485 5111 c
1505 5088 1531 5098 -
1552 5064 1576 5113 8.
1595 5066 1762 5124 quamdiu--

436 5140 593 5188 contorserat
611 5139 708 5189 Nonius
727 5154 751 5203 p.
762 5142 817 5190 tib.
838 5167 864 5176 -
889 5141 912 5189 9.
926 5138 1018 5200 scipsri
1032 5153 1061 5190 a:
1080 5142 1171 5202 ipsese
1188 5150 1202 5186 c
1224 5166 1248 5173 -
1270 5140 1348 5186 nornis
1365 5152 1478 5186 measa
1490 5137 1645 5198 conferebam
1662 5141 1762 5190 Nonius

437 5215 532 5278 ptuit.
555 5242 579 5249 -
604 5228 686 5263 omnes
704 5217 746 5265 (Io
766 5242 790 5249 -
812 5229 880 5263 meus
897 5228 978 5263 cmc
1000 5242 1024 5249 -
1047 5218 1085 5264 tt.
1106 5220 1151 5263 uot
1168 5214 1359 5263 auctoritatibus
1378 5227 1391 5262 c
1413 5242 1437 5248 —
1459 5214 1497 5261 ta.
1512 5227 1555 5261 nec
1571 5226 1610 5261 ms
1627 5215 1763 5277 soporibus

437 5290 526 5349 dedidr‘,
545 5290 633 5349 quibus
650 5303 720 5337 erum
736 5292 858 5351 consectus
876 5291 973 5339 Nouius
992 5303 1017 5352 p.
1030 5292 1085 5339 168.
1101 5316 1127 5326 -
1149 5290 1188 5338 13.
1206 5290 1243 5338 lu's
1261 5290 1361 5348 Blleb,
1379 5290 1426 5350 hijs
1443 5301 1457 5337 o
1477 5313 1504 5324 -
1526 5288 1564 5337 16.
1578 5302 1666 5337 rerum>
1680 5303 1762 5355 om.p

439 5392 466 5403 -
487 5366 525 5415 tl.
544 5366 630 5415 duodo
647 5368 734 5415 tertius
751 5369 810 5427 tpsr's
827 5369 924 5428 scriptis
935 5394 969 5403 --
980 5372 1008 5414 ut
1024 5380 1096 5424 saepe
1112 5366 1214 5427 fecturus
1231 5366 1329 5414 Nonius
1348 5378 1373 5427 p.
1386 5364 1442 5413 318.
1463 5390 1490 5399 -
1511 5363 1550 5412 18.
1569 5370 1595 5411 ut
1612 5378 1685 5425 saepe
1699 5366 1762 5427 feci-

436 5454 492 5491 mus
507 5453 560 5489 om.
573 5443 600 5502 h,
618 5440 666 5490 sed
684 5443 833 5491 omissionis
851 5444 925 5504 signo
943 5442 1041 5491 adulito.
1059 5467 1094 5478 -
1115 5443 1155 5489 et.
1175 5446 1259 5488 orrtam
1276 5440 1383 5500 ugereb
1410 5466 1441 5474 —
1466 5439 1506 5489 22.
1525 5440 1669 5488 existimaui
1685 5440 1762 5490 boue-

436 5518 556 5568 ttissimus
572 5517 696 5566 molestius
711 5532 782 5579 posse
798 5520 894 5580 deponi,
913 5521 961 5567 ursi
978 5531 1016 5566 me
1033 5519 1067 5565 ud
1082 5516 1261 5578 philosophiam
1278 5514 1416 5563 retulissent
1434 5514 1532 5563 Nonius
1550 5527 1575 5576 p.
1586 5514 1642 5563 279.
1662 5542 1693 5551 -
1718 5515 1760 5565 23.

438 5595 562 5643 molestius
579 5607 615 5656 op
633 5596 659 5643 et
671 5594 782 5642 Nonius:
801 5607 854 5642 om.
867 5595 957 5643 Bllab
971 5620 998 5628 -
1018 5594 1058 5641 cur·
1071 5591 1196 5653 quondum
1208 5590 1312 5638 muttum
1326 5602 1340 5638 o
1355 5614 1381 5624 -
1400 5589 1442 5638 26.
1456 5588 1604 5650 tenporibus
1615 5588 1759 5640 Victorius:

438 5671 554 5731 temporis
571 5670 680 5724 uttan:
699 5670 803 5730 tempori
821 5682 835 5718 o
856 5695 882 5702 -
903 5669 1083 5718 {territurus
1101 5669 1117 5716 b
1137 5692 1162 5700 —
1182 5665 1223 5714 28.
1236 5665 1281 5713 buc
1299 5669 1396 5713 tautum
1413 5664 1470 5712 boui
1486 5676 1500 5713 o
1520 5689 1547 5698 -
1567 5663 1606 5713 30.
1621 5664 1680 5724 quid
1696 5665 1762 5714 euim

438 5751 487 5804 est,
505 5758 551 5806 per
568 5746 624 5793 deos
639 5746 800 5804 immor-totis,
820 5744 952 5805 optabilius
968 5742 1112 5805 supientia?
1136 5740 1195 5802 quid
1211 5740 1403 5799 praestabilius?
1429 5738 1528 5788 Nonius
1546 5739 1640 5802 pili.
1669 5763 1696 5774 -
1726 5744 1762 5788 cst

437 5820 535 5869 mimo
563 5844 590 5855 -
618 5820 658 5871 31,
677 5821 772 5870 bomine
789 5833 871 5870 omo
900 5844 926 5855 -
954 5820 994 5868 32.
1013 5822 1131 5880 erpetuot
1148 5828 1205 5877 ep:
1232 5820 1351 5876 ess-petunt
1369 5815 1403 5872 ll;
1422 5815 1634 5876 superuacuae
1659 5840 1692 5851 -
1717 5814 1760 5864 3³.

438 5894 551 5955 Sapienti
571 5897 691 5946 uutemh
721 5923 748 5932 -
777 5895 903 5958 supientia
923 5900 957 5945 est
978 5896 1121 5944 diuinorum
1144 5895 1167 5941 et
1188 5892 1357 5940 bumanorum
1377 5903 1463 5940 rerum
1483 5889 1585 5940 sorotis
1610 5889 1761 5941 Lactantius

438 5970 505 6035 Epit.
525 5982 547 6019 c.
559 5970 599 6021 31.
