4342 7459
445 1224 506 1292 tut
774 1232 1095 1299 tusculanam
1115 1232 1445 1299 DISPUTATIONUM

444 1396 581 1459 bumana
603 1414 672 1458 esse
694 1412 776 1478 qnae
799 1392 981 1457 acciderint.
1015 1394 1087 1457 Non
1109 1394 1192 1456 enim
1214 1392 1247 1456 id
1263 1392 1366 1456 solnm
1382 1393 1522 1457 continet
1537 1413 1575 1458 ea
1589 1392 1775 1477 disputatio,

445 1495 480 1552 nt
507 1488 721 1570 cognitionem
749 1484 871 1551 adierat
899 1486 1024 1569 generis
1052 1487 1198 1561 bomani,
1231 1487 1288 1550 sed
1317 1484 1474 1569 significat
1502 1488 1681 1552 tolerabilia
1702 1509 1774 1553 esse

446 1601 527 1665 qnae
555 1588 587 1644 et
613 1580 744 1645 tulerint
770 1588 803 1644 et
830 1578 934 1643 lerant
961 1581 1069 1643 ceteri.
1113 1581 1226 1643 XXIV.
1249 1583 1296 1643 De
1325 1589 1510 1665 paupertate
1532 1582 1650 1664 agitur:
1683 1583 1775 1647 multi

444 1677 601 1759 patientes
622 1694 778 1758 pauperes
801 1682 1103 1749 commemorantum
1127 1675 1167 1737 do
1189 1674 1420 1738 contemnendo
1441 1675 1580 1739 bonore:
1613 1676 1706 1739 multi
1727 1676 1776 1740 in-

420 1768 590 1838 obonorati
608 1766 823 1854 proferuntur
849 1768 1032 1851 etquidem
1060 1776 1191 1853 propter
1212 1768 1244 1830 id
1266 1770 1371 1851 ipsum
1393 1768 1566 1844 beatiores,
1588 1789 1775 1853 eorumque,

446 1862 500 1945 qui
532 1862 688 1945 privatum
717 1862 817 1925 otium
840 1862 976 1944 negotiis
998 1862 1135 1945 publicis
1157 1862 1389 1937 antetulerunt,
1411 1863 1598 1926 nominatim
1621 1864 1686 1928 vita
1707 1865 1776 1928 lan·

445 1955 552 2031 datur,
575 1976 634 2019 nec
656 1956 769 2019 siletur
790 1955 869 2018 illud
892 1956 1102 2039 potentissimi
1125 1957 1208 2039 regis
1224 1965 1445 2039 anapaestum,
1470 1957 1527 2040 qui
1542 1957 1651 2021 laudat
1665 1979 1775 2022 senem

444 2056 476 2112 ct
496 2049 690 2114 fortunatum
712 2069 782 2121 esse
805 2048 895 2122 dicit,
919 2049 1003 2134 quod
1025 2050 1179 2132 inglorius
1202 2051 1244 2113 sit
1259 2058 1354 2133 atque
1369 2051 1519 2133 ignobilis
1536 2050 1575 2114 ad
1592 2071 1775 2133 supremum

445 2143 528 2206 diem
551 2151 771 2227 perventurus.
807 2140 858 2204 58.
882 2143 1034 2206 Similiter
1055 2144 1341 2207 commemorandis
1357 2145 1511 2229 exemplis
1528 2145 1679 2210 orbitates
1696 2167 1776 2230 quo-

408 2259 508 2324 mque
530 2238 663 2301 liberum
685 2237 908 2322 praedicantur
930 2257 1119 2321 eorumque,
1142 2238 1195 2321 qui
1219 2239 1346 2321 gravius
1367 2237 1489 2313 ferunt,
1511 2238 1615 2302 luctus
1637 2238 1775 2302 aliorum

444 2332 601 2415 exemplis
623 2330 798 2394 leniuntur:
820 2332 865 2393 sia
887 2332 1051 2414 perpessio
1071 2340 1250 2395 ceterorum
1272 2331 1347 2395 facit
1362 2339 1397 2394 ut
1412 2352 1468 2406 ea,
1491 2351 1574 2416 quae
1589 2332 1775 2407 acciderint,

443 2426 543 2489 multo
570 2426 692 2489 minora
721 2446 815 2509 qnam
845 2433 962 2508 quanta
991 2426 1055 2488 sint
1083 2425 1262 2487 existimata
1283 2424 1459 2488 videantur.
1502 2426 1549 2488 lta
1577 2427 1613 2489 lit
1642 2427 1775 2501 sensim,

443 2517 652 2602 cogitantibus
675 2527 724 2595 nt,
748 2526 900 2603 qnantum
923 2518 964 2581 sit
979 2519 1129 2582 ementita
1144 2519 1264 2602 opinio,
1286 2527 1447 2602 appareat.
1479 2522 1584 2602 Atque
1606 2517 1666 2583 boo
1689 2520 1774 2583 idem

443 2621 475 2677 et
496 2613 626 2677 Telamo
647 2612 703 2676 ille
724 2614 880 2676 declarat:
975 2639 996 2669 ι

406 2729 434 2777 to
527 2707 607 2789 Ego
631 2726 715 2770 cum
738 2708 856 2790 genui
881 2753 889 2769 .
914 2752 953 2769 ..

444 2807 476 2864 et
497 2800 660 2863 Theseus:

527 2895 703 2958 Futuras
724 2914 873 2959 mecum
895 2893 1198 2958 commentabar
1218 2893 1429 2968 miserias,

443 2995 475 3052 et
495 2977 714 3070 Anaxagoras:
746 2989 915 3052 «Sciebam
936 3010 987 3052 mc
1010 2989 1157 3071 genuisse
1180 2991 1374 3051 mortalem.»
1413 2989 1454 3051 Hi
1476 2988 1560 3051 enim
1584 3007 1696 3052 omnes
1718 2988 1774 3052 diu

443 3082 617 3164 cogitantes
641 3081 680 3143 de
701 3082 796 3145 rebus
817 3083 964 3146 humanis
992 3082 1218 3164 intellegebant
1240 3101 1293 3144 eas
1315 3102 1519 3165 nequaquam
1541 3102 1598 3166 pro
1621 3083 1774 3165 opinione

404 3174 527 3257 sovolgi
558 3194 630 3237 esse
659 3175 920 3238 extimescendas.
961 3178 1002 3238 Et
1030 3175 1106 3238 mihi
1138 3174 1265 3257 quidem
1286 3174 1411 3238 videtur
1435 3175 1519 3238 idem
1541 3175 1608 3238 t‘ere
1629 3176 1774 3239 accidere

441 3269 498 3343 iis,
520 3269 575 3351 qui
599 3275 670 3332 ante
693 3269 893 3343 meditantur,
916 3268 1001 3352 quod
1024 3271 1079 3342 iis,
1103 3268 1218 3351 quibus
1241 3268 1384 3331 medetur
1404 3269 1488 3343 dies,
1511 3270 1571 3332 nisi
1589 3268 1676 3352 qnod
1692 3270 1773 3333 ratio

441 3362 597 3444 quaedam
620 3367 710 3425 sanat
731 3363 820 3437 illos,
842 3362 901 3425 hos
924 3365 993 3445 ipsa
1015 3371 1144 3435 natura,
1165 3361 1326 3424 intellecto
1350 3383 1405 3436 eo,
1429 3362 1515 3446 quod
1535 3382 1602 3425 rem
1622 3364 1773 3438 continet,

440 3454 520 3519 illud
549 3455 682 3528 malum,
711 3458 797 3537 quod
824 3457 987 3538 opinatum
1010 3457 1051 3518 sit
1073 3476 1143 3518 esse
1166 3475 1362 3530 maxumum,
1387 3476 1588 3539 nequaquam
1611 3475 1682 3518 esse
1704 3464 1774 3519 tan·

442 3557 525 3623 lum,
549 3557 584 3611 ut
605 3549 700 3610 vitam
722 3549 847 3611 beatam
869 3550 970 3630 possit
991 3557 1143 3611 evertere.
1173 3547 1224 3611 59.
1246 3549 1313 3612 lloc
1328 3551 1423 3633 igitur
1439 3547 1585 3623 efficitur,
1608 3558 1644 3612 ut
1659 3570 1701 3612 ex
1715 3550 1771 3613 illo

403 3641 629 3724 „necopinato
653 3641 745 3723 plaga
766 3642 867 3704 maior
889 3643 945 3716 sit,
976 3663 1056 3716 non,
1085 3651 1120 3704 nt
1142 3642 1187 3703 illi
1210 3653 1337 3725 putant,
1367 3652 1415 3716 nt,
1436 3661 1509 3706 'cum
1532 3644 1656 3706 duobus
1678 3663 1772 3727 pares

368 3751 370 3764 ¹
440 3754 531 3798 casus
554 3734 731 3808 evenerint,
753 3735 778 3796 is
800 3736 897 3797 modo
919 3736 1116 3817 aegritudine
1136 3735 1314 3811 adficiatur,
1337 3739 1387 3801 cui
1402 3738 1456 3801 ille
1473 3738 1661 3819 necopinato
1680 3758 1772 3801 casus

440 3829 591 3892 evenerit.
628 3830 738 3911 ltaque
768 3828 916 3892 dicuntur
942 3850 1004 3892 non
1028 3830 1107 3891 nnlli
1130 3832 1162 3892 in
1185 3851 1345 3905 maerore,
1375 3852 1446 3894 curn
1468 3832 1508 3893 de
1530 3833 1588 3893 hac
1611 3831 1771 3893 communi

439 3923 603 3985 bominum
633 3922 813 3985 conditione
843 3922 1053 3996 audivissent,
1089 3943 1126 3986 ea
1154 3923 1223 4005 lege
1254 3944 1403 3987 essenos
1426 3933 1533 3997 natos,
1563 3932 1598 3986 ut
1620 3943 1715 3987 nemo
1738 3925 1771 3988 in

381 4038 387 4048 ¹
440 4024 626 4100 perpetuum
650 4035 719 4078 esse
741 4024 848 4099 posset
869 4037 983 4099 expers
1007 4017 1096 4090 mali,
1119 4019 1245 4099 gravius
1268 4018 1362 4080 etiam
1387 4018 1508 4080 tulisse.

401 4135 430 4182 30
524 4110 623 4171 xxv,
652 4109 808 4184 Quocirca
839 4111 1030 4185 Carneades,
1061 4119 1095 4174 ut
1121 4111 1214 4173 video
1243 4120 1382 4173 nostrum
1406 4112 1543 4174 scribere
1567 4110 1772 4186 Antiochum,

439 4203 628 4287 reprendere
651 4202 861 4287 Chrysippum
884 4204 1006 4267 solebat
1028 4204 1208 4268 laudantem
1231 4206 1433 4288 Euripideum
1457 4226 1581 4269 carmen
1603 4204 1701 4266 illud:

523 4297 705 4361 Mortalis
728 4319 836 4361 nemo
859 4307 939 4373 cst,
967 4319 1079 4381 quern
1105 4320 1179 4360 non
1201 4300 1376 4381 attingat
1398 4300 1515 4361 dolor

523 4392 787 4475 Morbnsque3
809 4395 952 4457 multis
975 4402 1070 4456 sunt
1091 4392 1285 4455 humandi
1309 4394 1445 4468 liberi,

503 4729 527 4778 t.
546 4729 572 4777 id
594 4728 674 4778 solum
697 4729 731 4778 C:
755 4730 833 4778 sotum
855 4731 882 4779 id
906 4731 925 4779 0
952 4756 977 4765 -
1000 4731 1024 4779 i.
1044 4731 1220 4793 cogitationem
1237 4730 1266 4777 (3¹
1291 4754 1315 4764 -
1342 4728 1490 4778 tollerabilia
1508 4730 1557 4778 Gli
1579 4755 1603 4763 -
1624 4729 1647 4778 3.
1666 4734 1690 4778 ct
1707 4734 1771 4781 aule

437 4802 539 4853 tulerint
556 4816 609 4852 om.
629 4804 647 4852 Β
668 4829 695 4838 -
714 4805 738 4853 o.
757 4818 844 4853 eorum
861 4818 926 4867 guae
943 4808 962 4855 G
981 4808 1007 4853 et
1025 4804 1112 4854 deleta
1131 4803 1177 4853 litt.
1197 4818 1214 4852 a
1231 4805 1250 4854 Β
1271 4830 1297 4840 -
1317 4804 1340 4853 o.
1360 4805 1403 4865 gui
1420 4816 1457 4853 an.
1476 4817 1531 4853 sec.
1551 4816 1685 4867 superscr.
1705 4806 1732 4854 in
1751 4807 1771 4855 G

441 4906 466 4915 -
480 4879 602 4927 nominati
614 4880 633 4927 G
646 4881 673 4928 et
684 4891 817 4943 superscr.
833 4883 877 4946 tim
894 4882 913 4929 Β
934 4909 960 4917 -
979 4881 1003 4929 8.
1023 4882 1161 4942 inglorious
1178 4880 1236 4930 end.
1251 4893 1287 4929 m.
1302 4893 1370 4928 corr.
1385 4880 1410 4928 in
1429 4881 1596 4942 ingloriusG3
1615 4879 1767 4943 ingloriosus

437 4955 457 5003 Β
477 4979 503 4989 -
523 4953 546 5002 9.
563 4958 730 5014 pauentanu
747 4957 888 5018 (superscr.
904 4954 960 5004 «vel
977 4961 1068 5016 praes)
1088 4956 1121 5013 Β,
1138 4961 1305 5017 preumturus
1322 4956 1351 5003 G¹
1365 4981 1392 4994 -
1410 4955 1449 5003 to.
1463 4954 1598 5003 liberorum
1610 4954 1630 5002 0
1644 4980 1670 4988 -
1686 4955 1727 5004 ta.
1740 4958 1771 5018 tlt

436 5028 526 5077 mnsim
542 5028 719 5091 cogitantibus,
737 5035 765 5077 ut
782 5030 816 5078 0.
837 5031 894 5079 «Sic
912 5029 989 5092 vulgo
1002 5031 1178 5092 distinguitur,
1199 5032 1272 5093 quasi
1290 5029 1455 5093 cogitantibus
1471 5033 1516 5078 not
1529 5030 1618 5078 dativo
1630 5042 1694 5078 casu
1707 5044 1771 5082 cum

434 5104 464 5167 fit
480 5103 551 5165 iungi
569 5103 651 5166 possit
668 5106 713 5151 aut
729 5102 859 5154 ablativus
878 5103 1030 5164 (absolutus)
1050 5118 1127 5164 esse,
1152 5108 1232 5169 atque
1250 5107 1338 5154 sensim
1356 5118 1417 5154 cum
1434 5105 1599 5166 cogitantibus
1616 5105 1769 5157 cohaerent.

436 5180 470 5229 nt
486 5179 576 5227 sensim
591 5178 702 5241 cogitare
720 5177 781 5227 nibil
800 5181 853 5236 est,
873 5192 960 5240 neque
978 5183 1121 5242 quicquam
1141 5183 1223 5242 magis
1243 5182 1412 5243 perspicuum
1425 5192 1506 5242 qnam
1523 5181 1681 5229 sententiam
1700 5180 1772 5231 banc

437 5266 512 5305 csso:
532 5254 568 5302 ltn
585 5253 751 5316 cogitantibus
768 5252 809 5315 (de
827 5255 942 5303 bumana
961 5255 1119 5317 conditione)
1137 5258 1225 5303 sensim
1243 5257 1303 5318 (non
1322 5256 1423 5311 statim,
1444 5259 1471 5303 ut
1487 5255 1601 5315 cogitare
1614 5261 1771 5319 coeperunt]

436 5334 556 5393 apparet,
575 5332 696 5391 guantum
713 5329 744 5377 sit
761 5332 878 5378 ementita
894 5332 985 5390 opinio.
1007 5330 1044 5379 ct
1060 5330 1132 5392 quod
1144 5332 1277 5392 sequitur:
1296 5331 1327 5379 lli
1346 5331 1505 5378 enimomnes
1522 5331 1574 5377 asu
1590 5331 1771 5392 cogitantes

436 5406 466 5455 de
487 5403 561 5454 rebus
581 5403 696 5452 numanis
718 5404 950 5466 intellegebant
963 5431 998 5440 --
1011 5407 1204 5454 estimssoendas
1223 5405 1250 5466 (5
1269 5405 1300 5454 ll
1320 5406 1439 5467 cogitatio
1456 5405 1577 5453 diuturna
1588 5405 1769 5469 --medeturl

436 5482 478 5531 Sic
496 5481 574 5544 igitur
591 5478 805 5542 distinguendum
824 5483 875 5529 est:
904 5481 943 5528 lta
957 5482 985 5541 tit
1002 5481 1105 5540 sensim,
1131 5480 1295 5542 cogitantibus
1312 5484 1340 5527 ut
1358 5483 1425 5528 ceta·
1444 5475 1487 5528 W.'
1507 5504 1534 5514 ·-
1556 5477 1595 5528 tt.
1615 5479 1704 5526 telamo
1722 5492 1771 5529 su-

436 5568 538 5620 perscr.
549 5571 566 5604 n
583 5555 602 5605 Β
617 5580 643 5589 -
664 5554 703 5602 45.
717 5554 770 5615 ligo
787 5568 844 5602 cum
861 5556 934 5615 genui
953 5555 986 5603 C:
1007 5556 1060 5617 Ego
1077 5568 1162 5615 guum
1170 5556 1258 5617 genui,
1277 5555 1338 5614 [tum
1354 5556 1506 5602 moriturum
1523 5554 1604 5615 scivi]
1623 5556 1643 5601 0
1662 5553 1700 5615 (ln
1717 5555 1737 5603 a
1754 5569 1770 5604 n

436 5632 585 5681 recentiore
604 5642 640 5680 m.
655 5628 743 5678 addita
761 5631 822 5678 sunt
839 5627 868 5677 td
885 5634 1020 5678 morituras
1036 5631 1099 5677 sciui
1116 5636 1138 5678 et
1155 5629 1178 5677 ei
1194 5630 1231 5676 rei
1248 5629 1343 5690 sustuli)
1364 5654 1392 5665 -
1412 5630 1452 5678 ΒΟ.
1472 5629 1687 5678 existimescendas
1703 5632 1725 5677 G
1739 5656 1767 5666 -

435 5706 476 5754 at.
494 5705 663 5754 bis-·bisC
686 5730 711 5742 -
732 5705 830 5753 rationo
847 5706 970 5766 quaedam
988 5706 1006 5754 C
1027 5705 1081 5765 (sed
1102 5706 1126 5752 in
1146 5705 1192 5753 ΒΒ
1211 5705 1333 5764 quaedum
1350 5718 1417 5752 corr.
1432 5706 1457 5753 in
1471 5705 1588 5765 quadam)
1608 5730 1634 5740 -
1654 5706 1694 5754 it.
1713 5719 1769 5756 rosu
1812 5741 1815 5746 ·

435 5783 553 5843 continet,
578 5782 640 5830 illud
659 5780 754 5829 malum
777 5781 794 5829 li
818 5779 936 5841 (firmans
955 5779 1064 5829 Bentleii
1082 5781 1286 5839 coniecturum:
1309 5793 1362 5828 rem
1386 5780 1447 5827 illud
1464 5782 1571 5829 continet
1587 5780 1682 5830 malum
1699 5781 1764 5837 Glti

434 5868 489 5905 retu
504 5857 625 5917 continet,
643 5857 775 5906 malumO
796 5883 821 5892 -
841 5857 880 5905 as.
899 5859 975 5917 possit
993 5859 1010 5906 Β
1030 5882 1056 5891 -
1077 5859 1117 5907 31.
1136 5857 1278 5919 cigsippum
1295 5858 1343 5906 GR
1361 5881 1388 5891 —
1408 5856 1448 5906 32.
1467 5870 1517 5905 nou
1535 5869 1588 5907 ova.
1607 5857 1657 5906 GR
1677 5883 1703 5893 -
1723 5863 1767 5907 ut-

434 5930 577 5992 tingiaco
596 5957 621 5968 -
642 5932 683 5983 33.
700 5933 785 5982 multis
802 5931 959 5983 Lambinus:
978 5933 1050 5982 multi
1067 5933 1102 5982 C.
