4342 7459
444 1236 507 1313 ⁷52
858 1246 1080 1311 Pamoxn
1103 1245 1347 1311 srolconuu.

445 1408 485 1471 ll.
507 1403 559 1470 30.
582 1403 716 1471 Caedem
733 1406 767 1469 in
782 1405 852 1470 t'oro
867 1406 987 1482 fecisti,
1001 1409 1128 1471 armatis
1145 1403 1321 1470 latronibus
1335 1406 1451 1490 templa
1466 1408 1614 1485 tenuisti,
1631 1408 1787 1493 privato-

444 1522 514 1565 rum
537 1501 665 1575 domos,
686 1500 782 1564 aedes
805 1520 909 1565 sacras
931 1501 1109 1565 incendisti.
1152 1495 1219 1565 'Cur
1239 1500 1338 1565 bostis
1361 1502 1547 1583 Spartacus,
1568 1502 1596 1566 si
1617 1509 1655 1565 tn
1674 1502 1785 1567 cirisi

444 1598 538 1661 Potes
559 1601 664 1659 autem
686 1614 757 1658 esse
779 1602 812 1657 tu
835 1596 929 1669 ciris,
950 1604 1079 1680 propter
1100 1615 1194 1680 quem
1216 1593 1389 1679 aliquando
1412 1595 1523 1659 civitas
1543 1614 1610 1659 non
1630 1594 1720 1660 butt
1749 1603 1787 1661 et

444 1711 495 1755 me
509 1698 564 1754 tuo
577 1691 706 1753 nomine
721 1688 880 1773 appellas,
902 1709 975 1753 cum
997 1709 1108 1753 omnes
1123 1709 1194 1752 meo
1210 1690 1352 1753 discessu
1368 1689 1514 1753 exulasse
1529 1709 1596 1753 rem
1611 1689 1785 1774 publicam

420 1786 581 1871 eputentl
624 1785 859 1866 Numquamne,
882 1785 976 1846 bomo
997 1784 1230 1858 amentissime,
1253 1791 1284 1846 te
1307 1783 1564 1866 circumspiciant
1596 1801 1786 1868 numquam

443 1900 503 1945 neo
525 1878 603 1964 quid
625 1878 722 1941 facias
744 1876 961 1941 considerabis
983 1897 1042 1940 nec
1064 1878 1142 1961 quid
1164 1878 1319 1961 loquarel
1340 1879 1453 1942 Nescis
1469 1878 1598 1942 exilium
1614 1878 1786 1943 scelerum

442 1994 513 2038 esse
535 1973 690 2059 poenam?
720 1991 823 2034 meum
846 1969 926 2032 illud
948 1971 1008 2034 iter
1030 1970 1071 2033 ob
1095 1970 1360 2054 praeclarissimas
1381 1992 1434 2037 res
1460 1992 1479 2036 a
1501 1990 1552 2036 me
1573 1979 1683 2056 gestas
1705 1991 1785 2037 esse

442 2068 644 2149 susceptum?
687 2059 739 2127 3t.
761 2063 880 2126 Omnes
903 2063 1048 2126 scelerati
1071 2073 1168 2147 atque
1190 2065 1291 2148 impii,
1314 2086 1448 2149 quorum
1471 2076 1505 2131 tn
1524 2074 1555 2131 te
1570 2066 1688 2131 ducem
1703 2085 1784 2132 esse

440 2158 615 2248 profiteris,
643 2177 726 2243 quos
746 2157 833 2239 leges
856 2156 953 2218 exilio
975 2157 1069 2220 adfici
1092 2158 1219 2233 volunt,
1248 2160 1359 2223 exules
1382 2168 1471 2234 suut,
1501 2162 1595 2226 etiam
1617 2161 1646 2225 si
1668 2159 1783 2226 solum

401 2263 504 2317 eonon
527 2260 698 2316 mutarunt
741 2255 791 2315 An
814 2270 884 2314 cum
907 2270 1018 2314 omnes
1041 2259 1071 2315 te
1093 2252 1181 2334 leges
1203 2254 1329 2318 exulem
1352 2273 1423 2318 esse
1451 2256 1598 2327 iubeant,
1626 2274 1692 2318 oon
1711 2256 1784 2319 esis

439 2357 473 2411 tu
493 2347 588 2411 mult
620 2347 709 2410 Eaul
729 2364 791 2408 nou
818 2343 996 2427 appelletur
1024 2345 1069 2419 is,
1100 2346 1155 2428 qui
1178 2367 1248 2410 cum
1271 2348 1335 2410 telo
1357 2347 1479 2411 luerit?
1520 2349 1603 2413 Ante
1624 2356 1781 2413 senatum

438 2450 494 2507 tua
521 2442 588 2506 sica
616 2440 815 2524 deprebensa
843 2446 901 2501 est.
945 2437 1007 2514 Qui
1030 2437 1192 2503 bominem
1215 2440 1390 2505 occiderim
1435 2442 1591 2507 Plurimos
1613 2441 1780 2508 occidisti.

439 2536 503 2613 Qui
525 2537 706 2600 incendium
728 2532 861 2597 feceritl
904 2531 1001 2596 Aedis
1022 2532 1238 2617 Nympharum
1265 2555 1359 2598 manu
1382 2542 1436 2600 tua
1458 2534 1654 2619 deflagravit.
1702 2534 1776 2612 Qui

438 2630 557 2713 templa
580 2627 799 2711 occupaverit?
842 2627 878 2689 ln
906 2625 975 2689 soro
1004 2636 1107 2691 castra
1136 2629 1284 2711 posuisti.
1334 2625 1385 2691 32.
1417 2630 1479 2693 Sed
1502 2630 1579 2714 quid
1602 2649 1664 2713 ego
1687 2649 1782 2694 com-

402 2734 551 2789 ttmunes
579 2723 667 2806 leges
696 2721 842 2805 profero,
875 2721 992 2804 quibus
1020 2722 1168 2786 omnibus
1197 2743 1231 2785 es
1254 2722 1352 2786 exult
1395 2724 1676 2788 Familiarissimus
1697 2730 1781 2789 tuns

439 2821 480 2884 de
501 2827 532 2883 te
554 2816 754 2900 privilegium
777 2816 865 2888 tulit,
893 2824 944 2889 ut,
974 2817 1000 2880 si
1024 2817 1057 2878 in
1080 2823 1228 2898 opertum
1250 2818 1357 2881 Bonae
1379 2820 1464 2882 Deae
1485 2819 1695 2895 accessisses,
1718 2837 1783 2883 ex·

438 2912 554 2977 alares.
583 2912 626 2974 dt
645 2919 677 2973 te
700 2910 731 2974 id
754 2910 868 2973 fecisse
891 2910 986 2972 etiam
1008 2910 1135 2993 gloriari
1158 2909 1254 2974 soles.
1291 2911 1362 2987 Quo
1386 2911 1480 2975 modo
1504 2912 1601 2995 igitur
1622 2920 1675 2976 tot
1695 2912 1783 2997 legi·

437 3007 498 3070 bus
520 3006 641 3070 eiectus
662 3004 697 3067 in
720 3004 850 3067 exilium
873 3022 990 3066 nomen
1012 3004 1116 3067 exulis
1138 3022 1204 3066 uon
1226 3005 1472 3088 perhorrescis?
1518 3008 1657 3072 «Romae
1680 3027 1779 3072 suma

438 3100 554 3185 inquit.
595 3100 638 3163 Et
658 3098 787 3181 quidem
809 3099 842 3161 in
865 3106 978 3180 operto
1001 3097 1099 3161 fuisti.
1143 3099 1212 3161 Non
1235 3100 1330 3181 igitur
1351 3100 1406 3163 ubi
1429 3100 1566 3184 quisque
1588 3100 1671 3177 erit,
1702 3100 1781 3166 eins

400 3191 501 3258 soloci
522 3193 573 3258 ius
595 3193 731 3268 tenebit,
753 3193 781 3256 si
803 3192 847 3255 ibi
869 3211 943 3255 eum
965 3190 1089 3275 legibus
1111 3211 1266 3256 essenon
1290 3193 1454 3277 oportebit

886 3542 1256 3643 ranauorou
1297 3544 1327 3606 n

558 3683 636 3750 Ὅτι
656 3682 753 3767 μόνος
774 3684 793 3747 ὁ
816 3680 923 3762 σοφὸς
945 3683 1131 3764 ἐλεύθερος,
1153 3693 1209 3748 καὶ
1231 3687 1295 3759 noir
1317 3681 1436 3767 ἄφρων
1459 3686 1581 3759 δοῦλος.

567 3774 698 3863 [Omnes
720 3778 879 3862 sapientes
902 3775 1017 3839 liberos
1039 3798 1110 3841 esse
1133 3785 1165 3840 ot
1186 3778 1300 3841 stultos
1322 3796 1432 3842 omnes
1455 3771 1587 3860 serron]

524 3902 548 3965 l.
581 3896 632 3962 33.
665 3897 828 3963 Laudetur
858 3918 932 3962 vero
961 3898 1012 3963 bic
1035 3900 1207 3984 imperator
1234 3906 1290 3962 aut
1312 3900 1406 3963 etiam
1428 3900 1609 3983 appelletur
1629 3908 1691 3966 aut
1711 3900 1781 3968 boc

401 3994 567 4061 eonomine
589 3993 704 4077 dignus
726 3999 863 4075 putetur.
908 3992 980 4068 Quo
1003 3993 1098 4056 modo
1127 4000 1183 4056 aut
1210 3993 1263 4055 cui
1287 3992 1412 4056 tandem
1435 3994 1486 4057 bio
1508 3993 1608 4057 libero
1630 3993 1781 4079 impera·

439 4091 501 4165 bit‚
524 4088 664 4172 quinon
688 4094 791 4169 potest
814 4084 1038 4168 cupiditatibus
1061 4086 1127 4148 suis
1150 4087 1329 4169 imperaret
1365 4086 1515 4150 Refrenet
1536 4089 1678 4170 primum
1701 4092 1780 4156 libi·

439 4186 547 4257 dines,
569 4191 698 4265 spernat
719 4180 906 4263 voluptates,
929 4180 1125 4242 iracundiam
1150 4189 1265 4255 teneat,
1276 4174 1430 4244 *coerceat
1451 4182 1623 4257 avaritiam,
1648 4194 1780 4251 ceteras

438 4277 534 4344 animi
557 4275 644 4338 labes
666 4274 815 4358 repellat:
848 4281 911 4335 tum
935 4274 1066 4355 incipiat
1088 4274 1160 4335 aliis
1184 4276 1358 4355 imperare,
1381 4296 1451 4337 cum
1475 4275 1544 4357 ipse
1565 4276 1780 4359 improbissi-

438 4375 498 4437 mis
519 4370 669 4439 dominis‚
694 4367 840 4431 dedecori
863 4387 900 4429 ac
923 4368 1127 4450 turpitudini,
1158 4387 1267 4450 parere
1291 4368 1436 4430 desierit:
1474 4370 1547 4431 dum
1572 4370 1708 4452 quidem
1733 4374 1778 4439 iis

400 4466 602 4538 eooboediet,
631 4483 695 4525 non
724 4463 820 4523 modo
850 4462 1037 4544 imperator,
1071 4460 1125 4523 sed
1157 4461 1238 4523 liber
1267 4461 1433 4525 habendus
1457 4463 1585 4524 omnino
1608 4484 1678 4527 non
1702 4468 1780 4531 erit.

438 4560 601 4624 Praeclare
623 4556 708 4619 enim
731 4564 779 4618 est
799 4555 860 4617 boc
880 4563 1064 4636 usurpatum
1088 4572 1107 4616 a
1130 4554 1334 4629 doctissimis,
1351 4575 1485 4638 quorum
1502 4574 1561 4637 ego
1576 4561 1779 4625 auctoritate

437 4673 502 4719 non
533 4664 655 4725 uterer,
683 4650 710 4712 si
740 4647 817 4710 mibi
847 4648 930 4732 apud
960 4647 1086 4730 aliquos
1107 4655 1248 4729 agrestes
1271 4647 1348 4711 baec
1370 4646 1515 4711 habenda
1538 4656 1624 4713 esset
1647 4654 1778 4718 oratio:

504 4908 527 4957 ι.
542 4905 700 4969 prtootormn
716 4901 748 4952 A*
777 4927 804 4937 -
831 4901 856 4949 ἰ.
875 4899 1022 4962 sportucbus
1040 4899 1060 4947 V
1089 4926 1115 4935 -
1143 4899 1167 4950 3.
1186 4905 1214 4949 tu
1230 4913 1281 4950 csse
1303 4900 1338 4959 03
1363 4906 1434 4963 potes
1450 4906 1533 4951 cutem
1549 4913 1600 4951 ιιιι
1616 4908 1645 4951 ιιι
1663 4904 1733 4956 maes
1756 4908 1779 4959 Β

436 4991 474 5033 m.
492 4980 509 5031 2
526 4981 552 5031 in
570 4991 653 5042 marg.
682 5002 708 5013 -
735 4977 826 5025 eiuttus
841 4976 933 5025 eluctus
949 4988 999 5024 nco
1014 4974 1064 5037 suit
1080 4970 1113 5024 Ψ
1139 5001 1166 5012 -
1193 4975 1218 5027 l.
1238 4975 1356 5026 oman
1380 5000 1406 5011 -
1435 4977 1459 5026 5.
1479 4978 1573 5026 dacum
1588 4979 1725 5039 pectas
1746 5008 1778 5020 -

436 5056 461 5108 d.
479 5054 706 5105 somniares.
726 5063 762 5100 m.
781 5050 806 5099 ι,
824 5075 857 5087 ·—
880 5050 903 5099 t.
923 5050 962 5114 ob]
979 5051 1013 5099 ud
1031 5051 1050 5099 C
1080 5078 1106 5086 -
1135 5051 1175 5101 to.
1193 5057 1326 5101 mutarunt
1344 5051 1378 5101 C:
1396 5051 1556 5101 mutcrlotO
1578 5077 1604 5087 -
1622 5051 1696 5117 tepea
1712 5058 1779 5108 too

438 5157 466 5169 -
483 5130 595 5189 iubeant,
612 5141 663 5176 non
679 5126 729 5175 eris
744 5131 772 5174 tu
788 5123 879 5175 exsul?
896 5125 976 5174 Exsul
992 5139 1042 5174 ooo
1059 5126 1199 5187 appelletur
1215 5128 1237 5176 ts
1254 5128 1296 5188 put
1312 5139 1369 5175 cum
1386 5127 1433 5175 telo
1448 5127 1541 5189 tuerit?
1557 5126 1637 5178 Orelli
1657 5131 1702 5193 (ut
1719 5133 1779 5185 iam

436 5206 492 5258 lere
508 5204 643 5268 Bentleytz
669 5200 769 5250 tobecnt
786 5200 890 5262 oppettet
908 5201 1056 5262 (appelletur
1067 5198 1106 5262 W)
1129 5202 1246 5250 immicos
1268 5203 1310 5263 put
1333 5214 1389 5250 com
1410 5201 1457 5250 teto
1476 5201 1553 5263 suerit
1574 5202 1594 5251 C
1619 5214 1724 5256 mance
1748 5211 1780 5259 et

435 5283 575 5346 corruple;
597 5277 707 5334 iubeant,
725 5287 775 5322 noo
791 5276 841 5323 em's
857 5280 885 5322 tu
901 5274 979 5323 snut?
1000 5276 1055 5324 Nou
1073 5277 1210 5336 expelletur
1227 5277 1275 5326 ιιιιι
1293 5277 1335 5339 qui
1352 5289 1409 5326 cum
1425 5281 1443 5325 t.
1460 5276 1536 5338 fucrit
1552 5276 1637 5327 Heine
1657 5282 1700 5341 (in
1719 5295 1779 5347 qna

434 5356 582 5409 sententiae
597 5350 805 5403 coulormatione
824 5351 859 5398 tta
876 5349 994 5400 scribere
1012 5355 1141 5414 praestet:
1162 5354 1200 5401 An
1211 5366 1260 5400 uon
1271 5351 1409 5412 expelletur
1419 5351 1467 5399 nist
1477 5349 1499 5398 ιι
1509 5350 1580 5411 etc).
1600 5352 1664 5415 lpse
1677 5360 1777 5408 antem

434 5435 474 5484 sic
492 5432 548 5482 lere
566 5427 670 5479 malim:
697 5427 736 5476 Au
752 5438 808 5474 cum
826 5439 909 5474 omnes
924 5427 1013 5489 tepes—
1025 5453 1038 5462 -
1056 5426 1169 5483 iubeant,
1192 5440 1242 5476 nco
1258 5428 1308 5475 eris
1325 5430 1353 5473 ιιι
1367 5425 1428 5473 emet
1444 5438 1488 5474 nec
1506 5425 1543 5472 itu
1558 5427 1708 5487 appeltam
1724 5433 1778 5483 ,ω

433 5508 456 5557 ιι
472 5505 516 5571 put
533 5507 584 5554 etc.
604 5527 631 5537 -
653 5502 692 5552 ta,
711 5502 854 5563 deprensost
872 5498 908 5559 13¹,
928 5503 1047 5563 deprenso
1065 5506 1101 5550 est
1118 5500 1149 5550 A²
1159 5498 1187 5551 11²
1207 5529 1233 5538 -
1250 5502 1374 5563 plurimos
1391 5501 1424 5550 C:
1446 5501 1481 5549 Tu
1494 5499 1617 5562 plurimos
1633 5503 1656 5553 0
1679 5532 1708 5542 -
1729 5507 1774 5559 ts.

434 5582 503 5632 cedis
520 5581 562 5631 0¹:
581 5578 653 5628 cedo
670 5576 729 5627 c¹0
756 5600 784 5611 -
811 5577 970 5637 eimpborum
987 5577 1018 5637 V,
1037 5578 1211 5640 utmtoromlt
1239 5602 1266 5612 -
1290 5582 1414 5627 mauuotu
1430 5577 1636 5641 autumnoue
1665 5606 1703 5618 -
1729 5584 1775 5633 tlt.

433 5656 506 5707 eoerut
523 5655 549 5704 b.
562 5652 580 5705 1.
594 5656 624 5714 Α,
643 5652 751 5715 reliquis
768 5651 892 5701 omnibus
909 5652 970 5700 exul
986 5653 1005 5701 C
1033 5680 1058 5687 -
1089 5653 1128 5703 tl.
1147 5653 1181 5701 ud
1198 5658 1220 5702 te
1237 5651 1276 5714 ι’,
1296 5666 1312 5702 c
1329 5658 1352 5703 te
1369 5651 1399 5701 V'
1419 5681 1445 5689 -
1465 5653 1614 5715 quommodo
1631 5653 1656 5703 V
1678 5683 1708 5694 -
1729 5657 1774 5711 ιι,

434 5732 461 5781 ιιι
477 5731 593 5781 mmmm
610 5730 699 5779 electus
721 5727 740 5776 0
768 5749 795 5762 -
823 5727 863 5775 te.
882 5732 966 5788 operto
989 5723 1064 5777 A²B:
1088 5733 1162 5790 porto
1186 5726 1265 5788 A¹V¹‚
1291 5734 1368 5790 portu
1390 5725 1422 5777 V²
1449 5754 1476 5764 -
1503 5728 1544 5778 ιθ.
1562 5727 1666 5779 tenebat
1689 5729 1724 5781 V¹
1743 5760 1773 5772 ·-

433 5807 476 5858 23.
494 5807 583 5855 Omnes
594 5830 630 5841 --
641 5815 725 5853 ιιιιιοι
740 5804 773 5853 C:
792 5802 878 5852 Solum
894 5803 1029 5864 sapientem
1045 5816 1095 5853 esse
1111 5802 1225 5862 liberum,
1243 5808 1266 5851 et
1282 5817 1378 5853 omnem
1394 5804 1497 5853 stultum
1512 5815 1613 5852 seruum
1630 5804 1653 5853 0
1674 5832 1704 5844 -
1728 5806 1774 5860 ιι,

434 5880 596 5933 Laudeturlt
615 5881 641 5930 in
658 5890 741 5942 marg.
761 5891 797 5928 m.
810 5879 834 5927 2.
855 5904 883 5915 -
901 5879 941 5929 25.
957 5883 1061 5941 putetur
1076 5879 1213 5940 lmpsrctor
1229 5891 1279 5940 cuo
1294 5880 1368 5929 modo
1386 5881 1405 5930 C
1423 5907 1456 5918 -
1472 5877 1513 5930 29.
1531 5879 1562 5929 ιιι
1578 5880 1642 5931 AB:
1665 5882 1708 5936 blo
1724 5883 1776 5940 vo

436 5979 463 5995 —
483 5953 524 6006 30.
543 5954 651 6007 mosum
667 5955 700 6006 C:
720 5954 812 6005 obediet
828 5953 857 6005 0.
