4342 7459
441 1223 503 1291 480
725 1230 779 1293 llll
801 1229 958 1293 FlNlBlJS
980 1228 1177 1293 BONORUM
1198 1230 1251 1293 ET
1272 1226 1473 1293 MALORUM

441 1401 612 1484 quaeritur.
650 1400 698 1463 Sit
718 1400 779 1463 ista
799 1401 833 1463 in
849 1399 1040 1463 Graecomm
1062 1399 1190 1463 levitate
1212 1399 1414 1482 perversitas,
1438 1398 1494 1482 qui
1516 1394 1693 1461 maledictis
1713 1396 1764 1460 in-

441 1502 600 1557 sectantur
621 1514 692 1569 eos,
715 1494 869 1577 aquibus
892 1493 932 1556 de
954 1495 1087 1557 veritate
1110 1494 1311 1557 dissentiunt.
1356 1493 1418 1557 Sed
1442 1490 1586 1576 quamvis
1608 1490 1708 1554 onmis
1729 1492 1765 1554 in

440 1588 549 1651 amicis
571 1588 697 1651 tuendis
717 1587 829 1662 luerit,
853 1593 973 1662 tamem
992 1588 1020 1650 si
1040 1586 1119 1651 lraec
1139 1607 1214 1651 vera
1234 1594 1309 1651 sunt
1322 1619 1364 1634 —
1378 1586 1458 1649 nihil
1473 1586 1563 1650 enim
1571 1580 1695 1647 affirmo
1709 1617 1765 1661 -,

419 1701 506 1752 ¹non
527 1682 603 1745 satis
624 1690 733 1745 acutus
753 1681 823 1745 fuit.
863 1682 921 1743 «At
942 1681 1049 1744 multis
1072 1702 1106 1745 se
1128 1681 1302 1764 probavit»)
1340 1677 1392 1743 8l.
1413 1680 1454 1743 Et
1469 1678 1597 1764 quidem
1616 1678 1685 1744 iuro
1699 1678 1766 1744 ior·

417 1783 540 1850 stasse,
563 1775 620 1839 sed
639 1784 744 1839 tamen
763 1794 828 1838 non
843 1776 1061 1858 gravissimum
1077 1783 1128 1839 est
1141 1775 1359 1838 testimonium
1374 1772 1594 1839 multitudinis.
1627 1772 1664 1835 ln
1679 1774 1767 1837 omni

441 1869 524 1931 enim
554 1876 620 1935 arte
646 1869 698 1933 vel
729 1870 835 1932 studio
861 1868 912 1931 vel
941 1869 1052 1951 quavis
1081 1869 1214 1932 scientia
1242 1868 1291 1932 vel
1318 1870 1351 1931 in
1379 1868 1450 1951 ipsa
1472 1867 1586 1930 virtute
1608 1864 1768 1948 optimum

441 1963 585 2047 quidque
605 1962 800 2027 rarissimum
822 1970 879 2025 est
923 1963 967 2024 Ac
988 1962 1065 2025 mihi
1090 1963 1234 2046 quidem,
1260 1962 1346 2044 quod
1369 1970 1400 2024 et
1421 1962 1490 2045 ipse
1511 1960 1613 2023 bonus
1635 1960 1684 2023 vir
1704 1958 1769 2024 tuit

441 2065 474 2120 et
500 2058 591 2121 multi
619 2056 768 2140 Epicurei
797 2062 828 2119 et
851 2055 979 2119 fuerunt
1003 2064 1034 2119 et
1055 2055 1151 2119 hodie
1173 2062 1247 2119 sunt
1268 2063 1301 2117 ot
1320 2057 1354 2118 in
1375 2055 1524 2119 amicitiis
1545 2049 1656 2117 fideles
1677 2060 1712 2117 et
1731 2054 1767 2120 irs

441 2152 526 2215 omni
549 2153 614 2214 vita
635 2159 814 2215 constantes
836 2157 999 2231 etgraves
1021 2169 1081 2212 nec
1096 2149 1273 2231 voluptate,
1296 2150 1352 2214 sed
1375 2147 1481 2212 officio
1502 2148 1634 2213 consilia
1655 2148 1767 2213 modo·

405 2254 563 2321 rorantes,
589 2246 652 2308 hoc
673 2242 799 2308 videtur
828 2244 930 2307 maior
951 2244 999 2306 vis
1020 2242 1196 2306 honestatis
1218 2250 1250 2306 et
1271 2244 1373 2307 minor
1393 2242 1574 2326 voluptatis.
1611 2243 1658 2305 lta
1679 2241 1767 2306 enim

441 2341 551 2404 vivunt
572 2338 718 2423 quidam,
742 2344 778 2401 ut
799 2357 909 2401 eorum
931 2337 995 2400 vita
1016 2336 1180 2399 refellatur
1201 2337 1312 2400 oratio.
1356 2338 1460 2419 Atque
1482 2343 1518 2400 ut
1538 2337 1635 2401 ceteri
1657 2334 1766 2400 dicere

441 2433 662 2496 existimantur
692 2431 804 2494 melius
834 2450 930 2514 quam
957 2431 1078 2504 iacere,
1112 2430 1157 2493 sic
1184 2429 1218 2492 lri
1247 2429 1323 2493 milri
1350 2430 1499 2493 videntur
1524 2429 1629 2494 facere
1650 2430 1768 2496 melius

440 2546 536 2610 quam
558 2525 673 2588 dicere.

524 2619 639 2681 XXVI.
661 2617 712 2681 82.
742 2619 803 2681 Sed
832 2618 911 2681 haec
931 2618 1011 2680 nilril
1032 2637 1108 2680 sane
1130 2619 1170 2680 ad
1192 2638 1274 2680 rem:
1303 2618 1359 2682 illa
1380 2618 1559 2693 videamus,
1588 2638 1671 2701 quae
1692 2638 1712 2683 a
1735 2625 1768 2684 lo

406 2727 433 2773 44
441 2715 481 2777 de
510 2713 647 2776 amicitia
676 2713 760 2776 dicta
789 2720 872 2776 sunt.
914 2713 940 2774 E
963 2712 1079 2794 quibus
1100 2730 1204 2779 unum,
1222 2713 1299 2776 milri
1321 2711 1452 2775 videbar
1472 2712 1512 2774 ab
1534 2712 1605 2794 ipso
1626 2711 1767 2794 Epicuro

441 2809 558 2872 dictum
580 2827 787 2890 cognoscere,
815 2806 982 2870 amicitiam
1005 2825 1024 2868 a
1046 2804 1207 2887 voluptate
1229 2826 1292 2869 non
1319 2826 1414 2889 posse
1437 2805 1545 2869 divelli
1567 2805 1608 2867 ob
1631 2824 1767 2889 umque

440 2923 507 2965 rem
529 2901 693 2965 colendam
716 2920 802 2976 esse,
825 2901 911 2983 quod
933 2920 1000 2962 mm
1022 2900 1091 2962 sine
1115 2918 1152 2961 ea
1175 2904 1243 2961 tuto
1259 2908 1290 2962 et
1304 2900 1373 2962 sine
1389 2907 1474 2962 metu
1489 2900 1551 2963 vivi
1566 2918 1631 2962 non
1645 2906 1769 2981 posset,

441 3015 481 3070 ne
503 2995 640 3058 iucunde
664 2994 792 3078 quidem
816 3002 933 3077 posset.
971 2994 1053 3056 Satis
1075 3000 1125 3055 est
1146 2993 1186 3054 ad
1208 2993 1269 3056 hoc
1292 3013 1490 3075 responsum.
1522 2992 1661 3057 Attulisti
1678 2992 1769 3057 aliud

440 3089 610 3153 humanius
630 3090 744 3152 horum
765 3090 990 3160 recentiorum,
1013 3108 1185 3170 numquam
1201 3087 1320 3150 dictum
1334 3087 1459 3169 abipso
1474 3086 1541 3161 illo,
1557 3085 1643 3170 quod
1658 3087 1768 3161 sciam,

403 3185 543 3266 soprimo
564 3183 710 3246 utilitatis
731 3202 828 3246 causa
849 3182 985 3244 amicum
1007 3180 1131 3261 expeti,
1156 3201 1228 3243 cum
1250 3188 1356 3243 autem
1378 3200 1455 3243 usus
1477 3180 1677 3253 accessisset,
1698 3186 1769 3244 tum

439 3280 543 3360 ipsum
567 3277 664 3339 amari
686 3297 743 3359 per
764 3296 814 3349 se,
837 3276 932 3338 etiam
954 3276 1071 3337 omissa
1093 3294 1150 3356 spe
1173 3273 1352 3357 voluptatis.
1397 3274 1465 3337 Hoc
1487 3274 1547 3337 etsi
1569 3273 1769 3338 multimodis

440 3371 588 3452 reprendi
619 3377 738 3453 potest,
773 3379 878 3432 tamen
906 3370 1028 3450 accipio
1051 3367 1138 3451 quod
1161 3367 1254 3440 dant;
1284 3367 1361 3429 mihi
1384 3368 1468 3429 enim
1490 3366 1566 3430 satis
1588 3375 1654 3441 est,
1685 3368 1769 3450 ipsis

439 3464 613 3527 nonsatis.
657 3464 736 3525 Nam
758 3461 930 3545 aliquando
952 3482 1046 3543 posse
1069 3469 1153 3524 recte
1176 3458 1244 3523 lieri
1265 3461 1374 3523 dicunt
1395 3460 1481 3524 nulla
1503 3468 1685 3544 exspectata
1705 3482 1768 3526 nec

440 3557 585 3641 quaesita
606 3556 779 3637 voluptate.
822 3551 874 3615 83.
895 3554 1031 3618 Posuisti
1054 3555 1149 3617 etiam
1168 3556 1273 3617 dicere
1289 3553 1367 3618 alios
1381 3555 1494 3617 foedus
1508 3556 1670 3637 quoddam
1682 3556 1769 3619 inter
1836 3560 1841 3569 '

403 3669 474 3715 asso
496 3650 600 3712 iacere
622 3649 793 3730 sapientis,
821 3656 872 3721 ut,
901 3667 993 3730 quern
1022 3649 1062 3710 ad
1084 3650 1213 3711 modum
1236 3647 1353 3710 sintin
1375 3667 1409 3710 se
1431 3650 1517 3732 ipsos
1538 3649 1684 3729 animosi,
1713 3660 1768 3713 eo·

441 3745 513 3806 dem
542 3741 637 3804 modo
667 3742 732 3805 sint
757 3762 830 3824 erga
852 3742 987 3805 amicos:
1017 3742 1049 3804 id
1072 3749 1105 3805 et
1125 3742 1193 3805 fieri
1215 3761 1311 3826 posse
1333 3750 1367 3805 et
1387 3762 1481 3825 saepe
1504 3763 1574 3807 esso
1594 3742 1713 3807 iactum
1735 3751 1770 3807 st

439 3836 479 3901 ad
501 3836 679 3918 voluptates
701 3834 922 3917 percipiendas
945 3836 1081 3899 maxime
1104 3838 1271 3921 pertinere.
1308 3837 1377 3899 Hoc
1398 3836 1511 3899 foedus
1532 3836 1636 3899 iacere
1658 3837 1686 3900 si
1708 3857 1772 3920 po-

438 3938 581 4004 tuerunt,
610 3928 727 3991 iaciant
749 3929 843 3991 otiam
864 3928 960 4004 illud,
989 3937 1024 3991 ut
1045 3932 1253 4014 aequitatem,
1276 3930 1479 4003 modestiam,
1502 3931 1635 3993 virtutes
1655 3950 1768 3996 omnes

439 4044 495 4108 per
524 4024 670 4105 seipsas
698 4022 794 4104 gratis
824 4022 967 4103 diligant.
1013 4025 1060 4085 An
1090 4046 1181 4098 vero,
1212 4027 1238 4089 si
1261 4024 1415 4086 fructibus
1438 4033 1470 4086 et
1491 4023 1712 4087 emolumentis
1735 4033 1769 4089 ct

401 4117 627 4181 soutilitatihus
648 4117 802 4180 amicitias
825 4115 981 4191 colemus,
1004 4118 1030 4180 si
1054 4118 1142 4181 nulla
1164 4120 1276 4181 caritas
1291 4118 1366 4190 erit,
1390 4137 1472 4200 quae
1486 4117 1766 4183 laciatamicitian

439 4213 539 4295 ipsam
561 4230 619 4273 sua
641 4219 772 4294 sponte,
795 4212 825 4273 vi
848 4229 921 4282 sua,
945 4231 986 4273 ex
1008 4232 1042 4274 se
1065 4222 1097 4274 et
1118 4223 1246 4296 propter
1267 4232 1301 4273 se
1324 4211 1549 4294 expetendam,
1572 4211 1702 4276 dubium
1718 4223 1768 4279 est

438 4306 516 4388 quin
545 4304 662 4367 fundos
693 4312 724 4367 et
753 4305 873 4367 insulas
903 4306 1011 4368 amicis
1040 4308 1293 4388 anteponamus?
1337 4301 1388 4365 84.
1411 4305 1498 4367 Licet
1522 4306 1575 4368 hic
1596 4325 1705 4369 rursus
1729 4328 1768 4372 aa

439 4419 682 4473 commemores,
713 4418 794 4482 quae
824 4399 953 4479 optimis
975 4400 1077 4462 verbis
1103 4400 1142 4462 nb
1165 4400 1302 4481 Epicuro
1325 4400 1365 4461 de
1388 4398 1481 4461 laude
1503 4400 1659 4462 amicitiae
1682 4401 1767 4466 dicta

438 4499 521 4556 sunt.
563 4496 633 4555 Non
665 4512 785 4576 quaero
816 4491 893 4575 quid
915 4493 1014 4566 dicat,
1043 4495 1100 4556 sed
1123 4494 1200 4577 quid
1228 4495 1453 4560 convenienter
1475 4493 1577 4575 possit
1596 4493 1711 4557 rationi
1735 4503 1769 4559 et

399 4588 614 4651 essententiae
642 4606 719 4650 suae
736 4585 862 4668 dicere.
902 4586 1075 4650 cUtilitatis
1104 4608 1198 4651 causa
1227 4588 1364 4651 amicitia
1394 4596 1441 4651 est
1470 4589 1642 4670 quaesita.»
1684 4590 1766 4653 Nun

437 4683 531 4764 igitur
555 4680 714 4744 utiliorem
741 4680 796 4744 tibi
824 4680 908 4744 hunc
931 4681 1084 4743 Triarium
1114 4689 1204 4764 putas
1228 4703 1297 4745 esse
1320 4702 1430 4763 posse,
1461 4701 1556 4763 quam
1579 4683 1605 4745 si
1627 4691 1680 4746 tua
1702 4684 1768 4748 sint

500 4952 525 4999 Ξ.
543 4951 570 4999 irs
586 4950 674 4999 amicis
690 4950 786 4999 tuendis
801 4951 877 5011 suomi
888 4952 922 5000 A:
941 4952 1018 5013 [mrtt
1034 4952 1061 5000 io
1078 4952 1165 5000 ascicis
1182 4952 1278 5000 tuendis
1294 4952 1361 5009 Bll;
1379 4953 1406 5000 io
1423 4952 1540 5001 amicitiis
1552 4953 1648 5002 tamdia
1657 4954 1768 5015 merito

438 5052 464 5062 -
478 5027 503 5075 7.
516 5026 629 5088 quodque
639 5026 659 5075 B
670 5052 704 5061 -
719 5026 878 5074 cormsimum
889 5026 907 5075 B
920 5027 983 5088 (non
997 5027 1025 5087 Ε)
1038 5054 1062 5063 -
1084 5032 1119 5076 cst
1136 5028 1199 5076 AB:
1219 5040 1273 5076 orn.
1287 5027 1307 5076 0
1322 5054 1348 5062 -
1368 5027 1392 5076 8.
1411 5031 1435 5076 ei
1451 5026 1522 5075 multi
1538 5032 1562 5076 st
1578 5029 1721 5089 epicureis
1736 5055 1765 5068 -

434 5106 458 5149 st
472 5101 574 5162 4444444444
585 5098 743 5150 Lambinus:
762 5105 818 5148 sust
834 5102 935 5162 4444444444
947 5101 978 5157 Β;
997 5103 1099 5163 {nemim
1115 5107 1133 5152 Α
1147 5104 1182 5163 (in
1196 5115 1249 5164 quo
1261 5106 1283 5151 et
1296 5099 1364 5150 male
1377 5105 1438 5150 ente
1450 5102 1559 5163 epicurei
1575 5105 1767 5167 transpositum

434 5176 548 5237 videtur}
566 5177 620 5225 llo
639 5203 666 5212 -
685 5176 801 5223 4444444444
818 5176 862 5225 BE
876 5202 903 5212 -
924 5177 948 5225 0.
966 5179 1015 5242 sed]
1034 5192 1058 5227 se
1077 5179 1122 5227 BE
1141 5204 1167 5212 -
1190 5177 1228 5225 44.
1248 5178 1351 5238 quidam
1367 5173 1439 5226 NB:
1459 5176 1558 5238 quidem
1574 5174 1607 5226 ai
1625 5203 1652 5213 -
1671 5178 1713 5229 44.
1731 5181 1768 5230 od

434 5257 457 5301 ts
473 5253 494 5302 Α
512 5276 540 5287 -
565 5253 605 5301 45.
624 5252 653 5300 do
670 5252 827 5300 amiciciisA
850 5278 877 5287 -
901 5252 1005 5301 timebor
1026 5253 1099 5302 r²az
1127 5253 1259 5302 uidebatur
1275 5252 1305 5301 ΑΙ
1333 5279 1358 5287 -
1388 5252 1428 5301 ti.
1446 5266 1503 5301 cum
1525 5252 1685 5315 Madvigius:
1709 5267 1765 5305 om.

434 5326 512 5377 codd.
532 5327 595 5376 etO
615 5350 642 5362 -
662 5326 703 5376 48.
722 5339 753 5375 ris
768 5327 875 5375 iocunde
892 5342 915 5388 q.
932 5334 1012 5389 posset
1029 5342 1082 5377 orn.
1102 5330 1120 5378 B
1141 5355 1167 5364 -
1193 5342 1224 5378 444
1240 5328 1399 5389 Madvigius:
1418 5342 1462 5376 mc
1479 5327 1557 5377 codd.
1576 5330 1603 5378 et
1620 5330 1640 5378 0
1658 5353 1686 5365 -
1706 5332 1767 5391 prsi-

433 5403 497 5464 dsm]
515 5402 611 5465 quidE
630 5427 658 5438 -
683 5406 719 5450 cst
734 5403 800 5450 mim
816 5403 850 5451 od
867 5403 886 5451 Β
906 5429 932 5438 -
957 5404 997 5453 49.
1016 5403 1105 5452 iomm
1117 5405 1243 5452 --sciom
1259 5404 1358 5453 Nouius
1376 5416 1401 5466 p.
1416 5404 1473 5452 ⁴67.
1494 5429 1520 5439 -
1540 5404 1593 5465 ipso
1609 5402 1652 5452 444ο
1668 5404 1703 5453 A:
1723 5404 1767 5456 illc

432 5478 485 5539 ipso
501 5478 570 5533 lill3
589 5478 643 5539 ipso
659 5488 713 5525 om.
732 5477 830 5525 Nonius
850 5504 876 5511 -
896 5477 970 5541 quod]
988 5480 1032 5538 qui
1049 5480 1067 5527 B
1088 5506 1115 5515 -
1142 5480 1183 5528 44.
1202 5478 1344 5542 voluptatis]
1363 5480 1389 5527 in
1407 5491 1490 5541 marg.
1508 5479 1547 5528 vel
1561 5477 1676 5527 utilitatis
1692 5478 1768 5531 addit

432 5549 464 5602 A'
482 5578 509 5587 —·
528 5552 572 5601 etsi
588 5556 623 5601 A:
643 5551 739 5600 4444444444
757 5550 810 5599 ΒΜ
831 5577 856 5585 -
875 5552 1025 5602 multimodis
1042 5555 1120 5603 ΑΒΕ
1139 5557 1201 5615 (non
1218 5555 1244 5602 in
1261 5552 1433 5615 multimodislz
1452 5553 1537 5602 multis
1551 5554 1705 5603 oscdisil0.
1727 5556 1766 5607 Ex

432 5630 541 5677 Oratore
565 5626 646 5691 §⁴53
669 5627 825 5676 Ciceronem
848 5632 1013 5678 contractam
1036 5628 1149 5679 iormam
1172 5629 1323 5677 multimodis
1344 5629 1478 5691 respuisse
1496 5631 1598 5679 temere
1617 5627 1763 5692 colligitur;

433 5701 466 5751 cl.
486 5702 565 5751 Corn.
584 5703 649 5765 Nep.
668 5701 794 5751 Themist.
817 5701 856 5761 40,
875 5701 899 5751 t.
921 5729 947 5737 —
967 5704 1008 5751 23.
1024 5718 1051 5764 p.
1070 5718 1120 5752 nois
1136 5710 1202 5753 recte
1220 5706 1237 5752 44
1257 5730 1283 5737 -
1304 5708 1407 5764 expecto
1424 5704 1480 5765 (sic)
1499 5705 1533 5763 l];
1552 5705 1764 5767 espectooionsll

435 5803 461 5812 -
480 5775 521 5826 il.
540 5778 653 5838 quesita
668 5781 705 5828 A:
728 5777 854 5838 ecquem
871 5777 890 5825 B
908 5804 941 5819 „-
964 5779 1004 5827 46,
1023 5780 1096 5827 modo
1117 5792 1170 5828 om.
1190 5779 1208 5828 B
1227 5782 1288 5837 (nou
1306 5779 1335 5838 E)
1356 5805 1379 5815 -
1405 5780 1445 5827 at.
1463 5780 1647 5841 perspiciendos
1664 5781 1713 5829 ΑΒ
1733 5806 1762 5818 ·-

432 5850 474 5899 29.
493 5864 527 5899 oo
544 5851 578 5900 B:
600 5856 627 5901 ot
646 5853 697 5903 40
716 5877 742 5886 -
766 5852 807 5901 33.
825 5851 899 5901 laudo
916 5853 979 5901 AB:
1002 5852 1116 5901 laudibus
1133 5854 1153 5902 0
1173 5880 1198 5889 -
1219 5850 1258 5902 34.
1277 5851 1319 5901 ssd
1335 5854 1401 5913 quod
1418 5854 1466 5903 BE
1485 5880 1512 5889 -
1537 5854 1577 5905 35.
1596 5859 1631 5904 sst
1647 5856 1764 5916 moerim

435 5930 468 5977 A:
489 5929 602 5990 quaesita
618 5934 653 5980 sst
669 5930 752 5980 44440
772 5955 799 5964 -
818 5927 859 5979 36.
877 5928 899 5978 ti
915 5928 979 5978 AB:
999 5941 1053 5977 orn.
1072 5927 1101 5976 0.
