4342 7459
873 1234 946 1300 cn.
967 1234 1039 1298 xu.
1066 1231 1276 1318 §ser-ra.
1352 1269 1356 1276 -
1676 1227 1740 1295 eor

411 1398 495 1462 stina
523 1395 683 1480 colloquia
712 1394 821 1471 naeci;
853 1394 977 1459 nullum
1010 1394 1149 1479 denique
1179 1396 1301 1472 scelus,
1331 1384 1456 1460 nullum
1479 1394 1595 1461 melum
1615 1394 1739 1459 lacinus

410 1511 492 1566 esse,
514 1490 555 1554 ad
576 1489 662 1573 quod
685 1489 922 1573 suscipiendum
945 1508 1010 1551 non
1033 1488 1130 1552 lihido
1145 1490 1317 1573 voluptatis
1331 1490 1516 1574 inpelleret:
1538 1498 1646 1572 stupra
1661 1509 1738 1553 vero

411 1595 444 1650 et
471 1585 629 1649 adulteria
658 1591 690 1646 et
718 1601 812 1645 omne
842 1582 904 1646 tale
931 1579 1085 1664 llagitium
1115 1582 1211 1646 nullis
1241 1584 1372 1649 excitari
1394 1584 1464 1648 aliis
1485 1584 1653 1648 inlecebris
1674 1582 1736 1646 nisi

410 1679 593 1763 voluptatis.
628 1677 772 1760 Cumque
794 1677 912 1740 homini
937 1676 1003 1738 sive
1025 1683 1137 1740 natura
1159 1679 1226 1741 sive
1248 1680 1322 1761 quis
1337 1679 1416 1741 deus
1430 1678 1509 1741 nihil
1525 1684 1630 1742 mente
1645 1694 1738 1759 prae·

409 1773 553 1837 stabilius
575 1770 731 1843 dedisset,
754 1772 833 1833 huic'
851 1770 960 1833 divino
983 1771 1106 1833 muneri
1129 1791 1165 1834 ao
1188 1771 1273 1835 dono
1296 1772 1374 1836 nihil
1396 1779 1459 1836 tam
1482 1792 1553 1836 erse
1572 1771 1759 1835 inimicum

411 1886 506 1951 guam
528 1865 733 1948 voluptatem.
776 1859 827 1927 ll.
849 1866 914 1927 Nec
928 1865 1020 1926 enim
1045 1864 1175 1928 libidine
1191 1866 1373 1930 dominante
1388 1866 1614 1949 temperantiae
1629 1865 1735 1928 locum

410 1980 490 2033 esee,
511 1978 616 2042 neque
638 1959 768 2022 omnino
790 1959 823 2020 iu
846 1958 1016 2041 voluptatis
1031 1978 1130 2040 regno
1145 1961 1292 2022 virtutem
1309 1979 1404 2042 posse
1418 1961 1617 2023 consistere·
1640 1956 1735 2033 Quod

409 2073 475 2137 quo
503 2053 602 2135 magis
628 2051 769 2135 intellegi
798 2060 920 2135 posset,
948 2049 1067 2133 tingere
1096 2053 1203 2116 animo
1229 2053 1471 2130 iuhehattauta
1491 2054 1656 2117 incitatum
1678 2051 1736 2116 ali·

409 2167 505 2231 quem
527 2146 690 2228 voluptate
711 2146 853 2228 corporis
876 2153 996 2228 quanta
1017 2148 1140 2229 percipi
1162 2154 1271 2229 posset
1293 2147 1453 2210 maxima:
1483 2146 1602 2210 nemini
1624 2164 1736 2208 cense-

408 2241 463 2305 bat
483 2239 552 2303 lore
574 2239 706 2301 dubium
729 2240 806 2322 quin
828 2248 891 2301 tam
915 2239 986 2313 diu,
1014 2240 1090 2304 dum
1113 2241 1156 2304 ita
1178 2241 1347 2324 gauderet,
1375 2241 1455 2305 nihil
1477 2242 1597 2323 agitare
1618 2246 1733 2313 mente,
1742 2248 1771 2295 tc

409 2333 487 2398 nihil
508 2334 641 2406 ratione,
663 2333 742 2396 nihil
765 2333 958 2415 cogitatione
980 2334 1134 2416 consequi
1158 2343 1277 2416 posset.
1314 2334 1472 2410 Quocirca
1489 2333 1570 2396 nihil
1584 2352 1655 2396 esse
1669 2342 1732 2396 tam

409 2426 596 2491 detestabile
623 2433 750 2509 tamque
779 2425 963 2508 pestiferum
995 2445 1091 2510 quam
1118 2427 1329 2511 voluptatem,
1362 2429 1389 2492 si
1420 2428 1549 2512 quidem
1577 2445 1632 2501 ea,
1660 2446 1731 2489 cum

409 2523 511 2586 maior
536 2528 621 2584 esset
647 2527 743 2603 atque
766 2520 906 2602 longior,
936 2539 1030 2582 omne
1051 2520 1149 2583 animi
1173 2521 1279 2584 lumen
1302 2521 1510 2605 extingueret.
1554 2521 1639 2584 llaec
1660 2539 1732 2583 cum
1832 2553 1837 2564 ·

410 2618 443 2680 C.
465 2615 585 2678 Pontio*
601 2614 751 2689 Samnite,
773 2621 863 2696 patre
885 2614 966 2688 eius,
988 2633 1007 2677 a
1029 2635 1093 2697 quo
1117 2614 1259 2678 Caudino
1282 2616 1404 2697 proelio
1427 2616 1480 2700 Sp.
1497 2615 1674 2678 Postumius
1696 2615 1732 2676 T.

408 2710 557 2774 Veturius
579 2708 726 2772 consules
747 2709 888 2791 superati
910 2717 992 2781 sunt,
1015 2708 1157 2772 locutum
1172 2709 1342 2792 Archytam
1357 2709 1518 2772 Nearchus
1532 2708 1770 2782 Tarentinuntt

407 2804 524 2888 hospes
546 2808 665 2876 noster,
686 2803 740 2886 qui
763 2802 796 2864 iu
818 2803 956 2866 amicitia
977 2804 1087 2886 populi
1104 2805 1235 2866 Romani
1257 2811 1486 2887 permanserat,
1508 2822 1543 2866 se
1565 2821 1584 2865 a
1606 2800 1735 2864 maiori·

407 2899 468 2962 hus
497 2906 572 2961 natu
603 2897 764 2978 accepisse
794 2896 935 2969 dicebat,
964 2917 1035 2958 cum
1064 2897 1191 2980 quidem
1215 2898 1244 2959 ei
1268 2898 1406 2960 sermoni
1427 2896 1624 2961 interfuisset
1643 2895 1733 2958 Plato

407 2989 627 3063 Atheniensis,
649 3009 744 3072 quem
767 2992 936 3053 Tarentum
959 2991 1084 3054 senisse
1107 2993 1139 3053 L.
1161 2990 1292 3054 Camillo
1314 2991 1417 3075 Appio
1440 2989 1572 3055 Claudio
1594 2989 1734 3054 consuli·

408 3088 468 3150 hus
490 3086 627 3169 reperio.
670 3080 721 3145 49.
744 3084 889 3160 Quorsus
911 3083 1013 3147 haecl
1043 3085 1082 3148 Ut
1103 3085 1341 3167 intellegeretis,
1362 3085 1389 3148 si
1411 3086 1604 3169 voluptatem
1627 3103 1734 3167 asper·

408 3181 477 3244 nari
498 3179 621 3243 ratione
649 3186 682 3240 et
709 3178 863 3262 sapientia
886 3198 949 3240 non
971 3197 1154 3261 possemus,
1186 3198 1330 3261 magnam
1352 3199 1423 3243 esse
1443 3178 1621 3241 hahendam
1643 3187 1772 3242 sene-2

409 3276 486 3339 etuti
509 3273 661 3357 gratiam,
696 3292 776 3355 quae
807 3270 947 3334 efficeret
976 3280 1012 3334 ut
1041 3272 1074 3335 id
1102 3294 1165 3337 non
1193 3272 1324 3346 liberet,
1358 3275 1442 3357 qnod
1470 3293 1535 3335 non
1563 3280 1733 3354 oporteret

408 3366 546 3451 Impedit
571 3367 656 3428 enim
685 3365 850 3439 consilium
880 3365 1047 3447 voluptas,
1077 3367 1192 3429 rationi
1224 3367 1352 3430 inimica
1380 3374 1439 3441 est,
1469 3367 1600 3440 mentis,
1628 3372 1663 3429 ut
1689 3368 1735 3429 ita

410 3461 528 3532 dicam,
558 3460 761 3542 praestringit
790 3459 901 3521 oculos
930 3479 990 3521 neo
1018 3458 1115 3523 hahet
1142 3460 1241 3524 ullum
1269 3479 1340 3523 cum
1362 3461 1478 3524 virtute
1500 3460 1734 3524 commercium.

408 3556 531 3618 Invitus
560 3553 621 3617 leci
652 3562 688 3615 ut
718 3553 882 3617 fortissimi
906 3553 963 3615 viri
985 3555 1021 3616 T.
1044 3554 1211 3617 Flaminini
1232 3553 1377 3629 fratrem,
1407 3555 1447 3617 l..
1464 3554 1693 3627 Flamininum,
1716 3572 1735 3615 e

409 3656 521 3713 senatu
549 3649 686 3711 eicerem
713 3655 833 3731 septem
864 3648 954 3710 annis
984 3655 1173 3731 postquam
1196 3647 1307 3711 consul
1330 3648 1457 3730 luisset,
1486 3648 1541 3711 sed
1563 3646 1773 3712 notandamat

408 3742 516 3827 putavi
539 3740 714 3804 libidinem.
758 3741 815 3803 llle
843 3742 946 3815 enim,
976 3762 1047 3804 cum
1077 3749 1172 3804 esset·
1189 3742 1300 3804 consul
1324 3742 1357 3803 in
1380 3742 1499 3816 Gallia,
1529 3749 1679 3805 exoratus
1700 3740 1735 3802 in

409 3835 554 3899 convivio
583 3853 602 3897 a
631 3842 734 3897 scorto
765 3843 813 3897 est
840 3843 875 3896 ut
896 3837 998 3897 securi
1020 3835 1129 3898 feriret
1150 3835 1289 3920 aliquem
1312 3854 1440 3909 eorum,
1469 3835 1579 3918 quiin
1600 3834 1736 3898 vinculis

410 3937 517 3993 essent
539 3928 679 3992 damnati
702 3928 747 3991 rei
770 3927 925 4011 capitalis.
968 3930 1027 3992 llic
1042 3929 1114 3992 Tito
1134 3928 1230 3991 fratre
1252 3948 1311 3991 ouo
1327 3948 1476 4003 censore,
1503 3929 1559 4012 qui
1573 3929 1736 4012 proximus

410 4032 483 4087 ante
511 4043 561 4086 me
590 4022 708 4094 luerat,
738 4021 865 4103 elapsus
895 4029 962 4085 est:
996 4022 1072 4086 mihi
1105 4041 1180 4084 vero
1211 4027 1244 4085 et
1264 4021 1376 4085 Flacco
1403 4021 1589 4105 neutiquam
1610 4020 1736 4106 probari

410 4118 513 4200 potuit
542 4125 605 4187 tam
634 4112 789 4196 llagitiosa
818 4123 850 4177 et
879 4125 941 4179 tam
970 4114 1096 4197 perdita
1123 4115 1241 4190 libido,
1270 4134 1352 4199 quae
1380 4135 1452 4177 cum
1473 4115 1591 4198 prohro
1613 4116 1774 4198 privatotc

411 4212 618 4291 coniungeret
639 4211 765 4291 imperii
786 4208 933 4272 dedecus.

477 4510 500 4558 l.
519 4512 580 4573 post
595 4509 719 4570 colloquio
737 4510 755 4558 lt
773 4509 801 4558 in
818 4522 902 4570 marg.
918 4507 1000 4558 habet
1016 4521 1037 4558 r.
1050 4508 1147 4558 dicebat
1165 4534 1191 4543 -
1210 4507 1307 4556 nudum
1323 4505 1428 4566 denlw
1439 4530 1476 4544 ·-
1487 4505 1623 4567 dispelleret
1638 4506 1738 4557 Nonius

410 4597 437 4650 p.
450 4583 507 4641 309,
520 4584 552 4635 33
576 4610 602 4620 -
630 4584 725 4633 malm
741 4585 906 4645 melocineo
922 4584 1030 4640 Nonius,
1048 4583 1144 4632 mutum
1160 4582 1247 4632 omi}
1272 4608 1299 4617 -
1328 4581 1353 4630 t.
1371 4579 1455 4628 tuhtdo
1472 4580 1570 4630 Nonius
1597 4605 1625 4616 -
1651 4585 1739 4642 stupro

409 4671 602 4720 sero--porre
617 4659 749 4709 consistere
769 4659 847 4708 atlert
869 4659 1019 4708 Lactantius
1041 4658 1101 4708 inst.
1121 4657 1173 4707 div.
1192 4658 1239 4717 Vl,
1253 4657 1286 4707 20
1310 4683 1343 4693 -
1371 4656 1395 4705 3.
1414 4656 1523 4705 eoctturt
1538 4655 1597 4705 aliie
1612 4655 1740 4705 iekcedrlr

410 4735 458 4786 ΕΡ
475 4733 669 4782 attactanttus
692 4733 753 4793 (sed
772 4734 791 4783 E
808 4733 951 4794 ecercerr'lt
978 4735 1088 4783 exuturi
1103 4732 1222 4784 illecebris
1239 4732 1297 4783 oltts
1313 4732 1369 4791 448,
1396 4732 1454 4782 utils
1469 4732 1505 4781 444.
1524 4744 1579 4781 ecc.
1599 4729 1634 4778 llt
1660 4757 1686 4766 -
1712 4730 1737 4781 o.

411 4808 571 4859 tmnearec:
589 4809 749 4866 eurtum&
769 4822 819 4858 esse
836 4821 890 4858 orn.
905 4810 1056 4860 Lactanttus
1071 4835 1097 4844 -
1116 4810 1140 4858 t.
1154 4809 1227 4858 necS
1247 4833 1274 4844 -
1293 4806 1408 4868 speret
1424 4807 1508 4857 lthS
1527 4832 1554 4843 -
1573 4803 1596 4854 9.
1614 4818 1740 4855 meamea

410 4886 429 4936 S
449 4910 472 4922 -
496 4885 535 4933 to.
553 4885 616 4933 ellit
632 4888 732 4948 opttore
747 4890 827 4935 mente
844 4885 953 4935 omits
973 4909 1000 4921 —
1024 4885 1063 4934 li.
1082 4890 1183 4946 toroque
1195 4883 1341 4945 pestiferam
1357 4885 1444 4932 om?
1464 4905 1491 4918 -
1514 4880 1554 4931 43.
1573 4882 1672 4945 longior
1688 4881 1737 4930 lP:

411 4960 571 5022 memequicr
587 4959 682 5009 BERS
702 4986 728 4996 -
748 4972 805 5008 crem
818 4974 850 5020 p.
870 4959 902 5008 Bl
920 4984 947 4995 -
968 4957 1008 5010 tt.
1027 4960 1138 5023 gaudena
1155 4960 1175 5015 l,
1193 4960 1220 5008 ln
1236 4958 1344 5007 coudluc
1360 4958 1381 5008 E
1399 4983 1426 4993 -
1445 4957 1572 5020 spurluss
1591 4982 1618 4993 -
1633 4956 1740 5020 posthu-

410 5035 476 5082 niue
492 5035 520 5091 P,
542 5035 707 5096 portesmuth
735 5061 762 5070 -
789 5034 894 5084 titlurli
922 5059 949 5069 -
977 5036 1017 5084 45.
1036 5035 1146 5083 seuffut
1162 5037 1190 5085 t>¹
1214 5059 1241 5069 -
1267 5045 1375 5083 wormes
1391 5032 1502 5092 tetes,
1525 5032 1690 5082 wortliusE
1710 5058 1737 5069 ·-

411 5110 549 5159 torerrtlws
566 5109 585 5158 E
606 5136 631 5145 -
651 5110 691 5159 46.
712 5112 747 5159 .Ρ.
762 5113 789 5160 a.
809 5110 929 5161 astas:
950 5109 988 5158 ret
1000 5122 1028 5170 p.
1049 5110 1066 5158 44
1086 5134 1113 5144 -
1138 5109 1178 5159 ll.
1196 5108 1315 5169 accipisse
1332 5106 1359 5157 P*
1380 5132 1406 5142 —-
1432 5106 1471 5156 48.
1490 5106 1602 5172 Comum]
1619 5105 1739 5156 emilioli

411 5211 445 5223 -
461 5184 537 5247 oppio
555 5185 580 5233 l:
604 5184 664 5247 opp.
684 5185 901 5248 nesteronem
918 5198 949 5233 uc
968 5184 1115 5245 petonem
1132 5182 1160 5245 44)
1180 5210 1206 5219 -
1233 5183 1272 5233 lh.
1290 5181 1405 5244 repperio
1421 5182 1482 5231 BlS
1502 5209 1527 5218 —
1552 5178 1690 5231 accerst
1709 5204 1737 5215 -

411 5261 582 5324 teteltegerettr
599 5261 689 5312 BPS¹:
708 5261 856 5323 intellegatis
872 5257 991 5310 ElltS²0
1011 5286 1038 5296 -
1056 5260 1079 5307 st
1095 5259 1189 5320 uolupt.
1208 5257 1228 5306 lt
1245 5269 1303 5319 sup.
1318 5254 1361 5306 lin.
1376 5255 1441 5305 mi
1461 5279 1489 5293 -
1507 5255 1548 5306 20.
1567 5267 1617 5304 esee
1633 5246 1737 5304 stas:

412 5348 466 5387 om.
481 5336 558 5385 Etto
578 5362 604 5371 -
628 5336 746 5384 senectuti
762 5335 937 5384 lubendcmll
963 5359 989 5370 -
1013 5333 1054 5382 il.
1073 5333 1178 5395 efficeret
1195 5331 1308 5381 Ell'lt:
1331 5331 1447 5393 effecerat
1464 5331 1525 5389 BS,
1546 5328 1654 5392 effecerit
1670 5326 1690 5377 0
1709 5350 1736 5361 -

411 5409 504 5459 luderet
520 5411 540 5459 lt
558 5437 589 5446 -
611 5411 651 5459 tt.
671 5411 800 5471 supertes
821 5436 848 5446 -
866 5408 1217 5471 uotupms--commerctom
1234 5406 1333 5455 Nonius
1351 5418 1377 5469 p.
1390 5404 1431 5463 34,
1443 5405 1483 5456 33.
1505 5432 1530 5441 -
1550 5408 1586 5453 eet
1602 5402 1689 5453 omli
1708 5425 1736 5437 -

411 5486 500 5534 mentis
518 5487 535 5535 t>
553 5489 581 5534 et
598 5486 713 5535 Nonius:
737 5498 769 5533 oc
784 5486 873 5533 mentis
889 5484 1020 5546 tmesis)
1038 5483 1176 5533 BElRSO
1205 5507 1231 5516 -
1258 5478 1299 5531 ll.
1317 5480 1516 5544 caruaninse
1534 5477 1596 5538 (sed
1614 5478 1633 5527 lt
1651 5476 1689 5537 T.)
1709 5500 1737 5512 -

412 5558 440 5608 l..
460 5558 523 5607 titt:
545 5572 568 5607 c.
587 5557 629 5608 vel
646 5575 671 5623 g.
691 5560 792 5615 BlPS;
819 5563 846 5608 al
863 5558 895 5609 cl.
915 5559 968 5609 ttv.
983 5558 1024 5619 39,
1042 5558 1083 5608 li.
1108 5584 1141 5593 -
1165 5555 1335 5606 Flamininum
1352 5558 1384 5606 P:
1407 5556 1549 5620 melum
1565 5551 1690 5603 ustus
1709 5574 1736 5586 -·

411 5634 452 5683 25.
471 5635 574 5683 eicerem
591 5637 623 5689 Ρ,
647 5634 695 5684 sed
714 5633 775 5683 add.
794 5632 881 5696 glossa
904 5634 1016 5683 eiecerim
1045 5659 1070 5669 -
1099 5627 1586 5694 lutsmtmd--areetcoerulom.lts
1610 5626 1648 5689 (in
1665 5625 1683 5674 S
1700 5636 1737 5673 m.

411 5720 467 5758 rec.
486 5708 511 5756 in
530 5720 612 5771 marg.
632 5707 732 5771 suppl.)
759 5734 786 5744 -
817 5708 1058 5767 commutare,
1084 5706 1132 5756 sed
1157 5708 1228 5770 prior
1250 5709 1260 5754 t
1280 5708 1423 5769 punctstn,
1452 5704 1601 5754 extortores
1624 5700 1737 5763 Blitlts,
1769 5741 1773 5746 .

411 5784 548 5834 metus
565 5783 603 5843 E’,
629 5785 776 5833 exhortatus
796 5790 831 5832 est
854 5785 865 5833 l
895 5808 922 5819 -
952 5781 1144 5843 adclamasti
1165 5780 1262 5830 BEllt
1290 5806 1317 5817 -
1349 5780 1374 5830 Τ.
1396 5780 1416 5830 lt
1444 5806 1470 5815 -
1497 5790 1641 5842 procureur
1664 5779 1681 5827 S
1708 5801 1736 5814 -

411 5857 453 5908 29.
471 5859 633 5921 neutiquam
651 5860 677 5914 l;
704 5860 764 5909 mill
782 5872 843 5909 uero
858 5857 1138 5921 κυπαίρω-4444440
1156 5856 1290 5909 Charisius
1307 5869 1334 5921 p.
1347 5855 1406 5917 208,
1419 5854 1451 5909 ll
1467 5854 1497 5906 ll.
1526 5881 1554 5892 -
1582 5854 1623 5905 30.
1641 5859 1665 5906 et
1676 5866 1740 5919 per·
