4342 7459
434 1213 498 1282 ⁴⁴⁴⁴
884 1211 937 1276 DE
958 1210 1129 1278 DEORUM
1150 1209 1313 1276 NATURA

435 1396 570 1460 quorum
600 1372 734 1438 altarum
760 1373 941 1456 Apollinem
973 1374 1103 1450 Graeci,
1137 1372 1268 1437 alteram
1296 1370 1429 1435 Dianam
1455 1376 1576 1455 putant.
1619 1368 1769 1447 Quodsi

436 1472 527 1533 huna
549 1469 610 1533 dea
632 1475 695 1543 est,
717 1488 792 1551 ergo
815 1470 910 1533 etiarn
934 1469 1061 1531 Lucifer
1084 1476 1272 1550 ceteraeque
1292 1474 1433 1529 errantes
1455 1485 1622 1529 numerum
1637 1466 1770 1529 deorum

437 1564 641 1647 optinebunt,
668 1562 766 1645 igitur
794 1563 888 1626 etiam
915 1563 1103 1626 inerrantes.
1142 1562 1205 1625 Cur
1230 1569 1336 1623 autem
1365 1560 1470 1643 Arqui
1498 1560 1622 1642 species
1650 1579 1715 1624 non
1736 1559 1771 1622 in

436 1658 567 1722 deorum
590 1676 723 1721 numero
744 1660 944 1739 reponatur?
974 1666 1022 1719 est
1044 1657 1128 1719 enim
1151 1653 1298 1738 pulcher,
1321 1664 1353 1718 et
1374 1654 1415 1716 ob
1438 1672 1507 1716 eam
1530 1672 1674 1730 causam,
1695 1651 1772 1737 quia

412 1753 577 1835 especiem
597 1750 694 1815 habet
715 1749 949 1824 admirabilem,
977 1751 1174 1813 Thaumante
1197 1748 1314 1812 dicitur
1334 1750 1398 1810 Iris
1419 1767 1489 1810 esse
1511 1754 1603 1823 nata3
1632 1747 1723 1824 cpius
1744 1744 1772 1810 sl

438 1845 545 1909 divina
566 1854 679 1908 natura
702 1851 764 1919 est,
787 1845 865 1927 quid
888 1846 986 1908 iacies
1009 1842 1175 1907 nubibus?
1208 1844 1308 1907 Arcus
1330 1843 1414 1906 enim
1437 1842 1537 1927 ipsae
1552 1842 1691 1906 nubibus
1706 1835 1775 1904 effi·

435 1941 517 2005 citur
545 1938 683 2022 quodam
711 1937 805 2002 modo
836 1939 998 2013 coloratis,
1028 1958 1163 2022 quarum
1193 1956 1257 2000 una
1286 1938 1381 2001 etiam
1405 1935 1581 2000 centauros
1609 1935 1774 2018 peperisse

436 2036 559 2099 dicitur.
597 2032 689 2128 Quod
718 2031 745 2094 si
774 2032 876 2095 nubes
906 2034 1066 2097 rettuleris
1088 2033 1122 2095 in
1144 2031 1237 2106 deos,
1265 2030 1453 2095 referendae
1474 2038 1559 2094 certe
1580 2037 1674 2093 erunt
1695 2035 1774 2092 tem·

435 2135 591 2214 pestates,
621 2145 703 2210 quae
730 2126 844 2209 populi
872 2127 1005 2189 Romani
1035 2128 1147 2190 ritibus
1173 2132 1376 2190 consecratae
1403 2134 1487 2190 sunt.
1531 2126 1616 2209 Ergo
1645 2122 1774 2198 imbres,

398 2237 427 2284 44
436 2222 552 2297 nimbi,
580 2219 758 2305 procellae,
786 2220 928 2285 turbines
951 2222 1003 2284 dei
1029 2220 1172 2304 putandi.
1209 2220 1315 2284 Nostri
1337 2219 1468 2302 quidem
1491 2219 1700 2284 ducas‘mare
1722 2217 1773 2281 in·

435 2318 616 2400 gredientes
636 2314 792 2377 inmolare
817 2312 954 2379 hostiam
976 2315 1123 2379 tluctihus
1145 2323 1348 2379 consuerunt.
1392 2312 1443 2377 52.
1465 2316 1532 2378 lam
1555 2314 1583 2378 si
1605 2321 1657 2378 est
1677 2312 1774 2378 Ceres

435 2431 455 2475 a
476 2409 632 2496 gerendo,
653 2410 698 2472 ita
720 2408 806 2472 enim
828 2409 974 2484 dicebas,
995 2418 1080 2473 terra
1102 2408 1171 2493 ipsa
1193 2408 1253 2472 dea
1276 2415 1325 2471 est
1340 2416 1372 2472 et
1394 2410 1438 2473 ita
1455 2410 1605 2473 babetur:
1628 2426 1712 2492 quae
1725 2412 1776 2470 est

436 2508 521 2570 enim
543 2504 605 2570 alia
627 2501 759 2567 Tellus?
782 2502 831 2567 sin
854 2511 949 2578 terra,
972 2523 1057 2568 mare
1079 2504 1190 2577 etiam,
1214 2523 1310 2586 quem
1325 2505 1507 2587 Neptunum
1530 2522 1601 2582 esse
1623 2501 1775 2566 dicehssa

437 2621 513 2684 ergo
544 2608 577 2664 et
604 2598 733 2661 llumina
759 2605 790 2661 et
811 2597 925 2670 fontes.
961 2598 1073 2681 ltaque
1096 2606 1127 2661 et
1149 2599 1258 2662 Fontis
1280 2596 1446 2663 delubrum
1470 2601 1557 2663 Maso
1580 2616 1622 2662 ex
1644 2594 1774 2660 Corsica

401 2694 598 2759 ssdedicavit
624 2700 656 2756 et
680 2692 713 2754 in
743 2710 899 2773 augurum
929 2692 1113 2774 precatione
1144 2692 1343 2769 Tiberinum,
1374 2692 1564 2776 Spinonem,
1594 2690 1775 2764 Almonem,

437 2786 614 2862 Nodinum,
641 2785 703 2849 alia
723 2786 975 2869 propinquorum
997 2786 1164 2849 fluminum
1185 2788 1315 2852 nomina
1337 2788 1491 2853 videmus.
1527 2789 1613 2872 Ergo
1635 2785 1699 2849 hoc
1721 2789 1777 2848 ant

438 2885 470 2948 in
498 2884 678 2947 inmensum
708 2888 814 2964 serpet
841 2887 896 2944 aut
921 2880 998 2943 nibil
1026 2880 1141 2944 horum
1170 2882 1361 2965 recipiemus
1390 2902 1450 2946 nec
1470 2882 1527 2947 illa
1548 2879 1672 2946 infinita
1693 2878 1776 2945 ratio

438 2977 673 3061 superstitionis
695 2972 893 3058 probabitur.
932 2972 1018 3038 Nihil
1041 2994 1116 3057 ergo
1138 2975 1250 3039 horum
1273 2975 1472 3059 probandum
1496 2982 1555 3041 ost.

522 3071 609 3135 xxt.
631 3067 683 3132 53.
704 3070 852 3134 Dicamus
873 3068 984 3151 igitur,
1006 3070 1117 3145 Balbe,
1140 3079 1267 3153 oportet
1288 3079 1397 3137 contra
1419 3072 1493 3135 illos
1509 3072 1625 3146 edam,
1647 3068 1706 3153 qni
1719 3087 1776 3134 eus

399 3167 516 3232 ssdeos
538 3186 579 3230 ex
600 3165 766 3229 hominum
789 3183 904 3248 genere
926 3164 959 3227 in
982 3166 1104 3228 caelum
1128 3164 1295 3229 translatos
1311 3186 1376 3230 non
1390 3187 1441 3241 re,
1465 3165 1521 3230 sed
1538 3163 1691 3249 opinione
1705 3180 1776 3227 essa

438 3262 564 3337 dicunt,
587 3280 668 3345 quos
690 3267 822 3343 auguste
844 3278 954 3322 omnes
977 3267 1150 3340 sancteque
1172 3279 1367 3324 veneramur.
1410 3261 1573 3345 Principio
1595 3259 1690 3323 loros
1711 3265 1776 3322 trus

436 3365 606 3423 numerant
634 3355 670 3430 ii,
700 3356 757 3438 qui
778 3353 920 3436 theologi
944 3354 1162 3428 nominantur,
1184 3372 1226 3416 ex
1248 3354 1365 3435 quibus
1386 3357 1523 3438 primum
1545 3363 1577 3418 et
1597 3352 1775 3418 secundum

436 3459 529 3515 natos
557 3451 589 3513 in
618 3448 766 3524 Arcadia,
799 3449 932 3512 alterum
961 3456 1050 3532 patre
1076 3447 1231 3522 Aethere,
1265 3467 1306 3511 ex
1336 3469 1403 3533 quo
1429 3450 1524 3514 etiam
1550 3448 1773 3531 Proserpinam

437 3552 545 3609 natam
565 3542 673 3606 ierunt
695 3551 726 3606 et
747 3543 911 3618 Liberum,
939 3543 1073 3606 alterum
1095 3550 1184 3624 patre
1208 3541 1320 3617 Caelo,
1349 3545 1405 3626 qui
1426 3544 1574 3627 genuisse
1597 3544 1774 3607 Minervam

400 3640 571 3715 unietur,
595 3657 691 3723 quam
712 3638 888 3723 principem
910 3645 942 3701 ct
962 3635 1168 3699 inventricem
1191 3637 1268 3700 belli
1285 3636 1408 3713 ierunt,
1431 3639 1559 3702 tertium
1576 3636 1772 3709 Cretensem,

439 3733 566 3799 Saturni
594 3729 710 3809 filium,
742 3733 835 3796 euius
863 3733 896 3795 in
926 3731 980 3794 illa
1006 3730 1112 3794 insula
1134 3732 1315 3814 sepulcrum
1338 3732 1525 3796 ostenditur.
1569 3731 1775 3817 Διόσκουροι

439 3828 534 3892 etiam
556 3824 640 3909 apud
663 3825 777 3889 Graios
799 3826 907 3890 multis
923 3824 1026 3889 modis
1040 3824 1266 3888 nominantur:
1288 3826 1382 3908 primi
1398 3833 1477 3901 tres,
1500 3828 1558 3910 qui
1573 3826 1776 3910 appellantur

438 3921 591 3995 Anactes,
613 3919 745 3982 Athenis
767 3938 808 3982 ex
829 3938 905 4000 rege
924 3918 1000 3981 lore
1022 3920 1245 4002 antiquissimo
1266 3928 1298 3984 et
1313 3922 1504 4005 Proserpina
1522 3922 1606 3998 nati,
1629 3922 1775 4005 Tritopa-

438 4020 543 4088 treus,
564 4012 742 4088 Eubuleus,
763 4014 942 4097 Dionysus,
965 4012 1112 4089 secundi,
1134 4014 1209 4077 lore
1231 4014 1324 4078 tertio
1346 4017 1413 4078 nati
1435 4024 1467 4079 et
1489 4016 1593 4091 heda,
1617 4016 1731 4080 Castor
1744 4021 1776 4077 44

401 4108 571 4183 auPollu13
602 4108 684 4171 tertii
708 4107 857 4170 dicuntur
878 4128 897 4170 a
918 4108 1081 4171 nonnullis
1103 4106 1180 4171 Alco
1203 4115 1236 4171 et
1261 4108 1437 4191 Melampus
1461 4117 1492 4174 et
1513 4109 1660 4185 Tmolus,
1687 4105 1775 4173 atrei

438 4205 514 4280 filii,
537 4204 592 4288 qui
613 4203 731 4285 Pelope
753 4211 847 4267 natus
868 4202 940 4265 luit.
986 4199 1038 4265 5⁴.
1057 4204 1123 4265 Iam
1138 4204 1248 4267 Musae
1264 4204 1385 4286 primae
1402 4213 1560 4288 quattuor,
1583 4205 1660 4269 Iove
1675 4203 1775 4267 altero

505 4498 530 4545 ⁴.
545 4499 637 4557 putant
653 4507 723 4545 corr.
742 4508 775 4544 ex
792 4498 879 4556 puteat
895 4494 915 4543 Α
934 4518 963 4530 -·
987 4495 1013 4544 2.
1032 4494 1079 4544 deu
1095 4498 1131 4544 444
1147 4507 1217 4545 corr.
1236 4507 1273 4544 m.
1292 4506 1348 4545 sec.
1367 4508 1400 4544 ex
1417 4495 1481 4546 deest
1498 4495 1519 4544 V
1538 4519 1565 4531 -
1585 4494 1610 4545 4.
1628 4508 1676 4546 cur
1692 4498 1776 4545 aum

439 4572 525 4623 uacuis
540 4572 631 4633 spectes
647 4584 697 4620 444
713 4570 740 4619 44
757 4570 859 4619 deorum
870 4583 974 4620 numero
987 4571 1121 4632 ponatur‘l
1140 4570 1274 4635 Charisius
1292 4583 1319 4634 p.
1333 4571 1389 4631 ⁴⁴7,
1408 4571 1435 4621 ts
1449 4570 1501 4634 [ed.
1514 4568 1610 4633 Keil.);
1627 4584 1676 4621 css·
1691 4573 1777 4619 4444444

439 4650 496 4699 urci
515 4648 606 4711 specim
625 4660 675 4697 444
693 4646 722 4695 44
738 4647 842 4696 deorum
857 4659 961 4695 4444444
976 4646 1138 4708 reponatur?
1160 4647 1310 4697 Priscianus
1327 4647 1370 4708 vt,
1389 4647 1430 4707 44,
1449 4647 1490 4698 74.
1511 4675 1539 4685 -
1563 4648 1640 4709 murm
1657 4643 1774 4695 A¹Pv¹z

439 4725 513 4774 444444·
529 4724 566 4782 Β;
591 4734 667 4771 uresss
683 4721 771 4781 Νη
796 4721 853 4770 arci
870 4721 959 4771 CEO.
983 4721 1021 4772 Cl.
1041 4722 1148 4773 Lucret.
1168 4723 1210 4783 Vl,
1229 4723 1287 4774 4446.
1309 4749 1335 4759 -
1355 4721 1380 4772 4.
1399 4736 1456 4772 sum
1471 4723 1577 4785 speciem
1593 4723 1655 4784 pssiu
1671 4731 1777 4771 ouum

439 4795 463 4850 44
482 4823 509 4834 —-
528 4799 553 4848 b.
571 4796 644 4847 hebet
660 4797 814 4847 Ernestius:
833 4795 922 4846 4444444
939 4792 991 4847 440
1010 4824 1037 4833 -
1056 4799 1105 4847 4444
1121 4799 1180 4848 Ant.
1200 4799 1376 4862 Augustinus:
1397 4811 1451 4849 om.
1471 4795 1523 4849 440
1536 4824 1565 4835 -
1583 4802 1648 4847 nutu
1665 4793 1706 4847 a:
1726 4792 1777 4855 (ul-

439 4874 503 4923 tima
520 4871 567 4923 litt.
586 4873 612 4922 in
630 4884 682 4922 ras.
700 4873 748 4933 .⁴):
766 4876 843 4921 nutus
859 4870 910 4920 alii.
932 4898 959 4907 —
979 4871 1002 4921 6.
1021 4886 1035 4922 4
1051 4871 1091 4923 ill:
1110 4887 1144 4924 ex
1161 4873 1221 4924 0-
1241 4874 1265 4923 7.
1284 4875 1404 4923 coloratis
1421 4874 1560 4923 Davisius:
1578 4872 1706 4923 coloratus
1722 4866 1777 4921 440

441 4974 469 4985 -
489 4949 530 4997 44.
547 4947 669 5011 {nectibus
685 4946 736 4996 PV
760 4973 787 4984 -
808 4950 989 4996 connumerasset
1006 4947 1054 4997 Eo
1074 4973 1102 4983 -
1125 4949 1178 4997 tum
1195 4947 1231 4996 B:
1254 4952 1307 4997 tum
1327 4949 1355 5007 (u
1372 4948 1399 4997 in
1418 4948 1480 5009 ras.)
1503 4949 1542 5006 Α;
1570 4953 1623 4997 tom
1644 4944 1727 4997 CEV
1746 4968 1775 4979 -

440 5022 480 5073 ⁴³.
498 5024 537 5074 sin
559 5013 721 5074 ARCEP?
740 5022 767 5072 44
784 5022 818 5081 V;
844 5024 867 5073 44·
889 5021 1071 5083 Heindorflus‚
1091 5023 1110 5071 0
1128 5048 1161 5058 -
1185 5024 1310 5073 moreh:
1336 5022 1574 5073 muterACEPV
1594 5046 1622 5056 -
1642 5020 1776 5072 441444

438 5099 499 5148 Ant.
516 5100 695 5162 Augustinus:
712 5111 798 5148 marso
814 5096 837 5149 44
852 5126 879 5135 -
898 5099 938 5149 45.
957 5099 1084 5149 Almonem
1102 5100 1226 5150 Ursinus:
1246 5110 1390 5147 4444444444
1407 5096 1588 5160 tttsuperscr.
1600 5097 1716 5147 ous'mem
1727 5094 1775 5160 C);

437 5173 558 5225 44444444
575 5174 752 5224 Heindorfius.
767 5201 795 5211 -
809 5174 929 5224 nodiuum
940 5187 1010 5225 corr.
1023 5187 1056 5224 ex
1066 5174 1170 5223 nonium
1182 5175 1200 5223 B
1213 5199 1241 5210 -
1256 5174 1296 5222 ⁴7.
1309 5174 1400 5223 horum
1411 5174 1431 5223 C
1442 5173 1461 5222 E
1471 5168 1515 5221 ⁴⁴²:
1539 5172 1662 5222 honorum
1673 5173 1692 5222 Α
1702 5170 1774 5230 BV¹;

438 5247 561 5299 mmmm
577 5250 596 5297 P
614 5273 642 5283 -
668 5249 707 5297 44,
725 5261 766 5298 eos
782 5262 847 5300 nos:
870 5250 914 5297 bos
930 5245 983 5298 440
1001 5275 1029 5285 -
1053 5251 1095 5300 44.
1113 5251 1139 5299 hi
1154 5251 1203 5301 BP
1221 5275 1248 5286 -·
1274 5250 1315 5299 23.
1334 5250 1457 5299 archadio
1473 5249 1524 5299 Ev
1544 5273 1571 5285 -
1590 5248 1632 5298 26.
1651 5246 1778 5296 4444444444

439 5322 496 5386 (titt.
515 5321 662 5388 penultima
678 5323 819 5387 expuncta)
837 5324 873 5383 Α,
891 5322 1020 5373 dioscoros
1037 5326 1062 5387 (a
1079 5338 1149 5375 corr.
1169 5339 1201 5375 ex
1218 5325 1239 5386 4]
1257 5325 1291 5386 Β,
1310 5326 1431 5375 dioscorte
1442 5325 1461 5375 C
1472 5325 1522 5374 EV
1535 5324 1613 5386 (corr.
1627 5336 1664 5373 rn.
1678 5334 1735 5373 sec.
1748 5323 1776 5371 in

437 5400 564 5451 dioscoros
580 5399 624 5460 V),
647 5399 784 5449 dioscors'do
804 5410 896 5461 margo
918 5398 949 5458 V,
973 5400 1128 5451 dioscorides
1145 5402 1164 5449 P
1188 5427 1215 5436 -
1239 5401 1280 5449 77.
1299 5401 1443 5462 apellentur
1459 5401 1480 5450 Α
1500 5425 1527 5435 —
1550 5399 1592 5449 48.
1611 5403 1713 5448 moeses
1731 5395 1771 5449 444

437 5475 533 5527 daucus
550 5476 570 5525 0
588 5500 616 5510 -
635 5476 695 5524 trito
709 5479 814 5536 patrous
830 5471 868 5523 u:
889 5474 1067 5538 Pritopotores,
1085 5477 1196 5538 Zopreus
1212 5476 1443 5535 Hemsterhuaius,
1462 5475 1498 5531 0;
1520 5474 1698 5536 Pmtoputorsa,
1718 5473 1776 5523 ns-

436 5552 558 5616 ptolemus
573 5550 663 5615 (irater
680 5548 805 5609 Eubulei,
824 5550 936 5598 Pausan.
955 5551 979 5610 ⁴,
1000 5551 1040 5612 44,
1058 5551 1085 5611 4)
1102 5552 1143 5601 Fr.
1157 5551 1289 5602 Rinckius.
1307 5578 1333 5588 -
1353 5552 1394 5602 29.
1413 5550 1547 5602 4444444444
1564 5550 1627 5599 V-
1646 5550 1777 5611 ntorum

439 5628 578 5678 Davisius:
603 5626 731 5687 dierstenses
745 5628 783 5686 Α,
806 5625 927 5674 dionisius
946 5626 1069 5686 BCEV,
1093 5627 1220 5687 4444444444
1242 5628 1260 5676 P
1285 5649 1312 5662 -
1336 5627 1435 5677 secundi
1455 5624 1494 5677 at:
1521 5626 1623 5676 secundi
1638 5626 1689 5675 duo
1705 5625 1726 5675 0
1746 5650 1775 5661 -

439 5701 481 5753 40.
498 5703 571 5763 Alco,
588 5701 729 5763 Melampus
745 5704 769 5750 44
787 5698 883 5749 Tmolus
900 5700 1038 5760 Davisius3
1062 5701 1118 5750 4444
1134 5701 1271 5763 4444444444
1288 5701 1431 5760 suisium
1458 5701 1514 5750 olco
1530 5704 1554 5750 et
1570 5700 1691 5751 meiuolos
1705 5700 1777 5764 (post

439 5789 480 5829 ms
495 5788 630 5841 superscr.
649 5776 778 5839 44444444)
800 5775 837 5833 Β;
860 5776 916 5825 otoo
933 5783 955 5826 4
971 5778 1112 5840 melampus
1126 5777 1221 5826 4444444
1238 5777 1335 5837 CPV;
1358 5777 1413 5827 uteo
1430 5782 1453 5828 et
1469 5776 1609 5839 melampus
1625 5774 1719 5826 motu
1735 5774 1775 5835 Es

439 5850 512 5913 Alco,
536 5851 676 5915 Pelumpus
696 5851 746 5917 [st]
770 5851 867 5901 tmolus
882 5852 912 5903 0.
940 5852 1014 5903 Corsi.
1033 5852 1138 5915 Madvig
1159 5851 1193 5902 ad
1217 5852 1272 5902 Cic.
1292 5852 1326 5903 de
1349 5854 1403 5903 Fin.
1430 5865 1455 5916 p.
1475 5852 1533 5902 ⁴⁴7⁴.
1554 5876 1582 5888 -
1601 5851 1721 5915 utrepth
1745 5874 1776 5886 -

441 5923 656 5991 sapum-
675 5928 1232 5990 quummsosuetoueuturommmust
1249 5925 1299 5994 (vel
1316 5928 1405 5992 444444)
1422 5926 1632 5989 mammosam
1656 5928 1780 5999 44444144·
