4342 7459
634 1244 723 1309 usn.
737 1244 793 1311 ur.
816 1243 889 1309 co.
904 1245 945 1309 u.
965 1242 1044 1328 §25
1058 1245 1200 1310 -rsn
1213 1246 1267 1313 rv.
1290 1244 1403 1311 cunr
1424 1242 1514 1330 sao.
1669 1237 1727 1310 ast

410 1403 534 1470 animus
564 1403 782 1488 magnitudine
815 1401 960 1479 consilii,
996 1404 1166 1469 tolerantia
1195 1425 1302 1470 rerum
1333 1404 1563 1481 bumanorum,
1594 1412 1734 1471 coutem-

409 1502 518 1584 ptione
538 1498 701 1572 fortunae,
729 1497 897 1562 virtutibus
920 1498 1057 1582 denique
1079 1499 1226 1564 omnibus
1255 1506 1290 1563 ut
1314 1499 1479 1564 moenibus
1509 1506 1637 1582 saeptus
1665 1498 1734 1565 rin·

409 1606 498 1660 cetur
525 1601 559 1657 et
586 1591 840 1676 expugnabitur,
870 1594 923 1677 qui
952 1614 992 1657 ne
1018 1595 1143 1657 civitate
1165 1592 1295 1676 quidem
1315 1592 1392 1676 pelli
1414 1595 1539 1676 potestt
1575 1592 1665 1669 Quae
1687 1600 1735 1657 est

408 1688 494 1754 enim
508 1689 640 1753 civitas?
672 1685 826 1749 Omnisnc
847 1693 1022 1752 conventus
1045 1689 1140 1752 ctiam
1161 1686 1300 1752 tororum
1316 1695 1348 1751 et
1363 1687 1568 1751 immanium?
1591 1687 1735 1753 omnisne

408 1784 503 1847 etiam
534 1779 740 1863 lugitivorum
767 1798 804 1842 ac
832 1777 989 1845 latronum
1017 1789 1206 1865 congregata
1234 1801 1333 1844 unum
1362 1780 1521 1845 inlocum
1544 1778 1758 1845 multitudoii

409 1877 501 1940 Certe
521 1874 662 1957 negabis.
705 1874 776 1935 Non
803 1872 900 1955 igitur
926 1882 995 1938 erat
1020 1875 1075 1938 illa
1097 1884 1163 1939 tum
1184 1875 1313 1949 civitas,
1340 1894 1413 1940 cum
1434 1873 1522 1957 legas
1542 1876 1575 1938 in
1597 1893 1635 1938 ea
1656 1873 1735 1939 nibil

409 1970 571 2042 valebant,
600 1987 671 2030 cum
693 1965 810 2030 iudicia
832 1967 993 2043 iacebant,
1022 1989 1094 2034 cum
1116 1988 1185 2032 mos
1207 1968 1327 2051 patrius
1348 1966 1524 2043 occiderat,
1553 1989 1625 2033 oum
1651 1966 1736 2031 terro

408 2062 511 2147 pulsis
533 2060 766 2143 magistratibus
788 2061 811 2141 i
834 2069 962 2125 senatus
984 2083 1101 2127 nomen
1128 2064 1162 2127 in
1183 2083 1219 2126 re
1240 2062 1369 2146 publica
1394 2082 1459 2126 non
1480 2068 1558 2126 crat.
1601 2059 1736 2126 Pracslo·

408 2177 484 2221 num
506 2155 561 2219 ille
583 2174 758 2219 concursus
788 2162 821 2219 et
850 2163 881 2220 te
911 2155 990 2219 (luce
1011 2157 1213 2221 latrocinium
1235 2157 1270 2220 in
1290 2155 1359 2220 toro
1381 2157 1589 2222 coustitutum
1610 2163 1643 2221 et
1662 2154 1737 2222 reti-

408 2252 504 2335 quiae
526 2249 755 2314 coniurationis
777 2268 797 2311 a
819 2248 972 2314 Catilinae
999 2250 1091 2316 furiis
1119 2250 1161 2314 ad
1189 2259 1278 2315 tuum
1305 2249 1410 2316 scelus
1436 2250 1640 2333 furoremque
1661 2254 1774 2313 con-tt

408 2363 519 2409 versae
540 2363 605 2406 non
627 2343 740 2407 civitas
762 2350 838 2407 erat.
882 2339 933 2406 28.
955 2346 1067 2429 ltaque
1090 2346 1203 2428 pulsas
1225 2364 1285 2429 eqo
1306 2345 1433 2410 civitate
1453 2364 1520 2410 non
1542 2364 1631 2418 sum,
1652 2361 1737 2427 quae

408 2437 496 2503 nulla
518 2445 601 2502 erat:
623 2437 796 2502 accersitus
817 2439 851 2501 in
873 2435 1030 2501 civitatem
1053 2458 1134 2512 sum,
1156 2459 1228 2502 oum
1251 2446 1336 2505 essct
1356 2439 1389 2504 in
1411 2436 1594 2521 republica
1615 2435 1737 2511 conrad,

409 2534 465 2616 qui
487 2540 554 2596 tum
575 2530 683 2595 nullos
704 2528 817 2605 tuerat,
840 2539 925 2595 esset
946 2540 1084 2607 senatus,
1106 2534 1163 2616 qui
1185 2540 1251 2597 tum
1274 2533 1442 2607 occiderat,
1464 2538 1737 2597 essctoonsensus

408 2625 520 2708 populi
540 2625 631 2699 liber,
653 2631 739 2688 esset
758 2624 837 2689 iuris
860 2634 892 2689 et
912 2626 1093 2709 aequitatis,
1115 2645 1197 2709 quae
1219 2625 1324 2689 vincla
1346 2633 1421 2691 sunt
1441 2625 1588 2699 civitatis,
1602 2622 1738 2707 repetita

409 2720 571 2782 memoria.
613 2717 753 2782 Asside
781 2738 876 2801 quam
903 2718 964 2782 ista
991 2720 1036 2783 tui
1057 2719 1217 2783 latrocinii
1239 2720 1303 2783 tela
1325 2719 1578 2802 contempserim.
1620 2719 1775 2784 mouns

409 2819 443 2876 et
463 2814 625 2877 inmissam
654 2832 673 2876 a
696 2821 727 2876 te
750 2812 903 2878 nefariam
925 2815 957 2876 in
979 2832 1030 2876 me
1052 2814 1201 2878 iniuriam
1222 2833 1348 2898 semper
1369 2814 1462 2878 duxi:
1492 2814 1676 2898 pervenisse
1697 2811 1738 2875 ad

409 2926 654 2990 menumquam
676 2908 794 2991 putavi,
815 2906 877 2971 nisi
900 2905 990 2981 sorte,
1012 2927 1083 2971 cum
1104 2910 1240 2991 parietes
1262 2908 1461 2973 disturbabas
1483 2916 1538 2972 aut
1559 2928 1632 2973 oum
1645 2906 1738 2976 tectis

410 3000 579 3066 sceleratas
601 3000 686 3065 iaces
711 2996 886 3075 inferebas,
914 3021 1053 3066 meorum
1074 3002 1200 3087 aliquid
1222 3022 1315 3067 ruere
1337 3012 1392 3067 sut
1413 3002 1585 3085 deflagrare
1606 2999 1738 3063 arbitra·

409 3091 495 3158 bare.
544 3090 595 3156 29.
624 3093 710 3157 Nihil
735 3114 843 3178 neque
870 3115 977 3158 meum
1004 3103 1053 3158 est
1091 3116 1196 3180 neque
1225 3097 1458 3179 quoiusquam,
1494 3094 1580 3180 quod
1609 3092 1738 3168 auferri,

411 3186 496 3273 quod
518 3188 615 3272 eripi,
642 3188 729 3272 quod
758 3188 859 3253 amitti
882 3196 997 3271 potest.
1044 3189 1078 3253 Si
1101 3189 1178 3254 mibi
1201 3190 1373 3271 eripuisses
1395 3190 1535 3254 divinam
1556 3188 1654 3253 animi
1676 3185 1777 3254 mei„

410 3282 637 3356 constantiam,
668 3302 736 3344 essm
757 3281 836 3344 meis
860 3281 961 3356 curis,
983 3280 1117 3365 vigiliis,
1139 3282 1280 3347 consiliis
1302 3290 1401 3347 staret
1422 3291 1453 3348 te
1475 3282 1665 3346 invitissimo
1686 3299 1739 3344 res

409 3376 556 3459 publica;
589 3377 616 3438 si
645 3376 740 3439 buius
772 3376 893 3439 aeterni
927 3372 1073 3440 beneficii
1105 3376 1306 3440 inmortalem
1344 3374 1526 3441 memoriam
1555 3373 1738 3447 delevisscs,

411 3470 509 3534 multo
531 3471 625 3534 etiam
649 3470 758 3552 magis,
781 3469 809 3533 si
832 3470 918 3533 illam
940 3478 1089 3543 mentem,
1110 3469 1196 3534 unde
1217 3470 1297 3535 baec
1319 3471 1449 3535 consilia
1467 3476 1647 3544 manarunt,
1663 3467 1739 3533 mibi

412 3565 600 3649 eripuisses,
623 3572 689 3627 tum
712 3582 770 3647 ego
792 3560 955 3646 accepisse
976 3586 1027 3629 me
1049 3564 1218 3629 confiterer
1239 3565 1401 3629 iniuriam.
1445 3565 1508 3629 Sed
1530 3566 1557 3628 si
1579 3564 1659 3628 baec
1680 3581 1739 3627 noc

409 3656 515 3722 iecisti
541 3678 602 3722 nec
628 3657 733 3721 facere
761 3658 913 3741 potuisti,
945 3659 1083 3723 reditum
1113 3657 1191 3722 mibi
1219 3659 1393 3741 gloriosum
1420 3658 1537 3723 iniuria
1565 3665 1619 3721 tua
1640 3654 1777 3730 dedicas

410 3771 476 3815 non
498 3753 629 3816 exilium
652 3752 881 3817 calamitosum.
913 3752 998 3835 Ergo
1020 3773 1080 3836 eqo
1103 3772 1226 3837 semper
1248 3753 1337 3829 civis,
1360 3760 1393 3817 et
1412 3759 1478 3818 tum
1501 3752 1647 3825 maxime,
1668 3768 1739 3814 cum

411 3864 512 3908 meam
535 3846 669 3909 salutem
692 3855 819 3910 senatus
842 3848 959 3909 exteris
983 3847 1179 3922 nationibus,
1207 3856 1242 3909 ut
1266 3846 1343 3911 ciris
1371 3845 1511 3930 optumi,
1536 3842 1739 3910 commenda·

410 3938 479 4014 bat,
514 3946 549 4003 tu
577 3960 618 4003 no
645 3958 731 4003 nuno
759 3939 907 4023 quidem,
934 3941 997 4003 nisi
1025 3940 1108 4005 forte
1137 3941 1221 4005 idem
1249 3941 1349 4005 bostis
1379 3960 1450 4004 esse
1472 3945 1504 4003 et
1524 3939 1603 4003 ciris
1624 3944 1739 4021 potest

410 4036 459 4096 An
482 4041 517 4098 tu
538 4036 639 4098 civem
660 4035 701 4097 ab
723 4033 814 4098 hoste
836 4043 947 4098 natura
975 4054 1013 4098 ac
1029 4034 1129 4110 loco,
1159 4054 1223 4098 non
1245 4036 1351 4098 animo
1372 4032 1528 4118 factisque
1550 4031 1740 4115 distinguisl

411 4290 438 4341 in
450 4287 594 4342 Elementis
611 4290 706 4355 philos.
724 4292 823 4342 stoicae
841 4290 949 4344 moralis
966 4306 1025 4358 cap.
1037 4292 1084 4343 449
1102 4306 1128 4357 ρ.
1139 4293 1170 4342 'i'l
1187 4293 1261 4342 recto
1272 4291 1341 4342 baec
1352 4292 1506 4343 monuerat:
1526 4290 1677 4341 spondero
1688 4290 1741 4342 boo

411 4367 506 4429 quarto
518 4365 680 4431 probaverat
690 4368 796 4417 cicero:
817 4367 890 4417 Soter
906 4369 1096 4431 septemium
1112 4373 1160 4426 esu
1177 4379 1260 4418 omues
1275 4373 1360 4418 ouon
1375 4366 1443 4417 stulti
1459 4366 1598 4427 monim,
1615 4364 1665 4418 sod
1677 4363 1740 4418 illud

411 4438 491 4489 hodie
513 4452 566 4489 non
584 4443 663 4490 extat.
698 4443 810 4492 Tantum
833 4443 991 4507 principium
1014 4445 1071 4494 eius
1094 4439 1226 4505 reliquum
1249 4445 1291 4492 est
1311 4440 1485 4493 huiusmodo:
1514 4441 1569 4506 Epo
1584 4454 1645 4492 cero
1661 4446 1685 4493 ts
1700 4467 1715 4480 -
1725 4466 1738 4479 ·

410 4512 484 4563 rebus
499 4514 634 4565 &cissam
649 4519 801 4566 ncoeuoriis.
833 4515 941 4581 Reliqua
960 4530 1029 4581 quae
1047 4520 1197 4582 sequuntur
1214 4516 1276 4567 nibil
1294 4529 1356 4567 oum
1374 4517 1426 4567 hoo
1442 4515 1579 4567 Paradoro
1596 4527 1739 4567 commone

411 4587 526 4650 habent,
548 4589 597 4640 ssd
614 4589 683 4641 allud
700 4590 816 4656 probare
834 4591 987 4654 intendunt,
1013 4593 1093 4643 mssa
1109 4589 1212 4643 scillcet
1227 4592 1363 4655 opimum
1378 4604 1430 4643 cass
1443 4592 1537 4642 eloam
1559 4604 1643 4643 oasim
1656 4595 1741 4643 mom

411 4664 498 4715 ositos
514 4678 566 4716 esre
580 4665 674 4717 mes.
701 4693 727 4703 -
765 4669 852 4727 Quare
869 4669 892 4719 si
909 4669 969 4731 quis
992 4666 1079 4718 locum
1101 4665 1174 4718 illum
1195 4665 1321 4732 supplere
1343 4668 1371 4718 et
1391 4664 1591 4731 deperditorum
1611 4666 1740 4718 lactucam

411 4741 511 4790 sarcire
528 4738 599 4800 velit,
618 4754 660 4802 ea,
678 4754 747 4805 quae
764 4756 817 4793 non
834 4740 912 4807 longe
930 4755 946 4792 a
962 4744 1092 4808 principio
1109 4743 1179 4793 tertii
1190 4741 1400 4793 Tusculanarum
1416 4741 1476 4793 libri
1492 4739 1564 4807 apud
1581 4742 1740 4794 Ciceronem

411 4811 543 4877 leguntur,
566 4814 636 4867 illinc
652 4829 791 4869 assumere
809 4820 889 4881 atque
907 4818 960 4869 huo
976 4817 1121 4869 translerre
1138 4815 1246 4868 debet.»
1273 4818 1327 4868 Nos
1343 4816 1450 4880 signum
1466 4814 1576 4869 bosnae
1592 4819 1654 4883 post
1668 4819 1742 4869 isso·

411 4901 467 4939 scre
483 4890 631 4953 posuimus.
1704 4884 1708 4893 '

478 4964 702 5019 s.souersnrtos
730 4993 759 5006 -
786 4965 1689 5033 2.ssspttsii¹-3.sellt:sscv-psittvlnmarg.m.t.
1710 4994 1738 5007 -

412 5035 607 5100 &sorsum
634 5068 662 5079 -
688 5042 872 5108 t.oc]bccli
896 5069 924 5081 -
952 5042 1156 5107 emmaum
1180 5068 1206 5080 -
1234 5041 1742 5105 aputeum-samurensis·

411 5113 439 5163 to
455 5127 484 5165 rs
497 5115 578 5177 poca,
595 5129 646 5166 non
662 5130 690 5169 rs
705 5122 762 5168 erat
778 5118 908 5183 liorgers;
926 5122 1030 5168 matus
1045 5129 1134 5168 samen
1150 5116 1178 5166 io
1193 5128 1223 5167 rs
1234 5129 1262 5180 p.
1282 5117 1358 5169 insse
1373 5121 1430 5168 erat
1445 5114 1617 5184 Peerlkamp;
1640 5121 1742 5193 matris

411 5188 451 5238 oct
466 5202 555 5240 nomes
571 5191 597 5239 is
613 5204 642 5242 re
655 5205 683 5255 p.
701 5206 751 5243 sos
768 5198 824 5243 crat
844 5194 932 5245 lloser
955 5190 1090 5256 (debebat
1105 5189 1215 5243 saltem:
1241 5195 1341 5242 amisis
1361 5204 1393 5242 sse
1408 5205 1497 5244 somn
1513 5193 1612 5256 qudem
1627 5192 1655 5243 ts
1669 5205 1699 5243 rs
1711 5205 1740 5256 p.

413 5268 487 5328 croi).
516 5265 584 5316 Vere
601 5266 708 5317 videtur
723 5268 852 5332 liorgcrsii
870 5267 1031 5330 emendatio,
1049 5266 1180 5332 quidquid
1196 5267 1320 5319 dissentit
1335 5267 1419 5320 lleine
1435 5266 1454 5319 l.
1467 5269 1510 5319 cit
1528 5269 1622 5334 pits.
1650 5268 1742 5319 Disco

413 5352 458 5390 sas
482 5340 621 5391 hominum
646 5339 787 5393 doctorum
811 5344 959 5394 sententias
984 5342 1018 5393 dc
1044 5341 1096 5392 boo
1120 5338 1180 5393 looo
1206 5343 1342 5406 congessit
1362 5343 1481 5394 llosorus
1503 5343 1531 5394 ln
1554 5342 1607 5393 Vll.
1626 5354 1741 5410 excursu

414 5411 580 5479 pillisqq.
599 5440 626 5450 -
647 5416 821 5467 lincares
841 5442 869 5454 -
889 5417 928 5467 tt.
947 5417 1082 5468 emeatus
1101 5416 1369 5468 czarcersituso-
1394 5415 1563 5469 illibcrc:
1583 5415 1738 5467 liberto-

412 5487 1141 5552 oiscstoO-rspetecv-itt.oct¹v:boclt²ll
1162 5518 1185 5530 -
1207 5491 1577 5543 antonomasiam
1600 5515 1628 5529 -
1652 5489 1741 5543 idol

415 5575 484 5612 corr.
503 5576 536 5612 ex
552 5563 603 5615 tots
628 5590 656 5600 -
684 5566 724 5618 48.
742 5579 830 5617 resera
846 5565 887 5630 V¹,
905 5568 932 5619 in
949 5571 970 5619 Α
986 5566 1139 5631 syllabarii
1155 5567 1182 5617 in
1198 5579 1252 5618 ras.
1280 5591 1307 5603 -
1334 5566 1463 5631 &peoora
1478 5566 1525 5617 ΑΒ
1545 5591 1572 5603 -
1595 5566 1637 5617 49.
1654 5566 1742 5618 σκίαι-

414 5638 557 5700 quaeso
583 5663 611 5675 -
637 5638 851 5692 timentium
878 5668 907 5680 -
936 5640 1742 5706 al.eoamecosro·-ucrssuisocustnorsspsolics

414 5712 523 5775 scripsi:
548 5714 610 5763 mes
630 5716 699 5765 caris
718 5716 813 5780 staltis
833 5717 942 5768 consiliis
963 5723 1032 5769 stare
1052 5723 1076 5770 ts
1091 5718 1241 5769 4444444344ηο
1256 5730 1311 5769 rsor
1324 5731 1351 5781 p.
1371 5718 1407 5777 (ἔς
1434 5730 1504 5768 m
1519 5730 1607 5779 was,
1628 5717 1741 5782 ciuilius,

413 5788 528 5848 comitto,
545 5789 634 5849 quibus
649 5791 805 5855 respsbttco
819 5798 844 5844 te
859 5794 1006 5844 44υ444ω4ωο
1021 5798 1072 5844 stat
1088 5794 1109 5843 0
1127 5819 1155 5830 -
1174 5790 1215 5844 tl.
1229 5791 1351 5855 accipisse
1366 5791 1386 5842 lt
1405 5818 1431 5830 -
1450 5791 1491 5842 tt.
1510 5790 1615 5843 witino
1630 5792 1739 5857 scripsi:

414 5863 789 5930 ΝΜΟ-4904904
816 5893 843 5903 -
869 5867 1061 5920 blastum
1081 5893 1110 5905 -
1133 5865 1739 5930 tt.st!0rae-pousootsctssssv-

413 5936 455 5988 29.
473 5943 582 5990 marce
597 5936 678 6006 A¹V¹,
695 5941 797 5993 mione
812 5941 923 6006 Bentley
939 5945 1023 6006 recto,
1041 5945 1071 5994 ut
1085 5940 1206 6004 videtum
1223 5941 1329 6006 {orm
1345 5940 1429 5995 Heius
1448 5966 1477 5980 -
1499 5940 1635 6007 Marsis
1650 5941 1691 5996 44.
