4342 7459
942 1233 1200 1297 FRAGMENTA.
1668 1226 1732 1294 et7

484 1396 514 1455 8.
543 1395 666 1468 Quaero
691 1392 733 1454 ab
756 1390 905 1465 inimicis,
932 1390 1034 1450 sintne
1062 1388 1139 1450 baec
1164 1387 1348 1466 investigata
1372 1395 1548 1469 comperta,
1578 1388 1731 1468 patefacta

409 1487 542 1556 sublata,
563 1486 665 1549 delata
685 1487 836 1547 exstincta
855 1502 913 1565 per
932 1484 1002 1544 me‘l
1040 1483 1160 1560 (ldem
1179 1481 1255 1544 ibid.
1276 1485 1304 1556 s.
1324 1482 1382 1562 ts.)

483 1584 512 1643 9.
541 1582 599 1654 Qui
616 1578 851 1655 indicabantur,
873 1596 928 1639 eos
949 1578 1064 1649 vocari,
1084 1574 1251 1654 custodiri,
1276 1575 1317 1639 ad
1335 1584 1477 1638 senatum
1503 1575 1616 1638 adduci
1635 1578 1730 1655 iussi;

406 1678 439 1739 in
458 1684 570 1739 senatu
589 1683 662 1736 sunt
680 1673 784 1754 positi.
825 1671 942 1741 (ldem
962 1671 1037 1732 ibid.
1060 1671 1089 1749 ἓ.
1110 1671 1174 1743 50.)

483 1773 530 1832 10.
558 1769 617 1843 Qui
637 1768 773 1831 animum
787 1765 929 1828 hostilem
948 1764 1043 1827 hebet
1056 1772 1088 1825 et
1100 1765 1189 1826 cuius
1209 1765 1288 1826 lacta
1307 1763 1428 1826 hostilia
1443 1772 1523 1827 sunt.
1556 1767 1602 1844 (C.
1615 1765 1757 1829 luliuso

406 1864 545 1924 Victor
565 1863 601 1924 C.
622 1865 649 1924 6.
674 1861 704 1940 §-
724 1864 752 1922 3.
775 1880 806 1940 p.
829 1861 876 1921 45.
900 1857 957 1920 Ed.
978 1859 1073 1935 llaii.)

792 1972 1351 2060 pmmmfflmmm

482 2080 630 2141 Patricius
650 2076 781 2151 dubitat,
801 2086 903 2137 utrum
924 2077 972 2137 hic
991 2083 1156 2155 corruptus
1176 2076 1215 2136 sit
1234 2075 1320 2136 locus
1339 2075 1491 2156 poematis
1505 2074 1545 2135 de
1559 2073 1731 2151 consulatu,

407 2191 447 2235 an
466 2173 622 2233 orationis.
671 2171 850 2231 Orationem
880 2171 962 2230 enim
988 2169 1156 2230 meditatus
1180 2178 1248 2230 erat
1267 2170 1391 2246 Cicero,
1419 2170 1478 2230 hoc
1497 2187 1532 2230 se
1553 2171 1732 2249 magistratu

407 2267 623 2330 abdicaturus:
646 2285 740 2347 quam
760 2283 800 2325 ne
821 2264 960 2341 haberet,
983 2263 1123 2324 Metellus
1143 2264 1213 2325 trib.
1234 2264 1277 2344 pl.
1300 2265 1467 2344 probibuit.
1741 2266 1771 2311 ⁴⁰

484 2363 511 2422 1.
542 2363 680 2435 Quorum
700 2359 839 2422 luxuries
861 2362 883 2437 †
902 2361 1053 2420 fortunata
1080 2377 1175 2420 censa
1200 2360 1332 2439 peperit.
1380 2360 1539 2437 [Nonius
1559 2378 1588 2421 v.
1611 2361 1732 2421 Census

409 2450 551 2537 lmss
680 2527 1464 2598 mmmmmmwmmm.

749 2635 970 2686 Aacunsurun
986 2633 1206 2685 scuocmsrrs
1223 2625 1397 2685 bobiensis.

484 2718 575 2799 Apud
608 2718 744 2779 Graecos
779 2717 861 2774 huius
887 2719 963 2773 modi
989 2736 1090 2791 geum
1118 2720 1275 2775 orationum
1310 2719 1495 2777 ἐπαινοῦντα
1520 2714 1573 2777 καὶ
1598 2720 1772 2795 arripueram

408 2814 625 2888 nominantur,
657 2810 842 2871 continentia
871 2809 968 2869 ferme
997 2805 1108 2870 laudes
1136 2818 1166 2869 et
1190 2807 1443 2889 vituperationes.
1492 2810 1558 2871 Non
1585 2811 1665 2871 enim
1690 2811 1733 2872 rei

407 2904 605 2987 postulantur
623 2922 640 2965 a
662 2900 759 2964 Tullio
780 2900 829 2963 vel
850 2902 884 2964 C.
908 2903 1000 2963 Curio
1020 2901 1069 2962 vel
1091 2904 1123 2964 P.
1145 2899 1288 2978 Clodius,
1313 2901 1536 2983 sedquoniam
1561 2904 1735 2967 habuerant

407 3002 439 3061 in
458 3006 569 3080 senatu
589 2998 746 3079 quandam
765 2998 932 3077 iurgiosam
953 2996 1208 3068 decertationem,
1229 2997 1329 3057 visum
1343 2998 1484 3059 Ciceroni
1505 3008 1553 3059 est
1568 2998 1649 3061 banc
1662 3019 1734 3061 ora-

409 3095 522 3155 tionem
544 3090 742 3154 conscribere
762 3090 886 3171 plenam
907 3090 973 3150 sine
994 3088 1089 3150 dubio
1111 3098 1142 3149 et
1162 3089 1336 3170 asperitatis
1361 3099 1392 3151 et
1410 3090 1599 3167 facetiarum,
1621 3094 1735 3174 quibus

409 3206 512 3249 mores
533 3189 695 3265 utriusque
715 3186 886 3267 proscindit
899 3192 930 3245 et
945 3184 984 3246 de
998 3183 1188 3263 singulorum
1203 3185 1283 3245 vitiis
1303 3200 1396 3263 quam
1415 3195 1518 3266 potest
1535 3187 1735 3249 acerbissime
1745 3205 1774 3249 so

409 3282 554 3361 loquitur.
605 3281 669 3343 Sed
699 3282 781 3341 enim
810 3281 996 3360 principium
1025 3279 1117 3340 huius
1144 3279 1280 3341 offensae
1308 3281 1445 3341 fertura
1471 3282 1504 3341 P.
1526 3281 1624 3344 Clodii
1648 3291 1735 3343 reatu

411 3375 624 3436 descendisse.
666 3376 742 3436 Nam
763 3374 849 3434 visus
870 3383 919 3435 est
937 3376 968 3433 iu
989 3372 1080 3433 domo
1100 3374 1254 3452 pontilicis
1283 3373 1405 3435 maximi
1426 3372 1461 3436 C.
1485 3376 1628 3437 Caesaris
1650 3376 1736 3437 eius-

411 3470 545 3549 demque
574 3471 727 3550 praetoris
757 3470 911 3530 incestum
940 3469 1051 3528 fecisse
1082 3484 1153 3528 cum
1188 3468 1256 3528 eius
1285 3483 1384 3529 uxore
1411 3470 1572 3550 Pompeia,
1602 3488 1672 3531 cum
1699 3489 1736 3532 eo

340 3555 343 3563 ’
411 3573 551 3644 tempore
571 3582 628 3643 per
648 3562 790 3624 Vestales
810 3563 945 3642 virgines
967 3570 999 3623 et
1017 3569 1175 3623 matronas
1200 3562 1433 3623 honestissimas
1452 3563 1483 3624 in
1503 3572 1612 3642 operto
1635 3565 1737 3626 Bonae

411 3657 490 3719 deae
520 3657 703 3718 sacrificium
729 3658 801 3717 viris
829 3655 973 3718 omnibus
1001 3656 1196 3717 inaccessum
1227 3654 1331 3716 flebat.
1381 3654 1468 3717 Unde
1497 3655 1604 3737 elapso
1634 3666 1776 3720 tamense

412 3749 519 3813 Clodio
548 3769 659 3829 magna
688 3750 801 3814 invidia
827 3751 1022 3831 percrebruit
1045 3757 1078 3812 et
1100 3751 1224 3811 infamia
1251 3750 1525 3827 caerimoniarum,
1555 3759 1590 3813 ut
1611 3762 1738 3814 senatus

411 3843 584 3906 decernere
612 3853 775 3924 cogeretur
800 3846 881 3905 omni
910 3843 1066 3923 diligentia
1094 3843 1256 3905 consulum
1278 3845 1571 3924 pervestigendum,
1600 3846 1626 3907 si
1654 3845 1738 3928 quod

412 3946 499 4000 esset
519 3938 652 4019 publicis
673 3937 872 4015 religionibus
891 3937 1008 4000 illatum
1028 3938 1186 4017 flagitium.
1226 3936 1406 4000 Accedebat
1423 3938 1482 3999 hnc
1500 3941 1592 4000 diam
1612 3941 1739 4020 praeiu-

413 4032 526 4093 dicium
547 4030 703 4111 quoddam
719 4032 753 4092 C.
769 4032 913 4092 Caesaris
933 4033 1031 4111 ipsius
1049 4032 1214 4110 pontilicis,
1237 4032 1289 4111 qui
1303 4050 1433 4092 uxorem
1447 4049 1535 4093 suam
1548 4032 1628 4093 illico
1643 4035 1740 4113 repul·

411 4126 516 4189 diavit.
557 4128 630 4186 Post
650 4124 733 4203 quod
753 4142 827 4185 reus
847 4124 888 4184 de
908 4125 1027 4185 incesto
1047 4126 1147 4186 lactus
1168 4132 1218 4186 est
1235 4127 1267 4186 P.
1284 4123 1411 4187 Clodius
1430 4134 1598 4187 accusante
1612 4128 1643 4186 l..
1656 4128 1776 4189 Len-so

411 4220 489 4288 tulo,
518 4217 706 4280 defendente
726 4218 761 4279 C.
783 4216 917 4279 Curione
944 4225 1043 4298 patre.
1090 4218 1167 4278 Nam
1194 4225 1259 4278 tres
1280 4216 1341 4278 illis
1367 4219 1560 4298 temporibus
1588 4220 1740 4281 Curiones

410 4315 521 4377 illustri
541 4315 666 4375 nomine
685 4313 872 4373 exstiterunt
896 4320 991 4391 atque
1010 4313 1052 4372 ita
1072 4310 1209 4390 inlibris
1229 4311 1330 4372 adhuc
1353 4313 1508 4373 feruntur:
1537 4313 1629 4374 Curio
1649 4331 1738 4388 avus,

412 4411 465 4490 qui
492 4408 633 4469 Servium
657 4405 796 4468 Fulvium
824 4405 934 4466 incesti
965 4422 1052 4465 reum
1081 4404 1238 4478 defendit,
1266 4411 1297 4465 et
1315 4403 1365 4465 hic
1390 4406 1424 4466 C.
1446 4394 1538 4467 Curio
1558 4416 1666 4485 pater,
1687 4410 1740 4489 qui

411 4506 444 4565 P.
457 4504 565 4566 Clodio
585 4502 691 4579 adfuit,
713 4509 745 4561 et
764 4502 873 4561 tertius
892 4499 943 4560 ille
956 4500 1049 4562 Curio
1068 4498 1265 4576 tribunicius,
1285 4500 1339 4579 qni
1358 4498 1442 4561 bello
1460 4499 1541 4561 civili
1554 4504 1740 4583 Pompeiano

412 4599 444 4659 in
463 4599 565 4660 Africa
584 4596 686 4677 periit.
733 4594 791 4668 Qui
811 4613 881 4656 cum
902 4602 989 4661 esset
1006 4597 1141 4673 partium
1163 4594 1318 4669 Caesaris,
1335 4611 1508 4673 oppressus
1528 4605 1577 4657 est
1595 4597 1636 4660 ab
1653 4601 1778 4677 equi-st

412 4691 495 4753 tibus
509 4691 603 4752 lubae
618 4690 710 4769 regis.
725 4687 804 4749 'Sed
825 4686 974 4749 hactenus
993 4686 1034 4749 de
1054 4686 1242 4750 Curionibus
1262 4685 1377 4747 dictum
1399 4688 1449 4747 sit.
1478 4688 1604 4752 lfultum
1624 4690 1741 4770 diuque

412 4785 525 4848 habitis
547 4782 830 4846 concertationibus
850 4791 924 4845 ante
940 4783 1088 4845 iudicium
1108 4785 1141 4844 P.
1162 4781 1322 4845 Clodiusa
1338 4781 1516 4846 turbulenta
1533 4784 1740 4862 multitudine,

412 4899 453 4941 ne
472 4897 598 4941 causam
618 4878 750 4945 diceret,
780 4895 842 4939 non
862 4877 931 4939 sine
950 4879 1068 4958 impetu
1088 4877 1250 4939 seditionis
1269 4877 1394 4940 adiutus
1414 4885 1476 4955 est,
1504 4889 1630 4941 auctore
1650 4879 1741 4941 huius

413 4973 650 5053 conspirationis
670 4975 708 5047 Q.
729 4973 814 5035 Fufio
835 4971 951 5034 Caleno
972 4971 1096 5033 tribuno
1116 4971 1172 5052 pl.,
1193 4972 1282 5033 cuius
1306 4973 1494 5033 mentionem
1521 4973 1741 5035 creberrimam

413 5067 532 5129 Tullius
549 5068 581 5128 in
600 5067 777 5147 Philippicis
795 5065 987 5128 orationibus
1006 5066 1085 5127 facit.
1129 5066 1283 5129 Obstante
1303 5084 1377 5128 vero
1400 5086 1501 5147 paene
1523 5069 1669 5130 universo
1687 5080 1781 5130 se-to

415 5169 489 5222 natu
508 5180 565 5241 pro
579 5160 783 5223 sanctimonia
799 5158 981 5240 religionum
1001 5157 1155 5221 adversus
1175 5160 1292 5222 crimen
1309 5160 1432 5240 incesti,
1452 5159 1572 5224 iudices
1586 5170 1690 5224 tamen
1703 5161 1743 5224 ad

416 5264 588 5316 extremum
608 5254 672 5315 dati
692 5262 774 5316 sunt.
823 5253 862 5315 Et
880 5254 979 5334 primo
1000 5252 1128 5333 quidem
1147 5250 1186 5315 ab
1209 5263 1321 5316 senatu
1346 5252 1537 5335 praesidium
1557 5256 1741 5334 petiverant,

415 5362 445 5409 ιιι
465 5349 505 5410 de
519 5348 627 5413 Clodio
647 5348 861 5429 potentissimo
882 5348 1005 5409 homine
1024 5344 1154 5409 liberius
1173 5347 1373 5410 iudicaretur.
1407 5350 1520 5410 Verum
1539 5350 1580 5411 ita
1594 5367 1645 5410 res
1659 5352 1744 5410 ceci·

416 5444 471 5523 dit,
492 5453 527 5505 nt
545 5445 575 5504 in
595 5462 666 5504 eum
687 5443 774 5505 multi
798 5461 893 5523 grave
921 5443 1130 5504 testimonium
1160 5441 1318 5521 dicerent,
1347 5460 1479 5523 quorum
1505 5447 1536 5503 in
1557 5462 1685 5505 numero
1706 5447 1742 5505 ll.

415 5539 484 5619 ipse
504 5536 620 5599 Tullius
645 5538 852 5616 interrogatus
876 5535 918 5598 ait
943 5532 984 5598 ad
1010 5554 1046 5598 se
1069 5534 1236 5598 salutatum
1264 5539 1390 5599 venisse
1418 5538 1486 5617 ipsa
1515 5533 1565 5598 die
1590 5536 1784 5614 Clodium,tr

416 5650 479 5713 qua
499 5651 534 5694 se
557 5630 609 5692 ille
634 5632 837 5694 contenderat
856 5632 1050 5694 luteramnue
1067 5632 1164 5694 luisse
1182 5631 1307 5695 milibus
1327 5650 1475 5712 passuum
1494 5633 1590 5694 ferme
1608 5635 1746 5695 LXXXX

483 5844 523 5894 tl.
552 5844 581 5907 Q.
599 5842 617 5893 l.
635 5841 754 5906 fortunus
770 5854 846 5892 censo
860 5841 967 5905 peredit.
1002 5840 1116 5907 Lipsius.
