4342 7459
655 1242 723 1304 Lrn.
745 1240 770 1302 Ι.
800 1238 1256 1303 Car.XXXVIl-XXX1X.
1281 1235 1495 1322 §pta-93.
1626 1288 1629 1298 .
1683 1233 1746 1301 2³9

410 1402 641 1487 quinquaginta
662 1399 728 1462 lere
750 1418 851 1461 annos
874 1406 1026 1462 eventura
1050 1406 1190 1482 putaret,
1220 1405 1253 1462 et
1274 1418 1334 1482 ago
1357 1398 1500 1472 doleam,
1523 1397 1549 1460 si
1572 1397 1612 1461 ad
1634 1397 1744 1462 decem

409 1497 493 1561 milia
515 1515 670 1558 annorum
692 1499 818 1575 gentem
840 1492 980 1575 aliquam
996 1493 1074 1555 urbe
1095 1500 1203 1556 nostra
1219 1493 1390 1575 potituram
1406 1494 1536 1577 putem?
1559 1491 1644 1567 Quia
1658 1500 1746 1554 tanta

408 1592 523 1654 caritas
546 1589 667 1671 patriae
689 1594 752 1659 est,
781 1593 816 1649 ut
838 1605 907 1649 eam
926 1605 991 1647 non
1016 1606 1114 1649 sensu
1140 1594 1267 1660 nostro,
1296 1586 1352 1651 sed
1379 1586 1481 1650 salute
1507 1586 1608 1668 ipsius
1635 1585 1745 1648 metia-

408 1704 487 1747 mur.
524 1680 702 1745 XXXVlll.
724 1675 777 1741 94.
802 1681 914 1762 ltaque
936 1700 1002 1742 non
1024 1678 1164 1744 deterret
1184 1679 1361 1763 sapientem
1383 1699 1486 1753 mors,
1509 1697 1593 1763 quae
1615 1684 1746 1761 propter

407 1778 546 1840 incertos
579 1794 672 1839 casus
707 1774 825 1837 cotidie
860 1773 1020 1849 imminet,
1062 1782 1195 1858 propter
1226 1773 1414 1838 brevitatem
1449 1774 1532 1836 vitae
1571 1788 1768 1856 numquamo

408 1877 514 1954 potest
544 1869 638 1951 longe
665 1869 795 1941 abesse,
825 1888 890 1950 qno
913 1868 1018 1930 minus
1040 1867 1073 1929 in
1096 1889 1189 1931 omne
1213 1875 1338 1952 tempus
1367 1867 1413 1931 rei
1441 1866 1589 1949 publicae
1614 1866 1745 1950 suisque

408 1963 568 2036 consulat,
590 1971 626 2025 ut
646 1962 866 2045 posteritatem
888 1960 1005 2043 ipsam,
1028 1962 1119 2025 cuius
1142 1981 1272 2024 sensum
1293 1960 1459 2024 habiturus
1481 1959 1624 2034 nonsit,
1646 1958 1688 2022 ad
1710 1980 1745 2024 se

409 2066 499 2140 putet
526 2057 697 2140 pertinere.
738 2055 809 2131 Qua
836 2075 870 2117 re
893 2054 968 2118 licet
989 2055 1083 2119 etiam
1107 2054 1271 2119 mortalem
1295 2073 1366 2119 esse
1389 2055 1527 2118 animum
1550 2053 1745 2118 iudicantem

408 2162 536 2216 aeterna
561 2150 664 2213 moliri
687 2168 752 2211 non
774 2147 894 2231 gloriae
917 2149 1111 2231 eupiditate,
1134 2168 1230 2233 qnam
1253 2168 1405 2211 sensurus
1426 2167 1492 2211 non
1514 2148 1572 2222 sit,
1604 2147 1660 2210 sed
1683 2149 1746 2210 vir·

408 2246 500 2318 tutis,
524 2263 620 2328 quam
643 2242 823 2306 necessario
847 2241 965 2324 gloria,
988 2243 1083 2305 etiam
1107 2244 1132 2306 si
1155 2249 1188 2305 tn
1211 2242 1243 2306 id
1266 2261 1447 2323 nonages,
1470 2250 1696 2325 consequatur.
1756 2258 1783 2303 to

491 2340 612 2401 Natura
633 2356 709 2400 vero
731 2338 760 2399 si
781 2356 816 2399 se
838 2336 883 2398 sic
904 2334 1018 2410 babet,
1040 2345 1092 2410 ut,
1114 2357 1179 2420 quo
1195 2337 1290 2398 modo
1313 2336 1436 2399 initium
1453 2336 1544 2399 nobis
1559 2355 1665 2398 rerum
1680 2356 1747 2399 orn·

409 2434 495 2495 nium
515 2439 604 2493 ortus
626 2439 735 2493 noster
755 2429 888 2504 adierat,
910 2429 957 2492 sio
973 2430 1093 2493 exitum
1109 2451 1210 2493 mors:
1231 2439 1268 2494 ut
1281 2429 1362 2494 nihil
1376 2430 1530 2513 pertinuit
1544 2429 1584 2492 ad
1601 2450 1658 2494 nos
1673 2438 1745 2494 ante

409 2532 528 2600 odom,
551 2524 598 2586 sic
620 2523 701 2586 nihil
724 2532 798 2607 post
821 2528 953 2585 mortem
975 2523 1155 2607 pertinebit.
1193 2526 1229 2586 ln
1253 2544 1317 2608 quo
1340 2522 1419 2607 quid
1443 2529 1547 2606 potest
1568 2545 1640 2589 esse
1661 2524 1746 2599 mali,

409 2638 480 2681 eum
511 2637 598 2680 mors
625 2637 686 2680 nec
711 2616 751 2680 ad
782 2617 871 2686 vivos
900 2618 1057 2697 pertineat
1083 2637 1144 2681 nec
1166 2615 1207 2681 ad
1228 2619 1393 2680 mortuos?
1425 2617 1524 2681 Alteri
1555 2617 1636 2686 nulli
1663 2625 1746 2692 sunt,

408 2712 525 2776 alteros
555 2731 619 2775 nou
648 2710 791 2792 attinget.
834 2707 887 2773 92.
911 2710 1014 2786 Quam
1038 2713 1093 2795 qui
1115 2711 1267 2775 leviorem
1289 2710 1409 2774 iaciunt
1430 2709 1534 2774 somni
1554 2711 1784 2776 simillimamts

408 2806 521 2870 volunt
543 2825 632 2869 esse:
663 2804 755 2887 quasi
777 2824 853 2868 vero
877 2804 1048 2888 quisquam
1071 2805 1115 2868 ita
1136 2805 1311 2887 nonaginta
1332 2824 1434 2868 annos
1457 2804 1534 2868 velit
1554 2806 1680 2879 vivere,
1700 2813 1746 2878 ut,
1788 2865 1789 2868 ,

409 2920 479 2964 cunr
513 2900 680 2982 sexaginta
709 2897 898 2972 coniecerit,
931 2898 1072 2981 reliquos
1100 2899 1251 2972 dormiat3
1285 2918 1325 2962 ne
1354 2898 1404 2961 sui
1430 2895 1561 2981 quidem
1582 2898 1613 2965 id
1637 2898 1747 2972 velint,

409 3015 472 3057 non
496 2994 592 3058 modo
615 2998 693 3076 ipse.
736 2993 918 3075 Endymion
942 3011 1030 3066 vero,
1058 2994 1085 3055 si
1107 2991 1231 3054 iabulas
1253 2990 1365 3055 audire
1389 2990 1549 3065 volumus,
1580 2999 1616 3054 ut
1637 2993 1746 3056 nescio

410 3087 540 3172 quando
563 3089 595 3151 in
619 3089 730 3151 Latmo
753 3085 960 3159 obdormivit,
985 3082 1053 3169 [qui
1076 3094 1124 3148 est
1146 3104 1238 3148 mons
1262 3079 1400 3166 Cariae‚]
1432 3083 1590 3158 nondum,
1622 3085 1748 3168 opinor,

410 3190 456 3245 est
479 3189 696 3263 experrectus.
737 3180 819 3241 Num
851 3178 948 3261 igitur
971 3199 1043 3242 eum
1066 3198 1178 3241 curare
1200 3199 1328 3252 censes,
1358 3199 1428 3241 cum
1450 3178 1542 3240 Luna
1564 3180 1707 3243 laborett
1729 3198 1786 3244 aso

411 3295 472 3358 qua
501 3274 686 3358 consopitus
717 3281 862 3356 putatur,
892 3281 928 3336 ut
955 3292 1027 3336 eum
1056 3271 1267 3336 dormientem
1296 3270 1503 3336 oscularetur.
1547 3271 1632 3347 Quid
1660 3279 1749 3335 curat

411 3378 532 3443 autern,
556 3368 611 3451 qui
634 3386 675 3430 no
698 3367 795 3431 sentit
816 3365 971 3448 quidem?
993 3367 1099 3430 Habes
1123 3387 1270 3429 somnum
1292 3366 1462 3449 imaginem
1484 3366 1594 3430 mortis
1613 3384 1748 3449 umque

412 3462 528 3527 cotidie
551 3460 677 3535 induis,
701 3469 733 3523 et
754 3460 880 3524 dubitas
904 3460 982 3544 quin
1004 3481 1119 3525 sensus
1141 3460 1175 3523 iu
1198 3467 1298 3524 morto
1318 3459 1426 3525 nullus
1450 3458 1505 3535 ait,
1528 3480 1599 3523 cum
1623 3462 1659 3524 ia
1678 3460 1748 3525 eius

414 3556 584 3620 simulacro
607 3554 716 3618 videas
740 3572 811 3617 esse
834 3553 958 3617 nullum
981 3557 1131 3618 sensum?

492 3649 646 3712 XXXIX.
668 3644 720 3710 93.
744 3647 907 3711 Pellantur
928 3668 1002 3732 ergo
1025 3649 1106 3713 istae
1121 3648 1259 3732 ineptiae
1274 3668 1377 3731 paene
1393 3646 1510 3724 aniles,
1533 3655 1607 3729 ante
1622 3656 1786 3732 tempusss

412 3745 488 3808 nori
516 3744 667 3807 miserum
698 3762 779 3806 esse.
817 3742 912 3817 Quod
936 3740 1066 3805 undem
1089 3744 1238 3826 tempus?
1268 3743 1469 3806 Naturaenei
1495 3742 1536 3807 at
1557 3762 1595 3807 ea
1618 3742 1747 3827 quidem

412 3836 497 3902 dedit
525 3856 654 3901 usuram
683 3836 767 3900 vitae
794 3844 956 3919 tamqnam
985 3836 1140 3918 pecuniae
1163 3836 1251 3900 nulla
1274 3836 1464 3920 praestituta
1482 3836 1544 3902 dis.
1585 3835 1671 3911 Quid
1700 3842 1750 3901 ost

411 3932 505 4015 igitur
526 3931 616 4015 quod
639 3949 789 4014 querare,
817 3930 844 3993 si
866 3931 998 4014 repetit,
1026 3950 1097 3993 cum
1121 3930 1211 3994 volti
1241 3950 1279 3993 ea
1300 3928 1385 3993 enim
1407 3929 1591 3993 conditione
1617 3948 1749 4013 accepe-

414 4045 472 4089 ras.
505 4024 611 4100 ldem,
639 4025 667 4087 si
697 4044 776 4106 puer
802 4043 918 4104 parvus
946 4023 1080 4097 occidit,
1108 4042 1214 4106 aequo
1244 4023 1351 4086 animo
1374 4020 1539 4088 serendum
1562 4030 1691 4107 putant,
1720 4024 1749 4087 si

412 4139 484 4183 rero
514 4120 549 4182 in
580 4119 687 4192 cunis,
720 4137 760 4179 ne
791 4116 989 4201 querendum
1020 4116 1161 4201 quidem.
1194 4117 1292 4201 Atqui
1323 4118 1363 4179 ab
1392 4115 1454 4180 boc
1475 4117 1621 4180 acerbius
1643 4119 1787 4200 exegitao

413 4223 520 4276 natura
543 4211 632 4296 quod
655 4211 795 4274 dederat.
830 4210 979 4273 Nondum
1002 4218 1199 4293 gustaverat,
1222 4210 1342 4293 inquit,
1364 4211 1448 4273 vitae
1470 4212 1673 4284 suavitatem
1696 4208 1748 4272 bic

413 4317 516 4371 autem
539 4308 601 4369 iarn
625 4306 772 4389 sperabat
795 4325 924 4387 magna,
948 4304 1064 4388 quibus
1087 4303 1150 4366 frui
1174 4315 1332 4386 coeperat.
1369 4306 1409 4367 At
1436 4305 1468 4367 id
1492 4304 1619 4388 quidem
1642 4305 1675 4366 in
1699 4324 1750 4367 ce·

475 4597 500 4646 2.
519 4595 606 4644 orbem
627 4598 740 4643 corbem
763 4594 821 4644 CO.
848 4595 957 4644 «Cicero
981 4608 1043 4645 cum
1060 4596 1213 4645 accusativo
1232 4595 1312 4656 potiri
1329 4594 1449 4657 posuisse
1468 4607 1521 4644 non
1538 4593 1652 4645 videtur.
1679 4597 1749 4646 Lou-

413 4670 507 4722 dentur
524 4672 552 4720 bi
571 4673 674 4720 tantum
692 4669 758 4720 loci:
784 4669 818 4719 de
836 4669 910 4719 Ollio.
931 4670 965 4731 ll,
983 4669 1011 4720 34
1034 4670 1068 4732 (at
1087 4668 1122 4719 ibi
1139 4680 1234 4718 omnes
1251 4669 1408 4731 Heusingeri
1427 4672 1453 4718 et
1470 4667 1558 4719 Orellii
1575 4668 1667 4730 codd..
1685 4671 1748 4721 item

414 4747 506 4810 Regius
526 4745 681 4796 parisiensis
697 4744 777 4804 urbe).
798 4745 832 4794 de
851 4744 913 4793 Fato
932 4744 1016 4806 {cutus
1034 4742 1094 4793 libri
1112 4743 1191 4794 codd.
1211 4757 1298 4808 neque
1316 4744 1366 4808 ipsi
1384 4743 1447 4794 boni
1459 4746 1522 4793 sunt
1533 4757 1621 4808 neque
1634 4759 1665 4795 er
1678 4744 1750 4794 bono

412 4823 563 4886 archetypo
581 4820 701 4880 derivati)
721 4819 736 4883 5
757 4819 787 4869 43
806 4817 889 4878 (locus
907 4822 1058 4881 corruptus,
1078 4818 1123 4867 ubi
1141 4820 1237 4883 partim
1253 4817 1347 4868 codd:
1366 4818 1540 4881 Karthagine).
1564 4819 1603 4868 Ne
1620 4821 1750 4883 Nepotem

412 4896 535 4959 quidem,
560 4893 632 4959 apud
656 4906 737 4957 quem
757 4897 853 4956 quater
870 4905 898 4942 rs
914 4893 1004 4953 utiquc
1017 4895 1111 4955 potiri,
1135 4895 1222 4945 series
1239 4895 1277 4943 rei
1293 4894 1401 4943 ulterius
1417 4891 1513 4956 legitur
1530 4890 1591 4953 trid.
1612 4894 1698 4943 eremi
1716 4891 1751 4942 ad

411 4971 471 5021 uttt.
491 4985 515 5020 c.
534 4971 574 5031 2),
594 4968 676 5019 credo
694 4969 770 5018 Eum.
785 4969 800 5018 3
818 4968 958 5031 scripsisse
976 4982 1101 5017 summam
1117 4970 1230 5031 imperii,
1249 4969 1298 5019 sed
1316 4972 1355 5032 (ut
1372 4970 1397 5019 in
1416 4968 1472 5019 aliis
1490 4968 1568 5018 codd.
1587 4972 1637 5031 est)
1654 4981 1753 5018 summo

412 5049 454 5095 ant
471 5046 561 5109 potius
577 5057 689 5093 summae
706 5044 792 5105 (Attio.
807 5043 822 5091 9
839 5055 938 5102 maon,
959 5050 1036 5105 ages.
1050 5044 1066 5091 2
1078 5044 1192 5105 imperii,
1211 5044 1288 5093 Eum.
1302 5044 1316 5093 Ἰ
1328 5044 1419 5093 smmi
1429 5043 1546 5105 imperii).
1569 5044 1662 5094 Cicero
1675 5044 1752 5106 igitur

411 5122 465 5171 sine
484 5118 567 5169 dubio
585 5121 625 5170 sic
642 5121 761 5184 scripsit,
780 5123 810 5169 ut
827 5122 869 5169 est
885 5121 910 5169 in
930 5119 1080 5170 Coloniensi
1095 5123 1154 5181 (uon
1168 5117 1238 5168 malo
1251 5118 1361 5179 codice),
1380 5116 1449 5169 aliis:
1468 5118 1635 5168 urbanostrc.
1654 5119 1751 5169 Littera

411 5210 436 5246 ι
449 5199 508 5249 sive
526 5200 587 5248 nota
606 5199 663 5247 eius
682 5200 708 5247 in
726 5197 985 5261 archetyporum
1003 5197 1037 5253 tt,
1056 5193 1114 5244 aliis
1133 5206 1263 5257 persaepe
1281 5193 1371 5242 addita
1390 5197 1446 5252 est,
1465 5195 1495 5241 ut
1511 5193 1531 5252 l,
1549 5192 1591 5243 bl.
1604 5194 1645 5244 bd.
1664 5194 1696 5254 ll,
1708 5194 1750 5243 22.

411 5272 449 5322 32.
469 5272 511 5323 48.
531 5273 574 5332 itt,
591 5272 624 5323 23
643 5272 698 5334 (ubi
716 5273 835 5323 lloserus
853 5285 885 5321 er
903 5273 968 5331 Gli,
987 5269 1058 5320 aliis:
1085 5272 1117 5319 sit
1133 5271 1159 5318 in
1177 5269 1391 5333 negritudiceml).
1409 5268 1451 5317 34.
1470 5267 1511 5317 33.
1530 5268 1571 5318 to.
1590 5267 1630 5320 44.
1647 5268 1687 5319 49.
1707 5266 1749 5325 lv.

412 5347 467 5395 tt.»
486 5347 530 5395 W.
547 5373 574 5383 -
593 5345 617 5396 4.
636 5361 686 5396 ooo
702 5345 719 5396 ri
737 5349 842 5398 deleam
860 5347 892 5402 tt;
911 5360 961 5394 corr
977 5347 1050 5394 modo
1067 5359 1118 5394 non
1135 5345 1241 5394 deterret
1258 5345 1276 5393 Β
1297 5369 1324 5379 -
1344 5343 1369 5391 6.
1388 5343 1460 5406 longa
1474 5348 1553 5404 potest
1570 5344 1590 5393 0
1607 5369 1634 5379 -
1652 5342 1751 5404 reipus-

411 5421 601 5483 srrisqusllt-
622 5421 914 5473 i.utC:et0-8.
934 5422 1115 5470 ouimamGR
1137 5447 1162 5456 -
1186 5417 1482 5469 ttairsricbakel.
1502 5416 1518 5467 l.
1538 5416 1752 5481 passoriere

412 5494 436 5545 l.
455 5495 486 5545 V.
507 5497 637 5545 Graserus
660 5499 750 5558 Progr.
770 5494 873 5546 Guben.
893 5507 917 5545 a.
938 5496 1024 5557 letti:
1051 5508 1076 5544 rs
1098 5496 1133 5543 ric
1154 5495 1188 5550 C;
1211 5494 1246 5543 ric
1262 5507 1288 5544 re
1304 5495 1324 5545 0
1343 5520 1370 5530 -
1391 5496 1431 5544 td.
1450 5493 1587 5556 attbqito
1607 5517 1633 5527 -
1654 5491 1694 5540 tl.
1713 5491 1752 5540 rut

412 5569 509 5620 Keilius
527 5571 646 5630 Quaestt.
665 5570 729 5620 Tull.
749 5573 826 5635 spec.
847 5572 945 5633 (Liegn.
963 5570 1035 5631 4839)
1056 5585 1081 5634 p.
1100 5569 1156 5619 xiv
1175 5581 1215 5630 sq.
1235 5572 1262 5619 et
1278 5571 1320 5618 vir
1337 5568 1432 5618 doctus
1450 5568 1488 5628 (C.
1507 5567 1536 5616 K.
1551 5566 1603 5626 W.)
1623 5566 1649 5615 in
1666 5562 1749 5616 Closs.

412 5644 476 5694 Mus.
496 5657 522 5694 n.
542 5645 609 5696 XXV
627 5645 718 5707 (Lond.
739 5645 826 5707 taisi:
848 5658 903 5695 rues
920 5646 970 5696 CO
992 5670 1019 5681 -
1044 5646 1084 5695 49.
1104 5645 1147 5707 qui
1169 5649 1204 5694 est
1225 5658 1296 5693 moos
1313 5644 1405 5694 Corios
1421 5641 1473 5692 del.
1493 5642 1562 5691 Bake
1585 5638 1602 5689 l.
1621 5638 1641 5696 Ι.
1657 5653 1683 5703 p.
1702 5639 1750 5699 so;

413 5731 459 5769 nos
475 5718 647 5770 seclusimus.
668 5747 696 5757 -
715 5720 756 5771 23.
775 5722 801 5769 in
819 5724 880 5770 unte
897 5722 950 5769 eius
967 5732 1020 5769 om.
1041 5722 1060 5770 C
1081 5746 1107 5757 -
1128 5719 1169 5768 26.
1188 5719 1223 5768 od
1239 5722 1306 5769 ecc
1327 5744 1353 5753 -
1373 5718 1413 5768 29.
1433 5719 1508 5767 lidan
1525 5716 1545 5765 0
1565 5742 1591 5751 -
1611 5714 1652 5764 30.
1671 5728 1752 5777 quos-

412 5794 516 5843 mam
537 5796 587 5844 Gli
612 5820 639 5830 -
666 5795 707 5845 32.
726 5801 754 5844 nt
776 5808 844 5845 corr.
865 5794 924 5844 eod.
945 5808 981 5844 m.
1001 5808 1033 5845 ex
1056 5796 1090 5844 od
1111 5795 1145 5855 Β;
1170 5795 1204 5843 cd
1220 5796 1268 5844 Gli
1290 5822 1317 5832 -
1335 5793 1485 5855 quideme:
1506 5790 1749 5853 oeconomo.

413 5869 489 5919 arose
505 5869 607 5931 quidem
639 5869 808 5934 superfluum
826 5870 909 5933 ipram
925 5872 975 5919 est.
1000 5871 1083 5933 supra
1102 5872 1156 5921 est:
1178 5874 1206 5919 ot
1222 5883 1253 5921 ro
1269 5870 1369 5932 midam
1386 5867 1429 5932 (ci.
1449 5868 1506 5917 Cat.
1525 5866 1558 5918 tt.
1577 5866 1593 5930 s
1611 5864 1666 5930 33);
1686 5865 1701 5930 s
1720 5865 1751 5915 90

415 5946 503 5995 recte:
522 5945 555 5996 Aa
570 5943 599 5994 id
613 5943 722 6007 ipm·
741 5944 783 5995 W.
