4342 7459
433 1231 497 1303 728
972 1231 1026 1298 DE
1049 1231 1222 1298 olrlcns

434 1404 541 1462 torum
570 1392 778 1479 percursione
810 1391 905 1457 herae
936 1398 1047 1475 porcat
1075 1392 1210 1476 acriptua
1240 1409 1311 1455 οοοο
1338 1390 1391 1456 cui
1416 1410 1453 1455 ra
1479 1411 1556 1457 vera
1583 1411 1653 1458 uon
1679 1399 1773 1460 οιιοῐ

434 1489 546 1566 harae,
567 1489 602 1552 in
623 1486 710 1561 iore,
732 1486 810 1551 mihi
831 1485 943 1561 crede,
965 1485 1106 1550 calleret.
1148 1486 1252 1550 Homo
1272 1493 1380 1550 autem
1400 1487 1503 1551 inetut
1524 1487 1636 1572 iruna,
1666 1507 1775 1572 quan

435 1583 588 1648 aantimut
609 1582 712 1647 virum
732 1582 867 1656 bonrum
888 1579 970 1644 nihil
990 1579 1157 1663 cuiquam,
1181 1579 1268 1664 quod
1289 1580 1323 1645 in
1344 1599 1380 1644 ae
1400 1579 1586 1657 transierat,
1606 1579 1770 1648 detrahat.

437 1675 506 1740 iioc
527 1673 583 1759 qni
606 1673 796 1750 admiratur,
817 1674 846 1738 ia
868 1693 921 1748 aa,
942 1672 1023 1758 quid
1045 1672 1089 1736 ait
1108 1673 1156 1737 vir
1176 1674 1291 1749 houna,
1311 1676 1437 1739 narcira
1457 1675 1604 1740 fateatur.
1647 1671 1702 1740 'id-
1724 1677 1770 1742 At

410 1763 530 1846 ivero,
551 1767 579 1832 ai
601 1768 658 1853 qni
679 1766 816 1833 voluerit
836 1767 934 1832 animi
956 1767 1005 1830 ani
1027 1765 1248 1849 complictum
1269 1769 1432 1833 notionem
1452 1769 1619 1846 evolvere,
1640 1769 1707 1836 iu
1728 1787 1769 1836 οο

434 1864 503 1949 ipae
534 1863 647 1927 doceat
672 1880 747 1926 eum
775 1861 879 1926 virum
909 1860 1138 1936 bonumeam,
1167 1860 1223 1944 qni
1244 1862 1345 1946 proait
1363 1863 1481 1947 quibua
1502 1863 1621 1949 ponit,
1648 1870 1770 1930 noceat

435 1957 554 2022 nemini
579 1956 643 2021 niti
670 1952 837 2020 lacescitur
857 1954 982 2018 iniuria.
1026 1952 1113 2030 Quid
1135 1957 1234 2037 ergol
1276 1955 1337 2019 llic
1358 1975 1423 2020 non
1444 1965 1572 2033 noeeat,
1601 1957 1661 2044 qui
1682 1977 1770 2044 qne-

436 2052 509 2117 dam
531 2050 623 2136 quaal
646 2068 772 2115 veneno
794 2047 940 2132 perficiat
969 2054 1004 2112 ut
1024 2067 1117 2112 veroa
1139 2048 1274 2113 heredes
1294 2058 1439 2125 moveat,
1465 2051 1501 2115 in
1523 2071 1637 2116 corum
1658 2051 1769 2118 Ιοοιι

434 2146 504 2230 ipre
527 2143 698 2210 concedat?
741 2143 832 2206 elion
853 2142 950 2225 igitur
969 2141 1083 2206 iaciat»
1114 2142 1230 2207 dixerit
1251 2144 1324 2227 quia
1358 2146 1464 2228 «quod
1486 2145 1564 2210 utile
1585 2145 1645 2222 ait,
1674 2143 1769 2231 quod

398 2239 625 2325 ttupadiatt»
668 2238 768 2302 immo
789 2236 952 2320 intellegat
972 2235 1051 2300 nihil
1072 2255 1133 2300 nec
1153 2235 1304 2321 expedire
1323 2256 1384 2301 nec
1402 2238 1482 2302 utile
1503 2258 1589 2313 erac,
1610 2237 1703 2324 quod
1725 2239 1771 2306 eit

435 2332 600 2398 inlautum.
636 2331 706 2395 iioc
719 2329 775 2414 qni
791 2349 854 2393 non
870 2329 1031 2405 didicerit,
1046 2329 1151 2394 bonna
1164 2331 1214 2394 vir
1229 2348 1299 2394 οοοο
1313 2350 1379 2395 non
1394 2332 1521 2415 poterit
1556 2329 1610 2396 77.
1630 2333 1667 2398 C.
1680 2333 1771 2398 rin·

435 2425 536 2491 briam
562 2424 760 2491 contuleram
788 2423 957 2488 audiebam
986 2421 1026 2486 da
1054 2431 1146 2506 patre
1173 2434 1284 2490 noctro
1310 2444 1392 2508 pnar
1411 2423 1551 2490 iudicem
1571 2426 1615 2490 lt.
1636 2425 1770 2492 Lutatio

437 2520 582 2586 Pinthiae
601 2518 712 2594 tuine,
734 2517 835 2602 equiti
849 2518 992 2582 Romano
1015 2536 1093 2582 nane
1113 2516 1260 2592 bonerto,
1282 2539 1354 2583 cum
1376 2519 1621 2603 iaaponaionem
1634 2519 1772 2586 ieeiaaet

436 2633 469 2680 rr
488 2633 544 2678 vu
563 2631 661 2678 roera
681 2630 788 2677 aaarr.
822 2611 933 2695 ltaque
956 2591 986 2674 ai
1008 2611 1130 2676 diniaco
1142 2612 1313 2678 Fimbriam
1334 2633 1370 2678 ce
1391 2613 1479 2677 iilam
1499 2632 1568 2678 rem
1589 2632 1771 2699 numqua·

399 2708 665 2782 «uindicaturum,
693 2725 734 2770 na
755 2712 811 2769 aut
831 2705 984 2790 apoliarat
1003 2704 1087 2769 mma
1107 2704 1276 2789 probatum
1297 2707 1474 2783 hominem,
1499 2709 1528 2772 ri
1548 2716 1662 2773 contra
1681 2705 1772 2774 tutt-

437 2802 582 2876 cariaeet,
602 2807 659 2865 aut
678 2799 826 2864 attiniaco
848 2797 1009 2862 rideretur
1027 2798 1128 2861 virum
1150 2799 1269 2864 mcum
1292 2820 1364 2865 οοοο
1384 2801 1536 2885 aliquem,
1557 2821 1630 2867 cum
1652 2819 1692 2866 οο
1713 2819 1770 2866 raa

437 2893 720 2960 innumerabilium
742 2889 855 2958 officiia
876 2899 910 2955 ot
929 2891 1076 2957 iaudihua
1098 2893 1321 2963 contineretur.
1357 2895 1441 2960 Huic
1462 2897 1560 2979 igitur
1577 2897 1648 2962 viro
1668 2896 1771 2970 bono,

438 3007 536 3074 quam
557 2988 694 3052 Fimbria
720 2987 833 3062 etiam,
863 3005 927 3051 non
955 2985 1051 3052 modo
1073 2987 1219 3052 Socratae
1249 2997 1395 3065 noverat,
1423 2989 1511 3054 nullo
1539 2987 1634 3054 modo
1662 2989 1771 3056 rideri

438 3089 545 3168 potant
571 3082 740 3168 quicquam
769 3100 841 3145 aare
869 3080 966 3155 utile,
994 3079 1081 3165 qnod
1111 3100 1177 3144 nou
1204 3080 1373 3146 honestum
1394 3083 1446 3149 ait.
1488 3084 1600 3170 ltaque
1619 3083 1696 3150 talia
1717 3085 1773 3149 vir

401 3184 503 3242 ”oon
525 3177 620 3242 modo
641 3176 756 3252 facem,
778 3175 834 3239 aad
855 3193 898 3238 na
920 3174 1061 3257 cogitare
1083 3174 1212 3258 quidam
1235 3176 1406 3260 quicquam
1427 3176 1569 3255 audebit,
1590 3177 1684 3264 qnod·
1698 3195 1772 3244 non

439 3272 555 3337 audeat
574 3269 768 3357 praedicare.
817 3270 905 3333 Haec
926 3287 990 3332 non
1013 3276 1102 3353 turpe
1123 3276 1174 3334 eat
1194 3268 1340 3333 dubitare
1361 3270 1590 3357 philosophos,
1617 3290 1704 3356 quae
1725 3291 1771 3338 ιο

439 3367 548 3431 roatici
570 3365 699 3450 quidem
720 3363 888 3428 dubitentt
920 3361 1077 3446 aquibus
1100 3369 1206 3427 natum
1230 3370 1279 3427 eat
1298 3362 1353 3439 id,
1386 3364 1474 3450 quod
1501 3367 1567 3430 iam
1591 3365 1771 3432 contritum

407 3468 411 3476 '
439 3465 678 3533 attramento,
701 3457 915 3541 proverbium.
959 3455 1037 3520 Cum
1060 3458 1145 3520 enim
1166 3454 1259 3521 fidem
1281 3458 1415 3523 alicuine
1435 3460 1676 3544 tonitru-qna
1696 3459 1772 3526 Ιοο-

439 3551 531 3629 dant,
553 3541 684 3636 dignum
707 3569 777 3616 aare
799 3551 925 3625 dicunt,
948 3551 1077 3634 quicum
1098 3550 1131 3613 in
1153 3552 1292 3616 taoehria
1315 3554 1421 3618 micea.
1464 3555 1532 3618 iicc
1552 3574 1648 3640 quam
1670 3554 1772 3620 tutat

399 3647 503 3710 terim
525 3646 587 3709 nini
607 3645 706 3720 illam,
727 3644 808 3710 nihii
829 3644 981 3728 expedire
1003 3642 1089 3727 qood
1111 3662 1177 3708 non
1199 3644 1319 3722 doceat,
1342 3652 1436 3710 etiam
1459 3649 1486 3712 ai
1505 3647 1539 3711 id
1555 3646 1659 3732 poeria
1673 3647 1770 3712 nulio

439 3738 604 3804 raiallenta
626 3739 794 3823 optineret
842 3735 895 3799 78.
922 3736 1062 3802 Videsne
1083 3737 1146 3802 lroc
1166 3740 1339 3821 proverbio
1367 3761 1473 3824 neque
1494 3741 1575 3826 Gygi
1596 3741 1646 3804 illi
1668 3761 1771 3825 poaaa

440 3832 564 3898 veniam
586 3830 655 3897 dari
676 3850 782 3916 noque
803 3831 896 3905 huic,
926 3850 1022 3914 quem
1044 3832 1139 3917 paulo
1168 3841 1241 3896 anta
1262 3831 1418 3917 fingebam
1441 3836 1611 3918 digitorum
1631 3855 1773 3918 pertua·

440 3927 532 3991 niuno
552 3925 743 3991 locuturo
763 3924 904 3990 omnium
927 3944 1021 4010 pocae
1043 3930 1253 3992 converrerat
1296 3928 1335 3993 Ut
1356 3930 1459 4004 enirn,
1481 3930 1568 4012 quod
1590 3936 1685 4012 turpe
1705 3937 1773 4006 eat,

440 4018 492 4096 id,
521 4021 663 4105 quamria
684 4020 875 4095 occultetur,
905 4028 1008 4085 tamen
1038 4022 1207 4086 truncatum
1236 4018 1305 4086 lieri
1327 4023 1416 4086 nulio
1439 4021 1533 4086 modo
1554 4029 1679 4105 potant,
1707 4023 1773 4100 aia,

401 4113 527 4199 eoquod
549 4113 718 4179 honestum
740 4135 804 4178 non
826 4121 891 4188 eat,
923 4115 955 4177 id
977 4114 1055 4178 utile
1084 4124 1119 4179 ut
1141 4116 1182 4179 sit
1202 4114 1285 4180 effici
1307 4137 1372 4180 non
1395 4125 1500 4200 potest
1520 4117 1713 4182 advertente
1737 4125 1775 4183 et

441 4217 639 4292 repugnante
659 4216 781 4272 natura.

526 4302 597 4366 xx.
617 4299 670 4365 79.
691 4307 731 4365 At
751 4302 846 4378 enim,
867 4322 937 4366 cnm
961 4322 1129 4386 permagna
1151 4304 1291 4388 praemia
1312 4310 1397 4378 eunt,
1420 4312 1469 4368 est
1488 4323 1585 4367 causa
1599 4306 1774 4388 peccandi.

442 4396 476 4461 C.
491 4396 620 4471 llarioa,
642 4415 713 4460 cum
735 4416 755 4459 a
777 4416 833 4478 ape
857 4396 1040 4460 conaniatoa
1063 4397 1157 4479 longe
1178 4398 1304 4472 abeam
1325 4406 1357 4460 et
1378 4399 1440 4461 iam
1463 4400 1630 4480 septimum
1645 4418 1775 4468 annum

441 4497 513 4576 post
540 4498 718 4573 praeturam
746 4491 865 4555 iaceret
890 4510 995 4577 nequo
1023 4490 1178 4573 potituros
1202 4511 1351 4576 umquam
1374 4493 1571 4556 consulatum
1593 4493 1775 4572 videratur,

402 4585 481 4662 440.
495 4584 672 4660 Metellum,
693 4586 783 4648 cuiue
805 4586 926 4667 legatus
949 4592 1033 4658 erat,
1055 4605 1211 4649 summum
1236 4587 1337 4649 virum
1360 4595 1392 4650 et
1412 4587 1529 4660 civem,
1558 4607 1628 4650 com
1651 4588 1694 4651 ab
1717 4609 1775 4669 eo,

441 4679 632 4763 imperatore
653 4698 731 4755 auo,
760 4679 892 4742 Romam
914 4679 1151 4753 misenensem,
1180 4680 1264 4761 apud
1288 4679 1440 4764 populum
1462 4681 1636 4744 llomaoum
1660 4685 1775 4750 crimi-

442 4782 534 4838 natur
555 4781 621 4848 aat,
642 4772 761 4836 bollum
783 4773 872 4837 illum
895 4772 1029 4846 ducere,
1053 4773 1079 4835 si
1102 4793 1136 4836 ae
1158 4773 1319 4837 consulem
1333 4772 1502 4848 iecissent,
1517 4772 1605 4837 bravi
1621 4783 1776 4860 tempora

507 4970 531 5018 4.
549 4960 675 5031 acrtpta‘ch
693 4993 722 5004 -
740 4967 783 5017 cui
797 4980 860 5019 noa:
879 4968 923 5031 pul
939 4967 983 5018 Co
1006 4994 1033 5004 -
1056 4969 1081 5019 t.
1099 4969 1160 5017 miti
1177 4969 1248 5019 creda
1264 4980 1279 5019 c
1298 4970 1334 5031 (et
1350 4966 1438 5018 Schoi.
1451 4966 1598 5028 umbrosi:
1616 4971 1693 5021 creda
1708 4975 1777 5025 mitt

439 5045 541 5097 nitet
559 5070 587 5082 -
605 5044 785 5107 iactatiactat
801 5044 818 5095 b
837 5071 864 5081 -
883 5042 1111 5094 dictumuirum
1128 5045 1174 5094 ito
1193 5070 1221 5082 -
1238 5044 1365 5106 transcrot
1382 5044 1400 5093 o
1421 5070 1447 5079 -
1466 5042 1604 5094 titani)
1624 5069 1651 5080 —
1671 5049 1777 5101 natura

439 5121 501 5184 pald
516 5121 549 5170 rit
563 5120 641 5170 maa
655 5121 699 5170 atr
718 5131 734 5170 o
760 5144 788 5156 -
815 5120 847 5169 ,44
862 5131 922 5169 caro
937 5120 960 5169 ct
976 5120 1031 5182 outa
1047 5119 1154 5170 uoluam
1164 5145 1178 5156 -
1187 5145 1200 5156 -
1212 5120 1262 5168 nist
1277 5120 1404 5168 iccccrttus
1421 5118 1516 5169 iniuria
1533 5120 1687 5172 Lactantius
1704 5123 1775 5176 inat.

439 5196 493 5248 dlv.
512 5194 608 5258 41443.
627 5221 655 5232 -
674 5200 721 5245 aut
736 5207 797 5245 uero
812 5195 830 5245 44
849 5219 877 5230 -
895 5196 920 5245 c.
939 5195 1114 5257 conplicatum
1130 5194 1209 5245 animi
1227 5195 1266 5244 aui
1283 5206 1298 5245 ο
1318 5218 1345 5230 -
1363 5194 1388 5243 d.
1407 5191 1498 5243 tonum
1514 5196 1600 5244 uinco
1616 5205 1632 5243 o
1651 5218 1681 5231 ·-
1703 5197 1730 5248 4.
1744 5206 1777 5251 οι

439 5274 484 5337 pei
499 5272 610 5336 οοοοοοι
624 5284 717 5322 ocem
730 5271 893 5333 parilem·-
905 5270 957 5332 lpse
972 5271 1087 5320 ουοοοάοι
1109 5271 1209 5321 Nonius
1227 5269 1324 5334 ρ.403;
1354 5276 1383 5319 οι
1398 5273 1442 5334 qut
1459 5271 1568 5333 quodam
1583 5271 1659 5331 quusi
1674 5285 1777 5326 caum

439 5348 603 5399 --raocrdct
618 5346 690 5398 idem
708 5344 802 5410 [43444.
829 5368 857 5381 -
883 5345 908 5396 8.
924 5345 1034 5407 perficiat
1054 5357 1071 5395 a
1098 5370 1125 5381 -·
1152 5347 1192 5395 tt.
1211 5346 1238 5396 c.
1258 5357 1307 5406 cgc
1325 5344 1414 5395 addidi
1432 5358 1464 5395 ex
1481 5346 1611 5395 constanti
1628 5345 1777 5402 ciceronis

439 5437 499 5476 oso.
535 5423 619 5475 Etiam
637 5421 754 5472 Valerius
771 5421 899 5471 tinuimus
916 5419 1046 5480 v11,a,t
1067 5433 1231 5484 praenomen
1253 5419 1369 5478 addidit.
1392 5420 1456 5480 aad,
1479 5420 1552 5483 quod
1573 5420 1597 5468 ei
1614 5419 1690 5471 houd
1709 5436 1776 5477 ram

439 5499 544 5560 accidit,
557 5495 652 5549 laicum
665 5496 722 5558 (4.).
742 5521 770 5533 -
789 5494 829 5546 43.
847 5496 923 5557 saure
940 5506 1023 5545 omo
1041 5520 1068 5531 —
1088 5495 1165 5559 equiti
1182 5497 1245 5557 (om.
1258 5495 1296 5554 44.)
1313 5507 1374 5544 sano
1390 5497 1440 5554 ab,
1458 5495 1556 5555 couiuu
1573 5496 1613 5553 (οι
1626 5498 1775 5562 equum.)

438 5573 532 5625 mli
551 5597 578 5610 -
598 5570 638 5624 44.
656 5572 684 5621 oi
699 5572 722 5621 4ο
736 5572 810 5620 uiro
830 5594 857 5607 -
878 5570 919 5620 46.
931 5570 1040 5632 auom
1056 5572 1138 5620 urob
1158 5593 1185 5608 -
1206 5570 1246 5619 444.
1264 5583 1314 5619 ooo
1331 5582 1385 5620 om.
1399 5570 1440 5630 ii¹,
1459 5573 1520 5620 noto
1536 5570 1568 5619 rit
1584 5581 1728 5633 auparacr.
1740 5574 1777 5626 ii¹

442 5674 470 5687 -
489 5648 530 5700 43.
546 5648 739 5698 mma
764 5670 792 5682 -
818 5645 860 5696 20.
878 5647 977 5708 puidam
993 5646 1081 5696 omit
1108 5671 1135 5682 -
1163 5645 1204 5695 34.
1222 5645 1275 5694 tom
1292 5647 1378 5695 tritum
1400 5657 1430 5704 ος
1456 5645 1721 5711 icmconirorlump
1740 5673 1773 5688 ..

438 5721 480 5773 at.
498 5722 602 5786 dipem
612 5747 650 5760 --
660 5723 736 5773 micat
752 5722 851 5772 Noctua
869 5734 895 5785 p.
906 5719 963 5773 344.
983 5746 1010 5756 -
1037 5720 1079 5772 tt.
1094 5732 1167 5783 porco
1182 5725 1326 5770 conuertere
1343 5721 1408 5777 ilii;
1425 5725 1481 5783 poc
1496 5733 1523 5771 ra
1537 5725 1685 5772 concertare
1702 5737 1721 5787 p
1739 5748 1773 5764 .-

439 5798 480 5848 tt.
498 5799 555 5863 μή
571 5810 654 5850 omo
671 5800 814 5863 (roparacr.
826 5797 885 5859 οοοο)
904 5823 931 5834 -
950 5797 991 5847 33.
1003 5796 1100 5860 ctum]
1118 5797 1195 5847 atium
1212 5797 1231 5846 c
1252 5821 1278 5831 -
1299 5795 1339 5847 34.
1356 5797 1481 5858 petiturae
1496 5808 1546 5846 acra
1561 5808 1687 5857 acuum
1704 5810 1721 5849 ο
1741 5824 1772 5838 -

439 5872 481 5926 tt.
498 5878 555 5925 crat
570 5885 655 5926 ome
681 5899 709 5912 —
735 5872 776 5925 34.
795 5872 865 5936 apud
879 5873 907 5923 Ρ.
925 5873 954 5923 n.
971 5874 1123 5923 crinium
1138 5877 1173 5922 οο4
1188 5870 1288 5924 mum
1303 5872 1375 5923 idern
1391 5873 1481 5924 ducere
1501 5872 1600 5922 Nonius
1616 5883 1645 5937 p.
1656 5872 1721 5927 tat.
1741 5899 1771 5916 ..

441 5939 1243 6014 tu.oeuunprocmp-uunom.fl-touurao.
