4342 7459
682 1239 751 1303 un.
770 1239 810 1303 11.
838 1238 914 1304 cn.
935 1238 1203 1303 surr-xnus
1225 1235 1272 1323 gg
1286 1234 1453 1307 oc-ror.
1675 1240 1736 1309 sos

407 1409 487 1477 turn,
509 1420 575 1466 non
597 1406 682 1465 esset
702 1400 858 1476 desitum
880 1402 1039 1464 neminem
1060 1407 1168 1464 antem
1188 1398 1345 1464 babemus
1365 1405 1536 1477 rumorem,
1557 1403 1615 1487 qai
1635 1402 1671 1467 id
1684 1410 1740 1471 ant

407 1497 478 1561 lieri
501 1496 587 1558 dicat
607 1502 664 1558 aut
684 1494 802 1557 iactum
824 1494 912 1557 sciat.

492 1591 619 1653 xlvii.
648 1587 788 1652 Videsne
810 1606 861 1651 me
883 1608 946 1652 nou
968 1608 1006 1651 ea
1028 1588 1152 1662 dicere,
1174 1606 1258 1671 quae
1280 1588 1476 1664 Crrneades,
1499 1589 1556 1653 scd
1577 1611 1630 1666 es,
1657 1611 1739 1676 quse

407 1687 558 1773 princeps
581 1683 761 1747 Stoicorum
782 1683 950 1745 Panaetius
973 1682 1118 1746 dixeritt
1155 1683 1224 1765 ligo
1250 1692 1356 1747 autem
1383 1683 1479 1746 etiam
1500 1683 1579 1749 lisee
1599 1685 1739 1767 requiro,

409 1798 579 1853 omnesne,
610 1778 666 1861 qui
694 1776 853 1841 Cannensi
882 1797 988 1860 pugna
1014 1776 1203 1850 ceciderint,
1239 1797 1304 1841 uno
1330 1784 1417 1841 astro
1446 1777 1592 1842 fuerint?
1635 1780 1763 1843 exituso

409 1874 538 1959 quidem
568 1872 710 1934 omnium
738 1891 821 1934 unus
849 1877 881 1933 et
908 1870 994 1934 idem
1022 1870 1093 1934 luit.
1137 1870 1246 1945 Quidt
1278 1872 1334 1955 qui
1356 1872 1485 1955 ingenio
1514 1878 1611 1955 etque
1633 1872 1739 1935 animo

409 1966 597 2050 singulares,
619 1984 694 2026 num
717 1970 801 2026 astro
823 1983 956 2047 quoque
978 1967 1065 2026 unoi
1096 1962 1188 2038 Quod
1211 1964 1297 2027 enim
1318 1971 1453 2048 tempus,
1475 1985 1540 2049 quo
1562 1985 1627 2028 non
1646 1965 1741 2029 inuu-

409 2060 575 2126 merabiles
597 2060 796 2121 nascuntur?
828 2064 861 2119 at
882 2065 967 2119 certe
989 2056 1101 2119 similis
1124 2075 1219 2120 nemo
1240 2057 1381 2121 Homeri.
1425 2054 1476 2120 98.
1498 2058 1588 2122 Etsi
1610 2059 1739 2123 adrem

409 2157 557 2240 pertinet,
579 2150 757 2236 quomodo
778 2149 867 2214 caelo
887 2149 1012 2212 adiecto
1027 2150 1269 2233 conpositisque
1283 2151 1440 2216 sideribus
1459 2152 1610 2236 quodque
1624 2152 1740 2217 animal

409 2252 546 2322 oriatur,
568 2246 673 2310 valeat
695 2242 727 2306 id
751 2263 882 2307 necesse
903 2251 952 2306 est
973 2262 1038 2307 non
1060 2245 1093 2307 iu
1115 2243 1297 2309 homiuibus
1319 2245 1433 2321 solum,
1455 2268 1565 2311 verum
1581 2248 1615 2310 in
1629 2248 1741 2313 bestiis
1749 2265 1779 2313 ts

408 2344 513 2409 etiam.
537 2340 609 2415 Quo
623 2337 699 2422 quid
714 2345 821 2420 potest
835 2337 898 2400 dici
911 2337 1104 2401 absurdius?
1127 2338 1244 2403 Lucius
1259 2339 1387 2421 quidem
1403 2340 1550 2405 Tarutius
1564 2341 1741 2416 Firmanus,

408 2436 570 2501 familiaris
592 2438 717 2506 noster,
743 2431 777 2493 in
799 2430 1128 2527 primiscbaldaeicis
1151 2434 1327 2498 rationibus
1349 2437 1508 2509 eruditus,
1536 2434 1624 2499 urbis
1646 2435 1740 2499 etiam

407 2536 536 2593 nostrae
557 2526 695 2590 natalem
717 2527 800 2589 diem
822 2526 986 2608 repetebat
1006 2526 1046 2589 ab
1068 2526 1110 2590 iis
1131 2527 1303 2601 Parilibus,
1333 2528 1449 2612 quibus
1473 2547 1542 2592 eam
1564 2548 1584 2591 a
1605 2528 1741 2592 Romulo

409 2622 566 2688 conditam
593 2620 789 2703 accepimus,
817 2620 1030 2703 Romamque,
1057 2620 1090 2682 in
1120 2621 1195 2702 iugo
1226 2641 1297 2685 cum
1320 2629 1407 2686 esset
1427 2621 1517 2696 luna,
1541 2629 1647 2684 nstsm
1669 2640 1741 2685 esse

409 2717 534 2781 dicebat
560 2734 620 2779 nec
649 2714 718 2778 eius
745 2712 810 2777 iata
838 2732 952 2776 canere
975 2713 1149 2778 dubiosae
1192 2710 1243 2776 99.
1267 2713 1294 2777 0
1317 2715 1382 2779 rim
1404 2734 1583 2779 maxumam
1606 2714 1780 2783 errorisits

408 2811 553 2875 Etiamne
582 2807 669 2871 urbis
695 2806 809 2871 natalis
831 2807 900 2870 dies
921 2806 962 2870 ad
984 2808 1048 2870 vim
1071 2807 1235 2871 stellarum
1264 2818 1296 2872 et
1327 2809 1422 2873 lunae
1443 2804 1644 2893 pertinebat?
1679 2809 1742 2873 Fae

408 2906 442 2968 in
463 2922 565 2987 puero
587 2902 717 2975 reterre,
739 2921 780 2964 ex
802 2922 866 2985 qua
887 2900 1068 2965 adiectione
1086 2900 1167 2965 caeli
1182 2901 1318 2985 primum
1334 2904 1480 2987 spiritum
1495 2903 1642 2977 duxerit,
1664 2922 1742 2965 num

408 2997 470 3061 boc
491 2997 525 3060 in
546 2996 645 3059 latere
666 2996 778 3059 autin
801 3003 974 3069 caemento,
996 3015 1037 3058 ex
1060 2996 1177 3080 quibus
1199 2996 1275 3060 urbs
1290 2999 1403 3062 effecta
1416 3006 1479 3071 est,
1495 2999 1598 3081 potuit
1611 2998 1742 3063 valeret

409 3089 472 3155 Sed
495 3088 574 3173 quid
596 3088 709 3171 piurai
745 3088 863 3153 cotidie
884 3088 1081 3152 refelluntur.
1126 3088 1228 3164 Quam
1251 3091 1352 3155 multa
1373 3111 1434 3175 ego
1455 3093 1624 3176 Pompeio,
1647 3112 1742 3177 quom

408 3186 508 3249 multa
531 3183 661 3258 Crasso,
690 3193 785 3266 quam
808 3183 905 3246 multa
926 3181 1003 3246 huic
1024 3183 1085 3266 ipsi
1109 3182 1235 3247 Caesari
1258 3202 1278 3247 a
1299 3184 1467 3250 Chaldaeis
1495 3185 1580 3249 dicta
1601 3186 1782 3261 meminiso

409 3279 570 3343 neminem
592 3297 703 3341 eorum
726 3277 788 3341 nisi
811 3284 986 3350 senectute,
1008 3277 1071 3340 nisi
1093 3276 1189 3351 domi,
1211 3276 1273 3341 uisi
1296 3298 1368 3343 cum
1390 3280 1534 3345 claritate
1555 3297 1627 3343 esse
1649 3280 1744 3346 mori-

408 3373 532 3437 turuml
556 3379 592 3435 ut
614 3371 690 3434 mihi
713 3372 885 3456 permirum
907 3371 1052 3433 rideatur
1079 3388 1270 3453 quemquam
1299 3380 1442 3448 exstare,
1464 3373 1521 3456 qui
1542 3374 1636 3437 etiam
1658 3393 1745 3439 nunc

411 3466 519 3531 eredat
539 3466 597 3540 iis,
619 3485 754 3549 quorum
777 3464 941 3548 praedicta
962 3464 1078 3527 cotidie
1101 3463 1208 3527 videat
1228 3486 1264 3529 re
1286 3473 1319 3531 et
1339 3470 1461 3533 eventis
1483 3464 1596 3531 refelli.

494 3560 633 3623 XLVIIL
657 3556 728 3621 too.
753 3561 885 3623 Restant
906 3558 969 3621 duo
992 3557 1155 3621 divinandi
1177 3577 1306 3639 genera,
1327 3581 1411 3645 quac
1432 3561 1550 3626 habere
1571 3560 1706 3625 dicimur
1725 3581 1745 3626 a

411 3664 533 3730 natura,
553 3674 618 3717 non
640 3654 681 3716 ab
703 3661 787 3729 arte,
810 3651 1002 3716 vaticinandi
1025 3660 1058 3716 ct
1079 3653 1270 3716 somniandi.
1312 3654 1359 3717 De
1382 3655 1519 3738 quibus,
1543 3653 1674 3730 Quinte,
1696 3654 1784 3723 irs-s

412 3770 518 3835 quam,
540 3750 567 3813 si
591 3748 704 3831 placet,
726 3748 929 3812 disseramus.
972 3745 1050 3810 ldihi
1072 3766 1160 3822 raro,
1182 3747 1304 3831 inquit,
1326 3749 1448 3831 placet3
1470 3749 1522 3813 his
1541 3750 1640 3823 enim,
1663 3768 1746 3832 quae

411 3843 515 3908 adhuc
536 3841 723 3925 disputasti,
751 3863 880 3925 prorsus
909 3840 1089 3915 adsentior,
1116 3849 1148 3905 et
1168 3861 1244 3905 rere
1266 3849 1302 3906 ut
1323 3843 1453 3926 loquar,
1479 3861 1672 3927 quamquam
1692 3848 1747 3906 tus

411 3956 461 4000 me
483 3936 585 4000 oratio
607 3936 817 4011 confirmavit,
839 3944 946 3999 tamen
967 3935 1063 3998 etiam
1085 3955 1157 3999 mea
1178 3944 1298 4018 sponte.
1315 3937 1410 4000 nimis
1432 3936 1684 4021 superstitiosam
1705 3934 1746 3998 de

410 4032 606 4094 divinatione
628 4030 806 4094 Stoicorum
836 4030 1025 4093 sententiam
1053 4029 1252 4094 iudicabam:
1279 4032 1358 4096 haec
1390 4051 1441 4095 me
1466 4030 1746 4114 Peripateticorum

411 4124 491 4187 ratio
514 4125 613 4206 magis
636 4125 784 4187 movebat
805 4133 836 4188 et
860 4123 973 4185 veteris
996 4121 1181 4187 Dicaearchi
1204 4133 1236 4187 ot
1258 4126 1339 4200 cius,
1361 4128 1418 4210 qui
1440 4145 1525 4188 nunc
1547 4125 1649 4197 ilorci,
1673 4123 1785 4194 Cra-so

412 4219 502 4303 tippi,
525 4219 581 4302 qui
604 4226 735 4282 censent
758 4239 828 4282 esse
850 4218 885 4280 in
907 4218 1065 4282 mentibus
1088 4218 1252 4282 hominum
1276 4226 1437 4303 tamquam
1451 4218 1592 4282 oraclum
1607 4216 1747 4300 aliquod,

411 4335 452 4377 ex
475 4333 539 4396 quo
561 4312 667 4376 futura
689 4314 920 4396 praesentiant,
948 4312 975 4375 si
1004 4320 1059 4375 aut
1088 4311 1196 4376 lurore
1223 4313 1332 4377 divino
1361 4314 1510 4377 incitatus
1540 4312 1666 4374 animus
1692 4316 1748 4373 aut

413 4427 525 4470 somno
547 4407 708 4470 relaxatus
732 4408 835 4471 solute
857 4412 1023 4470 moveatur
1044 4426 1081 4469 sc
1097 4405 1205 4469 libere.
1241 4406 1299 4470 llis
1322 4406 1362 4470 de
1384 4408 1554 4490 generibus
1576 4405 1653 4487 quid
1675 4425 1748 4469 scu

412 4502 472 4565 tias
494 4507 526 4564 et
548 4502 663 4584 quibus
687 4521 724 4564 ea
746 4501 919 4565 rationibus
941 4500 1082 4564 infirmes
1104 4500 1216 4563 audire
1238 4519 1314 4563 sane
1336 4501 1440 4564 velim.

497 4596 612 4658 xiix.
637 4591 708 4657 l0l.
732 4596 822 4672 Quae
844 4615 917 4659 cum
938 4594 993 4658 ille
1016 4594 1166 4667 dixisset,
1189 4601 1253 4657 tum
1277 4613 1337 4676 ego
1358 4615 1483 4669 rursus,
1506 4594 1598 4678 quasi
1621 4592 1660 4656 ab
1682 4593 1787 4663 alioss

412 4690 589 4774 principio,
612 4709 680 4754 sum
704 4711 837 4754 exorsus
860 4690 976 4754 dicere.
1013 4690 1082 4752 Nou
1106 4689 1233 4770 ignoro,
1255 4688 1395 4772 inquam,
1418 4689 1547 4764 Quinte,
1569 4696 1600 4751 te
1622 4707 1749 4773 semper

479 4940 502 4988 t.
522 4952 573 4989 esse
588 4939 693 4989 mium
782 4966 809 4976 -
834 4940 921 5004 quiid
938 4945 983 4989 out
999 4935 1108 4989 silivi:
1134 4939 1195 5002 quid
1211 4944 1256 4988 out
1272 4932 1350 4999 AV,
1374 4940 1418 5000 qut
1435 4944 1481 4989 cut
1503 4937 1646 5003 Erlang.0
1670 4964 1698 4977 -
1721 4938 1746 4991 l.

410 5016 535 5077 principes
552 5014 582 5062 V
600 5039 628 5050 -
653 5014 714 5064 isaac
731 5014 767 5064 C:
789 5014 834 5064 boc
851 5016 954 5066 liursus
1033 5015 1106 5077 atqui
1130 5013 1199 5064 duae
1217 5026 1262 5064 res
1281 5013 1334 5063 hoc
1351 5010 1410 5064 ioco
1428 5016 1608 5078 quaeruntur,
1630 5014 1748 5078 primum

412 5103 476 5140 uum
499 5100 593 5139 omncs
615 5090 659 5151 qui
678 5101 730 5139 una
748 5088 823 5139 clude
847 5091 995 5140 interierint
1018 5102 1071 5140 uuo
1089 5093 1161 5140 astro
1179 5089 1291 5150 luerim,
1316 5088 1413 5140 deinde
1431 5103 1496 5141 num
1513 5091 1559 5154 qui
1575 5090 1679 5152 iugenio
1696 5089 1750 5141 sint

412 5163 559 5228 singulares
577 5162 700 5227 singulari
719 5177 828 5229 quoque
846 5168 918 5215 astro
937 5167 988 5215 nati
1007 5166 1059 5215 sint
1072 5190 1099 5201 -
1116 5166 1233 5227 punctim
1244 5165 1287 5215 AV
1300 5191 1326 5200 -
1346 5165 1370 5214 a.
1385 5179 1469 5216 omnes
1480 5178 1559 5228 aeque
1570 5167 1670 5216 cunensi
1681 5164 1746 5215 13-

411 5240 552 5289 caciderunt
569 5234 629 5286 v0
711 5239 761 5287 orti
777 5238 871 5299 fuerim
892 5240 951 5290 cod.
971 5237 1133 5290 Ballioleneis
1213 5239 1237 5289 8.
1256 5245 1396 5290 noscamur
1412 5238 1505 5291 salisb.
1525 5240 1545 5290 0
1569 5267 1596 5277 -
1619 5241 1653 5289 od
1669 5240 1700 5289 1
1721 5264 1747 5276 -

413 5315 453 5365 to.
472 5328 522 5363 nos
539 5314 565 5361 iu
581 5313 720 5363 tmuinibsss
736 5315 815 5364 rotam
830 5327 918 5365 oerum
933 5316 960 5364 in
977 5314 1058 5364 bestiis
1074 5314 1151 5364 etiam
1167 5314 1230 5364 AB:
1255 5324 1308 5364 om.
1323 5310 1364 5377 ,
1387 5316 1465 5366 etium
1487 5316 1514 5365 io
1537 5313 1611 5365 rebus
1630 5313 1750 5364 iouoiruis

413 5391 439 5440 io
457 5402 540 5452 marg.
559 5383 637 5444 v0
662 5390 775 5451 genuine
799 5387 877 5440 lectio
899 5403 914 5440 a
938 5389 1014 5440 uobis
1038 5392 1163 5438 revocata
1186 5388 1309 5439 firmatur
1325 5389 1404 5440 Serto
1422 5391 1555 5455 Empirico
1572 5389 1632 5439 adv.
1652 5386 1747 5439 astrol.

413 5462 484 5527 get,
504 5476 668 5527 quamquam
685 5463 908 5528 disputationem,
932 5478 1001 5528 quae
1020 5466 1160 5527 sequatur,
1184 5461 1263 5514 uliam
1281 5465 1308 5515 io
1324 5467 1429 5529 partem
1447 5465 1553 5516 deflecti
1570 5461 1747 5527 intelligimus.

415 5567 441 5575 -
463 5539 502 5587 tt.
521 5539 570 5588 dici
584 5544 664 5599 potest
680 5539 782 5590 Marsus
801 5540 821 5588 0
841 5565 869 5578 -
888 5540 967 5589 tucius
978 5539 1034 5590 AB:
1055 5540 1082 5588 L.
1097 5539 1117 5587 0
1134 5565 1167 5575 -
1186 5539 1331 5589 mmscich
1350 5566 1376 5575 -
1397 5541 1437 5591 ti.
1455 5540 1593 5590 chaldaicis
1607 5539 1660 5598 ,
1678 5537 1750 5588 ciui-

413 5614 488 5663 doicis
504 5610 565 5674 ,
585 5613 618 5663 cl.
638 5615 659 5663 il
678 5613 736 5677 588
755 5640 782 5649 -
802 5613 843 5664 13.
861 5615 933 5664 bisti
955 5642 981 5651 -
1002 5614 1041 5664 id.
1060 5613 1158 5677 cosme]
1172 5614 1287 5665 issereV
1307 5642 1334 5651 -
1356 5615 1396 5665 to.
1411 5615 1545 5679 pertinebit
1561 5611 1705 5664 Lambinus
1719 5637 1747 5649 -

415 5689 454 5739 tr.
473 5702 506 5739 sc
523 5703 574 5751 quo
592 5689 625 5740 C:
645 5702 698 5752 quo
716 5689 867 5740 Davisiuso
934 5690 1050 5752 spiritum
1067 5701 1127 5754 sup.
1140 5686 1183 5740 lin.
1201 5702 1283 5741 manu
1300 5690 1396 5741 eadem
1413 5690 1433 5740 li
1453 5717 1480 5727 -
1500 5690 1542 5742 ts,
1560 5692 1668 5738 camerito
1718 5711 1745 5723 -

417 5801 458 5851 ts.
476 5760 564 5863 ouidii
584 5828 611 5838 -
630 5802 738 5852 cotidiae
756 5803 789 5862 B,
812 5802 922 5865 quoddic
937 5802 958 5852 0
976 5827 1004 5839 -
1027 5815 1087 5865 ergo
1104 5796 1136 5852 13
1152 5828 1179 5838 -
1199 5804 1240 5853 at,
1258 5804 1285 5854 is
1301 5807 1422 5855 senectute
1438 5801 1517 5853 codd.
1537 5803 1632 5866 interp.
1650 5800 1748 5853 stlsii

417 5900 445 5913 -
464 5876 505 5926 23.
524 5876 547 5924 is
563 5877 592 5937 ,
611 5877 644 5926 iis
660 5878 679 5928 li
697 5876 746 5927 sed
763 5890 797 5927 ex
814 5890 884 5928 corr.
899 5901 928 5915 -
947 5878 1064 5929 cottidiae
1080 5876 1120 5936 13,
1139 5878 1280 5942 quotidieo
1293 5904 1320 5914 -
1339 5877 1547 5940 stproausw
1560 5902 1588 5915 -
1606 5875 1749 5941 stass*

415 5952 563 6001 sumam
585 5976 611 5987 -
632 5952 803 6004 ttboscc:
823 5951 929 6003 ocV0
948 5978 975 5990 -
995 5952 1036 6004 iit.
1055 5951 1494 6005 erasmo-timuisset.
