4342 7459
440 1238 503 1305 250
619 1242 784 1307 TUSCUL.
807 1244 960 1309 niseus.
984 1246 1050 1307 Lis.
1066 1245 1090 1308 l.
1114 1245 1188 1309 Car.
1203 1244 1316 1306 XLIX.
1338 1240 1384 1325 §5
1401 1238 1576 1309 tta—tta.

438 1404 480 1467 At
500 1423 575 1467 vero
597 1403 650 1467 ille
672 1404 816 1487 sapiens:

565 1500 667 1562 Mors
690 1519 772 1562 mea
792 1519 839 1562 ue
860 1508 987 1563 careat
1009 1497 1207 1562 lacrimis:
1230 1496 1454 1579 linquamus
1476 1497 1619 1561 amicis

607 1594 840 1667 Macronem,
862 1601 902 1655 ut
923 1592 1125 1657 celebrent
1147 1590 1286 1653 lunera
1309 1609 1388 1653 cum
1411 1592 1565 1673 gemitu.

523 1681 594 1747 tt8.
616 1687 681 1748 Nos
703 1706 793 1760 vero,
816 1687 843 1749 si
867 1685 942 1768 quid
967 1686 1028 1750 tale
1050 1685 1219 1759 acciderit,
1243 1692 1278 1746 ut
1300 1704 1318 1747 a
1340 1684 1401 1747 deo
1424 1684 1644 1749 denuntiatum
1659 1687 1767 1751 videa·

413 1787 503 1855 etur,
524 1789 560 1844 ut
582 1798 732 1843 exeamus
754 1798 772 1841 e
794 1780 872 1854 vita,
894 1780 968 1843 laeti
991 1788 1024 1844 et
1045 1787 1174 1862 agentes
1196 1779 1311 1859 gratias
1335 1797 1500 1859 parcamus
1523 1780 1689 1863 emittique
1707 1801 1767 1844 nos

438 1874 621 1938 ecuetodia
649 1880 682 1936 et
709 1872 806 1936 levari
829 1874 942 1937 vinclis
969 1875 1171 1945 arbitremur,
1201 1881 1237 1934 ut
1265 1880 1319 1934 aut
1349 1873 1382 1933 in
1416 1881 1576 1936 aeternam
1606 1881 1639 1937 et
1671 1874 1766 1956 plane

437 1974 576 2031 nostram
599 1968 726 2031 domum
749 1968 954 2050 remigremus
976 1977 1032 2031 aut
1053 1969 1140 2031 omni
1162 1986 1257 2029 sensu
1281 1964 1488 2049 molestiaque
1510 1986 1693 2032 careamus:
1717 1970 1766 2032 sin

437 2069 541 2125 autem
571 2062 651 2125 nihil
677 2061 928 2137 denuntiabitur,
956 2083 993 2125 eo
1017 2072 1120 2125 tamen
1143 2061 1242 2123 simus
1265 2059 1384 2144 auimo,
1414 2067 1449 2121 ut
1469 2060 1653 2124 horribilem
1676 2062 1767 2125 illum

437 2154 521 2217 diem
543 2154 627 2230 aliis,
649 2155 741 2218 uobis
762 2155 900 2218 faustum
923 2164 1070 2237 putemus
1092 2153 1237 2235 nihilque
1260 2153 1292 2214 iu
1317 2153 1406 2216 malis
1428 2152 1595 2228 ducamus,
1619 2156 1704 2238 quod
1728 2159 1770 2220 sit

400 2263 428 2309 to
438 2247 488 2310 vel
516 2248 605 2312 adis
631 2248 851 2311 inmortalibus
874 2249 923 2311 vel
946 2257 1100 2311 amatura
1127 2255 1258 2331 parente
1280 2247 1420 2310 omnium
1443 2249 1658 2312 constitutum.
1696 2252 1768 2314 Non

438 2342 521 2404 enim
548 2353 668 2407 temere
695 2362 756 2405 uec
777 2342 907 2406 fortuito
930 2344 990 2405 sati
1013 2348 1046 2404 et
1067 2340 1164 2403 creati
1188 2359 1313 2413 sumus,
1343 2338 1398 2402 sed
1422 2339 1565 2420 proiecto
1588 2341 1649 2406 tuit
1671 2364 1770 2428 quse·

438 2434 510 2498 dam
541 2436 604 2510 vis,
633 2457 716 2520 quae
745 2439 853 2519 generi
882 2437 1062 2500 consuleret
1089 2435 1227 2498 humano
1258 2452 1317 2495 nec
1346 2433 1376 2495 id
1407 2434 1551 2516 gigneret
1576 2446 1632 2500 sut
1653 2438 1769 2511 aleret,

437 2529 522 2612 quod
552 2550 621 2593 cum
645 2531 876 2594 exanclavisset
897 2550 1006 2594 omnes
1029 2528 1168 2599 labores,
1199 2535 1264 2589 tum
1287 2525 1441 2589 incideret
1463 2528 1494 2588 in
1518 2529 1628 2593 mortis
1651 2531 1767 2594 malum

437 2624 682 2705 sempiternum:
723 2634 847 2707 portum
884 2626 988 2708 potius
1024 2630 1167 2703 paratum
1205 2621 1294 2684 nobis
1328 2629 1359 2684 et
1395 2620 1572 2703 perfugium
1609 2633 1768 2708 putemus.

400 2711 509 2780 40449.
541 2717 614 2792 Quo
630 2720 764 2800 utinam
793 2719 872 2782 velis
902 2718 1003 2801 passis
1037 2716 1167 2798 pervehi
1204 2715 1315 2777 liceatl
1366 2715 1422 2778 Sin
1451 2717 1634 2781 retlautibus
1665 2718 1769 2782 ventis

438 2810 620 2885 reiciemur,
653 2819 759 2874 tamen
790 2811 900 2874 eodem
935 2810 1030 2893 paulo
1060 2808 1179 2871 tardius
1206 2808 1381 2872 referamur
1411 2828 1543 2872 necesse
1577 2821 1634 2876 est.
1672 2812 1768 2888 Quod

438 2911 542 2967 autem
566 2906 713 2968 omnibus
734 2925 865 2968 necesse
888 2914 953 2978 est,
976 2904 1051 2967 idue
1074 2904 1223 2966 miserum
1247 2924 1317 2966 esee
1339 2904 1394 2966 uni
1418 2908 1544 2986 potest?
1575 2905 1681 2967 Habes
1703 2906 1769 2988 epi·

439 2996 558 3077 logum,
581 3018 620 3060 ue
643 3000 718 3081 quid
742 3000 998 3082 praetermissum
1022 3007 1077 3060 aut
1100 2998 1241 3059 relictum
1264 3006 1366 3081 putes.
1400 2998 1628 3078 negavero,
1651 3008 1684 3061 et
1698 2998 1770 3081 qui-

439 3090 508 3153 dem
538 3091 613 3155 iecit
635 3093 727 3156 etiam
750 3095 808 3157 iste
831 3114 881 3156 me
903 3094 1049 3175 epilogus
1071 3090 1250 3154 firmiorem.
1291 3093 1334 3153 M.
1358 3091 1499 3174 Optime,
1527 3093 1668 3175 iuquam.
1706 3092 1770 3154 Sed

399 3198 522 3248 renunc
545 3188 673 3269 quidem
697 3188 870 3251 valetudini
894 3188 1070 3249 tribuamus
1092 3184 1232 3267 aliquid,
1255 3206 1323 3247 cras
1346 3196 1451 3248 autem
1474 3194 1506 3248 et
1528 3194 1607 3268 quot
1621 3186 1692 3250 dies
1709 3186 1771 3248 eri·

437 3299 507 3341 mus
535 3280 569 3341 in
597 3282 794 3355 Tusculano,
828 3301 955 3363 agamus
981 3281 1060 3342 haec
1091 3288 1123 3342 et
1150 3298 1187 3340 ea
1216 3279 1428 3359 potissimum,
1463 3298 1545 3362 quae
1577 3280 1770 3343 levationem

438 3369 573 3436 habeant
594 3375 844 3456 aegritudinum,
866 3374 1087 3445 formidinum,
1110 3371 1333 3453 cupiditatum,
1358 3373 1411 3454 qui
1429 3373 1514 3434 omui
1534 3371 1771 3455 e‘philosophie

437 3475 486 3528 cet
506 3464 626 3530 fructus
648 3469 835 3531 uberrimus.

504 3671 527 3721 4,
546 3671 645 3733 sapiens
661 3671 702 3721 itte
718 3672 738 3721 0
753 3698 779 3707 —
799 3671 824 3721 3.
842 3684 965 3721 merorem
983 3669 1085 3729 cn²ss;
1103 3685 1238 3721 memorem
1256 3673 1284 3722 ΙΙ1
1300 3699 1324 3707 -
1346 3673 1369 3722 6.
1386 3673 1457 3734 plene
1474 3673 1536 3722 C-
1555 3672 1580 3722 7.
1593 3677 1707 3722 nostrum
1720 3674 1769 3723 W:

438 3744 465 3792 in
481 3750 594 3794 nostram
610 3747 669 3797 CO.
693 3748 838 3806 sononiam
856 3760 909 3795 unc
925 3746 1021 3796 domus
1038 3747 1209 3809 significatur,
1228 3747 1371 3797 delendum
1390 3748 1473 3798 estin
1490 3748 1546 3797 sive
1564 3761 1596 3798 ex
1613 3761 1626 3797 e
1641 3762 1660 3797 n
1676 3750 1770 3798 natum

438 3821 476 3878 (ut
493 3821 523 3877 ll,
542 3820 574 3869 26
591 3821 656 3870 enim
673 3835 705 3871 ex
723 3822 787 3881 im,
807 3822 848 3882 ΙΙΙ,
868 3821 899 3871 84
917 3823 960 3870 etsi
978 3835 1010 3870 ex
1027 3824 1046 3870 it
1062 3824 1098 3883 si,
1118 3824 1148 3884 ll,
1165 3822 1196 3873 l8
1213 3825 1246 3873 ite
1263 3838 1294 3873 ex
1312 3825 1331 3871 ii
1348 3837 1374 3885 e,
1393 3824 1435 3885 ΙΙΙ,
1448 3824 1479 3874 80
1496 3824 1609 3874 sannone
1625 3829 1661 3874 est
1677 3822 1770 3884 tumes)

438 3896 494 3945 sive
512 3909 544 3946 ex
562 3896 699 3959 superiore
717 3897 743 3944 in
761 3895 975 3958 frequentissimo
992 3896 1109 3958 quodam
1127 3911 1218 3948 errore
1237 3899 1404 3961 repetitum.»
1420 3926 1445 3933 -
1467 3901 1507 3949 40.
1526 3899 1573 3949 diis
1590 3900 1609 3950 C
1626 3923 1653 3933 -
1673 3912 1691 3947 a
1707 3901 1771 3949 ente

437 3976 534 4020 nnturn
551 3984 685 4034 superscr.
704 3972 729 4020 in
749 3972 808 4021 ti-
828 3970 868 4020 43.
888 3971 953 4032 quod
969 3984 1026 4019 cum
1037 3997 1073 4007 --
1086 3975 1261 4034 sempiternum
1280 3975 1378 4022 Nonius
1397 3987 1422 4037 p.
1436 3974 1492 4023 407.
1508 3997 1534 4009 -
1551 3973 1591 4025 to.
1604 3978 1685 4025 unere
1699 3978 1771 4037 itan·

438 4046 501 4094 tibur
518 4048 537 4096 C
557 4072 583 4081 -
604 4047 644 4095 40.
663 4046 749 4095 eadem
767 4044 860 4106 (littera
879 4059 895 4092 a
914 4049 1011 4108 puncto
1030 4049 1118 4095 notata
1136 4051 1163 4096 et
1180 4061 1314 4112 superscr.
1328 4050 1350 4109 ot
1369 4049 1397 4097 ll.
1423 4050 1474 4100 nUt
1491 4050 1517 4098 iu
1535 4051 1554 4100 li
1571 4050 1609 4100 sic
1626 4050 1705 4100 tuerit
1717 4050 1768 4112 (lv,

438 4122 470 4170 os
488 4121 507 4170 R
524 4121 922 4182 eorum--permrbatinnuntt,
941 4124 1030 4170 tamen
1048 4122 1216 4185 archetypus
1233 4123 1325 4172 babuit
1341 4125 1438 4182 eodem3
1458 4126 1491 4173 ita
1510 4126 1580 4174 enim
1599 4136 1694 4174 omnes
1711 4126 1770 4174 siue

438 4193 488 4244 ulla
512 4197 641 4245 varietate
665 4196 756 4245 edunt.
785 4197 870 4257 Atque
895 4207 988 4258 perse
1010 4197 1097 4259 ipsum
1115 4198 1198 4245 eodem
1217 4198 1240 4258 ti.
1261 4211 1284 4246 e.
1302 4212 1346 4254 eo,
1371 4212 1436 4259 «quo
1453 4198 1517 4249 velis
1535 4200 1619 4263 passis
1637 4199 1769 4262 pervehi»

439 4269 554 4332 optabile
572 4274 624 4329 est,
644 4271 692 4321 sed
709 4272 774 4321 unde
792 4269 963 4320 sretlantibus
975 4272 1060 4342 ventis
1078 4271 1168 4320 reiecti
1182 4272 1305 4332 erinrusnt
1324 4271 1407 4322 multo
1424 4275 1510 4336 aptius
1528 4276 1569 4323 est
1585 4286 1666 4337 quem
1683 4276 1772 4323 endem

439 4346 502 4406 (oin,
521 4359 572 4409 qua
589 4347 680 4396 reiecti
699 4346 820 4406 erimus);
842 4346 1032 4408 nequeenim,
1052 4346 1081 4393 ut
1098 4344 1185 4407 aliquo
1203 4348 1402 4410 perveniamus,
1421 4347 1493 4397 unde
1505 4348 1595 4396 reiecti
1607 4347 1701 4407 simus,
1722 4362 1772 4398 ne·

438 4434 515 4471 cesse
532 4425 572 4471 est
589 4423 692 4471 eundem
710 4424 778 4471 viam
798 4424 934 4483 repetere:
954 4421 1032 4469 etiem
1051 4420 1117 4479 alia,
1137 4425 1163 4468 et
1180 4420 1291 4470 tortasse
1310 4421 1431 4477 ceterius,
1451 4436 1484 4471 eo
1495 4422 1587 4471 reterri
1599 4433 1770 4485 possumus·

438 4497 481 4545 W.
501 4522 528 4531 —
548 4498 588 4548 48.
606 4503 629 4547 et
652 4498 694 4558 qui
716 4498 782 4546 idem
802 4496 851 4545 Gli
872 4522 898 4532 -
922 4496 963 4545 20.
983 4510 1044 4556 quos
1061 4496 1091 4545 C.
1120 4496 1201 4544 «stim
1221 4497 1304 4558 magis
1325 4496 1452 4559 probatur
1469 4501 1620 4547 ceterorum
1637 4496 1770 4559 scriptura

439 4577 510 4635 quot
528 4572 591 4632 dies,
610 4574 626 4623 i.
646 4587 671 4622 e.
689 4578 724 4622 tot
742 4572 894 4632 (continuis,
913 4571 946 4620 cl.
965 4570 980 4632 5
998 4570 1022 4619 8.
1042 4571 1072 4626 ll,
1092 4570 1116 4617 9.
1135 4570 1175 4619 07.
1195 4571 1237 4628 ΙΙΙ,
1257 4571 1280 4619 0.
1299 4572 1341 4628 Ν,
1361 4572 1385 4620 7.
1405 4573 1435 4631 V,
1452 4574 1476 4621 t.
1490 4572 1540 4631 44.)
1559 4568 1651 4629 diebus,
1670 4574 1771 4631 quot:

438 4647 559 4707 quotidie,
577 4648 668 4709 quoad.
689 4649 765 4708 Quos
782 4647 840 4696 dies
858 4647 941 4708 magis
959 4647 1045 4694 essct:
1066 4645 1096 4691 iis
1107 4643 1190 4692 diebus
1205 4645 1266 4705 (non
1279 4647 1430 4707 continuis),
1449 4660 1549 4709 quos:
1560 4646 1769 4707 quotiescumque.

439 4721 487 4779 Qui
504 4718 578 4771 locus
595 4735 609 4769 s
627 4723 731 4771 Moscro
749 4724 927 4785 usurparetur,
946 4722 1039 4782 Nepet.
1053 4718 1145 4768 btilt.8
1163 4719 1329 4781 (Chersonesi
1349 4735 1442 4771 omnes
1458 4723 1525 4780 iilos,
1545 4734 1612 4783 quos
1626 4718 1769 4780 habitarat,

439 4808 523 4845 annos
538 4802 684 4857 perpetuam
700 4796 851 4846 obtinuerat
868 4796 1099 4853 dominationem),
1120 4795 1140 4842 is
1158 4806 1238 4857 quarn
1257 4793 1392 4846 dissimilis
1409 4798 1457 4858 sit,
1478 4795 1552 4846 tacite
1570 4799 1708 4860 apparet.»
1726 4797 1784 4846 W.

441 4894 467 4905 —
482 4870 522 4919 22.
535 4872 716 4934 aegritudinem
734 4874 761 4921 n·
776 4872 860 4932 -qui
877 4872 943 4919 unni
957 4872 999 4931 pb.
1014 4870 1078 4924 GR,
1098 4871 1141 4931 qui
1158 4871 1184 4918 in
1202 4870 1268 4918 omni
1284 4870 1325 4931 pb.
1341 4871 1374 4930 tin
1387 4871 1446 4921 ead.
1461 4884 1496 4921 m.
1511 4871 1656 4936 superscr.)
1674 4871 1708 4929 B,
1727 4872 1772 4934 qui

439 4948 519 4995 omnis
533 4947 701 5009 philosophiae
718 4946 844 4997 llalmius.
861 4974 885 4982 -
905 4945 946 4995 23.
960 4957 1076 4995 surricis
1092 4958 1166 4995 mssa
1183 4958 1272 4996 anruvs
1292 4946 1319 4993 44.
1432 4937 1434 4942 ’

810 5187 1082 5248 SUPPLEMENTA
1104 5187 1399 5247 ADNOTATIONIS.

504 5308 565 5366 Pag.
584 5304 632 5353 208
651 5305 675 5353 in
693 5303 862 5352 adnotatione
880 5303 914 5352 ed
931 5302 1130 5365 inscriptionem
1149 5303 1178 5351 iis
1196 5300 1273 5359 locis,
1294 5301 1338 5351 ubi
1356 5303 1413 5366 ipse
1432 5303 1524 5353 Cicero
1542 5304 1590 5352 hos
1608 5302 1690 5354 libros
1709 5304 1769 5353 Tus·

439 5381 545 5430 emenus
561 5380 739 5441 disputationes
757 5378 914 5435 nominavit,
934 5377 1075 5426 addendus
1093 5380 1133 5426 est
1151 5375 1192 5426 ille
1210 5378 1243 5426 de
1263 5379 1374 5427 Divinat.
1395 5379 1415 5427 ll
1434 5378 1448 5441 5
1466 5380 1490 5428 Ξ.

506 5466 565 5526 Peg.
584 5461 642 5523 iit,
660 5463 692 5512 22
710 5475 750 5525 sq.
779 5461 877 5511 Eadem
900 5460 976 5524 plane
1000 5463 1101 5511 ratione
1124 5460 1211 5511 locum
1235 5461 1378 5525 Madvigius
1400 5462 1423 5511 in
1447 5460 1556 5526 epistola
1578 5460 1612 5510 ad
1638 5460 1769 5512 Halmium

441 5539 501 5588 data
524 5537 688 5598 emendavit,
713 5538 763 5586 hoc
785 5540 922 5600 praeterea
946 5536 979 5584 de
1002 5535 1133 5585 vocabulo
1156 5538 1234 5584 animi
1252 5549 1378 5586 monens:
1406 5539 1501 5586 vAnimi
1519 5550 1567 5600 pro
1584 5537 1690 5586 bominis
1706 5536 1769 5587 dixit

441 5627 502 5663 curn
520 5612 578 5663 lusu
596 5613 726 5676 quodam,
745 5612 870 5675 quoniam
889 5612 973 5672 agitur
990 5610 1024 5659 de
1042 5613 1131 5659 auimo
1148 5613 1267 5660 antinum
1286 5615 1462 5674 cognoscente
1481 5616 1507 5661 ct
1519 5612 1545 5661 id
1562 5612 1767 5676 praecipiente.»

508 5701 567 5759 Peg.
587 5698 645 5757 23⁴,
664 5698 703 5746 tr.
730 5698 806 5746 ·Non
829 5696 912 5757 magis
933 5695 983 5743 hoc
1000 5708 1053 5744 uno
1070 5693 1129 5743 loco
1147 5697 1270 5744 inunctione
1287 5697 1381 5745 Cicero
1399 5697 1505 5759 scripsit
1523 5709 1570 5759 pro
1587 5696 1767 5757 coniunctione,

443 5785 523 5837 quam
540 5774 611 5822 Brut.
632 5773 646 5835 5
664 5771 712 5822 tii
729 5770 894 5833 questionibus
911 5783 958 5833 pro
975 5769 1189 5831 conquestionibus
1206 5769 1247 5833 let.
1267 5784 1322 5821 var.
1341 5770 1401 5821 tect.
1420 5772 1489 5821 Orat.
1508 5771 1524 5835 5
1542 5771 1625 5835 4344).»
1643 5773 1727 5823 Msuv.

974 5988 1241 6001 *-
