4342 7459
682 1246 751 1311 ua.
772 1247 812 1311 n.
842 1245 917 1312 css.
937 1246 1186 1312 xiv-xum
1213 1246 1259 1332 ss
1282 1243 1470 1312 tar-ua.
1697 1233 1737 1304 oa

412 1437 509 1503 quar,
539 1415 782 1501 uniusquidem
809 1418 997 1481 sententiam
1020 1417 1198 1481 Carneades
1219 1419 1264 1481 ita
1284 1417 1426 1482 studiose
1447 1417 1674 1496 defensitabat,
1703 1428 1739 1484 ut

411 1533 482 1578 um
503 1513 641 1597 probare
662 1514 756 1576 etiam
778 1512 939 1575 rideretur
958 1544 1001 1559 -·
1015 1532 1207 1596 quamquam
1223 1512 1435 1576 Clitomachus
1450 1511 1633 1578 adfirmabat
1647 1535 1737 1579 num·

410 1626 507 1692 quam
522 1626 558 1671 se
573 1605 758 1689 intellegere
769 1606 923 1689 potuisse,
939 1605 1015 1689 quid
1032 1604 1185 1669 Carneadi
1201 1606 1388 1688 probaretur
1401 1629 1460 1671 -ε
1476 1607 1543 1682 sed,
1559 1610 1585 1671 si
1600 1608 1735 1694 †ipsum

410 1698 506 1765 linem
528 1700 624 1764 velim
647 1702 755 1784 sequi,
784 1720 891 1764 nonne
913 1701 981 1784 ipsa
1002 1701 1118 1763 veritas
1140 1708 1172 1762 et
1193 1700 1296 1781 gravis
1320 1708 1352 1763 et
1372 1708 1458 1763 recta
1479 1702 1559 1766 ratio
1582 1704 1659 1767 mihi
1681 1704 1737 1769 ad·

410 1798 578 1861 verseturt
612 1797 676 1870 Tu,
698 1816 767 1859 oum
789 1794 938 1857 honestas
961 1794 1176 1877 inuoluptate
1199 1793 1431 1857 contemnenda
1447 1799 1614 1872 consistat,
1636 1798 1759 1863 hones

410 1897 525 1954 statem
547 1909 620 1952 oum
644 1889 806 1972 voluptate
827 1896 987 1971 tamquam
1007 1887 1168 1949 hominem
1192 1907 1263 1949 cum
1287 1887 1380 1950 belua
1403 1890 1589 1972 copulabis?

496 1983 607 2046 xuvt.
630 1977 702 2045 tto.
724 1983 827 2045 Unum
849 1982 945 2064 iqn'tur
965 2001 1036 2065 par,
1067 1979 1153 2064 quod
1175 1982 1350 2064 depugnet,
1376 1983 1535 2067 reliquum
1558 1996 1623 2063 est,
1645 1990 1737 2054 volu·

408 2085 482 2161 ptas
503 2096 576 2140 cum
597 2076 772 2140 honestate.
808 2077 855 2138 De
879 2096 943 2159 quo
968 2076 1143 2159 Chrysippo
1165 2074 1239 2148 fuit,
1270 2084 1424 2158 quantum
1446 2098 1506 2161 ego
1528 2082 1648 2157 sentio,
1670 2104 1735 2148 non

409 2191 524 2254 magna
547 2172 720 2234 contentio.
756 2170 896 2233 Alteram
918 2170 946 2232 si
967 2189 1116 2252 sequare,
1143 2168 1240 2230 multa
1267 2178 1362 2232 ruunt
1384 2179 1416 2233 et
1437 2174 1573 2237 maxime
1595 2196 1735 2242 commu·
1768 2194 1771 2201 ·

409 2267 493 2329 nitas
514 2286 588 2328 cum
609 2264 773 2328 hominum
790 2283 922 2347 genere,
944 2263 1073 2335 caritas,
1096 2261 1247 2335 amicitia,
1271 2263 1407 2339 iustitia,
1428 2266 1572 2351 reliquae
1586 2272 1772 2336 virtutes2to

408 2379 545 2443 quaram
568 2378 639 2422 esse
660 2357 748 2420 nulla
770 2365 892 2441 potest,
914 2356 976 2419 nisi
998 2357 1057 2418 erit
1077 2354 1222 2438 gratuita.
1259 2357 1336 2418 Nam
1360 2378 1441 2442 quae
1459 2362 1623 2445 voluptate
1642 2369 1733 2450 quasi

409 2451 558 2517 mercede
585 2452 694 2535 aliqua
722 2450 762 2515 ad
791 2451 931 2514 cilicium
962 2449 1140 2532 inpellitur,
1174 2468 1210 2510 ea
1241 2469 1305 2512 nou
1335 2459 1382 2514 est
1411 2454 1527 2531 virtus,
1560 2459 1616 2521 sed
1636 2459 1734 2525 fallax

408 2547 545 2610 imitatio
575 2545 798 2629 simulatioque
820 2546 953 2608 virtutis.
997 2543 1077 2606 Audi
1100 2550 1208 2605 contra
1229 2544 1316 2619 illos,
1346 2547 1401 2629 qui
1423 2568 1538 2614 nomen
1560 2552 1734 2619 honestatis

407 2661 427 2704 a
448 2660 484 2705 se
506 2661 548 2704 ne
568 2639 711 2721 intellegi
729 2638 858 2722 quidem
875 2638 996 2712 dicant,
1019 2637 1079 2700 nisi
1100 2637 1195 2710 forte,
1219 2638 1304 2721 quod
1320 2641 1490 2722 gloriosum
1506 2646 1549 2710 sit
1562 2648 1594 2709 in
1611 2649 1734 2732 vulgus,

408 2733 442 2797 id
463 2734 635 2797 honestum
657 2733 791 2796 velimus
814 2732 936 2796 dicere:
957 2731 1077 2795 fontem
1100 2732 1243 2794 omnium
1265 2733 1420 2798 bonorum
1442 2737 1476 2799 in
1498 2760 1631 2824 corpore
1653 2758 1772 2820 esseut

408 2828 493 2891 hue
515 2847 675 2901 normam,
697 2827 779 2889 hano
801 2826 955 2909 regulam,
977 2825 1057 2888 hanc
1077 2828 1355 2910 praescriptionem
1379 2850 1448 2894 esse
1469 2841 1615 2911 naturae,
1636 2856 1734 2920 aqua

408 2923 465 3006 qni
497 2922 724 2995 aberravisset,
756 2940 828 2983 eum
863 2940 1034 3004 numquam
1068 2920 1144 3002 quid
1176 2920 1208 2981 in
1241 2922 1305 2983 vita
1333 2934 1519 3007 sequeretur
1545 2928 1733 2995 habiturum.

410 3011 483 3078 lli.
511 3014 600 3078 Nihil
630 3016 725 3098 igitur
753 3034 803 3077 me
832 3014 966 3096 putatis,
996 3013 1074 3076 haec
1103 3021 1134 3076 et
1159 3013 1220 3076 alia
1242 3014 1483 3083 innumerabilia
1504 3041 1576 3086 cum
1598 3025 1734 3102 audiam,

409 3111 554 3175 moverit
576 3110 654 3172 Tam
677 3128 805 3173 moveor
827 3128 923 3191 quam
945 3116 996 3182 tu,
1019 3106 1164 3180 Luculle,
1186 3127 1245 3171 nec
1267 3129 1316 3171 me
1339 3111 1443 3174 minus
1462 3113 1623 3180 hominem
1638 3140 1734 3203 quam

409 3212 439 3269 te
461 3205 634 3288 putaveris.
678 3206 813 3266 Tantum
835 3203 981 3276 interest,
1012 3198 1099 3284 quod
1120 3207 1171 3274 tu,
1203 3221 1274 3264 oum
1298 3223 1332 3266 es
1354 3215 1546 3284 commotus,
1574 3210 1771 3290 adsciscis,ao

408 3297 597 3372 adsentiris,
627 3296 800 3379 adprobas,
829 3315 938 3360 verum
959 3294 1053 3368 illud,
1081 3301 1217 3369 certum,
1240 3297 1517 3379 comprehensum,
1539 3313 1734 3387 perceptam,

409 3403 531 3468 ratum,
561 3388 704 3465 firmum,
732 3388 830 3453 fixum
859 3391 924 3463 vis,
951 3388 1055 3471 deque
1085 3408 1123 3451 eo
1151 3388 1239 3452 nulla
1260 3391 1381 3454 ratione
1404 3412 1509 3476 neque
1531 3395 1607 3478 pelli
1628 3418 1734 3483 neque

410 3488 529 3550 moseri
559 3493 666 3569 potes:
696 3504 755 3566 ego
784 3483 864 3547 nihil
894 3484 1070 3546 eiusmodi
1094 3504 1165 3547 esse
1187 3483 1337 3559 arbitror,
1366 3486 1417 3549 cui
1439 3488 1466 3550 si
1488 3488 1641 3556 adsensus
1663 3493 1734 3569 sim,

410 3601 474 3644 non
497 3578 660 3642 adsentiar
681 3597 776 3662 saepe
797 3577 896 3652 falso,
918 3577 1067 3659 quoniam
1090 3598 1165 3640 vera
1185 3597 1204 3639 a
1225 3577 1312 3641 falsis
1335 3580 1421 3644 nullo
1443 3580 1622 3648 discrimine
1644 3607 1736 3671 sepa-

409 3683 535 3748 rantur,
558 3672 744 3757 praesertim
766 3693 835 3735 oum
858 3671 977 3733 iudicia
998 3672 1060 3733 ista
1081 3670 1264 3735 dialecticae
1285 3672 1373 3736 nulla
1394 3674 1467 3737 sint.
1743 3699 1772 3747 ss

494 3764 567 3830 lli.
590 3768 690 3830 Venio
713 3766 796 3829 enim
820 3766 883 3828 iam
904 3764 945 3827 ad
968 3766 1090 3827 tertiam
1122 3773 1241 3847 partem
1268 3765 1500 3851 philosophiae.
1534 3773 1629 3838 Aliud
1651 3776 1735 3840 iudi·

410 3865 492 3928 ciam
521 3864 712 3943 Protagoras
742 3867 806 3933 est,
843 3860 898 3942 qui
927 3866 1018 3941 putat
1045 3859 1077 3920 id
1107 3860 1221 3943 cuique
1251 3880 1357 3923 verum
1386 3882 1472 3939 esse,
1504 3869 1590 3949 quod
1619 3869 1735 3954 cuique

410 3957 572 4022 rideatur:
602 3955 689 4019 aliud
719 3954 979 4039 Cyrenaicorum,
1010 3954 1065 4036 qui
1096 3962 1220 4037 praeter
1249 3955 1463 4036 permotiones
1491 3959 1626 4024 intumas
1656 3961 1735 4027 nihil

410 4059 522 4137 putam
544 4069 615 4114 esse
637 4049 761 4112 iudicii:
784 4047 869 4111 aliud
892 4048 1037 4130 Epicuri,
1060 4048 1114 4130 qui
1138 4068 1231 4110 omne
1254 4048 1405 4112 iudicium
1428 4050 1461 4113 in
1484 4055 1628 4118 sensibus
1649 4065 1680 4119 et
1701 4058 1734 4119 in

411 4167 515 4209 rerum
547 4145 668 4208 notitiis
701 4151 733 4204 et
762 4143 795 4204 iu
824 4139 988 4222 voluptate
1018 4143 1189 4204 constituit.
1233 4142 1321 4205 Plato
1343 4152 1447 4207 autem
1470 4168 1562 4210 omne
1584 4150 1772 4215 iudiciumne

411 4242 551 4304 veritatis
566 4240 794 4320 veritatemque
811 4237 921 4318 ipsam,
940 4234 1104 4297 abductam
1120 4236 1160 4297 ab
1176 4236 1379 4318 opinionibus
1395 4246 1425 4301 et
1440 4258 1458 4301 a
1473 4242 1628 4317 sensibus,
1651 4246 1736 4326 cogi·

411 4336 538 4398 tationis
571 4333 674 4415 ipsius
707 4339 739 4393 et
771 4331 884 4392 mentis
913 4348 981 4391 esse
1010 4330 1120 4392 voluit
1164 4326 1235 4392 tt3.
1266 4333 1345 4393 Num
1377 4333 1453 4413 quid
1485 4333 1598 4398 horum
1626 4339 1736 4420 probat

411 4437 518 4491 noster
539 4426 737 4490 Antiochus?
759 4425 814 4486 ille
838 4444 912 4486 vero
936 4443 974 4485 ne
998 4427 1151 4487 maiorum
1175 4424 1302 4508 quidem
1326 4447 1463 4489 suorum.
1500 4429 1558 4490 Ubi
1583 4431 1665 4492 enim
1681 4439 1736 4494 aut

411 4524 614 4585 Xenocraten
636 4520 793 4603 sequitur,
821 4520 908 4580 cuius
932 4518 1002 4579 libri
1026 4527 1100 4580 sunt
1122 4518 1161 4580 de
1181 4520 1300 4581 ratione
1319 4519 1472 4602 loquendi
1492 4523 1581 4584 multi
1605 4530 1636 4585 et
1656 4524 1736 4586 mul·

411 4625 477 4680 tum
500 4614 645 4699 probati,
667 4621 721 4676 aut
743 4615 845 4697 ipsum
860 4612 1077 4686 Aristotelem,
1101 4633 1165 4695 quo
1180 4613 1321 4693 proiecto
1338 4614 1418 4676 nihil
1433 4624 1482 4678 est
1495 4618 1633 4691 acutius,
1655 4617 1772 4685 nihilao

1568 4786 1732 4798 ——-

474 4908 501 4956 2,
519 4906 654 4955 videretur.
674 4906 877 4965 Quamquam--
890 4902 1047 4964 probaretur.
1072 4904 1120 4951 Sed
1141 4901 1219 4964 vulgo
1241 4902 1408 4966 distinguitur
1430 4929 1456 4938 —
1481 4905 1506 4954 3.
1529 4906 1551 4954 si
1572 4907 1591 4955 B
1614 4920 1683 4956 corr.
1702 4920 1735 4957 ex

409 4985 472 5034 sicut
486 5007 513 5018 -
534 4984 615 5044 ipsum
630 4982 704 5044 fleern
716 4984 734 5029 A
746 4981 763 5028 B
775 4980 792 5028 Ε
803 4993 854 5028 rv:
874 4980 950 5040 ipsius
965 4981 1038 5042 tinen
1055 4977 1161 5033 Lamb.;
1180 4979 1260 5038 ipsum
1272 4980 1329 5027 Par.
1343 4982 1366 5033 5.
1381 4980 1442 5037 00,
1461 4981 1524 5030 item
1537 4983 1643 5032 Guietus
1655 4984 1734 5043 coni„

410 5060 458 5110 sed
476 5072 530 5109 non
548 5057 639 5115 video,
659 5055 721 5119 quid
740 5055 765 5104 h.
779 5054 794 5103 l.
814 5057 894 5116 ipsum
912 5057 968 5103 eius
986 5053 1044 5103 loco
1057 5054 1128 5115 quod
1141 5057 1310 5116 exspectatur
1326 5067 1381 5101 eum
1394 5053 1442 5103 sibi
1456 5055 1531 5113 velit;
1550 5058 1606 5120 ipse
1619 5059 1734 5107 conicio:

409 5137 483 5183 tuma
498 5135 574 5196 florem
593 5159 619 5166 -
639 5131 662 5181 l.
682 5132 776 5179 ueritas
793 5144 822 5176 v:
847 5132 968 5178 seueritas
983 5130 1097 5187 AliEr,
1116 5130 1232 5177 uoluntas
1249 5132 1281 5188 ὓς
1307 5130 1339 5178 ct.
1360 5129 1502 5193 ltnongt,
1523 5131 1577 5183 tls.
1600 5158 1625 5168 ·-
1645 5135 1736 5182 adeer-

409 5216 478 5258 ειν
496 5207 654 5258 Lambinus:
674 5206 816 5254 obuersatur·
827 5205 903 5254 codd.
919 5206 975 5254 etO
992 5232 1015 5239 —
1036 5208 1059 5252 5.
1079 5211 1105 5252 tu
1123 5204 1153 5252 b:
1176 5206 1326 5264 tumAllE,
1345 5211 1426 5253 tamen
1445 5208 1473 5265 G,
1493 5212 1536 5255 tun
1548 5205 1691 5257 Guilelmus
1705 5234 1731 5243 -

409 5287 430 5335 sa·
446 5287 540 5335 toneat
560 5285 589 5340 G,
608 5281 678 5329 unde
694 5283 812 5329 Goerenz
830 5278 898 5329 malo
916 5282 950 5327 sic
966 5281 1005 5336 l.;
1024 5294 1048 5327 v.
1064 5280 1148 5328 ltodv.
1164 5280 1182 5335 l,
1197 5280 1252 5330 ild.
1270 5308 1295 5315 -
1315 5282 1338 5329 6.
1358 5281 1491 5341 copaacas
1502 5280 1531 5331 A¹
1546 5307 1573 5318 -
1592 5283 1617 5331 7.
1630 5283 1736 5344 reliqum

411 5357 440 5411 A¹
454 5388 481 5397 -
497 5360 521 5409 9.
535 5359 642 5406 atteram
654 5358 713 5404 EG:
733 5357 814 5405 attera
826 5353 863 5410 A¹.
882 5357 988 5403 atterum
1000 5353 1082 5405 A²a0
1096 5382 1122 5389 -
1140 5367 1239 5416 sequere
1251 5356 1269 5404 l]
1282 5382 1307 5389 -
1322 5358 1488 5404 cummunitas
1501 5358 1529 5405 A¹
1543 5383 1568 5391 -
1584 5357 1623 5407 to.
1636 5358 1735 5406 iissticia

411 5441 429 5486 A
445 5462 470 5471 -
493 5435 532 5483 ta.
547 5435 634 5493 aliqua
646 5444 698 5480 om.
713 5432 770 5479 G—
791 5432 829 5479 ⁴3.
844 5430 923 5479 imitio
934 5425 963 5479 A¹
979 5458 1004 5467 -
1025 5430 1064 5480 tl.
1078 5430 1167 5492 uctqus
1179 5434 1197 5479 ,t
1209 5458 1240 5466 -
1253 5431 1291 5479 tt.
1310 5437 1430 5492 sequatur
1442 5430 1533 5480 Lamb,
1544 5458 1570 5467 —
1586 5432 1625 5481 ts.
1637 5430 1736 5492 putadb

413 5510 556 5567 montius,
573 5514 647 5568 putas
663 5511 782 5556 Goerenz
796 5534 821 5541 —
843 5508 882 5554 te.
896 5519 974 5565 neque
991 5506 1069 5554 EGO
1084 5531 1108 5539 -
1130 5506 1170 5553 20.
1190 5511 1212 5553 te
1229 5519 1281 5554 orn.
1296 5507 1343 5554 AB
1358 5532 1383 5540 -
1404 5507 1502 5555 asciscis
1514 5509 1546 5565 G,
1565 5506 1694 5555 adscriscis
1705 5506 1733 5566 B,

412 5584 547 5644 σιμὰ
563 5585 583 5631 A
603 5584 672 5640 (curn
690 5583 699 5629 i
716 5595 774 5644 sup.
794 5584 831 5641 ql.
851 5582 988 5641 adquiescis
1005 5578 1034 5629 3²
1045 5581 1106 5634 Εο;
1129 5581 1160 5628 ct.
1181 5595 1205 5643 p.
1226 5583 1267 5639 δῖ,
1286 5583 1325 5630 20.
1347 5609 1372 5616 ·-
1393 5583 1432 5632 Ξῖ.
1450 5585 1532 5645 Arum
1548 5583 1587 5630 uis
1603 5583 1635 5629 G:
1653 5582 1735 5641 strum

411 5661 486 5719 {ause
502 5658 542 5704 uis
558 5657 674 5711 annm
692 5659 773 5718 rtrum
789 5670 839 5704 esse
855 5659 892 5703 cis
909 5657 1014 5704 [iurand
1036 5682 1061 5689 -
1087 5656 1127 5703 23.
1147 5656 1251 5704 adsensu
1268 5658 1286 5704 B
1308 5684 1332 5692 -
1352 5657 1392 5707 il.
1410 5658 1475 5719 salso
1492 5656 1551 5705 cod.
1571 5656 1664 5715 Regius
1682 5655 1736 5703 Da·

413 5736 484 5784 visti:
507 5733 571 5792 salse
586 5733 702 5789 Adur,
725 5733 804 5792 salsae
821 5734 852 5787 lt,
876 5732 942 5792 salsa
959 5745 976 5776 v
996 5757 1021 5764 -
1046 5732 1113 5778 nullo
1131 5731 1233 5778 iusindts
1248 5732 1351 5779 crimine
1368 5731 1395 5780 ll¹
1414 5757 1441 5766 -
1465 5732 1505 5780 25.
1525 5729 1686 5778 dialecticeA
1706 5755 1733 5764 -

413 5810 453 5858 π.
470 5812 544 5869 putat
561 5804 592 5856 13²
608 5810 634 5856 et
652 5806 759 5855 hamb:
779 5812 847 5868 putet
865 5805 922 5855 ΑΒ1
934 5807 1011 5854 EGO
1032 5832 1057 5841 —
1083 5807 1123 5855 30.
1143 5808 1215 5854 notiis
1233 5806 1260 5855 ΑΙ
1282 5833 1307 5842 -
1326 5806 1465 5855 constuitll
1486 5831 1512 5840 —
1532 5803 1737 5865 aromotisans

414 5884 502 5933 A¹EG
522 5908 551 5918 -
570 5883 611 5932 δί.
628 5884 715 5931 uolunt
732 5885 750 5932 Β
771 5909 797 5918 -·
817 5884 856 5932 33.
875 5883 1077 5941 sestertiarios,
1097 5896 1121 5931 v.
1142 5880 1156 5944 5
1176 5883 1221 5931 tut
1240 5885 1305 5931 extr.
1326 5909 1352 5918 -
1372 5880 1425 5947 aut]
1442 5885 1465 5931 et
1481 5880 1531 5931 AB
1551 5903 1577 5916 -
1597 5877 1638 5931 di.
1655 5892 1736 5931 (ωηο-

414 5958 515 6009 druse
532 5958 567 6018 B,
585 5957 746 6008 matun
763 5959 783 6008 0
803 5985 828 5994 -
848 5958 888 6007 ³5,
905 5956 1014 6020 probatis
1027 5958 1056 6006 B.
