4342 7459
571 1272 577 1288 -
693 1247 1446 1334 aar.cmxxxix-xo1.ssss-ot.
1672 1251 1734 1317 eos

408 1412 513 1478 munis
535 1412 599 1475 vita
621 1410 786 1485 dubitavit,
808 1418 850 1486 et,
872 1419 982 1494 postea
1004 1430 1099 1494 qnam
1121 1410 1324 1495 philosophia
1346 1411 1510 1496 processit,
1532 1433 1627 1477 nemo
1643 1414 1736 1479 aliter

407 1506 617 1592 philosophus
647 1508 761 1579 sensit,
791 1506 823 1568 in
847 1525 912 1588 quo
934 1505 1029 1567 modo
1053 1516 1137 1568 esset
1159 1506 1341 1570 auctoritas.
1384 1504 1435 1569 87.
1463 1506 1536 1569 Dixi
1559 1506 1599 1570 de
1621 1508 1736 1592 Pytha·

407 1595 500 1686 gora,
529 1600 568 1664 de
589 1601 788 1672 Democrito,
817 1601 857 1662 de
880 1599 1031 1673 Socrate3
1063 1600 1175 1681 excepi
1198 1599 1237 1662 de
1260 1601 1397 1686 antiquis
1419 1610 1545 1684 praeter
1565 1602 1735 1688 Xenopha-

407 1715 479 1759 uem
512 1696 693 1769 neminem3
727 1694 857 1757 adiunxi
891 1702 1029 1755 veterem
1059 1693 1281 1768 Academiam,
1315 1696 1560 1779 Peripateticos,
1595 1695 1735 1761 Stoicos:

407 1810 490 1854 unus
513 1790 659 1854 dissentit
673 1789 837 1873 Epicurus.
875 1787 959 1862 Quid
976 1807 1050 1850 vero
1072 1787 1134 1852 hoc
1151 1788 1275 1871 turpius
1298 1808 1392 1872 quam
1415 1788 1501 1872 quod
1518 1788 1601 1853 idem
1616 1792 1762 1855 uullame

408 1892 516 1948 censet
537 1885 704 1967 gratuitam
727 1903 796 1945 esse
819 1881 994 1944 virtutem?

492 1978 560 2041 XL.
595 1976 674 2053 Quis
703 1984 752 2039 est
780 1983 885 2038 autem
918 1996 1013 2057 quem
1047 1995 1111 2037 noo
1147 1984 1271 2040 moreat
1302 1967 1494 2041 clarissumis
1528 1979 1740 2043 monumentis

408 2080 521 2138 testata
544 2072 794 2155 consignataque
817 2067 1016 2151 antiquitas?
1055 2067 1260 2132 Calchantem
1283 2089 1434 2152 augurem
1457 2071 1564 2136 scribit
1585 2074 1741 2138 Homerus

409 2161 502 2248 longe
530 2174 698 2250 optumum
727 2184 865 2248 eumque
892 2163 1004 2226 ducem
1032 2162 1181 2226 classium
1204 2163 1303 2227 inisse
1326 2162 1366 2226 ad
1388 2165 1498 2241 llium,
1528 2168 1741 2251 auspiciorum

410 2259 505 2323 oredo
536 2259 684 2334 scientia,
713 2277 778 2322 nou
804 2257 956 2321 locorum.
1000 2254 1051 2318 88.
1085 2257 1314 2341 Amphilochus
1343 2267 1375 2321 et
1401 2260 1532 2343 Mopsus
1554 2262 1780 2345 Argivorumto

409 2355 501 2436 reges
528 2352 672 2427 luerunt,
703 2351 759 2415 scd
782 2352 866 2414 idem
889 2371 1044 2432 augures,
1074 2352 1162 2435 iique
1184 2351 1272 2413 urbis
1295 2351 1327 2414 in
1350 2371 1406 2414 ora
1428 2353 1594 2419 marituma
1617 2355 1743 2419 Ciliciae

410 2445 546 2511 Graecas
575 2445 796 2509 condiderunt.
846 2448 949 2526 litque
978 2445 1072 2507 etiam
1102 2452 1176 2508 aute
1204 2444 1264 2507 hos
1293 2445 1503 2528 Amphiaraus
1535 2455 1567 2512 et
1595 2451 1743 2525 Tiresias,

411 2560 476 2604 non
497 2540 636 2606 humiles
659 2549 690 2603 et
712 2539 838 2603 ohscuri
862 2558 967 2621 neque
989 2558 1101 2601 eorum
1124 2539 1261 2613 similes,
1284 2548 1321 2601 ut
1341 2537 1426 2622 apud
1448 2540 1587 2605 Ennium
1609 2552 1667 2618 est,

496 2634 570 2710 Qui
598 2637 659 2699 sui
690 2640 882 2719 quaestus
908 2627 1175 2695 causa'iictas
1197 2632 1395 2695 suscitant
1416 2636 1659 2711 sententias,

411 2726 467 2792 sed
491 2728 568 2792 clari
592 2736 624 2791 et
645 2734 842 2815 praestantes
864 2725 924 2788 viri
949 2720 1029 2809 [qui]
1052 2725 1165 2788 avibus
1188 2732 1220 2789 et
1242 2726 1339 2809 signis
1362 2726 1516 2792 admoniti
1538 2728 1643 2794 lutura
1660 2731 1783 2796 dice-tt

411 2822 497 2887 baut.
542 2822 685 2899 Quorum
708 2822 748 2885 de
770 2821 870 2885 altero
892 2819 988 2882 etiam
1011 2818 1095 2903 apud
1118 2819 1237 2882 inieras
1255 2820 1412 2883 ilamerus
1434 2824 1478 2884 ait
1499 2821 1601 2886 solum
1623 2844 1745 2908 sapere,

413 2927 537 2983 ceteros
558 2918 741 2983 umbrarum
764 2914 870 2997 vagari
894 2912 1000 2976 modo.
1034 2912 1260 2997 Amphiaraum
1283 2922 1389 2977 autem
1412 2915 1458 2978 sic
1479 2915 1648 2981 honoravit
1661 2918 1745 2983 fama

413 3011 575 3086 Graeciae,
598 3011 678 3075 deus
700 3017 736 3073 ut
756 3009 935 3089 haberetur,
957 3014 1054 3089 atque
1076 3016 1111 3069 ut
1133 3007 1172 3069 ab
1194 3008 1264 3071 eius
1286 3008 1366 3083 solo,
1389 3008 1423 3071 io
1438 3030 1502 3093 quo
1522 3017 1572 3073 est
1585 3011 1745 3089 humatos,

413 3106 519 3170 oracla
546 3110 743 3189 peterentur.
787 3100 838 3163 89.
872 3098 984 3176 Quint
1016 3100 1110 3163 Asiae
1139 3121 1196 3164 rex
1223 3102 1366 3164 Priamus
1392 3123 1498 3167 nonne
1527 3112 1560 3168 et
1586 3104 1744 3169 Heleno·

412 3198 513 3264 lilium
536 3209 567 3263 et
590 3196 798 3261 Cassandram
822 3193 915 3257 filiam
940 3191 1120 3256 divinantes
1142 3193 1295 3269 habebat,
1324 3194 1458 3258 alterum
1481 3198 1638 3280 auguriis,
1667 3199 1784 3263 alte-st

413 3313 480 3358 ram
511 3292 625 3356 mentis
653 3290 838 3354 incitatione
865 3297 896 3351 et
924 3288 1124 3371 permotione
1146 3287 1278 3351 divinat
1323 3288 1395 3364 Quo
1417 3291 1451 3352 in
1473 3310 1588 3373 genere
1610 3294 1746 3357 Marcios

414 3385 569 3473 quosdam
591 3385 714 3459 iratres,
737 3383 837 3446 nobili
859 3381 930 3444 loco
952 3390 1055 3453 natos,
1078 3381 1163 3464 apud
1188 3382 1321 3446 maiores
1344 3392 1469 3447 nostros
1483 3382 1581 3449 inisse
1596 3388 1746 3472 scriptum

414 3480 569 3545 ridemus.
613 3478 725 3555 Quiar
757 3476 923 3562 Polyidum
948 3474 1147 3538 Corinthium
1176 3495 1282 3539 nonne
1303 3476 1460 3543 Homerus
1490 3488 1521 3543 et
1548 3480 1619 3544 aliis
1649 3482 1747 3546 multa

415 3584 446 3641 et
466 3575 534 3638 lilio
558 3574 599 3638 ad
622 3574 751 3637 Troiam
773 3568 983 3656 proficiscenti
1013 3575 1147 3632 mortem
1170 3568 1369 3651 praedixisse
1390 3578 1639 3638 commemorati
1671 3575 1748 3639 Om-

415 3670 491 3734 nino
519 3668 603 3752 apud
634 3675 772 3741 veteres,
801 3665 856 3749 qui
877 3685 981 3728 rernm
1003 3662 1223 3753 potiebaotur,
1252 3662 1337 3725 idem
1358 3666 1491 3748 auguria
1512 3668 1672 3732 tenebant.
1707 3669 1784 3733 uis

416 3764 501 3828 enirn
524 3780 648 3846 sapere,
671 3761 716 3824 sic
739 3761 881 3823 divinare
903 3757 1009 3841 regale
1032 3756 1216 3819 ducebatur.
1244 3757 1349 3820 Testis
1371 3766 1419 3822 est
1440 3768 1547 3825 nostra
1570 3763 1692 3839 civitas,
1713 3765 1747 3830 in

415 3878 478 3942 qua
501 3866 534 3920 et
554 3876 646 3940 reges
668 3875 805 3939 augures
827 3861 860 3916 et
881 3864 992 3935 postea
1014 3850 1143 3936 privati,
1172 3850 1285 3913 eodem
1307 3852 1484 3917 sacerdotio
1506 3857 1657 3937 praediti,
1680 3879 1747 3923 rens

414 3952 574 4037 publicam
598 3949 787 4033 religionum
810 3947 995 4011 auctoritate
1017 3953 1181 4008 rexerunt.
1213 3944 1296 4007 xii.
1318 3941 1369 4007 90.
1391 3946 1502 4029 anue
1516 3947 1747 4016 divinationum

415 4044 497 4107 ratio
527 4064 568 4107 ne
598 4044 630 4106 in
661 4044 803 4106 barbaris
833 4041 961 4126 quidem
993 4039 1141 4121 gentibus
1171 4037 1317 4121 neglecta
1344 4047 1414 4114 est,
1444 4040 1470 4103 si
1498 4041 1626 4125 quidem
1655 4052 1687 4108 et
1713 4045 1748 4110 in

416 4137 519 4200 Gallia
541 4129 680 4199 Druidae
702 4146 786 4212 suut,
810 4157 827 4198 e
850 4135 966 4219 quibus
989 4134 1057 4216 ipse
1080 4133 1268 4196 Divitiacum
1287 4132 1455 4197 Baeduum
1478 4135 1637 4220 hospitem
1659 4148 1785 4203 tuumti

416 4231 677 4315 laudatoremque
706 4229 859 4311 cognovi,
893 4227 948 4311 qui
980 4235 1010 4289 et
1039 4233 1169 4288 naturae
1202 4227 1373 4301 rationem,
1407 4248 1500 4312 quam
1530 4238 1749 4317 φυσιολογίαν

417 4326 528 4390 Craeoi
551 4327 721 4409 appellant,
745 4333 852 4387 notam
875 4342 944 4384 esse
968 4320 1027 4382 sibi
1050 4319 1258 4402 profitebatur
1280 4327 1311 4382 et
1332 4322 1447 4404 partim
1463 4326 1614 4405 auguriis,
1635 4328 1749 4411 partim

419 4421 603 4484 coniectura
631 4439 713 4502 quae
737 4416 971 4481 essentiatum
994 4414 1137 4487 dicebat,
1167 4421 1198 4475 et
1219 4416 1252 4476 in
1274 4415 1379 4477 Persis
1402 4425 1597 4498 augurantur
1617 4427 1648 4483 et
1669 4420 1751 4484 diri·

417 4522 495 4576 nant
517 4514 615 4595 magi,
639 4513 694 4595 qui
715 4519 947 4595 congregantur
968 4510 1001 4572 in
1023 4508 1097 4571 lano
1120 4507 1353 4572 commentandi
1375 4529 1470 4573 causa
1492 4518 1587 4595 atque
1609 4513 1693 4578 inter
1714 4536 1749 4578 se

419 4606 655 4690 conloquendi,
691 4606 777 4689 quod
810 4606 903 4668 etiam
937 4604 1020 4666 idem
1054 4621 1111 4664 vos
1141 4600 1301 4686 quondam
1330 4601 1433 4667 iacere
1463 4605 1562 4667 Nonis
1590 4604 1788 4671 solebatistt

419 4697 470 4762 9-1.
501 4703 566 4764 Nec
598 4700 766 4782 quisquam
795 4720 852 4762 rex
882 4700 1046 4761 Persarum
1078 4704 1184 4779 potest
1211 4715 1298 4771 esse,
1328 4698 1383 4780 qui
1406 4718 1470 4760 non
1490 4706 1565 4761 ante
1588 4720 1750 4783 magorum

420 4792 618 4876 disciplinam
641 4793 867 4874 scientiamque
890 4792 1075 4876 perceperit.
1111 4791 1201 4854 Licet
1222 4797 1327 4854 autem
1350 4790 1460 4855 videro
1475 4801 1507 4856 et
1521 4813 1638 4876 genera
1652 4814 1751 4878 quae·

488 5131 512 5181 4.
529 5130 599 5180 uitae
615 5126 736 5178 dubitabit
752 5128 774 5177 H
795 5154 821 5162 -
845 5128 870 5178 i.
888 5127 952 5177 sensi
969 5127 991 5176 li
1010 5152 1037 5162 -
1063 5125 1087 5178 l.
1107 5127 1231 5177 adiuacori
1247 5129 1268 5178 Α
1285 5153 1313 5165 -
1334 5129 1359 5178 e.
1379 5128 1446 5190 Quid
1460 5128 1601 5181 oeroihoe
1616 5133 1715 5195 turpius
1731 5134 1751 5184 0

423 5230 450 5242 —
469 5205 495 5256 7,
514 5204 674 5255 mamus
691 5203 751 5251 v-
771 5203 795 5252 9.
810 5202 980 5264 optumituril
995 5227 1022 5236 -
1041 5201 1192 5263 eundernque
1205 5202 1343 5265 liottinger
1356 5227 1382 5237 -
1401 5202 1524 5253 rhedam
1540 5205 1572 5255 Vt
1584 5234 1615 5244 -
1635 5210 1669 5259 aa
1680 5209 1753 5260 laesa

421 5278 568 5332 Guilelmus
586 5280 628 5340 tex
646 5278 722 5328 Hom.
742 5276 769 5327 il.
789 5277 877 5339 1,74);
903 5278 937 5327 ad
953 5276 1024 5325 iilum
1042 5274 1115 5336 ii¹il,
1140 5281 1167 5325 at
1183 5276 1270 5325 didm
1286 5275 1325 5336 13¹,
1343 5281 1372 5326 at
1387 5276 1458 5327 idura
1474 5278 1518 5327 AV
1537 5304 1565 5316 -
1592 5283 1754 5345 auspicem

421 5355 444 5407 ll
465 5380 490 5394 -
512 5357 553 5405 44.
570 5355 645 5404 iidem
662 5353 682 5402 0
703 5380 728 5387 -
748 5352 823 5416 iique]
842 5365 889 5413 que
906 5352 937 5402 Αι
957 5378 982 5386 -
1004 5350 1034 5400 43
1052 5353 1080 5399 et
1097 5351 1137 5401 ii.
1157 5356 1219 5413 aput
1236 5354 1256 5400 Λ
1277 5376 1303 5385 -
1324 5349 1363 5402 ti.
1381 5351 1464 5414 (actas
1479 5353 1596 5404 rudiam
1614 5354 1644 5403 V¹
1662 5382 1690 5394 -
1710 5359 1751 5409 ta.

422 5431 465 5494 qui
482 5427 627 5479 delendum
645 5442 705 5479 esse
723 5428 788 5477 vidit
805 5426 908 5491 iladvig
933 5453 960 5462 —
985 5425 1080 5477 uisibrsi
1096 5431 1120 5476 et
1137 5427 1159 5476 li
1179 5452 1206 5464 -
1235 5427 1274 5476 47.
1293 5432 1376 5477 amen
1393 5428 1482 5479 omit
1500 5453 1528 5465 -
1548 5429 1588 5480 48.
1607 5430 1640 5480 ab
1656 5445 1684 5483 eo
1699 5433 1753 5484 loeo

422 5502 540 5554 malebat
558 5504 659 5563 iioser,
677 5501 736 5551 coll.
757 5499 812 5551 Vei.
833 5502 899 5551 iter.
918 5502 986 5559 viii,
1001 5503 1045 5561 tt,
1066 5505 1119 5551 ext.
1138 5501 1152 5552 3
1173 5526 1200 5536 -
1218 5501 1245 5550 ta
1262 5514 1311 5563 quo
1327 5507 1363 5553 est
1378 5503 1495 5553 hammus
1511 5504 1600 5566 sporta
1618 5506 1674 5556 visa
1691 5510 1753 5558 sunt

422 5578 577 5641 hottingero
594 5605 627 5614 -
651 5580 690 5628 49.
709 5577 815 5626 oraculo
832 5579 851 5627 0
873 5603 898 5612 ·-
920 5582 1068 5639 pateremur
1084 5578 1113 5626 ii¹
1134 5603 1158 5611 -
1183 5577 1225 5626 ii.
1242 5576 1371 5638 Polutdiim
1388 5579 1503 5629 iiarsus:
1524 5577 1643 5640 potatus
1660 5581 1695 5636 C:
1718 5580 1751 5633 ci.

422 5652 500 5703 Hom.
520 5650 547 5701 ll.
566 5651 634 5712 xiil,
648 5652 695 5702 633
716 5678 740 5688 -
761 5651 902 5701 corinthum
918 5653 940 5703 H
960 5678 986 5689 -
1010 5653 1051 5702 25.
1069 5651 1233 5702 idemiiiiV:
1256 5651 1282 5701 .i.
1297 5652 1332 5711 Η,
1351 5652 1462 5702 tidemo
1482 5679 1508 5689 -
1528 5653 1665 5716 augurium
1681 5653 1704 5705 ii
1723 5679 1752 5693 -

422 5727 463 5780 ib.
482 5726 626 5777 ducebatur.
648 5726 722 5775 Testis
738 5727 867 5776 iuratus:
890 5726 1012 5776 ducebant
1030 5724 1157 5787 (tenebant
1173 5728 1207 5787 Al
1225 5732 1253 5777 ut
1269 5728 1336 5777 testis
1353 5728 1387 5788 C,
1411 5726 1541 5777 arestosi.
1562 5727 1638 5779 Testis
1653 5730 1674 5780 0
1691 5744 1754 5783 cum

424 5801 578 5864 bettingem
597 5829 623 5838 -
643 5802 684 5851 28.
702 5801 846 5864 religionem
863 5801 882 5850 B
903 5827 928 5837 -
948 5800 989 5851 30.
1008 5801 1115 5851 druidae
1126 5801 1172 5851 V²:
1191 5802 1305 5864 amariae
1321 5798 1384 5862 ΑΨ,
1402 5802 1509 5852 ἀήιιάιω
1524 5802 1554 5863 ii,
1572 5803 1671 5855 triados
1688 5806 1709 5856 ii
1724 5832 1752 5844 -

422 5874 576 5925 directarum
592 5877 627 5936 Α,
649 5876 798 5924 diuiaticam
816 5876 837 5925 ii
854 5903 887 5912 -
903 5876 1051 5925 Δοάιιιιιιιθ
1071 5899 1098 5912 -
1123 5874 1164 5925 34.
1178 5876 1362 5941 machetam
1378 5874 1420 5927 vel
1434 5876 1608 5942 phisiologiam
1625 5879 1644 5930 C
1667 5907 1691 5918 -
1711 5880 1753 5933 ii.

422 5949 576 6003 tttiesuii
600 5977 627 5987 -
652 5948 851 6014 ιιιιριιήιΑΙ-
876 5946 1520 6002 ³3.dtretaatii-etom.A¹-taom.it¹.
