<?xml version="1.0" encoding="UTF-8"?>
<!DOCTYPE html PUBLIC "-//W3C//DTD XHTML 1.0 Transitional//EN"
    "http://www.w3.org/TR/xhtml1/DTD/xhtml1-transitional.dtd">
<html xmlns="http://www.w3.org/1999/xhtml" xml:lang="en" lang="en">
 <head>
  <title>
</title>
<meta http-equiv="Content-Type" content="text/html;charset=utf-8" />
  <meta name='ocr-system' content='tesseract 3.04.00' />
  <meta name='ocr-capabilities' content='ocr_page ocr_carea ocr_par ocr_line ocrx_word'/>
</head>
<body>
  <div class='ocr_page' id='page_1' title='image "./operaquaesupers00halmgoog/operaquaesupers00halmgoog_0392.png"; bbox 0 0 4342 7459; ppageno 0'>
   <div class='ocr_carea' id='block_1_1' title="bbox 359 1198 1242 1320">
    <p class='ocr_par' dir='ltr' id='par_1_1' title="bbox 359 1198 1242 1320">
     <span class='ocr_line' id='line_1_1' title="bbox 359 1198 1242 1320; baseline -0.005 0"><span class='ocrx_word' id='word_1_1' title='bbox 359 1254 422 1320; x_wconf 86' lang='grc'><strong>376</strong></span> <span class='ocrx_word' id='word_1_2' title='bbox 813 1252 868 1315; x_wconf 79' lang='grc' dir='ltr'><strong>ΒΕ</strong></span> <span class='ocrx_word' id='word_1_3' title='bbox 890 1249 1059 1316; x_wconf 82' lang='lat' dir='ltr'><strong>DEORUM</strong></span> <span class='ocrx_word' id='word_1_4' title='bbox 1079 1198 1242 1316; x_wconf 68' lang='lat' dir='ltr'><strong>nabunt</strong></span> 
     </span>
    </p>
   </div>
   <div class='ocr_carea' id='block_1_2' title="bbox 322 1410 1701 4973">
    <p class='ocr_par' dir='ltr' id='par_1_2' title="bbox 322 1410 1701 4973">
     <span class='ocr_line' id='line_1_2' title="bbox 359 1410 1696 1498; baseline -0.003 -17"><span class='ocrx_word' id='word_1_5' title='bbox 359 1426 447 1492; x_wconf 88' lang='lat' dir='ltr'><strong>ante,</strong></span> <span class='ocrx_word' id='word_1_6' title='bbox 481 1416 656 1489; x_wconf 88' lang='lat' dir='ltr'><strong>ministros,</strong></span> <span class='ocrx_word' id='word_1_7' title='bbox 688 1412 865 1487; x_wconf 87' lang='lat' dir='ltr'><strong>machinas,</strong></span> <span class='ocrx_word' id='word_1_8' title='bbox 899 1431 1025 1476; x_wconf 90' lang='lat' dir='ltr'><strong>omnem</strong></span> <span class='ocrx_word' id='word_1_9' title='bbox 1055 1411 1153 1475; x_wconf 91' lang='lat' dir='ltr'><strong>totius</strong></span> <span class='ocrx_word' id='word_1_10' title='bbox 1184 1412 1287 1494; x_wconf 91' lang='lat' dir='ltr'><strong>operis</strong></span> <span class='ocrx_word' id='word_1_11' title='bbox 1317 1410 1568 1495; x_wconf 76' lang='lat' dir='ltr'><strong>designationem</strong></span> <span class='ocrx_word' id='word_1_12' title='bbox 1596 1420 1696 1498; x_wconf 78' lang='lat' dir='ltr'><strong>atque</strong></span> 
     </span>
     <span class='ocr_line' id='line_1_3' title="bbox 336 1505 1695 1594; baseline -0.003 -19"><span class='ocrx_word' id='word_1_13' title='bbox 336 1518 560 1594; x_wconf 77' lang='lat' dir='ltr'><strong>apparatum,</strong></span> <span class='ocrx_word' id='word_1_14' title='bbox 591 1510 640 1573; x_wconf 91' lang='lat' dir='ltr'><strong>sin</strong></span> <span class='ocrx_word' id='word_1_15' title='bbox 662 1509 723 1572; x_wconf 88' lang='lat' dir='ltr'><strong>alia</strong></span> <span class='ocrx_word' id='word_1_16' title='bbox 745 1514 807 1581; x_wconf 89' lang='lat' dir='ltr'><strong>est,</strong></span> <span class='ocrx_word' id='word_1_17' title='bbox 837 1527 893 1570; x_wconf 89' lang='lat' dir='ltr'><strong>eur</strong></span> <span class='ocrx_word' id='word_1_18' title='bbox 915 1507 1079 1571; x_wconf 75' lang='lat' dir='ltr'><strong>mortalem</strong></span> <span class='ocrx_word' id='word_1_19' title='bbox 1101 1505 1215 1570; x_wconf 83' lang='lat' dir='ltr'><strong>iecerit</strong></span> <span class='ocrx_word' id='word_1_20' title='bbox 1238 1506 1408 1581; x_wconf 90' lang='lat' dir='ltr'><strong>mundum,</strong></span> <span class='ocrx_word' id='word_1_21' title='bbox 1433 1526 1514 1580; x_wconf 89' lang='lat' dir='ltr'><strong>non,</strong></span> <span class='ocrx_word' id='word_1_22' title='bbox 1537 1527 1632 1589; x_wconf 90' lang='lat' dir='ltr'><strong>quem</strong></span> <span class='ocrx_word' id='word_1_23' title='bbox 1654 1508 1695 1571; x_wconf 88' lang='lat' dir='ltr'><strong>ad</strong></span> 
     </span>
     <span class='ocr_line' id='line_1_4' title="bbox 359 1596 1695 1684; baseline -0.001 -18"><span class='ocrx_word' id='word_1_24' title='bbox 359 1604 487 1668; x_wconf 90' lang='lat' dir='ltr'><strong>modum</strong></span> <span class='ocrx_word' id='word_1_25' title='bbox 502 1604 685 1668; x_wconf 88' lang='lat' dir='ltr'><strong>Platonicus</strong></span> <span class='ocrx_word' id='word_1_26' title='bbox 702 1602 791 1676; x_wconf 92' lang='lat' dir='ltr'><strong>deus,</strong></span> <span class='ocrx_word' id='word_1_27' title='bbox 807 1602 1045 1684; x_wconf 87' lang='lat' dir='ltr'><strong>sempiternum.</strong></span> <span class='ocrx_word' id='word_1_28' title='bbox 1068 1602 1124 1663; x_wconf 88' lang='lat' dir='ltr'><strong>tx.</strong></span> <span class='ocrx_word' id='word_1_29' title='bbox 1138 1596 1190 1665; x_wconf 73' lang='lat' dir='ltr'><strong>it.</strong></span> <span class='ocrx_word' id='word_1_30' title='bbox 1206 1600 1255 1664; x_wconf 79' lang='lat' dir='ltr'><strong>ab</strong></span> <span class='ocrx_word' id='word_1_31' title='bbox 1273 1608 1407 1683; x_wconf 89' lang='lat' dir='ltr'><strong>utroque</strong></span> <span class='ocrx_word' id='word_1_32' title='bbox 1422 1608 1527 1665; x_wconf 90' lang='lat' dir='ltr'><strong>autem</strong></span> <span class='ocrx_word' id='word_1_33' title='bbox 1540 1602 1695 1678; x_wconf 72' lang='lat' dir='ltr'>sciscitor,</span> 
     </span>
     <span class='ocr_line' id='line_1_5' title="bbox 359 1694 1696 1778; baseline -0.001 -16"><span class='ocrx_word' id='word_1_34' title='bbox 359 1719 415 1762; x_wconf 92' lang='lat' dir='ltr'><strong>eur</strong></span> <span class='ocrx_word' id='word_1_35' title='bbox 437 1698 546 1761; x_wconf 93' lang='lat' dir='ltr'><strong>mundi</strong></span> <span class='ocrx_word' id='word_1_36' title='bbox 568 1696 787 1761; x_wconf 85' lang='lat' dir='ltr'><strong>aedificatores</strong></span> <span class='ocrx_word' id='word_1_37' title='bbox 808 1703 939 1778; x_wconf 91' lang='lat' dir='ltr'><strong>repente</strong></span> <span class='ocrx_word' id='word_1_38' title='bbox 962 1695 1159 1769; x_wconf 78' lang='lat' dir='ltr'><strong>exstiterint,</strong></span> <span class='ocrx_word' id='word_1_39' title='bbox 1181 1694 1422 1759; x_wconf 76' lang='lat' dir='ltr'><strong>innumerabilia</strong></span> <span class='ocrx_word' id='word_1_40' title='bbox 1438 1694 1543 1758; x_wconf 90' lang='lat' dir='ltr'><strong>saecla</strong></span> <span class='ocrx_word' id='word_1_41' title='bbox 1557 1694 1696 1761; x_wconf 86' lang='lat' dir='ltr'><strong>dormie-</strong></span> 
     </span>
     <span class='ocr_line' id='line_1_6' title="bbox 335 1788 1697 1867; baseline -0.001 -12"><span class='ocrx_word' id='word_1_42' title='bbox 335 1794 436 1867; x_wconf 66' lang='lat' dir='ltr'><strong>trinu</strong></span> <span class='ocrx_word' id='word_1_43' title='bbox 459 1794 647 1866; x_wconf 93' lang='lat' dir='ltr'><strong>nonenim,</strong></span> <span class='ocrx_word' id='word_1_44' title='bbox 671 1793 697 1855; x_wconf 91' lang='lat' dir='ltr'><strong>si</strong></span> <span class='ocrx_word' id='word_1_45' title='bbox 721 1792 860 1854; x_wconf 89' lang='lat' dir='ltr'><strong>mundus</strong></span> <span class='ocrx_word' id='word_1_46' title='bbox 882 1790 990 1853; x_wconf 92' lang='lat' dir='ltr'><strong>nullus</strong></span> <span class='ocrx_word' id='word_1_47' title='bbox 1012 1797 1093 1863; x_wconf 89' lang='lat' dir='ltr'><strong>erat,</strong></span> <span class='ocrx_word' id='word_1_48' title='bbox 1124 1789 1229 1853; x_wconf 89' lang='lat' dir='ltr'><strong>saecla</strong></span> <span class='ocrx_word' id='word_1_49' title='bbox 1250 1807 1315 1850; x_wconf 92' lang='lat' dir='ltr'><strong>nnn</strong></span> <span class='ocrx_word' id='word_1_50' title='bbox 1338 1796 1438 1852; x_wconf 91' lang='lat' dir='ltr'><strong>eraut.</strong></span> <span class='ocrx_word' id='word_1_51' title='bbox 1478 1788 1591 1853; x_wconf 77' lang='lat' dir='ltr'><strong>Saenia</strong></span> <span class='ocrx_word' id='word_1_52' title='bbox 1611 1809 1697 1853; x_wconf 89' lang='lat' dir='ltr'><strong>none</strong></span> 
     </span>
     <span class='ocr_line' id='line_1_7' title="bbox 359 1879 1699 1969; baseline -0.002 -20"><span class='ocrx_word' id='word_1_53' title='bbox 359 1886 431 1951; x_wconf 90' lang='lat' dir='ltr'><strong>dieo</strong></span> <span class='ocrx_word' id='word_1_54' title='bbox 455 1905 520 1948; x_wconf 94' lang='lat' dir='ltr'><strong>non</strong></span> <span class='ocrx_word' id='word_1_55' title='bbox 542 1905 593 1961; x_wconf 90' lang='lat' dir='ltr'><strong>ea,</strong></span> <span class='ocrx_word' id='word_1_56' title='bbox 616 1905 699 1969; x_wconf 91' lang='lat' dir='ltr'><strong>quae</strong></span> <span class='ocrx_word' id='word_1_57' title='bbox 715 1886 838 1948; x_wconf 89' lang='lat' dir='ltr'><strong>diemm</strong></span> <span class='ocrx_word' id='word_1_58' title='bbox 861 1883 1066 1966; x_wconf 91' lang='lat' dir='ltr'><strong>noctiumque</strong></span> <span class='ocrx_word' id='word_1_59' title='bbox 1081 1901 1217 1945; x_wconf 91' lang='lat' dir='ltr'><strong>numero</strong></span> <span class='ocrx_word' id='word_1_60' title='bbox 1234 1882 1349 1945; x_wconf 85' lang='lat' dir='ltr'><strong>annuis</strong></span> <span class='ocrx_word' id='word_1_61' title='bbox 1365 1882 1508 1947; x_wconf 85' lang='lat' dir='ltr'><strong>cursibus</strong></span> <span class='ocrx_word' id='word_1_62' title='bbox 1524 1879 1699 1947; x_wconf 79' lang='lat' dir='ltr'><strong>conficiun-</strong></span> 
     </span>
     <span class='ocr_line' id='line_1_8' title="bbox 361 1971 1699 2059; baseline -0.002 -15"><span class='ocrx_word' id='word_1_63' title='bbox 361 1989 427 2055; x_wconf 80' lang='lat' dir='ltr'><strong>tur3</strong></span> <span class='ocrx_word' id='word_1_64' title='bbox 450 1999 523 2043; x_wconf 90' lang='lat' dir='ltr'><strong>nam</strong></span> <span class='ocrx_word' id='word_1_65' title='bbox 545 1980 648 2044; x_wconf 79' lang='lat' dir='ltr'><strong>fateor</strong></span> <span class='ocrx_word' id='word_1_66' title='bbox 670 1999 708 2042; x_wconf 91' lang='lat' dir='ltr'><strong>ea</strong></span> <span class='ocrx_word' id='word_1_67' title='bbox 729 1980 798 2041; x_wconf 92' lang='lat' dir='ltr'><strong>sine</strong></span> <span class='ocrx_word' id='word_1_68' title='bbox 822 1978 931 2041; x_wconf 90' lang='lat' dir='ltr'><strong>mundi</strong></span> <span class='ocrx_word' id='word_1_69' title='bbox 955 1977 1163 2041; x_wconf 82' lang='lat' dir='ltr'><strong>conversione</strong></span> <span class='ocrx_word' id='word_1_70' title='bbox 1180 1971 1264 2039; x_wconf 86' lang='lat' dir='ltr'><strong>effici</strong></span> <span class='ocrx_word' id='word_1_71' title='bbox 1286 1996 1351 2038; x_wconf 93' lang='lat' dir='ltr'><strong>non</strong></span> <span class='ocrx_word' id='word_1_72' title='bbox 1374 1977 1525 2059; x_wconf 87' lang='lat' dir='ltr'><strong>potuisse.</strong></span> <span class='ocrx_word' id='word_1_73' title='bbox 1559 1976 1699 2042; x_wconf 79' lang='lat' dir='ltr'><strong>Sedinit</strong></span> 
     </span>
     <span class='ocr_line' id='line_1_9' title="bbox 360 2069 1698 2157; baseline -0.001 -20"><span class='ocrx_word' id='word_1_74' title='bbox 360 2075 514 2157; x_wconf 88' lang='lat' dir='ltr'><strong>quaedam</strong></span> <span class='ocrx_word' id='word_1_75' title='bbox 537 2076 577 2137; x_wconf 91' lang='lat' dir='ltr'><strong>ab</strong></span> <span class='ocrx_word' id='word_1_76' title='bbox 599 2072 724 2137; x_wconf 88' lang='lat' dir='ltr'><strong>infinito</strong></span> <span class='ocrx_word' id='word_1_77' title='bbox 748 2081 890 2157; x_wconf 91' lang='lat' dir='ltr'><strong>tempore</strong></span> <span class='ocrx_word' id='word_1_78' title='bbox 912 2073 1098 2144; x_wconf 86' lang='lat' dir='ltr'><strong>aeternitas,</strong></span> <span class='ocrx_word' id='word_1_79' title='bbox 1121 2089 1220 2153; x_wconf 89' lang='lat' dir='ltr'><strong>quam</strong></span> <span class='ocrx_word' id='word_1_80' title='bbox 1243 2069 1331 2132; x_wconf 90' lang='lat' dir='ltr'><strong>nulla</strong></span> <span class='ocrx_word' id='word_1_81' title='bbox 1347 2071 1596 2154; x_wconf 83' lang='lat' dir='ltr'><strong>circumscriptio</strong></span> <span class='ocrx_word' id='word_1_82' title='bbox 1618 2080 1698 2136; x_wconf 88' lang='lat' dir='ltr'><strong>tem·</strong></span> 
     </span>
     <span class='ocr_line' id='line_1_10' title="bbox 359 2162 1697 2251; baseline -0.001 -19"><span class='ocrx_word' id='word_1_83' title='bbox 359 2189 472 2251; x_wconf 89' lang='lat' dir='ltr'><strong>pomm</strong></span> <span class='ocrx_word' id='word_1_84' title='bbox 495 2168 699 2241; x_wconf 85' lang='lat' dir='ltr'><strong>metiebatur;</strong></span> <span class='ocrx_word' id='word_1_85' title='bbox 730 2168 833 2251; x_wconf 90' lang='lat' dir='ltr'><strong>spatio</strong></span> <span class='ocrx_word' id='word_1_86' title='bbox 862 2175 967 2230; x_wconf 88' lang='lat' dir='ltr'><strong>tamen</strong></span> <span class='ocrx_word' id='word_1_87' title='bbox 995 2165 1099 2248; x_wconf 91' lang='lat' dir='ltr'><strong>qualis</strong></span> <span class='ocrx_word' id='word_1_88' title='bbox 1126 2183 1163 2226; x_wconf 90' lang='lat' dir='ltr'><strong>ea</strong></span> <span class='ocrx_word' id='word_1_89' title='bbox 1191 2162 1307 2237; x_wconf 82' lang='lat' dir='ltr'><strong>inerit,</strong></span> <span class='ocrx_word' id='word_1_90' title='bbox 1336 2163 1478 2247; x_wconf 78' lang='lat' dir='ltr'><strong>intellegi</strong></span> <span class='ocrx_word' id='word_1_91' title='bbox 1500 2184 1561 2228; x_wconf 83' lang='lat' dir='ltr'><strong>non</strong></span> <span class='ocrx_word' id='word_1_92' title='bbox 1582 2172 1697 2249; x_wconf 88' lang='lat' dir='ltr'><strong>potest,</strong></span> 
     </span>
     <span class='ocr_line' id='line_1_11' title="bbox 322 2256 1698 2346; baseline 0.001 -23"><span class='ocrx_word' id='word_1_93' title='bbox 322 2262 447 2346; x_wconf 81' lang='lat' dir='ltr'><strong>toquort</strong></span> <span class='ocrx_word' id='word_1_94' title='bbox 469 2281 509 2324; x_wconf 96' lang='lat' dir='ltr'><strong>ne</strong></span> <span class='ocrx_word' id='word_1_95' title='bbox 531 2262 564 2323; x_wconf 94' lang='lat' dir='ltr'><strong>in</strong></span> <span class='ocrx_word' id='word_1_96' title='bbox 587 2262 811 2343; x_wconf 75' lang='lat' dir='ltr'><strong>cogitationem</strong></span> <span class='ocrx_word' id='word_1_97' title='bbox 827 2259 957 2342; x_wconf 93' lang='lat' dir='ltr'><strong>quidem</strong></span> <span class='ocrx_word' id='word_1_98' title='bbox 979 2258 1079 2331; x_wconf 92' lang='lat' dir='ltr'><strong>cadit,</strong></span> <span class='ocrx_word' id='word_1_99' title='bbox 1104 2264 1140 2319; x_wconf 93' lang='lat' dir='ltr'><strong>ut</strong></span> <span class='ocrx_word' id='word_1_100' title='bbox 1154 2256 1252 2319; x_wconf 87' lang='lat' dir='ltr'><strong>suerit</strong></span> <span class='ocrx_word' id='word_1_101' title='bbox 1267 2264 1390 2340; x_wconf 90' lang='lat' dir='ltr'><strong>tempus</strong></span> <span class='ocrx_word' id='word_1_102' title='bbox 1405 2256 1551 2340; x_wconf 88' lang='lat' dir='ltr'><strong>aliquod,</strong></span> <span class='ocrx_word' id='word_1_103' title='bbox 1574 2259 1698 2324; x_wconf 90' lang='lat' dir='ltr'><strong>nullom</strong></span> 
     </span>
     <span class='ocr_line' id='line_1_12' title="bbox 361 2349 1697 2438; baseline -0.001 -19"><span class='ocrx_word' id='word_1_104' title='bbox 361 2376 433 2419; x_wconf 92' lang='lat' dir='ltr'><strong>cum</strong></span> <span class='ocrx_word' id='word_1_105' title='bbox 464 2363 587 2438; x_wconf 88' lang='lat' dir='ltr'><strong>tempus</strong></span> <span class='ocrx_word' id='word_1_106' title='bbox 617 2362 712 2418; x_wconf 87' lang='lat' dir='ltr'><strong>esset.</strong></span> <span class='ocrx_word' id='word_1_107' title='bbox 755 2351 807 2415; x_wconf 71' lang='lat'><strong>22.</strong></span> <span class='ocrx_word' id='word_1_108' title='bbox 830 2355 894 2416; x_wconf 93' lang='lat' dir='ltr'><strong>lsto</strong></span> <span class='ocrx_word' id='word_1_109' title='bbox 917 2353 1013 2435; x_wconf 88' lang='lat' dir='ltr'><strong>igitur</strong></span> <span class='ocrx_word' id='word_1_110' title='bbox 1034 2361 1097 2414; x_wconf 90' lang='lat' dir='ltr'><strong>tam</strong></span> <span class='ocrx_word' id='word_1_111' title='bbox 1120 2351 1267 2413; x_wconf 90' lang='lat' dir='ltr'><strong>inmenso</strong></span> <span class='ocrx_word' id='word_1_112' title='bbox 1291 2349 1410 2433; x_wconf 91' lang='lat' dir='ltr'><strong>spatio,</strong></span> <span class='ocrx_word' id='word_1_113' title='bbox 1433 2371 1564 2433; x_wconf 85' lang='lat' dir='ltr'><strong>quaero,</strong></span> <span class='ocrx_word' id='word_1_114' title='bbox 1590 2352 1697 2429; x_wconf 84' lang='lat' dir='ltr'><strong>Balbe,</strong></span> 
     </span>
     <span class='ocr_line' id='line_1_13' title="bbox 361 2443 1700 2533; baseline 0 -21"><span class='ocrx_word' id='word_1_115' title='bbox 361 2468 416 2512; x_wconf 89' lang='lat' dir='ltr'><strong>eur</strong></span> <span class='ocrx_word' id='word_1_116' title='bbox 438 2448 580 2531; x_wconf 79' lang='grc' dir='ltr'><strong><em>πρόνοια</em></strong></span> <span class='ocrx_word' id='word_1_117' title='bbox 603 2456 708 2511; x_wconf 85' lang='lat' dir='ltr'><strong>restra</strong></span> <span class='ocrx_word' id='word_1_118' title='bbox 731 2448 911 2511; x_wconf 87' lang='lat' dir='ltr'><strong>cessaverit.</strong></span> <span class='ocrx_word' id='word_1_119' title='bbox 949 2447 1151 2509; x_wconf 92' lang='lat' dir='ltr'><strong>Laboremne</strong></span> <span class='ocrx_word' id='word_1_120' title='bbox 1171 2443 1336 2527; x_wconf 73' lang='lat' dir='ltr'><strong>fugiebat?</strong></span> <span class='ocrx_word' id='word_1_121' title='bbox 1359 2448 1400 2508; x_wconf 82' lang='lat' dir='ltr'><strong>at</strong></span> <span class='ocrx_word' id='word_1_122' title='bbox 1419 2446 1478 2509; x_wconf 92' lang='lat' dir='ltr'><strong>iste</strong></span> <span class='ocrx_word' id='word_1_123' title='bbox 1497 2467 1557 2511; x_wconf 89' lang='lat' dir='ltr'><strong>nec</strong></span> <span class='ocrx_word' id='word_1_124' title='bbox 1571 2448 1700 2533; x_wconf 91' lang='lat' dir='ltr'><strong>attingit</strong></span> 
     </span>
     <span class='ocr_line' id='line_1_14' title="bbox 362 2538 1698 2625; baseline 0.003 -22"><span class='ocrx_word' id='word_1_125' title='bbox 362 2540 456 2605; x_wconf 88' lang='lat' dir='ltr'><strong>deum</strong></span> <span class='ocrx_word' id='word_1_126' title='bbox 480 2551 626 2605; x_wconf 91' lang='lat' dir='ltr'><strong>necerat</strong></span> <span class='ocrx_word' id='word_1_127' title='bbox 648 2542 748 2615; x_wconf 91' lang='lat' dir='ltr'><strong>ullus,</strong></span> <span class='ocrx_word' id='word_1_128' title='bbox 772 2561 843 2604; x_wconf 84' lang='lat' dir='ltr'><strong>crim</strong></span> <span class='ocrx_word' id='word_1_129' title='bbox 866 2560 976 2603; x_wconf 90' lang='lat' dir='ltr'><strong>omnes</strong></span> <span class='ocrx_word' id='word_1_130' title='bbox 998 2546 1129 2601; x_wconf 90' lang='lat' dir='ltr'><strong>naturae</strong></span> <span class='ocrx_word' id='word_1_131' title='bbox 1151 2538 1274 2600; x_wconf 91' lang='lat' dir='ltr'><strong>numini</strong></span> <span class='ocrx_word' id='word_1_132' title='bbox 1297 2538 1416 2613; x_wconf 89' lang='lat' dir='ltr'><strong>divino,</strong></span> <span class='ocrx_word' id='word_1_133' title='bbox 1438 2540 1571 2615; x_wconf 90' lang='lat' dir='ltr'><strong>caelum,</strong></span> <span class='ocrx_word' id='word_1_134' title='bbox 1596 2542 1698 2625; x_wconf 86' lang='lat' dir='ltr'><strong>ignes,</strong></span> 
     </span>
     <span class='ocr_line' id='line_1_15' title="bbox 361 2632 1700 2718; baseline 0.001 -20"><span class='ocrx_word' id='word_1_135' title='bbox 361 2644 476 2708; x_wconf 88' lang='lat' dir='ltr'><strong>terrae,</strong></span> <span class='ocrx_word' id='word_1_136' title='bbox 499 2636 596 2698; x_wconf 90' lang='lat' dir='ltr'><strong>maria</strong></span> <span class='ocrx_word' id='word_1_137' title='bbox 618 2641 777 2718; x_wconf 90' lang='lat' dir='ltr'><strong>parerent.</strong></span> <span class='ocrx_word' id='word_1_138' title='bbox 816 2633 900 2710; x_wconf 84' lang='lat' dir='ltr'><strong>Quid</strong></span> <span class='ocrx_word' id='word_1_139' title='bbox 924 2641 1028 2695; x_wconf 89' lang='lat' dir='ltr'><strong>antem</strong></span> <span class='ocrx_word' id='word_1_140' title='bbox 1052 2640 1119 2694; x_wconf 92' lang='lat' dir='ltr'><strong>erat</strong></span> <span class='ocrx_word' id='word_1_141' title='bbox 1142 2632 1227 2715; x_wconf 91' lang='lat' dir='ltr'><strong>quod</strong></span> <span class='ocrx_word' id='word_1_142' title='bbox 1250 2632 1488 2716; x_wconf 84' lang='lat' dir='ltr'><strong>concupisceret</strong></span> <span class='ocrx_word' id='word_1_143' title='bbox 1509 2634 1587 2698; x_wconf 92' lang='lat' dir='ltr'><strong>deos</strong></span> <span class='ocrx_word' id='word_1_144' title='bbox 1608 2657 1700 2700; x_wconf 89' lang='lat' dir='ltr'><strong>mun·</strong></span> 
     </span>
     <span class='ocr_line' id='line_1_16' title="bbox 324 2724 1699 2813; baseline 0.004 -23"><span class='ocrx_word' id='word_1_145' title='bbox 324 2728 435 2791; x_wconf 77' lang='lat' dir='ltr'><strong>ttdum</strong></span> <span class='ocrx_word' id='word_1_146' title='bbox 459 2729 558 2811; x_wconf 88' lang='lat' dir='ltr'><strong>signis</strong></span> <span class='ocrx_word' id='word_1_147' title='bbox 581 2737 613 2790; x_wconf 91' lang='lat' dir='ltr'><strong>et</strong></span> <span class='ocrx_word' id='word_1_148' title='bbox 635 2728 808 2791; x_wconf 88' lang='lat' dir='ltr'><strong>luminibus</strong></span> <span class='ocrx_word' id='word_1_149' title='bbox 832 2736 991 2811; x_wconf 90' lang='lat' dir='ltr'><strong>tamquam</strong></span> <span class='ocrx_word' id='word_1_150' title='bbox 1013 2724 1127 2789; x_wconf 89' lang='lat' dir='ltr'><strong>aedilis</strong></span> <span class='ocrx_word' id='word_1_151' title='bbox 1150 2729 1288 2789; x_wconf 80' lang='lat' dir='ltr'><strong>ornaret</strong></span> <span class='ocrx_word' id='word_1_152' title='bbox 1322 2726 1373 2800; x_wconf 89' lang='lat' dir='ltr'><strong>Si,</strong></span> <span class='ocrx_word' id='word_1_153' title='bbox 1396 2735 1432 2790; x_wconf 90' lang='lat' dir='ltr'><strong>nt</strong></span> <span class='ocrx_word' id='word_1_154' title='bbox 1447 2727 1527 2793; x_wconf 88' lang='lat' dir='ltr'><strong>deus</strong></span> <span class='ocrx_word' id='word_1_155' title='bbox 1547 2730 1617 2813; x_wconf 91' lang='lat' dir='ltr'><strong>ipse</strong></span> <span class='ocrx_word' id='word_1_156' title='bbox 1632 2750 1699 2795; x_wconf 86' lang='lat' dir='ltr'><strong>me·</strong></span> 
     </span>
     <span class='ocr_line' id='line_1_17' title="bbox 361 2820 1697 2909; baseline 0.003 -24"><span class='ocrx_word' id='word_1_157' title='bbox 361 2822 422 2885; x_wconf 87' lang='lat' dir='ltr'><strong>lius</strong></span> <span class='ocrx_word' id='word_1_158' title='bbox 452 2822 622 2895; x_wconf 88' lang='lat' dir='ltr'><strong>babitaret,</strong></span> <span class='ocrx_word' id='word_1_159' title='bbox 651 2831 744 2885; x_wconf 89' lang='lat' dir='ltr'><strong>antea</strong></span> <span class='ocrx_word' id='word_1_160' title='bbox 767 2822 916 2886; x_wconf 85' lang='lat' dir='ltr'><strong>videlicet</strong></span> <span class='ocrx_word' id='word_1_161' title='bbox 944 2830 1085 2904; x_wconf 90' lang='lat' dir='ltr'><strong>tempore</strong></span> <span class='ocrx_word' id='word_1_162' title='bbox 1113 2820 1242 2883; x_wconf 91' lang='lat' dir='ltr'><strong>inlinito</strong></span> <span class='ocrx_word' id='word_1_163' title='bbox 1265 2821 1298 2882; x_wconf 94' lang='lat' dir='ltr'><strong>in</strong></span> <span class='ocrx_word' id='word_1_164' title='bbox 1320 2822 1459 2884; x_wconf 89' lang='lat' dir='ltr'><strong>tenebris</strong></span> <span class='ocrx_word' id='word_1_165' title='bbox 1483 2831 1643 2909; x_wconf 87' lang='lat' dir='ltr'><strong>tamqnam</strong></span> <span class='ocrx_word' id='word_1_166' title='bbox 1664 2826 1697 2889; x_wconf 90' lang='lat' dir='ltr'><strong>iu</strong></span> 
     </span>
     <span class='ocr_line' id='line_1_18' title="bbox 361 2915 1698 3000; baseline 0.003 -23"><span class='ocrx_word' id='word_1_167' title='bbox 361 2917 526 3000; x_wconf 87' lang='lat' dir='ltr'><strong>gurgustio</strong></span> <span class='ocrx_word' id='word_1_168' title='bbox 554 2915 759 2979; x_wconf 82' lang='lat' dir='ltr'><strong>habitaverat.</strong></span> <span class='ocrx_word' id='word_1_169' title='bbox 800 2918 875 2978; x_wconf 92' lang='lat' dir='ltr'><strong>Post</strong></span> <span class='ocrx_word' id='word_1_170' title='bbox 903 2924 1015 2999; x_wconf 32' lang='lat' dir='ltr'><strong>antem,</strong></span> <span class='ocrx_word' id='word_1_171' title='bbox 1035 2916 1227 2978; x_wconf 81' lang='lat' dir='ltr'><strong>varietatene</strong></span> <span class='ocrx_word' id='word_1_172' title='bbox 1258 2935 1331 2976; x_wconf 92' lang='lat' dir='ltr'><strong>eum</strong></span> <span class='ocrx_word' id='word_1_173' title='bbox 1361 2915 1510 2979; x_wconf 86' lang='lat' dir='ltr'><strong>delectari</strong></span> <span class='ocrx_word' id='word_1_174' title='bbox 1539 2926 1698 2999; x_wconf 89' lang='lat' dir='ltr'><strong>putamus,</strong></span> 
     </span>
     <span class='ocr_line' id='line_1_19' title="bbox 362 3009 1699 3096; baseline 0.001 -22"><span class='ocrx_word' id='word_1_175' title='bbox 362 3032 425 3096; x_wconf 92' lang='lat' dir='ltr'><strong>qua</strong></span> <span class='ocrx_word' id='word_1_176' title='bbox 449 3011 569 3073; x_wconf 84' lang='lat' dir='ltr'><strong>caelum</strong></span> <span class='ocrx_word' id='word_1_177' title='bbox 590 3017 622 3072; x_wconf 93' lang='lat' dir='ltr'><strong>et</strong></span> <span class='ocrx_word' id='word_1_178' title='bbox 643 3016 742 3071; x_wconf 90' lang='lat' dir='ltr'><strong>terras</strong></span> <span class='ocrx_word' id='word_1_179' title='bbox 765 3019 934 3073; x_wconf 82' lang='lat' dir='ltr'><strong>exornatas</strong></span> <span class='ocrx_word' id='word_1_180' title='bbox 949 3009 1119 3072; x_wconf 74' lang='lat' dir='ltr'><strong>videmus?</strong></span> <span class='ocrx_word' id='word_1_181' title='bbox 1143 3009 1232 3083; x_wconf 86' lang='lat' dir='ltr'><strong>Quae</strong></span> <span class='ocrx_word' id='word_1_182' title='bbox 1248 3010 1308 3071; x_wconf 88' lang='lat' dir='ltr'><strong>ista</strong></span> <span class='ocrx_word' id='word_1_183' title='bbox 1324 3018 1515 3092; x_wconf 89' lang='lat' dir='ltr'><strong>potestesse</strong></span> <span class='ocrx_word' id='word_1_184' title='bbox 1530 3010 1699 3076; x_wconf 88' lang='lat' dir='ltr'><strong>oblectatio</strong></span> 
     </span>
     <span class='ocr_line' id='line_1_20' title="bbox 362 3099 1700 3187; baseline 0 -18"><span class='ocrx_word' id='word_1_185' title='bbox 362 3107 443 3170; x_wconf 82' lang='lat' dir='ltr'><strong>deni</strong></span> <span class='ocrx_word' id='word_1_186' title='bbox 466 3124 549 3187; x_wconf 88' lang='lat' dir='ltr'><strong>quae</strong></span> <span class='ocrx_word' id='word_1_187' title='bbox 572 3104 598 3167; x_wconf 95' lang='lat' dir='ltr'><strong>si</strong></span> <span class='ocrx_word' id='word_1_188' title='bbox 622 3108 723 3176; x_wconf 89' lang='lat' dir='ltr'><strong>esset,</strong></span> <span class='ocrx_word' id='word_1_189' title='bbox 747 3123 811 3165; x_wconf 94' lang='lat' dir='ltr'><strong>non</strong></span> <span class='ocrx_word' id='word_1_190' title='bbox 833 3120 871 3166; x_wconf 92' lang='lat' dir='ltr'><strong>ea</strong></span> <span class='ocrx_word' id='word_1_191' title='bbox 895 3110 956 3165; x_wconf 90' lang='lat' dir='ltr'><strong>tam</strong></span> <span class='ocrx_word' id='word_1_192' title='bbox 981 3101 1036 3165; x_wconf 93' lang='lat' dir='ltr'><strong>diu</strong></span> <span class='ocrx_word' id='word_1_193' title='bbox 1060 3122 1168 3166; x_wconf 90' lang='lat' dir='ltr'><strong>carere</strong></span> <span class='ocrx_word' id='word_1_194' title='bbox 1192 3103 1357 3184; x_wconf 90' lang='lat' dir='ltr'><strong>potuisset.</strong></span> <span class='ocrx_word' id='word_1_195' title='bbox 1395 3099 1449 3165; x_wconf 74' lang='lat'><strong>23.</strong></span> <span class='ocrx_word' id='word_1_196' title='bbox 1471 3104 1519 3167; x_wconf 80' lang='lat' dir='ltr'><strong>An</strong></span> <span class='ocrx_word' id='word_1_197' title='bbox 1541 3104 1635 3181; x_wconf 88' lang='lat' dir='ltr'><strong>baec,</strong></span> <span class='ocrx_word' id='word_1_198' title='bbox 1664 3114 1700 3169; x_wconf 92' lang='lat' dir='ltr'><strong>ut</strong></span> 
     </span>
     <span class='ocr_line' id='line_1_21' title="bbox 323 3197 1699 3281; baseline -0.001 -18"><span class='ocrx_word' id='word_1_199' title='bbox 323 3199 427 3263; x_wconf 77' lang='lat' dir='ltr'><strong>utere</strong></span> <span class='ocrx_word' id='word_1_200' title='bbox 450 3199 572 3271; x_wconf 90' lang='lat' dir='ltr'><strong>dicitis,</strong></span> <span class='ocrx_word' id='word_1_201' title='bbox 596 3197 758 3262; x_wconf 92' lang='lat' dir='ltr'><strong>bominum</strong></span> <span class='ocrx_word' id='word_1_202' title='bbox 781 3217 876 3259; x_wconf 90' lang='lat' dir='ltr'><strong>eausa</strong></span> <span class='ocrx_word' id='word_1_203' title='bbox 899 3216 918 3259; x_wconf 90' lang='lat' dir='ltr'><strong>a</strong></span> <span class='ocrx_word' id='word_1_204' title='bbox 940 3197 1001 3259; x_wconf 94' lang='lat' dir='ltr'><strong>deo</strong></span> <span class='ocrx_word' id='word_1_205' title='bbox 1025 3198 1195 3260; x_wconf 89' lang='lat' dir='ltr'><strong>constituta</strong></span> <span class='ocrx_word' id='word_1_206' title='bbox 1211 3199 1310 3258; x_wconf 82' lang='lat' dir='ltr'><strong>snott</strong></span> <span class='ocrx_word' id='word_1_207' title='bbox 1334 3198 1602 3279; x_wconf 82' lang='lat' dir='ltr'><strong>Sapientiumuel</strong></span> <span class='ocrx_word' id='word_1_208' title='bbox 1624 3219 1699 3281; x_wconf 85' lang='lat' dir='ltr'><strong>pro·</strong></span> 
     </span>
     <span class='ocr_line' id='line_1_22' title="bbox 362 3290 1700 3377; baseline 0.001 -22"><span class='ocrx_word' id='word_1_209' title='bbox 362 3301 433 3377; x_wconf 88' lang='lat' dir='ltr'><strong>pter</strong></span> <span class='ocrx_word' id='word_1_210' title='bbox 454 3313 571 3376; x_wconf 78' lang='lat' dir='ltr'><strong>paitcos</strong></span> <span class='ocrx_word' id='word_1_211' title='bbox 593 3293 691 3375; x_wconf 82' lang='lat' dir='ltr'><strong>igitur</strong></span> <span class='ocrx_word' id='word_1_212' title='bbox 713 3300 799 3353; x_wconf 91' lang='lat' dir='ltr'><strong>tanta</strong></span> <span class='ocrx_word' id='word_1_213' title='bbox 822 3302 870 3354; x_wconf 88' lang='lat' dir='ltr'><strong>est</strong></span> <span class='ocrx_word' id='word_1_214' title='bbox 898 3312 1002 3353; x_wconf 88' lang='lat' dir='ltr'><strong>rerum</strong></span> <span class='ocrx_word' id='word_1_215' title='bbox 1026 3290 1108 3353; x_wconf 84' lang='lat' dir='ltr'><strong>sacta</strong></span> <span class='ocrx_word' id='word_1_216' title='bbox 1132 3290 1263 3352; x_wconf 89' lang='lat' dir='ltr'><strong>molitio.</strong></span> <span class='ocrx_word' id='word_1_217' title='bbox 1299 3293 1347 3353; x_wconf 80' lang='lat' dir='ltr'><strong>An</strong></span> <span class='ocrx_word' id='word_1_218' title='bbox 1370 3293 1559 3356; x_wconf 73' lang='lat' dir='ltr'><strong>stultorum?</strong></span> <span class='ocrx_word' id='word_1_219' title='bbox 1581 3301 1614 3356; x_wconf 87' lang='lat' dir='ltr'><strong>at</strong></span> <span class='ocrx_word' id='word_1_220' title='bbox 1635 3295 1700 3377; x_wconf 90' lang='lat' dir='ltr'><strong>pri·</strong></span> 
     </span>
     <span class='ocr_line' id='line_1_23' title="bbox 362 3385 1700 3470; baseline 0.001 -20"><span class='ocrx_word' id='word_1_221' title='bbox 362 3408 448 3450; x_wconf 91' lang='lat' dir='ltr'><strong>mum</strong></span> <span class='ocrx_word' id='word_1_222' title='bbox 472 3406 565 3449; x_wconf 89' lang='lat' dir='ltr'><strong>causa</strong></span> <span class='ocrx_word' id='word_1_223' title='bbox 588 3408 653 3448; x_wconf 94' lang='lat' dir='ltr'><strong>non</strong></span> <span class='ocrx_word' id='word_1_224' title='bbox 676 3385 753 3458; x_wconf 84' lang='lat' dir='ltr'><strong>suit,</strong></span> <span class='ocrx_word' id='word_1_225' title='bbox 777 3405 834 3447; x_wconf 93' lang='lat' dir='ltr'><strong>cur</strong></span> <span class='ocrx_word' id='word_1_226' title='bbox 855 3387 894 3447; x_wconf 93' lang='lat' dir='ltr'><strong>de</strong></span> <span class='ocrx_word' id='word_1_227' title='bbox 917 3386 1061 3468; x_wconf 88' lang='lat' dir='ltr'><strong>inprobis</strong></span> <span class='ocrx_word' id='word_1_228' title='bbox 1084 3385 1165 3447; x_wconf 91' lang='lat' dir='ltr'><strong>bene</strong></span> <span class='ocrx_word' id='word_1_229' title='bbox 1188 3394 1381 3460; x_wconf 84' lang='lat' dir='ltr'><strong>mereretur3</strong></span> <span class='ocrx_word' id='word_1_230' title='bbox 1413 3385 1529 3449; x_wconf 91' lang='lat' dir='ltr'><strong>deinde</strong></span> <span class='ocrx_word' id='word_1_231' title='bbox 1550 3387 1628 3470; x_wconf 95' lang='lat' dir='ltr'><strong>quid</strong></span> <span class='ocrx_word' id='word_1_232' title='bbox 1651 3394 1700 3451; x_wconf 88' lang='lat' dir='ltr'><strong>est</strong></span> 
     </span>
     <span class='ocr_line' id='line_1_24' title="bbox 362 3478 1698 3564; baseline 0.001 -21"><span class='ocrx_word' id='word_1_233' title='bbox 362 3480 545 3554; x_wconf 88' lang='lat' dir='ltr'><strong>adsecutus,</strong></span> <span class='ocrx_word' id='word_1_234' title='bbox 577 3501 648 3542; x_wconf 81' lang='lat' dir='ltr'><strong>crim</strong></span> <span class='ocrx_word' id='word_1_235' title='bbox 681 3499 790 3541; x_wconf 91' lang='lat' dir='ltr'><strong>omnes</strong></span> <span class='ocrx_word' id='word_1_236' title='bbox 819 3478 906 3541; x_wconf 89' lang='lat' dir='ltr'><strong>stulti</strong></span> <span class='ocrx_word' id='word_1_237' title='bbox 935 3480 1000 3541; x_wconf 91' lang='lat' dir='ltr'><strong>sint</strong></span> <span class='ocrx_word' id='word_1_238' title='bbox 1022 3479 1091 3540; x_wconf 91' lang='lat' dir='ltr'><strong>sine</strong></span> <span class='ocrx_word' id='word_1_239' title='bbox 1115 3478 1212 3540; x_wconf 92' lang='lat' dir='ltr'><strong>dubio</strong></span> <span class='ocrx_word' id='word_1_240' title='bbox 1236 3479 1423 3553; x_wconf 88' lang='lat' dir='ltr'><strong>miserrimi,</strong></span> <span class='ocrx_word' id='word_1_241' title='bbox 1453 3481 1589 3545; x_wconf 84' lang='lat' dir='ltr'><strong>maxime</strong></span> <span class='ocrx_word' id='word_1_242' title='bbox 1612 3483 1698 3564; x_wconf 87' lang='lat' dir='ltr'><strong>qnod</strong></span> 
     </span>
     <span class='ocr_line' id='line_1_25' title="bbox 363 3572 1699 3654; baseline 0.001 -15"><span class='ocrx_word' id='word_1_243' title='bbox 363 3576 450 3639; x_wconf 89' lang='lat' dir='ltr'><strong>stulti</strong></span> <span class='ocrx_word' id='word_1_244' title='bbox 472 3584 545 3638; x_wconf 89' lang='lat' dir='ltr'><strong>snut</strong></span> <span class='ocrx_word' id='word_1_245' title='bbox 560 3608 601 3621; x_wconf 93' lang='lat'><em>-</em></span> <span class='ocrx_word' id='word_1_246' title='bbox 624 3573 769 3636; x_wconf 88' lang='lat' dir='ltr'><strong>miserius</strong></span> <span class='ocrx_word' id='word_1_247' title='bbox 798 3573 881 3634; x_wconf 91' lang='lat' dir='ltr'><strong>euim</strong></span> <span class='ocrx_word' id='word_1_248' title='bbox 912 3573 1043 3635; x_wconf 88' lang='lat' dir='ltr'><strong>stultitia</strong></span> <span class='ocrx_word' id='word_1_249' title='bbox 1066 3572 1144 3654; x_wconf 90' lang='lat' dir='ltr'><strong>quid</strong></span> <span class='ocrx_word' id='word_1_250' title='bbox 1173 3592 1341 3653; x_wconf 87' lang='lat' dir='ltr'><strong>possumus</strong></span> <span class='ocrx_word' id='word_1_251' title='bbox 1365 3574 1497 3637; x_wconf 84' lang='lat' dir='ltr'><strong>diceret</strong></span> <span class='ocrx_word' id='word_1_252' title='bbox 1519 3606 1561 3619; x_wconf 89' lang='lat'>-</span> <span class='ocrx_word' id='word_1_253' title='bbox 1583 3577 1699 3641; x_wconf 91' lang='lat' dir='ltr'><strong>deinde</strong></span> 
     </span>
     <span class='ocr_line' id='line_1_26' title="bbox 323 3666 1699 3753; baseline 0.004 -26"><span class='ocrx_word' id='word_1_254' title='bbox 323 3668 449 3753; x_wconf 67' lang='lat' dir='ltr'><strong>siquod</strong></span> <span class='ocrx_word' id='word_1_255' title='bbox 479 3670 523 3731; x_wconf 90' lang='lat' dir='ltr'><strong>ita</strong></span> <span class='ocrx_word' id='word_1_256' title='bbox 551 3667 650 3731; x_wconf 90' lang='lat' dir='ltr'><strong>multa</strong></span> <span class='ocrx_word' id='word_1_257' title='bbox 672 3673 746 3728; x_wconf 90' lang='lat' dir='ltr'><strong>sunt</strong></span> <span class='ocrx_word' id='word_1_258' title='bbox 771 3666 970 3728; x_wconf 91' lang='lat' dir='ltr'><strong>incommoda</strong></span> <span class='ocrx_word' id='word_1_259' title='bbox 993 3666 1026 3727; x_wconf 94' lang='lat' dir='ltr'><strong>in</strong></span> <span class='ocrx_word' id='word_1_260' title='bbox 1050 3667 1130 3737; x_wconf 88' lang='lat' dir='ltr'><strong>vita,</strong></span> <span class='ocrx_word' id='word_1_261' title='bbox 1158 3675 1194 3729; x_wconf 89' lang='lat' dir='ltr'><strong>ut</strong></span> <span class='ocrx_word' id='word_1_262' title='bbox 1216 3686 1253 3728; x_wconf 87' lang='lat' dir='ltr'><strong>ea</strong></span> <span class='ocrx_word' id='word_1_263' title='bbox 1277 3668 1437 3751; x_wconf 88' lang='lat' dir='ltr'><strong>sapientes</strong></span> <span class='ocrx_word' id='word_1_264' title='bbox 1460 3669 1699 3734; x_wconf 86' lang='lat' dir='ltr'><strong>commodorum</strong></span> 
     </span>
     <span class='ocr_line' id='line_1_27' title="bbox 323 3760 1701 3847; baseline 0.003 -24"><span class='ocrx_word' id='word_1_265' title='bbox 323 3781 341 3823; x_wconf 64' lang='lat' dir='ltr'><strong>s·</strong></span> <span class='ocrx_word' id='word_1_266' title='bbox 363 3762 613 3844; x_wconf 87' lang='lat' dir='ltr'><strong>conpensatione</strong></span> <span class='ocrx_word' id='word_1_267' title='bbox 636 3760 780 3832; x_wconf 67' lang='lat' dir='ltr'><strong>leniant,</strong></span> <span class='ocrx_word' id='word_1_268' title='bbox 793 3760 880 3822; x_wconf 89' lang='lat' dir='ltr'><strong>stulti</strong></span> <span class='ocrx_word' id='word_1_269' title='bbox 904 3779 962 3821; x_wconf 92' lang='lat' dir='ltr'><strong>nec</strong></span> <span class='ocrx_word' id='word_1_270' title='bbox 984 3761 1082 3822; x_wconf 87' lang='lat' dir='ltr'><strong>vitare</strong></span> <span class='ocrx_word' id='word_1_271' title='bbox 1104 3761 1263 3823; x_wconf 88' lang='lat' dir='ltr'><strong>venientia</strong></span> <span class='ocrx_word' id='word_1_272' title='bbox 1281 3763 1404 3844; x_wconf 92' lang='lat' dir='ltr'><strong>possint</strong></span> <span class='ocrx_word' id='word_1_273' title='bbox 1426 3782 1484 3825; x_wconf 93' lang='lat' dir='ltr'><strong>nec</strong></span> <span class='ocrx_word' id='word_1_274' title='bbox 1504 3762 1588 3825; x_wconf 88' lang='lat' dir='ltr'><strong>serre</strong></span> <span class='ocrx_word' id='word_1_275' title='bbox 1609 3784 1701 3847; x_wconf 88' lang='lat' dir='ltr'><strong>prae·</strong></span> 
     </span>
     <span class='ocr_line' id='line_1_28' title="bbox 363 3852 1700 3939; baseline 0.001 -19"><span class='ocrx_word' id='word_1_276' title='bbox 363 3856 474 3920; x_wconf 88' lang='lat' dir='ltr'><strong>sentia.</strong></span> <span class='ocrx_word' id='word_1_277' title='bbox 517 3856 558 3917; x_wconf 89' lang='grc' dir='ltr'><strong>Χ.</strong></span> <span class='ocrx_word' id='word_1_278' title='bbox 582 3856 645 3930; x_wconf 87' lang='lat' dir='ltr'><strong>Qui</strong></span> <span class='ocrx_word' id='word_1_279' title='bbox 669 3874 744 3916; x_wconf 84' lang='lat' dir='ltr'><strong>vero</strong></span> <span class='ocrx_word' id='word_1_280' title='bbox 769 3852 920 3915; x_wconf 88' lang='lat' dir='ltr'><strong>mundum</strong></span> <span class='ocrx_word' id='word_1_281' title='bbox 943 3854 1045 3937; x_wconf 90' lang='lat' dir='ltr'><strong>ipsum</strong></span> <span class='ocrx_word' id='word_1_282' title='bbox 1062 3853 1253 3916; x_wconf 90' lang='lat' dir='ltr'><strong>animantem</strong></span> <span class='ocrx_word' id='word_1_283' title='bbox 1270 3857 1508 3939; x_wconf 89' lang='lat' dir='ltr'><strong>sapientemque</strong></span> <span class='ocrx_word' id='word_1_284' title='bbox 1524 3876 1594 3920; x_wconf 88' lang='lat' dir='ltr'><strong>esse</strong></span> <span class='ocrx_word' id='word_1_285' title='bbox 1609 3856 1700 3921; x_wconf 87' lang='lat' dir='ltr'><strong>dixe·</strong></span> 
     </span>
     <span class='ocr_line' id='line_1_29' title="bbox 363 3947 1700 4033; baseline 0.002 -21"><span class='ocrx_word' id='word_1_286' title='bbox 363 3956 451 4022; x_wconf 89' lang='lat' dir='ltr'><strong>runt,</strong></span> <span class='ocrx_word' id='word_1_287' title='bbox 482 3949 569 4011; x_wconf 92' lang='lat' dir='ltr'><strong>nullo</strong></span> <span class='ocrx_word' id='word_1_288' title='bbox 594 3949 687 4011; x_wconf 92' lang='lat' dir='ltr'><strong>modo</strong></span> <span class='ocrx_word' id='word_1_289' title='bbox 711 3947 874 4020; x_wconf 88' lang='lat' dir='ltr'><strong>viderunt,</strong></span> <span class='ocrx_word' id='word_1_290' title='bbox 902 3948 998 4009; x_wconf 89' lang='lat' dir='ltr'><strong>animi</strong></span> <span class='ocrx_word' id='word_1_291' title='bbox 1023 3954 1134 4009; x_wconf 89' lang='lat' dir='ltr'><strong>natura</strong></span> <span class='ocrx_word' id='word_1_292' title='bbox 1156 3949 1371 4030; x_wconf 87' lang='lat' dir='ltr'><strong>intellegentis</strong></span> <span class='ocrx_word' id='word_1_293' title='bbox 1394 3951 1424 4011; x_wconf 94' lang='lat' dir='ltr'><strong>in</strong></span> <span class='ocrx_word' id='word_1_294' title='bbox 1450 3971 1543 4033; x_wconf 90' lang='lat' dir='ltr'><strong>quam</strong></span> <span class='ocrx_word' id='word_1_295' title='bbox 1566 3951 1700 4033; x_wconf 84' lang='lat' dir='ltr'><strong>figuram</strong></span> 
     </span>
     <span class='ocr_line' id='line_1_30' title="bbox 363 4039 1701 4126; baseline 0.001 -20"><span class='ocrx_word' id='word_1_296' title='bbox 363 4042 477 4107; x_wconf 89' lang='lat' dir='ltr'><strong>cadere</strong></span> <span class='ocrx_word' id='word_1_297' title='bbox 500 4052 625 4125; x_wconf 89' lang='lat' dir='ltr'><strong>posset:</strong></span> <span class='ocrx_word' id='word_1_298' title='bbox 649 4044 688 4104; x_wconf 88' lang='lat' dir='ltr'><strong>de</strong></span> <span class='ocrx_word' id='word_1_299' title='bbox 713 4063 778 4126; x_wconf 92' lang='lat' dir='ltr'><strong>quo</strong></span> <span class='ocrx_word' id='word_1_300' title='bbox 795 4042 896 4105; x_wconf 90' lang='lat' dir='ltr'><strong>dicam</strong></span> <span class='ocrx_word' id='word_1_301' title='bbox 914 4042 1063 4125; x_wconf 92' lang='lat' dir='ltr'><strong>equidem</strong></span> <span class='ocrx_word' id='word_1_302' title='bbox 1087 4041 1182 4123; x_wconf 91' lang='lat' dir='ltr'><strong>paulo</strong></span> <span class='ocrx_word' id='word_1_303' title='bbox 1207 4052 1287 4124; x_wconf 89' lang='lat' dir='ltr'><strong>post.</strong></span> <span class='ocrx_word' id='word_1_304' title='bbox 1324 4039 1375 4105; x_wconf 62' lang='lat' dir='ltr'><strong>dl.</strong></span> <span class='ocrx_word' id='word_1_305' title='bbox 1398 4047 1487 4107; x_wconf 91' lang='lat' dir='ltr'><strong>Nunc</strong></span> <span class='ocrx_word' id='word_1_306' title='bbox 1504 4051 1610 4106; x_wconf 86' lang='lat' dir='ltr'><strong>autem</strong></span> <span class='ocrx_word' id='word_1_307' title='bbox 1625 4044 1701 4108; x_wconf 92' lang='lat' dir='ltr'><strong>bac·</strong></span> 
     </span>
     <span class='ocr_line' id='line_1_31' title="bbox 325 4136 1701 4217; baseline 0.001 -16"><span class='ocrx_word' id='word_1_308' title='bbox 325 4148 474 4202; x_wconf 77' lang='lat' dir='ltr'><strong>tolenus:</strong></span> <span class='ocrx_word' id='word_1_309' title='bbox 498 4138 677 4200; x_wconf 85' lang='lat' dir='ltr'><strong>admirabor</strong></span> <span class='ocrx_word' id='word_1_310' title='bbox 699 4157 808 4199; x_wconf 87' lang='lat' dir='ltr'><strong>eorum</strong></span> <span class='ocrx_word' id='word_1_311' title='bbox 832 4136 1027 4207; x_wconf 89' lang='lat' dir='ltr'><strong>tarditatem,</strong></span> <span class='ocrx_word' id='word_1_312' title='bbox 1052 4136 1107 4217; x_wconf 92' lang='lat' dir='ltr'><strong>qui</strong></span> <span class='ocrx_word' id='word_1_313' title='bbox 1132 4136 1324 4199; x_wconf 85' lang='lat' dir='ltr'><strong>animantem</strong></span> <span class='ocrx_word' id='word_1_314' title='bbox 1347 4139 1544 4201; x_wconf 90' lang='lat' dir='ltr'><strong>inmortalem</strong></span> <span class='ocrx_word' id='word_1_315' title='bbox 1568 4148 1599 4202; x_wconf 91' lang='lat' dir='ltr'><strong>et</strong></span> <span class='ocrx_word' id='word_1_316' title='bbox 1621 4160 1701 4202; x_wconf 92' lang='lat' dir='ltr'><strong>euu-</strong></span> 
     </span>
     <span class='ocr_line' id='line_1_32' title="bbox 364 4229 1701 4315; baseline 0.001 -21"><span class='ocrx_word' id='word_1_317' title='bbox 364 4234 435 4296; x_wconf 93' lang='lat' dir='ltr'><strong>dem</strong></span> <span class='ocrx_word' id='word_1_318' title='bbox 459 4233 582 4293; x_wconf 90' lang='lat' dir='ltr'><strong>beatum</strong></span> <span class='ocrx_word' id='word_1_319' title='bbox 608 4229 775 4292; x_wconf 91' lang='lat' dir='ltr'><strong>rotundum</strong></span> <span class='ocrx_word' id='word_1_320' title='bbox 799 4251 868 4292; x_wconf 87' lang='lat' dir='ltr'><strong>essa</strong></span> <span class='ocrx_word' id='word_1_321' title='bbox 892 4230 1004 4302; x_wconf 87' lang='lat' dir='ltr'><strong>velint,</strong></span> <span class='ocrx_word' id='word_1_322' title='bbox 1028 4229 1113 4311; x_wconf 91' lang='lat' dir='ltr'><strong>quod</strong></span> <span class='ocrx_word' id='word_1_323' title='bbox 1139 4249 1175 4292; x_wconf 88' lang='lat' dir='ltr'><strong>ea</strong></span> <span class='ocrx_word' id='word_1_324' title='bbox 1200 4230 1299 4292; x_wconf 80' lang='lat' dir='ltr'><strong>forma</strong></span> <span class='ocrx_word' id='word_1_325' title='bbox 1315 4240 1408 4313; x_wconf 85' lang='lat' dir='ltr'><strong>neget</strong></span> <span class='ocrx_word' id='word_1_326' title='bbox 1424 4232 1519 4294; x_wconf 91' lang='lat' dir='ltr'><strong>ullam</strong></span> <span class='ocrx_word' id='word_1_327' title='bbox 1536 4253 1605 4295; x_wconf 88' lang='lat' dir='ltr'><strong>esse</strong></span> <span class='ocrx_word' id='word_1_328' title='bbox 1629 4233 1701 4315; x_wconf 91' lang='lat' dir='ltr'><strong>pul·</strong></span> 
     </span>
     <span class='ocr_line' id='line_1_33' title="bbox 363 4324 1700 4409; baseline 0.001 -20"><span class='ocrx_word' id='word_1_329' title='bbox 363 4326 517 4389; x_wconf 91' lang='lat' dir='ltr'><strong>ebriorem</strong></span> <span class='ocrx_word' id='word_1_330' title='bbox 542 4326 639 4386; x_wconf 88' lang='lat' dir='ltr'><strong>Plato.</strong></span> <span class='ocrx_word' id='word_1_331' title='bbox 675 4329 713 4385; x_wconf 62' lang='lat' dir='ltr'><strong>tlt</strong></span> <span class='ocrx_word' id='word_1_332' title='bbox 736 4324 812 4386; x_wconf 90' lang='lat' dir='ltr'><strong>mibi</strong></span> <span class='ocrx_word' id='word_1_333' title='bbox 837 4325 884 4385; x_wconf 91' lang='lat' dir='ltr'><strong>vel</strong></span> <span class='ocrx_word' id='word_1_334' title='bbox 909 4324 1042 4407; x_wconf 83' lang='lat' dir='ltr'><strong>cylindri</strong></span> <span class='ocrx_word' id='word_1_335' title='bbox 1060 4326 1109 4385; x_wconf 84' lang='lat' dir='ltr'><strong>vel</strong></span> <span class='ocrx_word' id='word_1_336' title='bbox 1128 4324 1274 4406; x_wconf 89' lang='lat' dir='ltr'><strong>quadrati</strong></span> <span class='ocrx_word' id='word_1_337' title='bbox 1293 4325 1341 4386; x_wconf 87' lang='lat' dir='ltr'><strong>vel</strong></span> <span class='ocrx_word' id='word_1_338' title='bbox 1366 4327 1437 4388; x_wconf 91' lang='lat' dir='ltr'><strong>coni</strong></span> <span class='ocrx_word' id='word_1_339' title='bbox 1456 4327 1502 4387; x_wconf 88' lang='lat' dir='ltr'><strong>vel</strong></span> <span class='ocrx_word' id='word_1_340' title='bbox 1527 4327 1700 4409; x_wconf 77' lang='lat' dir='ltr'><strong>pyramidis</strong></span> 
     </span>
     <span class='ocr_line' id='line_1_34' title="bbox 363 4418 1700 4504; baseline 0 -22"><span class='ocrx_word' id='word_1_341' title='bbox 363 4421 487 4482; x_wconf 87' lang='lat' dir='ltr'><strong>videtur</strong></span> <span class='ocrx_word' id='word_1_342' title='bbox 509 4440 578 4481; x_wconf 85' lang='lat' dir='ltr'><strong>esse</strong></span> <span class='ocrx_word' id='word_1_343' title='bbox 601 4418 779 4479; x_wconf 83' lang='lat' dir='ltr'><strong>formosior.</strong></span> <span class='ocrx_word' id='word_1_344' title='bbox 815 4418 903 4492; x_wconf 86' lang='lat' dir='ltr'><strong>Quae</strong></span> <span class='ocrx_word' id='word_1_345' title='bbox 920 4439 994 4480; x_wconf 88' lang='lat' dir='ltr'><strong>vero</strong></span> <span class='ocrx_word' id='word_1_346' title='bbox 1012 4420 1074 4479; x_wconf 84' lang='lat' dir='ltr'><strong>vita</strong></span> <span class='ocrx_word' id='word_1_347' title='bbox 1091 4419 1236 4479; x_wconf 87' lang='lat' dir='ltr'><strong>tribuitur</strong></span> <span class='ocrx_word' id='word_1_348' title='bbox 1252 4419 1302 4479; x_wconf 89' lang='lat' dir='ltr'><strong>isti</strong></span> <span class='ocrx_word' id='word_1_349' title='bbox 1320 4419 1457 4481; x_wconf 90' lang='lat' dir='ltr'><strong>rotundo</strong></span> <span class='ocrx_word' id='word_1_350' title='bbox 1474 4421 1557 4481; x_wconf 85' lang='lat' dir='ltr'><strong>deo‘l</strong></span> <span class='ocrx_word' id='word_1_351' title='bbox 1582 4422 1700 4504; x_wconf 87' lang='lat' dir='ltr'><strong>Nempe</strong></span> 
     </span>
     <span class='ocr_line' id='line_1_35' title="bbox 363 4512 1699 4596; baseline 0 -20"><span class='ocrx_word' id='word_1_352' title='bbox 363 4522 398 4576; x_wconf 89' lang='lat' dir='ltr'><strong>ut</strong></span> <span class='ocrx_word' id='word_1_353' title='bbox 420 4533 457 4574; x_wconf 91' lang='lat' dir='ltr'><strong>ea</strong></span> <span class='ocrx_word' id='word_1_354' title='bbox 479 4513 637 4574; x_wconf 88' lang='lat' dir='ltr'><strong>celeritate</strong></span> <span class='ocrx_word' id='word_1_355' title='bbox 661 4522 927 4593; x_wconf 87' lang='lat' dir='ltr'><strong>contorqueatur,</strong></span> <span class='ocrx_word' id='word_1_356' title='bbox 955 4514 1005 4574; x_wconf 92' lang='lat' dir='ltr'><strong>cni</strong></span> <span class='ocrx_word' id='word_1_357' title='bbox 1029 4533 1084 4595; x_wconf 86' lang='lat' dir='ltr'><strong>par</strong></span> <span class='ocrx_word' id='word_1_358' title='bbox 1107 4512 1192 4573; x_wconf 88' lang='lat' dir='ltr'><strong>nulla</strong></span> <span class='ocrx_word' id='word_1_359' title='bbox 1215 4533 1255 4573; x_wconf 90' lang='lat' dir='ltr'><strong>ne</strong></span> <span class='ocrx_word' id='word_1_360' title='bbox 1279 4515 1409 4593; x_wconf 88' lang='lat' dir='ltr'><strong>cogitari</strong></span> <span class='ocrx_word' id='word_1_361' title='bbox 1433 4514 1560 4596; x_wconf 92' lang='lat' dir='ltr'><strong>quidem</strong></span> <span class='ocrx_word' id='word_1_362' title='bbox 1584 4513 1699 4596; x_wconf 82' lang='lat' dir='ltr'><strong>possit3</strong></span> 
     </span>
     <span class='ocr_line' id='line_1_36' title="bbox 325 4606 1700 4691; baseline 0.004 -26"><span class='ocrx_word' id='word_1_363' title='bbox 325 4608 398 4670; x_wconf 82' lang='lat' dir='ltr'><strong>sain</strong></span> <span class='ocrx_word' id='word_1_364' title='bbox 421 4628 484 4691; x_wconf 86' lang='lat' dir='ltr'><strong>qna</strong></span> <span class='ocrx_word' id='word_1_365' title='bbox 512 4626 576 4668; x_wconf 93' lang='lat' dir='ltr'><strong>non</strong></span> <span class='ocrx_word' id='word_1_366' title='bbox 602 4607 693 4668; x_wconf 85' lang='lat' dir='ltr'><strong>video</strong></span> <span class='ocrx_word' id='word_1_367' title='bbox 723 4607 852 4668; x_wconf 88' lang='lat' dir='ltr'><strong>ubinam</strong></span> <span class='ocrx_word' id='word_1_368' title='bbox 883 4627 972 4668; x_wconf 87' lang='lat' dir='ltr'><strong>mens</strong></span> <span class='ocrx_word' id='word_1_369' title='bbox 995 4613 1144 4666; x_wconf 83' lang='lat' dir='ltr'><strong>constans</strong></span> <span class='ocrx_word' id='word_1_370' title='bbox 1168 4612 1198 4665; x_wconf 90' lang='lat' dir='ltr'><strong>et</strong></span> <span class='ocrx_word' id='word_1_371' title='bbox 1221 4606 1284 4667; x_wconf 90' lang='lat' dir='ltr'><strong>vita</strong></span> <span class='ocrx_word' id='word_1_372' title='bbox 1306 4607 1397 4668; x_wconf 91' lang='lat' dir='ltr'><strong>beata</strong></span> <span class='ocrx_word' id='word_1_373' title='bbox 1420 4610 1521 4689; x_wconf 87' lang='lat' dir='ltr'><strong>possit</strong></span> <span class='ocrx_word' id='word_1_374' title='bbox 1543 4609 1700 4670; x_wconf 85' lang='lat' dir='ltr'><strong>insistere.</strong></span> 
     </span>
     <span class='ocr_line' id='line_1_37' title="bbox 365 4699 1701 4783; baseline 0.003 -19"><span class='ocrx_word' id='word_1_375' title='bbox 365 4701 524 4783; x_wconf 87' lang='lat' dir='ltr'><strong>Quodque</strong></span> <span class='ocrx_word' id='word_1_376' title='bbox 546 4703 578 4763; x_wconf 93' lang='lat' dir='ltr'><strong>in</strong></span> <span class='ocrx_word' id='word_1_377' title='bbox 600 4710 707 4762; x_wconf 90' lang='lat' dir='ltr'><strong>nostro</strong></span> <span class='ocrx_word' id='word_1_378' title='bbox 730 4720 878 4782; x_wconf 89' lang='lat' dir='ltr'><strong>corpore,</strong></span> <span class='ocrx_word' id='word_1_379' title='bbox 902 4703 927 4762; x_wconf 93' lang='lat' dir='ltr'><strong>si</strong></span> <span class='ocrx_word' id='word_1_380' title='bbox 952 4699 1080 4761; x_wconf 87' lang='lat' dir='ltr'><strong>minima</strong></span> <span class='ocrx_word' id='word_1_381' title='bbox 1097 4719 1137 4761; x_wconf 82' lang='lat' dir='ltr'><strong>ex</strong></span> <span class='ocrx_word' id='word_1_382' title='bbox 1158 4711 1244 4781; x_wconf 89' lang='lat' dir='ltr'><strong>parte</strong></span> <span class='ocrx_word' id='word_1_383' title='bbox 1261 4701 1283 4781; x_wconf 84' lang='lat'><em>†</em></span> <span class='ocrx_word' id='word_1_384' title='bbox 1303 4702 1508 4782; x_wconf 85' lang='lat' dir='ltr'><strong>significetur,</strong></span> <span class='ocrx_word' id='word_1_385' title='bbox 1531 4704 1701 4768; x_wconf 91' lang='lat' dir='ltr'><strong>molestum</strong></span> 
     </span>
     <span class='ocr_line' id='line_1_38' title="bbox 364 4793 1700 4879; baseline 0.001 -21"><span class='ocrx_word' id='word_1_386' title='bbox 364 4796 420 4869; x_wconf 87' lang='lat' dir='ltr'><strong>sit,</strong></span> <span class='ocrx_word' id='word_1_387' title='bbox 443 4816 499 4857; x_wconf 90' lang='lat' dir='ltr'><strong>cur</strong></span> <span class='ocrx_word' id='word_1_388' title='bbox 521 4795 581 4856; x_wconf 88' lang='lat' dir='ltr'><strong>boo</strong></span> <span class='ocrx_word' id='word_1_389' title='bbox 604 4793 688 4856; x_wconf 90' lang='lat' dir='ltr'><strong>idem</strong></span> <span class='ocrx_word' id='word_1_390' title='bbox 712 4814 775 4856; x_wconf 93' lang='lat' dir='ltr'><strong>nou</strong></span> <span class='ocrx_word' id='word_1_391' title='bbox 798 4794 952 4856; x_wconf 88' lang='lat' dir='ltr'><strong>habeatur</strong></span> <span class='ocrx_word' id='word_1_392' title='bbox 974 4793 1141 4855; x_wconf 91' lang='lat' dir='ltr'><strong>molestum</strong></span> <span class='ocrx_word' id='word_1_393' title='bbox 1166 4794 1197 4855; x_wconf 92' lang='lat' dir='ltr'><strong>in</strong></span> <span class='ocrx_word' id='word_1_394' title='bbox 1214 4796 1298 4858; x_wconf 85' lang='lat' dir='ltr'><strong>deo‘i</strong></span> <span class='ocrx_word' id='word_1_395' title='bbox 1320 4798 1416 4859; x_wconf 89' lang='lat' dir='ltr'><strong>Terra</strong></span> <span class='ocrx_word' id='word_1_396' title='bbox 1440 4798 1523 4858; x_wconf 92' lang='lat' dir='ltr'><strong>enim</strong></span> <span class='ocrx_word' id='word_1_397' title='bbox 1546 4796 1700 4879; x_wconf 83' lang='lat' dir='ltr'><strong>proiecto,</strong></span> 
     </span>
     <span class='ocr_line' id='line_1_39' title="bbox 364 4887 1701 4973; baseline 0.001 -22"><span class='ocrx_word' id='word_1_398' title='bbox 364 4890 512 4973; x_wconf 92' lang='lat' dir='ltr'><strong>quoniam</strong></span> <span class='ocrx_word' id='word_1_399' title='bbox 546 4889 654 4950; x_wconf 93' lang='lat' dir='ltr'><strong>mundi</strong></span> <span class='ocrx_word' id='word_1_400' title='bbox 684 4908 756 4970; x_wconf 89' lang='lat' dir='ltr'><strong>pars</strong></span> <span class='ocrx_word' id='word_1_401' title='bbox 785 4895 847 4959; x_wconf 90' lang='lat' dir='ltr'><strong>est,</strong></span> <span class='ocrx_word' id='word_1_402' title='bbox 881 4907 952 4969; x_wconf 89' lang='lat' dir='ltr'><strong>pars</strong></span> <span class='ocrx_word' id='word_1_403' title='bbox 984 4895 1032 4949; x_wconf 90' lang='lat' dir='ltr'><strong>est</strong></span> <span class='ocrx_word' id='word_1_404' title='bbox 1061 4887 1155 4949; x_wconf 91' lang='lat' dir='ltr'><strong>etiam</strong></span> <span class='ocrx_word' id='word_1_405' title='bbox 1184 4887 1247 4951; x_wconf 88' lang='lat' dir='ltr'><strong>dei.</strong></span> <span class='ocrx_word' id='word_1_406' title='bbox 1292 4890 1388 4971; x_wconf 78' lang='lat' dir='ltr'><strong>Atqui</strong></span> <span class='ocrx_word' id='word_1_407' title='bbox 1412 4898 1513 4952; x_wconf 91' lang='lat' dir='ltr'><strong>terrae</strong></span> <span class='ocrx_word' id='word_1_408' title='bbox 1536 4910 1701 4954; x_wconf 88' lang='lat' dir='ltr'><strong>maxumas</strong></span> 
     </span>
    </p>
   </div>
   <div class='ocr_carea' id='block_1_3' title="bbox 363 5128 1702 6007">
    <p class='ocr_par' dir='ltr' id='par_1_3' title="bbox 363 5128 1702 6007">
     <span class='ocr_line' id='line_1_40' title="bbox 430 5128 1699 5192; baseline 0.002 -13"><span class='ocrx_word' id='word_1_409' title='bbox 430 5131 454 5180; x_wconf 87' lang='lat' dir='ltr'><strong>l.</strong></span> <span class='ocrx_word' id='word_1_410' title='bbox 473 5130 675 5192; x_wconf 74' lang='lat' dir='ltr'><strong>dissignationem</strong></span> <span class='ocrx_word' id='word_1_411' title='bbox 694 5130 742 5177; x_wconf 81' lang='lat' dir='ltr'><strong>att</strong></span> <span class='ocrx_word' id='word_1_412' title='bbox 763 5154 787 5164; x_wconf 91' lang='lat'><em>-</em></span> <span class='ocrx_word' id='word_1_413' title='bbox 808 5129 831 5176; x_wconf 75' lang='lat' dir='ltr'><strong>i.</strong></span> <span class='ocrx_word' id='word_1_414' title='bbox 851 5128 936 5189; x_wconf 68' lang='lat' dir='ltr'><strong>secuit</strong></span> <span class='ocrx_word' id='word_1_415' title='bbox 953 5142 1022 5177; x_wconf 88' lang='lat' dir='ltr'><strong>corr.</strong></span> <span class='ocrx_word' id='word_1_416' title='bbox 1043 5142 1073 5177; x_wconf 79' lang='lat' dir='ltr'><strong>es</strong></span> <span class='ocrx_word' id='word_1_417' title='bbox 1091 5129 1181 5189; x_wconf 71' lang='lat' dir='ltr'><strong>faciti</strong></span> <span class='ocrx_word' id='word_1_418' title='bbox 1198 5157 1224 5166; x_wconf 93' lang='lat'><em>-</em></span> <span class='ocrx_word' id='word_1_419' title='bbox 1243 5129 1266 5180; x_wconf 83' lang='lat' dir='ltr'><strong>l.</strong></span> <span class='ocrx_word' id='word_1_420' title='bbox 1286 5130 1368 5179; x_wconf 82' lang='lat' dir='ltr'><strong>saeclo</strong></span> <span class='ocrx_word' id='word_1_421' title='bbox 1386 5132 1444 5191; x_wconf 77' lang='lat' dir='ltr'><strong>tter)</strong></span> <span class='ocrx_word' id='word_1_422' title='bbox 1463 5131 1562 5181; x_wconf 77' lang='lat' dir='ltr'><strong>atie:</strong></span> <span class='ocrx_word' id='word_1_423' title='bbox 1581 5133 1648 5181; x_wconf 78' lang='lat' dir='ltr'><strong>seclo</strong></span> <span class='ocrx_word' id='word_1_424' title='bbox 1665 5132 1699 5188; x_wconf 70' lang='lat' dir='ltr'><strong>a:</strong></span> 
     </span>
     <span class='ocr_line' id='line_1_41' title="bbox 363 5203 1699 5268; baseline 0.002 -14"><span class='ocrx_word' id='word_1_425' title='bbox 363 5205 448 5255; x_wconf 84' lang='lat' dir='ltr'><strong>secuta</strong></span> <span class='ocrx_word' id='word_1_426' title='bbox 465 5205 484 5252; x_wconf 96' lang='lat'>0</span> <span class='ocrx_word' id='word_1_427' title='bbox 505 5231 531 5240; x_wconf 93' lang='lat'>-</span> <span class='ocrx_word' id='word_1_428' title='bbox 551 5204 575 5253; x_wconf 79' lang='lat'><strong>7.</strong></span> <span class='ocrx_word' id='word_1_429' title='bbox 594 5217 644 5251; x_wconf 87' lang='lat' dir='ltr'><strong>non</strong></span> <span class='ocrx_word' id='word_1_430' title='bbox 663 5205 740 5263; x_wconf 84' lang='lat' dir='ltr'><strong>(corr.</strong></span> <span class='ocrx_word' id='word_1_431' title='bbox 762 5204 786 5252; x_wconf 90' lang='lat' dir='ltr'><strong>in</strong></span> <span class='ocrx_word' id='word_1_432' title='bbox 806 5205 865 5261; x_wconf 73' lang='lat' dir='ltr'><strong>nont</strong></span> <span class='ocrx_word' id='word_1_433' title='bbox 883 5203 964 5263; x_wconf 80' lang='lat' dir='ltr'><strong>snteor</strong></span> <span class='ocrx_word' id='word_1_434' title='bbox 982 5207 1017 5259; x_wconf 74' lang='lat' dir='ltr'><strong>a3</strong></span> <span class='ocrx_word' id='word_1_435' title='bbox 1037 5203 1070 5253; x_wconf 87' lang='lat' dir='ltr'><strong>ct.</strong></span> <span class='ocrx_word' id='word_1_436' title='bbox 1084 5217 1100 5250; x_wconf 85' lang='lat' dir='ltr'>v</span> <span class='ocrx_word' id='word_1_437' title='bbox 1124 5205 1164 5253; x_wconf 84' lang='lat'><strong>35.</strong></span> <span class='ocrx_word' id='word_1_438' title='bbox 1183 5231 1209 5241; x_wconf 89' lang='lat'><em>-</em></span> <span class='ocrx_word' id='word_1_439' title='bbox 1230 5206 1253 5254; x_wconf 86' lang='lat'><strong>8.</strong></span> <span class='ocrx_word' id='word_1_440' title='bbox 1273 5212 1411 5265; x_wconf 85' lang='lat' dir='ltr'><strong>temporum</strong></span> <span class='ocrx_word' id='word_1_441' title='bbox 1428 5206 1657 5268; x_wconf 83' lang='lat' dir='ltr'><strong>circumscriptioO</strong></span> <span class='ocrx_word' id='word_1_442' title='bbox 1672 5233 1699 5243; x_wconf 95' lang='lat'><em>-</em></span> 
     </span>
     <span class='ocr_line' id='line_1_42' title="bbox 364 5276 1699 5343; baseline 0.001 -14"><span class='ocrx_word' id='word_1_443' title='bbox 364 5281 388 5329; x_wconf 77' lang='grc'><strong>9.</strong></span> <span class='ocrx_word' id='word_1_444' title='bbox 402 5294 452 5328; x_wconf 80' lang='lat' dir='ltr'><strong>non</strong></span> <span class='ocrx_word' id='word_1_445' title='bbox 464 5278 541 5327; x_wconf 87' lang='lat' dir='ltr'><strong>codd.</strong></span> <span class='ocrx_word' id='word_1_446' title='bbox 556 5277 644 5327; x_wconf 88' lang='lat' dir='ltr'><strong>multi:</strong></span> <span class='ocrx_word' id='word_1_447' title='bbox 664 5292 717 5328; x_wconf 85' lang='lat' dir='ltr'><strong>orn.</strong></span> <span class='ocrx_word' id='word_1_448' title='bbox 732 5276 800 5331; x_wconf 77' lang='lat' dir='ltr'><strong>ao:</strong></span> <span class='ocrx_word' id='word_1_449' title='bbox 819 5277 866 5326; x_wconf 86' lang='lat' dir='ltr'><strong>sed</strong></span> <span class='ocrx_word' id='word_1_450' title='bbox 881 5290 906 5324; x_wconf 88' lang='lat' dir='ltr'><strong>v.</strong></span> <span class='ocrx_word' id='word_1_451' title='bbox 921 5279 1136 5328; x_wconf 86' lang='lat' dir='ltr'><strong>Schoomannum</strong></span> <span class='ocrx_word' id='word_1_452' title='bbox 1150 5280 1215 5328; x_wconf 66' lang='lat' dir='ltr'><strong>Diss,</strong></span> <span class='ocrx_word' id='word_1_453' title='bbox 1231 5281 1250 5328; x_wconf 94' lang='lat' dir='ltr'><strong>ll</strong></span> <span class='ocrx_word' id='word_1_454' title='bbox 1271 5294 1294 5343; x_wconf 89' lang='lat' dir='ltr'><strong>p.</strong></span> <span class='ocrx_word' id='word_1_455' title='bbox 1310 5281 1377 5342; x_wconf 78' lang='lat' dir='ltr'><strong>iisq.</strong></span> <span class='ocrx_word' id='word_1_456' title='bbox 1395 5307 1421 5317; x_wconf 85' lang='lat'>-</span> <span class='ocrx_word' id='word_1_457' title='bbox 1436 5282 1476 5330; x_wconf 85' lang='lat' dir='ltr'><strong>ts.</strong></span> <span class='ocrx_word' id='word_1_458' title='bbox 1489 5294 1601 5341; x_wconf 83' lang='lat' dir='ltr'><strong>pronoen</strong></span> <span class='ocrx_word' id='word_1_459' title='bbox 1613 5278 1657 5331; x_wconf 75' lang='lat' dir='ltr'><strong>ao</strong></span> <span class='ocrx_word' id='word_1_460' title='bbox 1672 5308 1699 5318; x_wconf 92' lang='lat'><em>-</em></span> 
     </span>
     <span class='ocr_line' id='line_1_43' title="bbox 365 5352 1701 5418; baseline 0.001 -14"><span class='ocrx_word' id='word_1_461' title='bbox 365 5354 405 5404; x_wconf 85' lang='grc'><strong>43.</strong></span> <span class='ocrx_word' id='word_1_462' title='bbox 418 5356 515 5403; x_wconf 81' lang='lat' dir='ltr'><strong>numini</strong></span> <span class='ocrx_word' id='word_1_463' title='bbox 524 5366 592 5401; x_wconf 92' lang='lat' dir='ltr'><strong>corr.</strong></span> <span class='ocrx_word' id='word_1_464' title='bbox 608 5367 639 5402; x_wconf 79' lang='lat' dir='ltr'><strong>es</strong></span> <span class='ocrx_word' id='word_1_465' title='bbox 650 5353 744 5402; x_wconf 84' lang='lat' dir='ltr'><strong>nomini</strong></span> <span class='ocrx_word' id='word_1_466' title='bbox 757 5354 774 5400; x_wconf 88' lang='lat' dir='ltr'>B</span> <span class='ocrx_word' id='word_1_467' title='bbox 789 5379 811 5387; x_wconf 94' lang='lat'>-</span> <span class='ocrx_word' id='word_1_468' title='bbox 823 5354 854 5401; x_wconf 78' lang='lat' dir='ltr'><strong>so</strong></span> <span class='ocrx_word' id='word_1_469' title='bbox 876 5352 1053 5413; x_wconf 83' lang='lat' dir='ltr'><strong>Sopientumns</strong></span> <span class='ocrx_word' id='word_1_470' title='bbox 1062 5354 1087 5402; x_wconf 86' lang='lat'>0</span> <span class='ocrx_word' id='word_1_471' title='bbox 1097 5380 1121 5389; x_wconf 92' lang='lat'>—</span> <span class='ocrx_word' id='word_1_472' title='bbox 1134 5354 1174 5402; x_wconf 67' lang='lat' dir='ltr'><strong>at.</strong></span> <span class='ocrx_word' id='word_1_473' title='bbox 1185 5354 1263 5416; x_wconf 69' lang='lat' dir='ltr'><strong>igitur</strong></span> <span class='ocrx_word' id='word_1_474' title='bbox 1275 5353 1297 5405; x_wconf 81' lang='lat' dir='ltr'><strong>ot</strong></span> <span class='ocrx_word' id='word_1_475' title='bbox 1310 5369 1315 5403; x_wconf 97' lang='lat'><strong>:</strong></span> <span class='ocrx_word' id='word_1_476' title='bbox 1329 5370 1388 5418; x_wconf 75' lang='lat' dir='ltr'><strong>erqo</strong></span> <span class='ocrx_word' id='word_1_477' title='bbox 1402 5356 1421 5404; x_wconf 89' lang='lat'>0</span> <span class='ocrx_word' id='word_1_478' title='bbox 1434 5380 1461 5390; x_wconf 90' lang='lat'><em>-</em></span> <span class='ocrx_word' id='word_1_479' title='bbox 1475 5355 1640 5416; x_wconf 73' lang='lat' dir='ltr'><strong>soeturerum</strong></span> <span class='ocrx_word' id='word_1_480' title='bbox 1653 5356 1701 5405; x_wconf 85' lang='lat' dir='ltr'><strong>EO</strong></span> 
     </span>
     <span class='ocr_line' id='line_1_44' title="bbox 367 5427 1702 5492; baseline 0.001 -15"><span class='ocrx_word' id='word_1_481' title='bbox 367 5456 393 5468; x_wconf 92' lang='lat'>-</span> <span class='ocrx_word' id='word_1_482' title='bbox 414 5430 454 5479; x_wconf 76' lang='grc'><strong>33.</strong></span> <span class='ocrx_word' id='word_1_483' title='bbox 474 5428 565 5476; x_wconf 85' lang='lat' dir='ltr'><strong>dubuio</strong></span> <span class='ocrx_word' id='word_1_484' title='bbox 583 5430 603 5476; x_wconf 83' lang='lat' dir='ltr'><strong>a</strong></span> <span class='ocrx_word' id='word_1_485' title='bbox 623 5454 650 5463; x_wconf 96' lang='lat'>-</span> <span class='ocrx_word' id='word_1_486' title='bbox 669 5428 709 5477; x_wconf 72' lang='lat'><strong>28.</strong></span> <span class='ocrx_word' id='word_1_487' title='bbox 728 5427 807 5475; x_wconf 77' lang='lat' dir='ltr'><strong>namsi</strong></span> <span class='ocrx_word' id='word_1_488' title='bbox 823 5432 918 5474; x_wconf 82' lang='lat' dir='ltr'><strong>notura</strong></span> <span class='ocrx_word' id='word_1_489' title='bbox 936 5428 1095 5488; x_wconf 76' lang='lat' dir='ltr'><strong>intelligentis</strong></span> <span class='ocrx_word' id='word_1_490' title='bbox 1112 5431 1146 5477; x_wconf 80' lang='lat' dir='ltr'><strong>A:</strong></span> <span class='ocrx_word' id='word_1_491' title='bbox 1169 5431 1248 5477; x_wconf 82' lang='lat' dir='ltr'><strong>enimi</strong></span> <span class='ocrx_word' id='word_1_492' title='bbox 1265 5427 1368 5479; x_wconf 81' lang='lat' dir='ltr'><strong>notarri.</strong></span> <span class='ocrx_word' id='word_1_493' title='bbox 1388 5431 1551 5492; x_wconf 75' lang='lat' dir='ltr'><strong>intellegenter</strong></span> <span class='ocrx_word' id='word_1_494' title='bbox 1568 5431 1602 5485; x_wconf 83' lang='lat' dir='ltr'><strong>B;</strong></span> <span class='ocrx_word' id='word_1_495' title='bbox 1621 5432 1702 5479; x_wconf 77' lang='lat' dir='ltr'><strong>enirm</strong></span> 
     </span>
     <span class='ocr_line' id='line_1_45' title="bbox 364 5503 1702 5567; baseline -0.001 -12"><span class='ocrx_word' id='word_1_496' title='bbox 364 5503 460 5556; x_wconf 76' lang='lat' dir='ltr'><strong>notorii</strong></span> <span class='ocrx_word' id='word_1_497' title='bbox 477 5504 638 5565; x_wconf 79' lang='lat' dir='ltr'><strong>intellegentis</strong></span> <span class='ocrx_word' id='word_1_498' title='bbox 661 5504 697 5556; x_wconf 73' lang='lat' dir='ltr'><strong>C:</strong></span> <span class='ocrx_word' id='word_1_499' title='bbox 722 5504 800 5550; x_wconf 87' lang='lat' dir='ltr'><strong>animi</strong></span> <span class='ocrx_word' id='word_1_500' title='bbox 816 5508 938 5551; x_wconf 86' lang='lat' dir='ltr'><strong>naturum</strong></span> <span class='ocrx_word' id='word_1_501' title='bbox 956 5503 1116 5565; x_wconf 77' lang='lat' dir='ltr'><strong>intelligentes</strong></span> <span class='ocrx_word' id='word_1_502' title='bbox 1133 5503 1152 5551; x_wconf 87' lang='lat' dir='ltr'>E</span> <span class='ocrx_word' id='word_1_503' title='bbox 1166 5519 1171 5559; x_wconf 88' lang='lat'>;</span> <span class='ocrx_word' id='word_1_504' title='bbox 1195 5506 1275 5552; x_wconf 85' lang='lat' dir='ltr'><strong>animi</strong></span> <span class='ocrx_word' id='word_1_505' title='bbox 1291 5511 1386 5552; x_wconf 81' lang='lat' dir='ltr'><strong>notura</strong></span> <span class='ocrx_word' id='word_1_506' title='bbox 1402 5510 1426 5553; x_wconf 89' lang='lat' dir='ltr'><strong>et</strong></span> <span class='ocrx_word' id='word_1_507' title='bbox 1443 5506 1606 5567; x_wconf 80' lang='lat' dir='ltr'><strong>inteliiqentio</strong></span> <span class='ocrx_word' id='word_1_508' title='bbox 1623 5504 1702 5554; x_wconf 83' lang='lat' dir='ltr'><strong>Etob-</strong></span> 
     </span>
     <span class='ocr_line' id='line_1_46' title="bbox 365 5577 1698 5641; baseline -0.005 -9"><span class='ocrx_word' id='word_1_509' title='bbox 365 5582 475 5633; x_wconf 90' lang='lat' dir='ltr'><strong>stadius.</strong></span> <span class='ocrx_word' id='word_1_510' title='bbox 495 5580 533 5631; x_wconf 82' lang='lat' dir='ltr'><strong>ct.</strong></span> <span class='ocrx_word' id='word_1_511' title='bbox 550 5579 663 5629; x_wconf 85' lang='lat' dir='ltr'><strong>Dtetricir</strong></span> <span class='ocrx_word' id='word_1_512' title='bbox 681 5577 697 5627; x_wconf 94' lang='grc' dir='ltr'><strong>Ι.</strong></span> <span class='ocrx_word' id='word_1_513' title='bbox 712 5577 728 5628; x_wconf 90' lang='grc' dir='ltr'><strong>Ι,</strong></span> <span class='ocrx_word' id='word_1_514' title='bbox 748 5592 773 5641; x_wconf 82' lang='grc' dir='ltr'><strong>ρ.</strong></span> <span class='ocrx_word' id='word_1_515' title='bbox 787 5580 814 5626; x_wconf 79' lang='lat' dir='ltr'><strong>ot</strong></span> <span class='ocrx_word' id='word_1_516' title='bbox 832 5591 872 5641; x_wconf 91' lang='lat' dir='ltr'><strong>sq.</strong></span> <span class='ocrx_word' id='word_1_517' title='bbox 890 5602 915 5614; x_wconf 92' lang='lat'>-</span> <span class='ocrx_word' id='word_1_518' title='bbox 937 5578 976 5626; x_wconf 75' lang='lat' dir='ltr'><strong>aa.</strong></span> <span class='ocrx_word' id='word_1_519' title='bbox 995 5580 1072 5638; x_wconf 85' lang='lat' dir='ltr'><strong>pessit</strong></span> <span class='ocrx_word' id='word_1_520' title='bbox 1089 5579 1108 5627; x_wconf 88' lang='lat' dir='ltr'>C</span> <span class='ocrx_word' id='word_1_521' title='bbox 1124 5605 1149 5616; x_wconf 90' lang='lat'>-</span> <span class='ocrx_word' id='word_1_522' title='bbox 1171 5579 1305 5626; x_wconf 72' lang='lat' dir='ltr'><strong>hactenus:</strong></span> <span class='ocrx_word' id='word_1_523' title='bbox 1324 5578 1471 5627; x_wconf 82' lang='lat' dir='ltr'><strong>admirabor</strong></span> <span class='ocrx_word' id='word_1_524' title='bbox 1483 5579 1698 5628; x_wconf 85' lang='lat' dir='ltr'><strong>Schoemaunus:</strong></span> 
     </span>
     <span class='ocr_line' id='line_1_47' title="bbox 364 5652 1701 5717; baseline -0.001 -11"><span class='ocrx_word' id='word_1_525' title='bbox 364 5661 482 5707; x_wconf 82' lang='lat' dir='ltr'><strong>trectenus</strong></span> <span class='ocrx_word' id='word_1_526' title='bbox 501 5656 648 5706; x_wconf 82' lang='lat' dir='ltr'><strong>admirabor</strong></span> <span class='ocrx_word' id='word_1_527' title='bbox 669 5656 689 5704; x_wconf 95' lang='lat'>0</span> <span class='ocrx_word' id='word_1_528' title='bbox 710 5680 738 5691; x_wconf 90' lang='lat'>-</span> <span class='ocrx_word' id='word_1_529' title='bbox 765 5654 805 5703; x_wconf 83' lang='grc'><strong>31.</strong></span> <span class='ocrx_word' id='word_1_530' title='bbox 828 5655 907 5703; x_wconf 68' lang='lat' dir='ltr'><strong>mium</strong></span> <span class='ocrx_word' id='word_1_531' title='bbox 924 5655 1032 5714; x_wconf 79' lang='lat' dir='ltr'><strong>uegeto</strong></span> <span class='ocrx_word' id='word_1_532' title='bbox 1053 5680 1078 5690; x_wconf 93' lang='lat'><em>-</em></span> <span class='ocrx_word' id='word_1_533' title='bbox 1107 5654 1147 5702; x_wconf 76' lang='lat'><strong>32.</strong></span> <span class='ocrx_word' id='word_1_534' title='bbox 1163 5655 1308 5715; x_wconf 80' lang='lat' dir='ltr'><strong>pyramides</strong></span> <span class='ocrx_word' id='word_1_535' title='bbox 1326 5652 1382 5704; x_wconf 82' lang='lat' dir='ltr'><strong>ntt¹</strong></span> <span class='ocrx_word' id='word_1_536' title='bbox 1401 5681 1428 5692; x_wconf 93' lang='lat'><em>-</em></span> <span class='ocrx_word' id='word_1_537' title='bbox 1448 5654 1488 5705; x_wconf 84' lang='lat' dir='ltr'><strong>at.</strong></span> <span class='ocrx_word' id='word_1_538' title='bbox 1508 5656 1619 5717; x_wconf 79' lang='lat' dir='ltr'><strong>cogitare</strong></span> <span class='ocrx_word' id='word_1_539' title='bbox 1637 5655 1655 5704; x_wconf 90' lang='lat' dir='ltr'><strong>B</strong></span> <span class='ocrx_word' id='word_1_540' title='bbox 1674 5659 1701 5705; x_wconf 87' lang='lat' dir='ltr'><strong>et</strong></span> 
     </span>
     <span class='ocr_line' id='line_1_48' title="bbox 366 5728 1699 5797; baseline -0.002 -14"><span class='ocrx_word' id='word_1_541' title='bbox 366 5735 445 5796; x_wconf 80' lang='lat' dir='ltr'><strong>(corr.</strong></span> <span class='ocrx_word' id='word_1_542' title='bbox 459 5735 484 5783; x_wconf 90' lang='lat' dir='ltr'><strong>in</strong></span> <span class='ocrx_word' id='word_1_543' title='bbox 496 5733 645 5797; x_wconf 76' lang='lat' dir='ltr'><strong>cogitatiln</strong></span> <span class='ocrx_word' id='word_1_544' title='bbox 664 5757 691 5766; x_wconf 97' lang='lat'>-</span> <span class='ocrx_word' id='word_1_545' title='bbox 710 5730 750 5779; x_wconf 79' lang='grc'><strong>33.</strong></span> <span class='ocrx_word' id='word_1_546' title='bbox 769 5729 871 5778; x_wconf 82' lang='lat' dir='ltr'><strong>ubinam</strong></span> <span class='ocrx_word' id='word_1_547' title='bbox 889 5732 926 5778; x_wconf 87' lang='lat' dir='ltr'><strong>C:</strong></span> <span class='ocrx_word' id='word_1_548' title='bbox 945 5728 1040 5776; x_wconf 76' lang='lat' dir='ltr'><strong>anison</strong></span> <span class='ocrx_word' id='word_1_549' title='bbox 1058 5731 1094 5786; x_wconf 84' lang='lat' dir='ltr'><strong>tt;</strong></span> <span class='ocrx_word' id='word_1_550' title='bbox 1113 5728 1204 5778; x_wconf 80' lang='lat' dir='ltr'><strong>utinen</strong></span> <span class='ocrx_word' id='word_1_551' title='bbox 1223 5729 1323 5793; x_wconf 67' lang='lat' dir='ltr'><strong>(litteris</strong></span> <span class='ocrx_word' id='word_1_552' title='bbox 1341 5743 1390 5779; x_wconf 84' lang='lat' dir='ltr'><strong>non</strong></span> <span class='ocrx_word' id='word_1_553' title='bbox 1403 5731 1550 5794; x_wconf 83' lang='lat' dir='ltr'><strong>expunctis)</strong></span> <span class='ocrx_word' id='word_1_554' title='bbox 1563 5729 1598 5786; x_wconf 83' lang='lat' dir='ltr'><strong>a;</strong></span> <span class='ocrx_word' id='word_1_555' title='bbox 1616 5729 1659 5778; x_wconf 89' lang='lat' dir='ltr'><strong>ubi</strong></span> <span class='ocrx_word' id='word_1_556' title='bbox 1671 5730 1699 5781; x_wconf 84' lang='lat' dir='ltr'><strong>E.</strong></span> 
     </span>
     <span class='ocr_line' id='line_1_49' title="bbox 366 5804 1700 5868; baseline -0.003 -11"><span class='ocrx_word' id='word_1_557' title='bbox 366 5808 405 5857; x_wconf 87' lang='lat' dir='ltr'><strong>ct.</strong></span> <span class='ocrx_word' id='word_1_558' title='bbox 424 5822 450 5856; x_wconf 85' lang='lat' dir='ltr'><strong>v.</strong></span> <span class='ocrx_word' id='word_1_559' title='bbox 469 5809 493 5857; x_wconf 78' lang='grc' dir='ltr'><strong>Ἰ.</strong></span> <span class='ocrx_word' id='word_1_560' title='bbox 517 5834 541 5845; x_wconf 89' lang='grc'><strong>-</strong></span> <span class='ocrx_word' id='word_1_561' title='bbox 566 5809 687 5856; x_wconf 80' lang='lat' dir='ltr'><strong>insistere.</strong></span> <span class='ocrx_word' id='word_1_562' title='bbox 712 5807 831 5868; x_wconf 81' lang='lat' dir='ltr'><strong>Quodque</strong></span> <span class='ocrx_word' id='word_1_563' title='bbox 849 5804 952 5866; x_wconf 78' lang='lat' dir='ltr'><strong>iladvig</strong></span> <span class='ocrx_word' id='word_1_564' title='bbox 971 5804 1012 5861; x_wconf 81' lang='lat' dir='ltr'><strong>tad</strong></span> <span class='ocrx_word' id='word_1_565' title='bbox 1032 5805 1085 5852; x_wconf 86' lang='lat' dir='ltr'><strong>Cic.</strong></span> <span class='ocrx_word' id='word_1_566' title='bbox 1106 5804 1140 5853; x_wconf 87' lang='lat' dir='ltr'><strong>de</strong></span> <span class='ocrx_word' id='word_1_567' title='bbox 1159 5805 1231 5854; x_wconf 83' lang='lat' dir='ltr'><strong>Finn.</strong></span> <span class='ocrx_word' id='word_1_568' title='bbox 1252 5818 1277 5868; x_wconf 92' lang='lat' dir='ltr'><strong>p.</strong></span> <span class='ocrx_word' id='word_1_569' title='bbox 1298 5804 1372 5864; x_wconf 71' lang='lat' dir='ltr'><strong>libi:</strong></span> <span class='ocrx_word' id='word_1_570' title='bbox 1398 5805 1525 5854; x_wconf 81' lang='lat' dir='ltr'><strong>insistens:</strong></span> <span class='ocrx_word' id='word_1_571' title='bbox 1547 5805 1662 5866; x_wconf 80' lang='lat' dir='ltr'><strong>quodque</strong></span> <span class='ocrx_word' id='word_1_572' title='bbox 1680 5805 1700 5853; x_wconf 94' lang='lat'>0</span> 
     </span>
     <span class='ocr_line' id='line_1_50' title="bbox 369 5878 1702 5946; baseline -0.001 -17"><span class='ocrx_word' id='word_1_573' title='bbox 369 5906 393 5918; x_wconf 94' lang='lat'>-</span> <span class='ocrx_word' id='word_1_574' title='bbox 415 5881 455 5929; x_wconf 83' lang='lat' dir='ltr'><strong>ee.</strong></span> <span class='ocrx_word' id='word_1_575' title='bbox 474 5882 628 5946; x_wconf 68' lang='lat' dir='ltr'><strong>significetur</strong></span> <span class='ocrx_word' id='word_1_576' title='bbox 643 5878 683 5931; x_wconf 75' lang='lat' dir='ltr'><strong>ii:</strong></span> <span class='ocrx_word' id='word_1_577' title='bbox 706 5882 741 5930; x_wconf 79' lang='lat' dir='ltr'><strong>sic</strong></span> <span class='ocrx_word' id='word_1_578' title='bbox 762 5881 878 5928; x_wconf 81' lang='lat' dir='ltr'><strong>incitetur</strong></span> <span class='ocrx_word' id='word_1_579' title='bbox 900 5881 1088 5931; x_wconf 83' lang='lat' dir='ltr'><strong>Lachmannus</strong></span> <span class='ocrx_word' id='word_1_580' title='bbox 1105 5880 1139 5931; x_wconf 94' lang='lat' dir='ltr'><strong>ad</strong></span> <span class='ocrx_word' id='word_1_581' title='bbox 1158 5882 1261 5931; x_wconf 81' lang='lat' dir='ltr'><strong>lucret.</strong></span> <span class='ocrx_word' id='word_1_582' title='bbox 1281 5894 1307 5945; x_wconf 89' lang='lat' dir='ltr'><strong>p.</strong></span> <span class='ocrx_word' id='word_1_583' title='bbox 1321 5881 1383 5940; x_wconf 75' lang='grc' dir='ltr'><strong>331ς</strong></span> <span class='ocrx_word' id='word_1_584' title='bbox 1402 5882 1438 5931; x_wconf 84' lang='lat' dir='ltr'><strong>sic</strong></span> <span class='ocrx_word' id='word_1_585' title='bbox 1454 5881 1584 5945; x_wconf 64' lang='lat' dir='ltr'><strong>otpoiotur</strong></span> <span class='ocrx_word' id='word_1_586' title='bbox 1600 5879 1702 5930; x_wconf 85' lang='lat' dir='ltr'><strong>Sebos-</strong></span> 
     </span>
     <span class='ocr_line' id='line_1_51' title="bbox 367 5968 969 6007; baseline -0.002 -1"><span class='ocrx_word' id='word_1_587' title='bbox 367 5968 490 6007; x_wconf 87' lang='lat' dir='ltr'><strong>mannus.</strong></span> <span class='ocrx_word' id='word_1_588' title='bbox 967 5989 969 5993; x_wconf 31' lang='grc' dir='ltr'><em>ψ</em></span> 
     </span>
    </p>
   </div>
   <div class='ocr_carea' id='block_1_4' title="bbox 0 0 2188 7459">
    <p class='ocr_par' dir='ltr' id='par_1_4' title="bbox 0 0 2188 7459">
     <span class='ocr_line' id='line_1_52' title="bbox 0 0 2188 7459; baseline 0 0"><span class='ocrx_word' id='word_1_589' title='bbox 0 0 2188 7459; x_wconf 95' lang='lat' dir='ltr'><strong> </strong></span> 
     </span>
    </p>
   </div>
  </div>
 </body>
</html>
