4342 7459
705 1255 774 1320 Lrs.
795 1255 851 1319 ΠΙ.
883 1254 956 1319 Car.
979 1256 1176 1321 Vll-VIII.
1207 1254 1253 1341 §S
1276 1253 1422 1320 ll—l8.
1675 1251 1732 1319 28l
1820 1268 1822 1271 ’

410 1434 479 1479 mus
502 1434 569 1477 non
590 1422 639 1478 est
659 1421 753 1497 aptus
775 1414 814 1478 ad
837 1414 1074 1498 exsequendum
1097 1435 1211 1479 munus
1232 1436 1334 1479 suum.
1373 1419 1488 1480 Munus
1509 1423 1614 1480 autem
1637 1417 1736 1480 animi

410 1514 460 1571 est
489 1507 614 1570 ratione
641 1508 722 1572 bene
749 1508 795 1570 uti
825 1516 856 1570 et
884 1508 1038 1589 sapientis
1066 1511 1189 1572 animus
1216 1510 1259 1572 ita
1288 1530 1411 1593 semper
1440 1510 1581 1575 adfectus
1610 1516 1674 1584 est,
1700 1519 1736 1573 ut

408 1600 534 1663 ntione
563 1601 680 1682 optime
706 1608 829 1674 utatur;
858 1621 1029 1683 numquam
1059 1602 1231 1683 igiturest
1259 1604 1467 1685 perturbatus.
1504 1606 1544 1666 At
1571 1602 1734 1685 aegritudo

409 1693 606 1776 perturbatio
629 1701 677 1757 est
697 1695 812 1768 animi3
837 1714 962 1775 semper
984 1696 1081 1777 igitur
1102 1715 1140 1758 ea
1161 1697 1287 1779 sapiens
1309 1696 1442 1759 vacabit.

473 1787 557 1848 Vlll.
573 1782 624 1848 46.
644 1787 718 1849 Veri
734 1788 829 1850 etiam
845 1787 948 1850 simile
962 1789 1039 1851 illud
1057 1797 1115 1863 est,
1130 1791 1184 1872 qui
1199 1791 1239 1852 sit
1253 1798 1443 1872 temperans,
1459 1827 1498 1837 —
1516 1812 1609 1874 quem
1623 1791 1760 1854 Graecis

409 1880 572 1963 σώφρονα
600 1881 760 1964 appellant
790 1901 925 1963 eamque
955 1884 1101 1944 virtutem
1131 1884 1349 1965 σωφροσύνην
1371 1894 1502 1959 vocant,
1531 1905 1625 1967 quam
1648 1884 1734 1946 soleo

409 1978 557 2060 equidem
579 1984 644 2038 tom
661 1976 914 2058 temperantiam,
938 1984 1004 2037 tam
1021 1978 1269 2041 moderationem
1285 1979 1460 2061 appellare,
1483 1997 1735 2062 nonnumquam

408 2071 503 2135 etiam
534 2069 738 2143 modestiam,
768 2068 823 2131 sed
853 2068 936 2131 haud
960 2071 1025 2132 seio
1047 2090 1088 2133 an
1111 2080 1194 2134 reete
1217 2092 1255 2134 ea
1277 2074 1374 2136 virtus
1397 2073 1560 2155 frugalitas
1583 2068 1736 2152 appellari

409 2166 524 2249 possit,
548 2163 635 2247 quod
658 2164 822 2245 angustius
845 2163 928 2244 apud
953 2164 1090 2227 Graecos
1111 2167 1210 2240 valet,
1234 2168 1287 2249 qui
1303 2167 1385 2248 frugi
1399 2168 1544 2230 homines
1558 2176 1737 2247 χρησίμους

409 2258 584 2341 appellant,
606 2256 639 2319 id
662 2265 709 2319 est
732 2265 849 2319 tantum
871 2258 964 2320 modo
980 2259 1083 2333 utilis;
1107 2268 1139 2322 at
1160 2260 1237 2322 illud
1253 2271 1300 2323 est
1315 2261 1426 2335 latius;
1449 2262 1552 2324 omnis
1568 2260 1651 2323 eninr
1667 2260 1775 2322 alis-¹⁰

409 2352 555 2422 tinentia,
578 2352 680 2413 omnis
703 2352 898 2425 innocentia,
914 2386 949 2397 -
969 2373 1053 2434 qaae
1068 2354 1151 2434 apud
1167 2354 1305 2417 Graecos
1321 2355 1468 2417 usitatum
1482 2374 1598 2417 nomen
1613 2352 1736 2415 nullum

409 2446 521 2517 habet,
550 2442 607 2507 sed
635 2444 751 2507 habere
781 2454 887 2526 potest
908 2446 1110 2525 ἀβλάβειανι
1141 2468 1212 2510 nam
1236 2459 1284 2511 est
1306 2448 1483 2511 innocentia
1506 2447 1643 2510 adfectio
1666 2445 1738 2507 talis

409 2540 516 2613 animi,
539 2558 621 2620 quae
643 2546 754 2601 noceat
776 2541 895 2602 nemini
910 2574 961 2612 -,
983 2540 1121 2623 reliquas
1145 2542 1238 2604 etiam
1255 2543 1386 2605 virtutes
1409 2540 1571 2622 frugalitas
1586 2540 1736 2602 continet.

410 2635 499 2711 Quae
528 2633 590 2695 nisi
617 2639 702 2694 tanta
725 2640 810 2694 esset
832 2641 864 2695 et
886 2633 912 2694 si
935 2633 972 2695 iis
994 2635 1166 2715 angustiis,
1195 2636 1310 2718 quibus
1333 2634 1478 2718 plerique
1500 2640 1626 2716 putant,
1649 2640 1738 2694 tene·

408 2739 511 2803 retur,
525 2745 698 2809 numquam
713 2733 799 2788 esset
814 2727 848 2787 L.
866 2726 987 2789 Pisonis
1003 2746 1178 2809 cognomen
1194 2736 1283 2791 tanto
1299 2748 1396 2810 opere
1414 2726 1583 2790 laudatum.
1607 2721 1657 2788 47.
1673 2725 1735 2788 Sed
1746 2737 1774 2782 tt

409 2824 483 2907 qnia
505 2840 566 2885 uec
589 2820 643 2901 qui
666 2827 795 2901 propter
818 2828 934 2882 metum
952 2821 1144 2901 praesidium
1164 2822 1307 2905 reliquit,
1331 2822 1415 2905 quod
1433 2830 1481 2885 est
1495 2822 1656 2903 ignaviae,
1679 2840 1737 2884 nec

409 2918 465 3001 qui
486 2921 617 2998 propter
637 2913 800 2975 avaritiam
823 2913 901 2975 clam
925 2914 1106 2995 depositum
1121 2937 1184 2978 non
1200 2915 1353 2989 reddidit,
1377 2917 1462 2999 quod
1480 2923 1529 2977 est
1550 2914 1736 2986 iniustitiae,

408 3028 466 3073 nec
488 3008 544 3092 qui
567 3015 696 3090 propter
715 3008 924 3070 temeritatem
934 2993 1025 3071 'male
1047 3030 1115 3072 rem
1134 3012 1247 3091 gessit,
1271 3011 1355 3091 quod
1376 3017 1425 3071 est
1446 3009 1611 3082 stultitiae,
1634 3007 1736 3088 frugi

408 3102 563 3185 appellari
593 3101 691 3176 solet,
722 3122 760 3164 eo
787 3103 844 3163 tris
875 3103 1023 3176 virtutes,
1056 3104 1290 3175 fortitudinem,
1323 3102 1490 3176 iustitiam,
1524 3102 1736 3184 prudentiam,

406 3196 573 3279 frugalitm
607 3196 773 3278 complexa
806 3203 869 3258 est:
899 3228 940 3242 -
970 3198 1028 3259 etsi
1057 3198 1117 3260 lroc
1146 3197 1274 3280 quidem
1302 3216 1470 3258 commune
1500 3204 1548 3258 est
1569 3196 1774 3268 virtutum320

409 3311 518 3354 onnes
541 3291 625 3352 enim
649 3291 731 3352 inter
752 3310 786 3353 se
810 3311 911 3353 nexae
928 3301 959 3353 et
977 3292 1102 3372 iugatae
1118 3299 1208 3353 sunt:
1230 3324 1272 3333 —
1290 3290 1413 3372 reliqua
1429 3289 1604 3370 igiturest,
1627 3298 1737 3372 quarta

407 3385 508 3448 virtus
539 3393 575 3446 ut
601 3384 642 3445 sit
672 3384 755 3465 ipsa,
786 3382 959 3465 frugalitas.
997 3386 1074 3448 Eius
1106 3385 1187 3448 enim
1212 3382 1427 3446 videturesse
1449 3386 1610 3466 proprium
1634 3390 1737 3445 motus

408 3480 503 3542 ammi
535 3478 714 3559 adpetentis
745 3498 854 3560 regere
877 3489 909 3541 et
930 3479 1041 3542 sedare
1064 3498 1253 3560 semperque
1272 3476 1491 3541 adversantem
1522 3477 1642 3540 libidini
1672 3496 1738 3539 mo·

408 3571 547 3635 deratam
570 3572 603 3633 in
626 3573 712 3634 omni
736 3592 769 3633 re
792 3592 916 3635 servare
939 3573 1164 3636 constantiam:
1188 3573 1238 3634 cui
1263 3573 1453 3635 eontrarium
1469 3573 1581 3636 vitium
1597 3572 1737 3656 nequitia

409 3666 532 3728 dicitur.
564 3660 615 3727 48.
632 3665 871 3748 frugalitas,
889 3676 923 3728 ut
938 3670 1062 3749 opinor,
1078 3686 1096 3728 a
1111 3665 1237 3747 fruge,
1252 3685 1316 3749 qua
1332 3665 1411 3728 nihil
1427 3666 1540 3729 melius
1554 3674 1596 3728 est
1612 3686 1629 3727 e
1646 3673 1775 3737 terrant

409 3760 594 3844 nequitia
616 3761 655 3822 ab
678 3780 716 3822 eo
738 3792 779 3806 -
800 3760 859 3822 etsi
875 3761 934 3822 erit
947 3761 1008 3823 lroc
1023 3762 1157 3823 fortasse
1175 3761 1301 3834 durius,
1325 3761 1381 3822 sed
1397 3770 1601 3844 temptemus;
1623 3760 1736 3822 lusisse

411 3859 572 3935 putemur,
596 3855 622 3917 si
646 3853 724 3916 nihil
747 3854 789 3915 sit
809 3884 866 3927 -,
889 3855 929 3915 ab
953 3876 1002 3927 eo,
1025 3852 1111 3938 quod
1135 3856 1393 3937 nequicquam
1411 3855 1506 3916 estin
1524 3855 1575 3917 lali
1592 3854 1735 3915 homine:

412 3967 450 4011 ex
472 3969 537 4031 quo
560 3949 643 4011 idem
672 3948 797 4012 nihili
825 3950 950 4012 dicitur.
996 3948 1057 4023 Qui
1087 3949 1128 4011 sit
1154 3948 1234 4029 frugi
1265 3948 1361 4029 igitur
1382 3947 1448 4020 vel,
1475 3948 1501 4010 si
1525 3948 1639 4021 mavis,
1670 3966 1737 4009 mo·

472 4217 493 4265 l.
513 4216 553 4280 Al]
572 4217 606 4265 ad
624 4217 653 4263 G¹
674 4244 698 4251 -
726 4218 747 4265 d.
770 4217 843 4280 illud]
866 4218 900 4264 iili
919 4221 947 4265 Gt
971 4245 993 4251 —
1022 4219 1059 4264 40.
1079 4218 1113 4263 ad
1131 4219 1159 4263 Gt
1181 4243 1204 4249 -
1232 4214 1267 4264 44.
1289 4216 1362 4263 silis
1380 4217 1398 4263 C
1425 4243 1448 4253 -
1477 4217 1515 4264 46.
1533 4216 1651 4277 relinquit
1669 4216 1687 4263 C
1708 4242 1733 4250 -

415 4293 441 4340 l'l
467 4293 570 4353 depositi
588 4293 648 4340 G-
671 4291 709 4339 49.
729 4306 805 4351 eoque
821 4295 867 4340 tris
884 4291 1004 4341 Bakall
1029 4306 1053 4353 p.
1069 4293 1108 4338 90.
1126 4317 1152 4326 -
1173 4291 1212 4338 id.
1231 4290 1275 4337 lioc
1293 4291 1390 4349 quidem
1409 4296 1443 4338 est
1459 4304 1587 4339 commune
1603 4293 1737 4346 uirtutum·

415 4378 489 4415 otum
503 4367 570 4415 enim
586 4367 652 4413 inter
668 4379 692 4412 sa
703 4368 804 4428 iuqatae
815 4374 870 4413 sunt
884 4368 980 4415 Nonius
994 4380 1017 4428 p.
1034 4367 1072 4414 44.
1091 4393 1116 4401 -
1130 4368 1170 4413 tl.
1190 4367 1268 4412 amnis
1286 4366 1335 4414 Gli
1357 4392 1380 4399 -
1402 4367 1500 4427 reliqua
1517 4368 1595 4428 iqitar
1611 4371 1635 4413 et
1645 4371 1738 4426 quarta

417 4442 472 4496 em
494 4443 593 4503 reliqua
615 4442 695 4502 igitur
715 4446 749 4488 est
772 4446 794 4488 et
815 4448 907 4501 quarta
926 4443 958 4493 B;
983 4442 1108 4499 reliquum
1125 4441 1203 4502 iqitur
1220 4448 1268 4500 est,
1295 4447 1388 4501 quarta
1406 4442 1439 4497 0;
1463 4443 1622 4502 relinquitur,
1645 4447 1738 4502 quarta

418 4515 477 4566 iaie
494 4517 511 4566 l.
525 4517 541 4566 l
556 4531 581 4580 p.
597 4517 636 4564 90.
654 4542 677 4551 -
700 4516 739 4564 23.
760 4521 899 4576 appetentes
916 4518 934 4563 0
950 4542 975 4549 -
996 4529 1090 4576 semper
1107 4529 1171 4578 qnae
1188 4514 1246 4565 Gll¹
1260 4542 1285 4550 -
1307 4523 1465 4565 auersantem
1477 4519 1526 4566 Gll
1542 4545 1567 4553 -
1587 4519 1627 4565 25.
1647 4522 1680 4565 est
1693 4517 1734 4564 W:

421 4602 462 4638 on.
481 4592 537 4640 CO.
567 4605 638 4652 aqua
660 4589 720 4637 nihil
742 4591 943 4639 melinseterra
961 4591 1142 4653 Archetypus,
1169 4592 1210 4639 vix
1234 4593 1315 4638 recte.
1346 4593 1372 4639 ln
1392 4591 1498 4640 relativa
1517 4593 1645 4641 sententia
1662 4592 1738 4652 poeta

422 4666 514 4724 quidam
532 4668 556 4724 l,
577 4668 623 4715 405
641 4667 728 4713 omisit
745 4679 812 4722 suin,
833 4668 925 4714 cicero
943 4668 984 4714 vir
1004 4680 1130 4727 umquam
1150 4679 1182 4714 ne
1201 4667 1355 4727 estquidam
1369 4671 1414 4715 aut
1431 4674 1494 4715 sunt.
1516 4669 1568 4730 Ego
1584 4667 1622 4715 sic
1634 4664 1734 4715 scribo:

423 4751 500 4797 man.
517 4757 549 4791 m.
569 4748 604 4789 est
621 4746 732 4791 eterra:
757 4741 788 4789 cl.
810 4745 823 4803 g·
842 4743 881 4789 Ξῖ.
903 4742 942 4796 144,
962 4742 1019 4789 82.»
1041 4769 1067 4778 -
1095 4742 1132 4789 iit,
1153 4742 1239 4788 iusisse
1256 4742 1289 4795 li;
1313 4743 1411 4791 iussisse
1428 4744 1476 4792 GB
1502 4769 1528 4777 —
1556 4743 1595 4790 ti.
1614 4740 1651 4789 nil
1668 4742 1688 4789 G
1707 4765 1733 4775 -

424 4813 454 4861 44.
470 4818 536 4865 snut
552 4816 597 4865 13¹:
619 4816 681 4863 ninii
703 4816 827 4863 G²RBO.
852 4818 946 4864 ulter-te
965 4817 1084 4864 Moseros
1103 4829 1133 4863 er
1154 4816 1196 4872 G¹,
1220 4816 1289 4867 aliis.
1315 4818 1428 4864 restituit
1445 4818 1529 4876 nihili,
1553 4814 1623 4878 quod
1643 4827 1735 4863 verum

426 4896 472 4936 esse
488 4903 546 4940 cum
565 4905 596 4940 ea
617 4890 738 4940 Plautinis
758 4891 820 4939 locis
840 4891 944 4951 (Pseud.
965 4892 1006 4949 tv,
1026 4892 1050 4947 l,
1071 4891 1109 4939 23.
1131 4892 1200 4938 Asin.
1222 4893 1251 4945 ll.
1271 4891 1294 4946 3.
1315 4892 1355 4939 te.
1372 4891 1395 4950 4,
1410 4893 1449 4940 66,
1470 4894 1548 4941 sticn.
1565 4893 1587 4948 4,
1602 4892 1626 4949 3,
1639 4890 1678 4939 35.
1693 4889 1736 4950 al.)

427 4956 568 5026 intelligitur.
595 4967 651 5012 tour
676 4978 706 5012 er
730 4965 854 5013 Varronis
877 4965 909 5012 de
931 4967 955 5013 L.
978 4967 1002 5014 L.
1022 4966 1052 5023 X,
1072 4968 1087 5014 5
1106 4967 1219 5028 (Spengl
1244 4973 1270 5013 ut
1294 4980 1365 5026 mm,
1393 4980 1464 5029 quem
1479 4975 1597 5028 putamus
1613 4978 1663 5014 esse
1680 4980 1737 5013 iton

426 5028 483 5093 lili,
504 5041 607 5087 animas
628 5041 740 5096 nihili,
764 5041 813 5097 sic,
839 5042 864 5088 in
883 5053 932 5102 qao
952 5046 1071 5101 putamus
1088 5055 1137 5087 asse
1153 5042 1333 5100 nequicquam,
1358 5044 1463 5090 dicimus
1480 5055 1621 5103 nequam:
1649 5054 1736 5102 neque

427 5110 482 5160 enim
503 5117 555 5163 veri
578 5113 663 5163 simile
689 5120 729 5162 est
747 5116 881 5163 Ciceronis
900 5119 926 5163 et
946 5116 1068 5164 Varronis
1085 5119 1172 5164 aetate
1190 5121 1332 5179 utrumque
1351 5120 1432 5178 (torno
1449 5119 1518 5167 444444
1536 5120 1563 5167 el
1578 5118 1649 5165 leina
1664 5115 1738 5186 ninii)

427 5188 494 5245 teque
510 5193 635 5244 usitatum
654 5191 687 5237 ita
707 5189 800 5242 luisse.
826 5194 853 5237 ut
876 5192 900 5237 in
925 5190 1019 5239 eadem
1044 5193 1176 5240 notatione
1195 5192 1261 5241 alter
1278 5193 1390 5242 alterum
1410 5194 1535 5256 posuerit.
1554 5192 1593 5241 nd
1610 5192 1671 5240 nitit
1688 5192 1737 5241 de-

428 5252 568 5315 tendendum
587 5264 698 5313 Orellius
717 5264 805 5314 laudat
825 5268 865 5321 lll,
884 5266 914 5313 77
934 5266 999 5327 (eam
1017 5268 1097 5314 ttlllt'l
1113 5268 1246 5317 taminia
1263 5269 1336 5329 esse),
1363 5270 1407 5332 qui
1425 5269 1498 5319 locus
1515 5268 1548 5317 ad
1567 5269 1635 5318 lianc
1654 5281 1736 5329 quae-

427 5330 519 5389 stionem
542 5352 623 5402 quarn
647 5353 697 5388 non
722 5343 865 5403 pertineat,
894 5340 955 5389 ninii
974 5354 1041 5403 opus
1060 5346 1099 5390 est
1118 5341 1230 5400 docere,
1252 5344 1291 5399 lv,
1312 5343 1342 5392 il
1362 5344 1403 5392 ‘de
1421 5356 1474 5406 quo
1492 5342 1550 5391 loco
1568 5356 1647 5406 supra
1665 5343 1698 5391 ad
1717 5345 1735 5400 l,

429 5400 451 5451 44
464 5410 528 5474 diri),
547 5428 573 5478 p.
593 5416 677 5463 Sestio
695 5415 709 5476 S
729 5415 788 5471 444,
809 5415 852 5463 ulii
872 5416 993 5463 Matthiae
1012 5418 1069 5465 sine
1087 5416 1168 5466 dubio
1187 5421 1259 5466 recte
1272 5432 1302 5466 en
1318 5419 1455 5467 Hotomani
1469 5419 1618 5467 coniectura
1631 5418 1736 5477 scripsit

427 5486 566 5544 “piam-
578 5491 648 5539 4444444
667 5491 767 5551 (Cicero
786 5495 831 5539 aut
848 5492 961 5553 genitivo
980 5492 1061 5539 utitor
1077 5496 1123 5540 eat
1140 5494 1282 5554 pronihilo
1300 5492 1369 5552 dictu
1387 5500 1500 5553 putaret,
1520 5492 1552 5549 ad
1571 5492 1600 5551 Q.
1621 5492 1651 5540 fr.
1671 5492 1691 5549 i,
1709 5492 1733 5547 2,

429 5549 463 5603 ll:
478 5562 529 5612 Noli
544 5573 670 5626 spectare,
690 5569 797 5627 quanti
815 5568 886 5613 nomo
903 5568 948 5621 sit,¹
967 5568 1062 5627 parui
1079 5568 1144 5615 enim
1159 5569 1257 5627 pretii
1274 5572 1323 5626 est,
1342 5569 1384 5626 qui
1402 5569 1453 5616 iam
1470 5566 1552 5615 ntntt
1568 5568 1611 5625 sit,
1630 5564 1675 5612 ubi
1695 5563 1734 5613 vel

428 5618 484 5685 lutus
499 5640 640 5690 verborum
658 5640 789 5698 eundem,
809 5642 853 5704 qui
872 5645 932 5690 ante
951 5640 991 5690 bis
1010 5642 1110 5703 positus
1129 5644 1183 5699 est,
1204 5654 1294 5690 casum
1313 5643 1430 5703 requirit,
1457 5642 1541 5703 [rViliili
1559 5641 1610 5689 iarn
1630 5637 1735 5687 Lanibi-

429 5709 466 5755 tm
479 5717 586 5778 scripsit.
615 5716 689 5775 sithi,
709 5717 833 5778 quoniam
853 5717 1036 5766 coniunctivus
1054 5715 1166 5765 causalis
1185 5717 1274 5778 (nmio,
1293 5730 1349 5763 cuin
1362 5717 1391 5778 is)
1411 5730 1461 5765 non
1481 5715 1560 5764 modo
1575 5727 1626 5762 non
1640 5727 1735 5763 neces-

429 5784 496 5836 “nas
517 5793 571 5848 est,
596 5791 644 5839 sed
667 5792 754 5840 minus
777 5797 854 5855 aptas
878 5805 957 5854 quam
982 5792 1137 5841 indicativus
1155 5791 1200 5852 (is,
1220 5792 1285 5852 qui),
1312 5791 1404 5839 nililsit
1422 5805 1452 5840 er
1471 5792 1576 5851 antiqua
1595 5790 1733 5851 scriptura,

430 5856 487 5911 cum
502 5865 560 5914 cod.
574 5867 723 5926 llediceus,
744 5868 838 5915 harum
857 5865 1026 5930 epistolarum
1039 5867 1209 5930 archetypus,
1222 5863 1302 5915 multa
1316 5865 1396 5914 habet
1408 5865 1516 5926 vestigia
1529 5865 1569 5926 (cf.
1584 5864 1734 5915 Emendatt.

430 5936 450 5989 l·
465 5936 498 5987 ta.
516 5939 547 5989 95
565 5953 625 6004 sqq.
647 5942 717 6004 itt),
741 5943 834 5991 nihilist
851 5944 941 5991 natum
959 5955 1018 5991 esse
1037 5940 1149 5991 videtur.
1173 5942 1213 5992 Aa
1229 5942 1306 5991 Attio.
1326 5942 1349 6001 l,
1369 5940 1408 6001 49,
1427 5938 1450 6001 i,
1469 5938 1515 5989 ubi
1532 5936 1610 6003 vulgo
1626 5938 1733 6005 legitur:
