4342 7459
472 1208 535 1277 did
1053 1210 1223 1276 statuis

473 1370 637 1437 eiusdemi
679 1371 791 1453 Neque
813 1369 896 1433 euim
919 1376 992 1432 sunt
1013 1369 1065 1433 isti
1089 1369 1250 1444 audiendi,
1273 1372 1328 1454 qui
1350 1372 1497 1436 virtutem
1520 1370 1633 1436 duram
1654 1379 1689 1437 et
1709 1373 1802 1458 qussi

471 1465 606 1532 sermm
633 1485 702 1530 esse
730 1463 888 1547 quandam
915 1463 1046 1527 volunt:
1079 1484 1163 1547 quae
1190 1465 1320 1547 quidem
1348 1474 1398 1529 est
1422 1486 1494 1529 cum
1517 1466 1626 1530 multis
1648 1467 1683 1530 in
1703 1467 1801 1532 rebus

472 1567 540 1624 tum
560 1561 593 1622 in
614 1558 754 1622 amicitie
775 1565 884 1621 tenera
905 1566 1000 1641 atque
1023 1557 1210 1633 tractabilis,
1232 1567 1269 1621 ut
1289 1567 1322 1622 et
1342 1560 1434 1623 bonis
1455 1560 1546 1624 unici
1570 1561 1661 1643 quasi
1683 1560 1801 1624 didun-

472 1653 577 1737 datur
593 1660 626 1716 ct
652 1651 862 1717 incommodis
890 1651 1105 1715 contrahatur.
1150 1653 1404 1727 Quamobrem
1433 1673 1532 1737 ungor
1557 1655 1635 1729 iste,
1661 1655 1719 1739 qui
1741 1673 1799 1739 pre

400 1773 411 1800 ·
448 1748 572 1812 aamico
593 1765 689 1829 saepe
711 1745 887 1830 capiendus
909 1753 972 1819 est,
993 1765 1056 1809 non
1079 1754 1202 1809 tantum
1224 1746 1319 1820 valet,
1341 1756 1378 1811 ut
1399 1748 1489 1811 tollat
1503 1768 1522 1812 e
1536 1749 1601 1812 vita
1615 1748 1801 1826 amicitiam,

469 1860 534 1908 non
556 1839 628 1923 plur
650 1858 746 1922 quam
768 1846 804 1902 ut
823 1839 970 1913 virtutes,
993 1839 1154 1922 quianon
1178 1840 1282 1904 nullas
1304 1860 1395 1905 curas
1417 1850 1450 1905 et
1465 1842 1628 1907 molestias
1641 1840 1800 1916 adierunt,

468 1933 683 2017 repudientur.

552 2026 637 2090 xw.
660 2025 738 2090 Cum
759 2034 866 2092 autem
889 2026 1055 2091 contrahat
1075 2026 1263 2103 amicitiam,
1286 2036 1321 2091 ut
1342 2049 1438 2112 supra
1460 2028 1545 2103 dixi,
1566 2030 1594 2094 si
1615 2051 1680 2114 qna
1701 2031 1800 2114 signi·

468 2115 574 2188 ficatio
595 2120 718 2185 virtutis
739 2120 880 2193 eluceat,
901 2122 942 2184 ad
965 2140 1058 2204 quam
1082 2142 1117 2185 se
1139 2122 1254 2186 similia
1275 2123 1400 2186 animus
1422 2122 1562 2205 adplicet
1583 2134 1616 2187 et
1636 2123 1799 2207 adiungat,

431 2230 459 2278 to
468 2210 501 2282 id
523 2234 596 2279 cum
618 2214 793 2297 contingit,
814 2234 904 2288 amor
926 2216 1089 2278 exoriatur
1109 2235 1242 2280 necesse
1264 2224 1323 2279 est.
1364 2213 1417 2279 to.
1441 2217 1525 2291 Quid
1550 2217 1635 2281 cuim
1657 2225 1722 2282 tam
1743 2217 1800 2281 rb·

467 2309 599 2372 surdum
620 2327 716 2392 quam
737 2307 889 2372 delectari
911 2310 1018 2373 multis
1040 2308 1187 2372 inanibus
1208 2310 1322 2383 rebus,
1352 2317 1387 2372 ut
1407 2310 1545 2384 honore,
1568 2319 1603 2375 ut
1623 2309 1742 2394 gloria
1763 2316 1800 2374 ut

467 2399 628 2476 aedilicio,
658 2409 694 2466 ut
720 2402 836 2467 vestitu
864 2402 1018 2486 cultuque
1040 2403 1201 2484 corporis,
1229 2403 1337 2466 animo
1366 2412 1473 2466 autem
1499 2405 1614 2467 uirtute
1640 2404 1798 2488 praedito,

467 2513 507 2560 co
534 2496 591 2579 qui
617 2496 799 2559 velamem
825 2496 892 2570 vel,
920 2506 957 2560 ut
982 2497 1025 2560 ita
1053 2497 1174 2570 dicam,
1202 2495 1366 2560 redamare
1388 2497 1508 2578 possit,
1536 2516 1601 2562 non
1623 2497 1796 2561 admodum

466 2584 640 2656 delectarit
682 2587 766 2651 Nihil
790 2596 839 2654 est
859 2590 944 2653 enim
967 2591 1221 2654 remuneratione
1249 2589 1511 2664 benevolentiae,
1537 2590 1618 2654 nihil
1638 2590 1798 2654 vicissitu-

429 2679 542 2752 ttdioe
564 2684 741 2748 studiorum
764 2679 1005 2768 officiorumque
1027 2682 1208 2747 iucundius.
1237 2680 1289 2746 50.
1305 2683 1412 2760 Quint
1435 2684 1461 2747 si
1484 2683 1564 2748 illud
1587 2684 1682 2748 etiam
1704 2682 1798 2748 addi·

466 2797 554 2851 mus,
585 2777 672 2862 quod
701 2785 787 2841 recte
814 2777 888 2842 addi
918 2786 1039 2862 potest,
1068 2778 1147 2841 nihil
1179 2796 1249 2841 esse
1278 2777 1364 2861 quod
1391 2778 1432 2840 ad
1460 2798 1496 2841 se
1521 2800 1588 2842 rem
1610 2776 1710 2842 ullam
1731 2785 1796 2840 tan

466 2871 577 2936 illiciat
606 2881 639 2936 ct
666 2871 804 2936 attrahat
832 2893 926 2955 quam
955 2871 995 2935 ad
1024 2871 1194 2935 amicitiam
1217 2870 1410 2946 similitudo,
1440 2871 1634 2935 concedetur
1654 2871 1797 2955 proiecto

465 2984 574 3030 rerum
596 2984 684 3039 esse,
712 2974 748 3028 ut
768 2965 871 3031 honos
892 2966 969 3030 honi
992 2966 1127 3048 diligant
1148 2965 1391 3048 adsciscantque
1412 2966 1471 3029 sibi
1493 2966 1584 3049 quasi
1607 2964 1797 3050 propinqui·

465 3067 530 3126 ttte
557 3059 743 3126 coniunctos
771 3069 867 3144 atque
895 3069 1018 3123 natura.
1061 3059 1149 3122 Nilril
1170 3067 1219 3123 est
1242 3060 1325 3123 enim
1348 3060 1550 3142 adpetentius
1570 3060 1724 3124 similium
1746 3059 1795 3124 eui

426 3171 524 3221 tonse
544 3152 692 3236 rapacius
714 3172 810 3237 quam
834 3162 956 3217 natura.
1000 3154 1104 3229 Quam
1126 3153 1167 3216 cb
1189 3174 1256 3217 rem
1279 3153 1340 3216 lroc
1363 3153 1503 3237 quidem,
1524 3154 1626 3217 Fanni
1647 3161 1680 3218 et
1702 3154 1797 3218 Scae·

463 3247 553 3322 vola,
582 3255 723 3321 constet,
751 3255 787 3312 ut
809 3247 941 3328 opinor,
967 3246 1061 3310 bonis
1082 3248 1166 3310 inter
1186 3246 1288 3311 bonos
1312 3247 1403 3330 quasi
1427 3248 1636 3312 necessariam
1657 3248 1797 3312 benevo-

463 3339 605 3415 lentiam,
628 3342 682 3424 qui
705 3349 753 3404 est
774 3340 931 3404 amicitiae
954 3337 1025 3404 lons
1047 3361 1066 3404 a
1090 3350 1201 3404 natura
1224 3341 1423 3405 constitutus.
1460 3341 1524 3405 Sed
1546 3342 1655 3406 elidem
1671 3342 1796 3407 bonitus

463 3435 559 3500 etiam
585 3434 626 3498 ad
653 3433 891 3498 multitudinem
913 3436 1060 3516 pertinet
1103 3436 1174 3499 Non
1196 3436 1279 3499 enim
1302 3443 1350 3499 est
1371 3436 1545 3499 inhumana
1567 3436 1670 3500 virtus
1691 3454 1796 3519 neque

462 3527 603 3594 inmunis
631 3548 737 3611 neque
765 3528 923 3612 superba,
957 3548 1040 3612 quae
1072 3528 1167 3592 etiam
1201 3529 1338 3612 populos
1371 3530 1539 3593 universos
1570 3529 1653 3592 tueri
1683 3530 1795 3614 eisque

425 3629 592 3703 ”optume
614 3621 781 3686 consulere
802 3622 921 3694 soleat,
947 3621 1034 3704 quod
1056 3642 1122 3684 non
1142 3621 1261 3686 faceret
1282 3623 1442 3705 proiecto,
1463 3623 1490 3686 si
1513 3642 1532 3685 a
1553 3623 1683 3686 caritate
1705 3621 1792 3705 rulgi

461 3714 656 3781 abhorreret.
699 3710 751 3776 ct.
773 3715 877 3796 Atque
898 3714 993 3777 etiam
1015 3714 1092 3778 milri
1114 3715 1241 3798 quidem
1263 3717 1425 3791 ridentur,
1451 3718 1508 3800 qui
1529 3716 1676 3781 utilitatis
1696 3734 1793 3782 causa

460 3808 585 3892 lingunt
611 3807 782 3882 amicitias,
812 3808 1071 3871 amabilissimum
1097 3808 1218 3871 nodum
1246 3810 1403 3873 amicitiae
1429 3810 1552 3873 tollere.
1602 3812 1674 3874 Non
1708 3811 1792 3875 enim

461 3909 525 3966 tam
547 3901 667 3966 utilitas
689 3910 779 3985 parta
799 3922 857 3984 per
876 3903 1014 3966 amicum
1042 3922 1137 3985 quam
1165 3904 1256 3966 amini
1279 3924 1367 3967 amor
1387 3904 1458 3986 ipse
1480 3904 1630 3977 delectat,
1659 3912 1792 3989 tumque

460 3994 540 4060 illud
554 3992 604 4070 lit,
619 3996 704 4079 quod
722 3995 762 4058 ab
777 3996 880 4060 amico
903 4003 952 4059 est
965 3995 1150 4079 proiectum,
1172 3996 1356 4069 iucundum,
1377 3998 1404 4059 si
1426 4018 1499 4060 cnm
1523 3998 1627 4063 studio
1650 4007 1700 4062 est
1720 4017 1793 4083 pro·

421 4089 593 4164 tolocium,
624 4096 810 4173 mutumque
832 4091 922 4153 abest
943 4098 979 4153 ut
999 4090 1159 4152 amicitiae
1188 4100 1316 4174 propter
1342 4090 1545 4172 indigentiam
1569 4091 1730 4165 colantur,
1758 4097 1794 4155 ut

460 4189 502 4262 ii,
534 4186 590 4269 qui
612 4184 724 4266 opibus
747 4192 780 4248 et
800 4186 901 4267 copiis
922 4185 1122 4268 maximeque
1146 4185 1278 4258 virtute,
1300 4185 1332 4246 in
1355 4205 1418 4267 qua
1442 4185 1610 4267 plurimum
1632 4194 1683 4249 cst
1704 4206 1794 4269 prae·

460 4281 552 4355 sidii,
586 4278 715 4341 minime
745 4279 876 4342 alterius
906 4280 1085 4361 indigeant,
1116 4279 1326 4342 liberalissimi
1354 4280 1417 4340 sint
1446 4287 1476 4341 et
1504 4275 1793 4343 beneficentissimi.

460 4375 564 4457 Atque
586 4372 670 4437 haud
692 4373 789 4438 sciam
811 4393 851 4435 an
875 4392 916 4436 nc
938 4393 1018 4455 opus
1041 4373 1083 4436 sit
1105 4373 1235 4455 quidem
1257 4370 1337 4435 nihil
1359 4393 1511 4455 umquam
1534 4373 1664 4437 omnino
1682 4373 1794 4438 deesse

461 4467 580 4531 amicis.
618 4465 675 4530 Ubi
698 4467 783 4530 enim
807 4465 912 4530 studia
933 4474 1042 4530 nostra
1064 4466 1255 4548 viguissent,
1284 4467 1311 4529 si
1333 4487 1506 4550 numquam
1528 4467 1678 4542 consilio,
1702 4485 1793 4529 num·

526 4718 550 4766 t.
569 4717 635 4765 enim
652 4713 789 4764 om.st
811 4742 838 4751 -
867 4716 892 4764 t.
911 4728 961 4765 esse
977 4717 1108 4780 quandum
1130 4717 1220 4766 DEG:
1248 4716 1377 4778 quandam
1394 4728 1444 4767 csse
1465 4716 1523 4777 BS,
1547 4716 1678 4777 quaedam
1694 4715 1743 4766 VO
1763 4741 1789 4753 -

459 4790 487 4839 te
503 4790 626 4839 madttsl)
654 4814 681 4825 -
712 4790 736 4839 3.
755 4789 931 4851 dimetiantur
947 4795 969 4839 ct
986 4792 1035 4839 inc.
1054 4792 1237 4840 contrahantur
1260 4793 1294 4850 C,
1318 4804 1380 4841 cum
1399 4790 1496 4841 librarii
1514 4792 1591 4841 cmtct
1611 4803 1661 4855 pro
1678 4803 1790 4841 numero

459 4862 554 4929 plurali
571 4863 716 4921 heberent;
740 4862 809 4913 bonu
825 4865 901 4912 emim
917 4864 997 4913 comt
1014 4866 1089 4927 queri
1106 4867 1280 4926 diffundantur
1297 4869 1348 4917 etc.
1368 4868 1439 4918 coni.
1457 4866 1573 4928 Seyffert
1596 4890 1622 4902 -
1648 4868 1673 4916 a.
1690 4872 1719 4916 st
1736 4877 1789 4916 om.

460 4941 480 4989 G
499 4965 526 4975 -
546 4938 570 4989 6.
588 4953 638 4990 ooo
654 4938 721 4988 uuus
737 4939 758 4987 G
777 4962 803 4972 -
828 4938 852 4988 8.
871 4938 1012 5001 contradat]
1024 4942 1159 4990 controcd
1176 4943 1196 4990 G
1217 4969 1242 4978 -
1262 4944 1299 4991 ric
1316 4942 1389 5003 puori
1405 4941 1490 5004 siguis.
1509 4942 1592 4998 BGS,
1611 4942 1632 4990 si
1649 4954 1702 5004 oua
1716 4941 1791 5005 quod

458 5014 558 5078 rigui)
586 5036 613 5049 -
647 5014 686 5063 40.
709 5013 828 5076 contingit
845 5013 909 5063 DE:
934 5015 1037 5077 contigit
1054 5016 1150 5065 BGSV
1178 5043 1205 5052 -
1239 5018 1279 5067 ta.
1298 5017 1420 5079 aedificio
1437 5018 1458 5065 G
1476 5041 1503 5051 -
1523 5017 1646 5067 ucrtttoi)
1666 5040 1693 5052 -
1712 5015 1792 5066 sobai

459 5094 543 5139 orders
560 5088 593 5148 E,
611 5088 741 5138 calmonte
758 5088 779 5138 D
798 5112 826 5123 -
843 5089 972 5150 proedicto
990 5091 1026 5149 G,
1043 5093 1161 5151 praedito
1178 5091 1197 5141 E
1216 5116 1242 5126 —
1264 5092 1303 5141 43.
1322 5091 1462 5142 reclamare
1478 5092 1531 5149 BS,
1550 5092 1705 5142 reodnmcre
1721 5092 1743 5142 l)
1762 5117 1790 5127 -

460 5163 501 5215 tt.
519 5165 585 5214 mear
601 5168 636 5214 cat
651 5161 721 5212 BSV
749 5185 776 5198 -
805 5164 845 5212 tc.
864 5163 925 5225 guid
940 5165 962 5213 ri
979 5164 1040 5213 illud
1057 5167 1134 5215 etiem
1151 5166 1187 5216 C:
1209 5167 1274 5227 quod
1291 5166 1312 5215 ei
1329 5167 1405 5216 etiem
1421 5166 1484 5215 illud
1501 5167 1521 5216 Ο
1544 5193 1576 5203 -
1603 5169 1644 5217 ta.
1664 5168 1790 5218 illicietC

459 5236 818 5301 recompensacio
838 5263 865 5275 -
884 5244 908 5288 et
921 5240 1035 5289 coelet
1051 5242 1161 5304 scripsi:
1180 5247 1203 5292 ct
1214 5248 1267 5291 tom
1278 5242 1363 5292 tradet
1379 5242 1411 5301 C,
1428 5246 1515 5291 ettam
1525 5242 1639 5291 cttrchct
1654 5242 1684 5291 0.
1711 5239 1792 5291 tutel-

459 5312 554 5377 legitur
578 5324 659 5375 quam
684 5309 760 5362 lecile
785 5323 944 5362 ursnasssr
969 5315 995 5364 in
1017 5313 1177 5364 nrrirmuar
1203 5318 1337 5380 corrumpi
1361 5317 1493 5380 potuerit;
1520 5316 1631 5366 offendit
1653 5319 1743 5366 autem
1763 5317 1790 5365 in

458 5387 572 5441 lectione
589 5386 719 5438 librorum
736 5386 825 5449 potius
843 5389 985 5451 repetitum
1003 5394 1056 5438 tom
1073 5402 1155 5450 quum
1172 5390 1247 5440 verbi
1265 5390 1391 5455 simplicis
1404 5392 1533 5441 craten·
1545 5404 1620 5452 usus,
1633 5392 1679 5454 qui
1690 5392 1790 5454 optime

458 5461 547 5516 locum
569 5461 671 5514 habere
693 5462 806 5524 poteret.
836 5488 862 5498 -
893 5465 1028 5513 similitudo
1045 5465 1079 5524 Ε,
1105 5464 1165 5515 add.
1185 5478 1243 5529 sup.
1262 5464 1307 5516 lin.
1326 5480 1362 5516 m.
1382 5479 1555 5517 reomenses
1583 5493 1611 5502 -
1639 5468 1791 5516 concedetur

458 5539 558 5590 Bosv
577 5566 604 5577 -
624 5537 796 5588 sasimorum
811 5536 892 5587 silis
913 5565 938 5574 -
958 5540 999 5589 20.
1018 5552 1062 5588 sec
1079 5540 1113 5589 C:
1132 5540 1229 5589 nitito
1250 5566 1276 5576 -
1295 5546 1318 5588 et
1334 5541 1379 5588 troc
1396 5541 1415 5590 E
1434 5567 1460 5577 -
1480 5543 1523 5591 st.
1540 5546 1634 5590 constet
1650 5541 1788 5592 BDEGS:

457 5617 556 5664 coortat
573 5612 651 5674 Vttlt)
669 5635 697 5648 -
723 5612 764 5662 tt.
783 5618 900 5674 quaeest
917 5614 937 5664 D
957 5640 984 5650 -
1009 5627 1040 5664 ec
1057 5613 1191 5664 denuost)
1218 5641 1244 5651 -
1272 5614 1313 5664 23.
1331 5617 1397 5665 enim
1414 5621 1448 5666 ert
1465 5617 1499 5668 C:
1525 5624 1560 5667 est
1575 5616 1679 5666 ocimo
1699 5641 1727 5654 -
1746 5614 1787 5667 at.

458 5689 579 5738 cmo
595 5686 673 5751 pauet
690 5685 753 5736 dett.
775 5711 801 5723 ·-
821 5688 861 5738 tt.
880 5686 1014 5738 actumst}
1034 5714 1060 5724 -
1081 5690 1121 5740 26.
1142 5690 1278 5739 utilimum
1296 5690 1314 5739 E
1335 5715 1361 5726 -
1381 5692 1422 5741 29.
1441 5693 1472 5741 sit
1489 5694 1510 5742 G
1529 5717 1556 5728 -
1576 5692 1608 5741 cl
1624 5693 1707 5742 mc
1723 5692 1790 5753 guod

460 5760 482 5810 D
501 5786 529 5798 -
551 5763 692 5825 prolectam
707 5765 744 5811 ost
758 5761 827 5812 BSV
855 5787 882 5798 -
908 5764 989 5812 studio
1006 5769 1029 5813 et
1045 5777 1131 5814 amore
1153 5765 1175 5814 D
1195 5789 1222 5799 -
1246 5763 1287 5815 ³0.
1306 5770 1405 5814 tostum
1423 5767 1475 5816 BS¹
1493 5790 1520 5802 —
1540 5767 1581 5817 ut.
1599 5767 1625 5816 ti
1641 5766 1740 5817 Bcsv
1758 5792 1788 5804 -·

458 5836 552 5888 cosm
565 5837 676 5900 praediti
692 5835 713 5886 0
731 5861 757 5872 -
773 5836 896 5899 meerldti
912 5843 948 5888 eat
964 5838 990 5897 S,
1009 5837 1058 5888 sed
1075 5842 1111 5890 est
1127 5852 1187 5903 sup.
1205 5838 1251 5890 lin.
1270 5841 1334 5889 mt
1354 5865 1382 5877 -
1400 5841 1442 5892 32.
1459 5840 1679 5904 brumosum
1695 5841 1739 5892 RS
1757 5863 1787 5878 -

460 5909 930 5964 ³3.sclaerEG:rcioll8V0-
955 5913 1392 5975 culdcrriclcltltB-dmtll.
