4342 7459
735 1287 864 1352 nan.
895 1285 1138 1352 cmxxxw.
1165 1281 1424 1370 §sios-ul.
1700 1273 1736 1343 ss

419 1464 524 1543 potest
544 1463 611 1521 tota
632 1452 755 1521 conbei.
797 1457 865 1540 Ego
886 1459 971 1521 enim
993 1458 1053 1521 etsi
1075 1458 1245 1521 maximam
1267 1457 1422 1522 actionem
1443 1464 1539 1542 puto,
1565 1476 1742 1541 repugnare

417 1553 510 1625 risis,
539 1551 693 1615 obsistere
716 1551 938 1635 opinionibus,
967 1551 1121 1616 adsensus
1143 1551 1281 1615 lubricos
1303 1551 1477 1626 sustinere,
1500 1550 1657 1633 credoque
1680 1550 1744 1613 Cli-

417 1645 574 1719 tomaeho,
595 1647 640 1708 ita
662 1646 830 1720 scribenti,
851 1645 981 1708 Herculi
994 1645 1154 1729 quendam
1168 1643 1307 1708 laborem
1323 1645 1521 1708 exanclatum
1536 1665 1555 1709 a
1571 1645 1742 1722 Carneade,

417 1737 523 1822 qued,
544 1745 580 1801 ut
599 1737 699 1801 leram
722 1747 754 1802 et
773 1740 933 1803 inmanem
955 1739 1100 1815 beluam,
1123 1740 1169 1803 sie
1192 1738 1361 1802 exanimis
1377 1739 1494 1802 nostris
1509 1738 1742 1815 adsensionem,

415 1831 448 1893 id
472 1839 536 1907 est,
566 1833 784 1914 opinationem
804 1840 837 1896 et
858 1833 1067 1896 temeritatem
1090 1832 1296 1905 extraxisset,
1327 1839 1448 1907 umen,
1477 1839 1514 1894 ut
1535 1852 1571 1895 ea
1594 1852 1667 1916 pars
1690 1833 1767 1898 de-ss

414 1924 567 1988 lensionis
588 1926 804 2010 relinquatur,
827 1927 903 2012 quid
924 1925 1066 2007 inpediet
1086 1925 1244 1989 actionem
1258 1926 1344 2000 eius,
1367 1927 1422 2009 qui
1443 1926 1620 2009 probabilia
1638 1927 1745 2011 sequi·

414 2029 480 2094 tur,
502 2020 591 2084 nulla
611 2040 647 2083 re
668 2019 876 2102 inpediente?
920 2016 992 2082 l09.
1013 2019 1099 2095 lloe,
1122 2019 1242 2104 inquit,
1263 2018 1369 2101 ipsum
1391 2020 1550 2103 inpediet,
1573 2021 1658 2104 quod
1681 2028 1744 2084 sta-

415 2121 483 2176 tuot
503 2133 545 2176 ne
566 2113 600 2177 id
622 2114 767 2198 quidem,
796 2112 881 2197 quod
910 2113 1039 2197 probet,
1067 2131 1163 2196 posse
1192 2111 1323 2195 percipi.
1367 2113 1432 2176 lam
1459 2113 1593 2199 istucte
1613 2134 1743 2198 quoque

416 2207 558 2289 inpediet
577 2208 611 2271 in
633 2208 825 2290 navigando,
847 2208 881 2270 in
901 2205 1115 2280 conserendo,
1137 2207 1170 2269 in
1185 2226 1286 2270 uxore
1303 2206 1463 2281 ducenda,
1484 2206 1518 2268 in
1540 2206 1648 2271 liberis
1669 2228 1744 2292 pro·

416 2301 562 2363 creandis
583 2301 791 2385 plurimisque
813 2302 845 2364 in
867 2301 977 2374 rebus,
999 2303 1031 2363 in
1055 2300 1170 2383 quibus
1184 2299 1265 2363 nihil
1281 2320 1415 2384 sequere
1430 2309 1555 2383 praeter
1569 2302 1781 2383 probabilem

414 2393 454 2456 Et
474 2402 580 2457 minen
602 2393 682 2457 illud
705 2396 854 2458 usitatum
877 2402 908 2457 et
939 2414 1034 2476 saepe
1056 2392 1259 2476 repudiatum
1280 2392 1395 2468 refers,
1426 2413 1490 2457 non
1513 2401 1549 2457 ut
1569 2395 1743 2478 Antipater,

414 2486 489 2561 sed,
511 2495 546 2550 ut
567 2487 629 2562 ais,
653 2488 845 2572 «pressiuse.
888 2490 966 2551 Nam
988 2487 1186 2570 Antipatrum
1207 2507 1408 2569 reprensum,
1431 2488 1518 2571 qued
1534 2487 1655 2552 diceret
1668 2508 1744 2552 eon·

413 2588 599 2645 senlaneum
628 2600 699 2643 esse
728 2582 776 2655 ei,
805 2582 859 2664 qui
882 2577 1061 2644 adfirmaret
1083 2580 1162 2643 nihil
1185 2600 1279 2663 pesse
1302 2580 1544 2663 comprehendi,
1574 2582 1608 2644 id
1637 2581 1742 2664 ipsum

413 2674 528 2738 saltem
549 2673 656 2737 dicere
677 2695 773 2757 pesse
795 2674 988 2757 oonprendi,
1017 2673 1104 2758 quod
1126 2674 1187 2756 ipsi
1209 2673 1364 2737 Antiocho
1386 2673 1504 2757 pinque
1525 2674 1691 2738 videbatur
1711 2680 1743 2738 et

413 2768 474 2833 sibi
502 2768 608 2851 ipsum
638 2768 842 2832 eontrarium.
885 2769 955 2832 Non
985 2770 1070 2831 enim
1099 2775 1204 2851 petest
1229 2768 1455 2832 convenienter
1475 2765 1538 2830 diei
1565 2767 1646 2831 nihil
1668 2785 1780 2837 con-ss

413 2860 528 2945 prendi
557 2881 668 2944 posse,
695 2864 722 2925 si
750 2863 921 2946 quicquum
948 2861 1120 2945 conprendi
1148 2880 1244 2943 posse
1266 2859 1397 2924 dicatur.
1441 2859 1499 2923 llle
1521 2860 1616 2924 mede
1638 2860 1742 2944 potius

413 2961 504 3039 putat
524 2954 724 3037 urguendum
745 2954 844 3019 fuisse
860 2955 1072 3020 Carneadem:
1095 2976 1166 3020 eum
1189 2955 1341 3038 sapientis
1356 2954 1479 3017 nullum
1495 2953 1656 3016 decretum
1671 2971 1741 3015 esse

413 3049 515 3133 possit
537 3050 597 3112 nisi
619 3068 858 3131 comprensum,
880 3056 1084 3132 perceptum,
1106 3049 1281 3132 cognitum,
1303 3055 1339 3110 ut
1360 3048 1420 3111 hec
1442 3050 1546 3132 ipsum
1568 3048 1741 3122 decretum,

412 3163 478 3228 que
499 3144 652 3226 sapientis
666 3151 751 3206 esset
767 3143 846 3206 nihil
868 3163 963 3227 posse
977 3144 1116 3228 percipi,
1137 3143 1290 3206 lateretur
1303 3160 1373 3204 esse
1388 3150 1582 3226 perceptum.
1604 3141 1741 3205 Proinde

412 3236 503 3321 quasi
525 3238 654 3318 sapiens
675 3237 797 3300 nullum
818 3238 904 3300 aliud
927 3236 1089 3300 decretum
1110 3237 1226 3301 habeat
1247 3243 1280 3298 et
1298 3235 1368 3298 sine
1384 3234 1519 3297 decretis
1536 3236 1631 3299 vitam
1647 3255 1778 3317 agerere

412 3330 533 3415 possiti
578 3325 650 3393 llll.
673 3330 736 3393 Sed
759 3338 794 3393 ut
814 3330 869 3394 illa
890 3330 985 3394 habet
1005 3331 1181 3414 probabilia
1202 3347 1265 3392 non
1287 3334 1453 3412 percepta,
1475 3327 1520 3391 sic
1542 3326 1604 3392 hoc
1625 3329 1740 3412 ipsum,

411 3423 489 3486 nihil
519 3443 616 3508 posse
643 3424 774 3507 percipi.
816 3426 893 3487 Nam
916 3425 944 3487 si
974 3424 1006 3486 in
1029 3424 1091 3487 hoc
1112 3424 1242 3488 haberet
1264 3422 1454 3504 cognitionis
1476 3428 1599 3498 notam,
1629 3424 1740 3488 eadem

411 3525 554 3582 uteretur
567 3520 599 3581 in
614 3518 748 3582 ceteris:
771 3538 866 3601 quam
882 3518 1032 3601 quoniam
1051 3517 1236 3590 nonhabet,
1258 3516 1358 3578 utitur
1370 3514 1598 3598 probabilibus.
1627 3519 1740 3602 ltaque

411 3631 476 3675 nen
498 3613 612 3676 metuit
634 3632 675 3675 ne
696 3611 889 3675 confundere
912 3612 1018 3675 omnia
1033 3610 1176 3674 videatur
1198 3618 1230 3673 et
1251 3610 1371 3672 ineerta
1385 3607 1529 3672 reddere.
1558 3614 1628 3675 Non
1644 3613 1739 3687 enim,

411 3726 508 3791 quem
535 3707 576 3769 ad
605 3704 751 3780 medum,
781 3707 808 3768 si
837 3706 1016 3789 quaesitum
1047 3724 1088 3767 ex
1116 3724 1155 3767 eo
1177 3705 1235 3778 sit,
1263 3703 1426 3767 stellarum
1447 3723 1599 3768 numerus
1620 3726 1678 3789 par
1698 3725 1777 3775 ansa

411 3803 513 3883 impar
541 3798 599 3874 sit,
628 3798 721 3871 item,
751 3798 779 3861 si
802 3798 842 3861 de
864 3795 968 3861 officio
990 3799 1163 3882 multisque
1185 3798 1256 3862 aliis
1279 3796 1451 3872 derebus,
1478 3797 1511 3859 in
1534 3798 1648 3880 quibus
1670 3818 1740 3862 ver-

409 3902 497 3958 satus
530 3893 784 3975 exercitatusque
817 3893 872 3967 sit,
906 3895 1028 3957 nescire
1060 3913 1094 3955 se
1128 3892 1222 3955 dieat
1265 3892 1302 3954 ln
1331 3891 1461 3955 incertis
1484 3892 1567 3955 enim
1589 3892 1670 3955 nihil
1693 3900 1740 3956 est

409 3986 594 4071 probabile:
616 3986 650 4048 in
672 3987 787 4069 quibus
808 3995 913 4050 autem
936 3995 1003 4061 est,
1024 3987 1058 4049 in
1079 3986 1120 4051 iis
1136 4006 1199 4050 non
1214 3985 1316 4049 deerit
1330 3986 1464 4067 sapienti
1479 4006 1538 4049 nec
1554 3987 1631 4071 quid
1644 3986 1739 4051 iaciat

409 4101 468 4145 nec
497 4080 573 4164 quid
600 4078 800 4161 respondeat.
844 4074 916 4142 lll.
947 4082 993 4143 Ne
1025 4080 1112 4143 illam
1145 4078 1273 4163 quidem
1302 4079 1556 4160 praetermisisti,
1589 4081 1738 4155 Luculle,

408 4174 687 4258 reprehensionem
710 4173 856 4236 Antiochi
879 4208 920 4218 -
942 4195 1001 4236 nec
1024 4175 1154 4249 mirum;
1177 4174 1342 4255 inprimis
1365 4174 1449 4235 enim
1471 4183 1520 4236 est
1541 4176 1657 4239 nobilis
1679 4197 1775 4250 -,so

409 4289 472 4353 qua
494 4268 618 4332 solebat
640 4266 744 4330 dicere
765 4267 940 4331 Antiochus
962 4268 1125 4330 Philonem
1143 4268 1278 4330 maxime
1296 4267 1524 4349 perturbatum.
1559 4268 1637 4331 Cum
1653 4271 1737 4332 enim

410 4369 589 4425 sumeretur
610 4381 726 4435 unum,
757 4382 827 4424 esse
850 4357 1005 4445 quaedam
1027 4361 1105 4425 salsa
1128 4362 1211 4435 visa,
1234 4361 1387 4435 alterum,
1409 4361 1489 4423 nihil
1512 4381 1550 4424 ea
1572 4363 1738 4426 differrea

410 4458 509 4530 reris,
538 4474 605 4518 nen
633 4455 804 4517 adtendere
833 4456 978 4539 superius
1008 4455 1085 4518 illud
1117 4474 1154 4517 ea
1182 4475 1217 4517 re
1239 4474 1258 4516 a
1279 4474 1314 4516 se
1337 4474 1407 4517 esse
1430 4475 1629 4532 concessum,
1652 4457 1737 4539 quod

410 4548 570 4612 rideretur
591 4567 660 4611 esse
683 4550 837 4631 quaedam
860 4550 894 4610 in
916 4549 992 4611 visis
1015 4549 1213 4624 differentia3
1236 4568 1305 4611 eam
1328 4549 1395 4612 tolli
1420 4549 1536 4623 allero,
1560 4570 1625 4633 quo
1645 4559 1738 4632 neget

410 4643 518 4705 vissa
545 4641 634 4705 l'alsis
656 4662 729 4706 vera
752 4643 893 4706 differre:
925 4642 1004 4705 nihil
1034 4650 1096 4705 lam
1125 4662 1312 4725 repugnare.
1355 4642 1390 4704 ld
1419 4643 1464 4705 ila
1493 4651 1589 4717 esset,
1622 4645 1648 4707 si
1677 4664 1774 4713 nosos

410 4756 518 4800 venam
541 4736 671 4798 omnine
693 4736 884 4800 tolleremus.
927 4739 997 4799 Non
1018 4736 1170 4811 iacimus:
1193 4756 1266 4798 nam
1288 4745 1352 4799 tam
1375 4756 1450 4798 vera
1464 4756 1559 4820 quam
1577 4735 1657 4799 falsa
1671 4758 1738 4800 cer-

410 4831 526 4892 nimus.
563 4830 625 4892 Sed
648 4831 803 4914 probandi
827 4832 947 4914 speeies
970 4839 1033 4894 est:
1066 4829 1261 4913 percipiendi
1284 4830 1408 4911 signum
1430 4830 1552 4893 nullum
1574 4830 1736 4894 habemus.

472 5080 498 5129 2.
516 5080 638 5142 credoque
649 5106 686 5117 --
697 5080 859 5130 manchium
875 5079 951 5130 ederi
968 5080 1067 5130 Nonius
1083 5092 1111 5144 p.
1125 5080 1182 5129 llll.
1198 5108 1224 5116 -
1243 5078 1267 5129 l.
1287 5092 1335 5141 que
1351 5083 1379 5128 at
1396 5075 1426 5128 A¹
1443 5105 1470 5114 -
1489 5080 1514 5130 b.
1532 5081 1695 5143 desmsieoem
1706 5081 1737 5131 A¹

412 5181 437 5190 -
456 5154 481 5204 8.
499 5160 553 5204 stoc
569 5153 599 5205 ΒΙ
619 5183 645 5192 -
673 5155 697 5204 9.
716 5156 743 5203 io
765 5168 829 5204 cons.
855 5156 998 5206 Manutius:
1026 5162 1049 5205 es
1071 5157 1097 5204 ta
1124 5168 1190 5204 coos.
1210 5153 1288 5204 codd.
1309 5181 1336 5189 -
1365 5156 1405 5204 ll.
1424 5159 1507 5204 lemen
1527 5167 1586 5219 sup.
1605 5153 1648 5205 lin.
1668 5157 1687 5204 Β
1704 5183 1737 5192 -

408 5229 462 5278 illst
479 5230 498 5279 B
518 5257 545 5266 -
572 5231 611 5279 ⁴2.
630 5236 658 5278 ot
674 5232 713 5278 eis
729 5231 748 5278 Β
766 5243 834 5279 corr.
854 5243 887 5279 ex
903 5231 989 5278 uitatis
1008 5258 1034 5266 -
1060 5231 1186 5292 praescias
1202 5229 1234 5279 A¹
1252 5256 1279 5265 -
1300 5228 1340 5279 ll.
1359 5230 1472 5291 quod-·
1484 5230 1640 5279 eontrarium
1656 5228 1738 5279 hahet

408 5305 507 5354 Nonius
524 5317 551 5366 p.
566 5303 621 5354 463,
637 5333 663 5341 -
684 5307 723 5354 45.
742 5306 823 5366 ipsam
834 5318 887 5354 om.
901 5307 936 5365 Α,
955 5305 981 5354 in
998 5306 1017 5354 B
1030 5303 1073 5355 lin.
1088 5308 1241 5356 transversa
1254 5304 1317 5366 del,
1336 5307 1363 5353 at
1374 5306 1464 5355 tuetur
1474 5306 1573 5356 Nonius
1586 5331 1612 5341 -
1627 5306 1667 5354 l6.
1681 5319 1737 5353 coo-

404 5379 499 5440 prsndc
515 5377 545 5428 Β1
563 5405 590 5414 -
613 5380 634 5428 si
651 5381 784 5443 quicquam
800 5381 935 5443 conprendi
949 5394 1019 5442 pesse
1035 5394 1089 5431 om.
1110 5382 1159 5431 AB
1179 5407 1205 5415 -
1226 5382 1360 5442 quicquum
1377 5382 1411 5429 G:
1432 5381 1514 5442 ipsam
1531 5381 1550 5430 E
1570 5407 1597 5415 -
1617 5382 1656 5431 l8.
1676 5381 1734 5430 lert.

406 5459 486 5515 posset
498 5479 526 5489 -
545 5460 678 5517 sequetem
688 5453 717 5504 Β1
731 5480 759 5493 -
779 5457 819 5505 ts.
835 5468 884 5516 quo
895 5456 1005 5519 scripsi:
1026 5457 1069 5517 qui
1086 5457 1175 5516 ABG,
1195 5457 1293 5519 quidem
1305 5457 1333 5515 E,
1347 5458 1412 5519 quod
1423 5470 1436 5505 r
1446 5458 1475 5514 O:
1494 5456 1527 5507 cl.
1541 5470 1566 5506 v.
1580 5455 1620 5506 dl.
1637 5483 1663 5492 -
1680 5468 1737 5517 per·

408 5530 465 5578 iude
474 5529 547 5591 quoti
557 5530 656 5590 sepiem
666 5534 711 5578 out
721 5530 816 5579 niallam
827 5543 852 5580 e.
863 5531 887 5578 d.
898 5529 987 5579 hebeat
998 5535 1042 5578 eut
1053 5531 1106 5579 sine
1117 5531 1141 5579 d.
1155 5544 1179 5579 e.
1194 5543 1270 5594 opere
1279 5545 1330 5579 ooo
1345 5530 1421 5592 possit
1432 5531 1501 5580 coni.
1518 5529 1625 5581 Durand
1638 5531 1664 5579 in
1677 5542 1734 5579 cur.

409 5616 464 5653 sec.
484 5603 522 5652 el.
536 5603 625 5654 Devis.
639 5602 672 5654 ad
687 5604 713 5653 h.
727 5603 745 5655 l.
760 5629 786 5641 -
800 5605 841 5656 20.
854 5611 877 5655 et
889 5618 942 5655 om.
956 5606 986 5666 G,
1004 5618 1048 5654 aee
1060 5604 1152 5655 lamb.
1169 5633 1195 5642 -
1209 5606 1250 5655 hl.
1263 5605 1308 5655 illo
1324 5606 1389 5656 BE:
1408 5606 1449 5656 ille
1459 5607 1547 5664 AGO,
1561 5605 1614 5654 elio
1625 5605 1734 5664 Davies;

409 5677 546 5742 intellegas
563 5692 609 5741 ee,
628 5678 774 5742 exquibus
792 5681 871 5730 vitam
889 5682 949 5744 agit.
971 5707 998 5716 -
1016 5680 1057 5730 23.
1076 5694 1126 5729 ooo
1143 5692 1196 5729 om.
1210 5680 1229 5729 Β
1245 5706 1269 5716 -
1289 5680 1331 5729 26.
1349 5694 1413 5730 vers.
1432 5682 1640 5741 seemtitetasqus
1656 5680 1687 5728 sit
1699 5681 1733 5729 G:

408 5760 526 5804 aeream·
543 5757 665 5817 [sommas
680 5756 712 5817 Β,
731 5758 760 5805 ut
776 5754 888 5817 videtur)
910 5757 1061 5806 motas
1083 5754 1175 5814 ABE,
1198 5759 1312 5804 uersetur
1327 5756 1479 5805 semeitetus
1495 5769 1523 5812 r:
1546 5754 1605 5804 lert.
1625 5760 1737 5803 versatas

410 5834 444 5879 sst
459 5834 536 5893 etque
552 5830 703 5879 meritona
722 5855 748 5864 -
767 5830 807 5879 27.
827 5831 911 5879 dicem
928 5833 958 5880 A*
978 5858 1004 5866 -
1023 5830 1064 5880 28.
1082 5831 1110 5878 io
1126 5829 1200 5879 hiso
1219 5856 1245 5865 -
1264 5842 1479 5892 sequentisque
1495 5831 1515 5878 G
1530 5856 1553 5866 -
1575 5827 1616 5878 30.
1634 5841 1679 5878 ose
1694 5828 1736 5877 ui-

410 5917 466 5953 m
483 5904 502 5954 Β
522 5928 549 5939 -
569 5903 610 5953 st.
627 5904 795 5965 phitiooesnB
814 5929 841 5939 -
861 5904 901 5954 33.
920 5917 1112 5955 eorseser:
1131 5917 1190 5954 ese
1208 5905 1361 5968 (omsere)
1380 5905 1470 5965 ABE,
1489 5903 1537 5954 sed
1554 5902 1667 5955 habelA
1685 5918 1734 5966 os,

411 5979 430 6029 Β
446 5992 464 6029 o
478 5992 505 6031 ss
521 5982 635 6047 uterque
652 5980 741 6032 iuras.
755 5980 871 6040 maiore:
889 5992 920 6032 eo
935 5984 1005 6045 teu,
1022 5992 1120 6032 cerev
1134 6005 1160 6015 -
1180 5979 1368 6041 3l.oltchE,
1386 5979 1492 6031 elisere
1506 6006 1533 6016 -
1551 5978 1732 6043 dedissem.
