4342 7459
439 1238 502 1304 878
979 1240 1033 1302 llll
1054 1239 1226 1303 LEGIBUS

439 1420 511 1462 mea
532 1407 564 1461 et
584 1400 679 1464 buius
700 1397 806 1463 fratris
828 1398 891 1461 mei
914 1416 1063 1479 germana
1084 1401 1200 1482 patria:
1222 1399 1275 1463 hic
1297 1397 1383 1462 enim
1404 1398 1465 1461 orti
1488 1398 1588 1483 stirpe
1610 1400 1770 1484 antiquis·

439 1494 519 1556 sima
540 1513 665 1568 sumus;
694 1494 746 1556 bic
768 1513 872 1566 sacra,
896 1492 953 1556 -bic
974 1513 1092 1576 genus,
1118 1494 1170 1556 bic
1192 1494 1347 1556 maiorum
1370 1493 1469 1556 multa
1491 1494 1638 1576 vestigio.
1682 1493 1768 1571 Quid

438 1587 548 1669 plural
570 1588 652 1650 banc
674 1587 763 1649 vides
785 1586 901 1661 villam,
922 1594 960 1649 ut
980 1607 1066 1649 nunc
1089 1587 1219 1670 quidem
1242 1595 1300 1660 est,
1323 1587 1438 1650 lautius
1458 1584 1658 1652 aedificatam
1672 1588 1769 1671 patris

440 1680 539 1743 nostri
562 1680 686 1753 studio,
717 1680 772 1763 qui
799 1699 870 1742 cum
900 1687 986 1743 esset
1005 1677 1129 1742 infirma
1153 1680 1349 1754 valetudine,
1380 1679 1433 1742 bic
1454 1679 1522 1743 iore
1543 1689 1681 1744 aetatem
1705 1680 1770 1763 egit

414 1775 472 1838 din
494 1774 617 1836 litteris.
668 1773 730 1836 Sed
753 1773 904 1855 bocipso
928 1774 1071 1847 inluso,
1101 1793 1172 1836 cum
1202 1793 1278 1837 avos
1307 1776 1428 1837 viveret
1455 1780 1489 1835 et
1516 1773 1652 1856 antiquo
1680 1792 1771 1837 mors

440 1887 536 1950 parva
557 1876 642 1930 esset
663 1868 748 1940 villa,
771 1875 807 1930 ut
827 1868 882 1930 illa
905 1868 1041 1931 Curiana
1065 1869 1098 1929 in
1114 1867 1250 1940 Sabinis,
1274 1888 1324 1930 me
1345 1868 1424 1930 scito
1447 1886 1519 1930 esse
1540 1873 1664 1930 natum.
1698 1866 1771 1943 Qua

439 1982 472 2024 re
495 1962 577 2024 inest
597 1962 705 2024 nescio
730 1960 807 2043 quid
830 1969 863 2023 et
885 1961 959 2023 latet
980 1962 1013 2024 in
1035 1963 1140 2024 animo
1162 1980 1198 2023 ac
1221 1980 1316 2024 sensu
1339 1980 1427 2034 meo,
1455 1980 1521 2043 quo
1548 1980 1599 2024 mo
1622 1961 1697 2044 plus
1718 1960 1770 2023 bic

440 2056 527 2119 locus
548 2055 683 2117 fortasse
704 2054 855 2128 delectet,
877 2055 903 2117 si
926 2054 1056 2138 quidem
1079 2054 1173 2117 etiam
1195 2054 1250 2117 ille
1273 2055 1527 2138 sapientissimus
1548 2054 1605 2127 vir,
1629 2054 1769 2118 ltbacam

439 2157 475 2212 ut
497 2148 636 2221 rideret,
659 2149 926 2210 immortalitatem
949 2148 1099 2210 scribitur
1120 2149 1316 2230 repudiasse.

401 2254 431 2301 to
523 2237 562 2304 ll.
591 2238 621 2303 l.
649 2242 711 2305 dtt.
738 2244 806 2324 Ego
833 2261 909 2305 vero
936 2238 994 2305 tibi
1016 2243 1110 2305 istam
1133 2242 1248 2305 iustam
1270 2261 1397 2305 causam
1419 2250 1498 2325 puto
1519 2261 1595 2315 esse,
1628 2259 1687 2304 cur
1706 2238 1770 2304 lme

438 2336 588 2399 libentius
610 2336 719 2399 venias
741 2343 837 2420 atquo
859 2336 945 2398 hune
967 2334 1072 2398 locum
1096 2334 1220 2417 diligas.
1249 2335 1338 2412 Quin
1359 2337 1439 2420 ipse,
1462 2356 1536 2400 rere
1558 2335 1677 2409 dicam,
1698 2355 1769 2398 sam

438 2430 485 2493 illi
515 2429 608 2492 villae
637 2430 768 2492 amicior
795 2429 891 2492 modo
913 2428 1016 2492 iactus
1038 2437 1134 2512 atque
1156 2429 1229 2492 bnic
1252 2430 1337 2492 omni
1359 2430 1444 2516 solo,
1475 2430 1509 2494 in
1532 2449 1599 2514 quo
1620 2436 1659 2492 ln
1680 2437 1770 2493 ortos

439 2532 471 2585 et
492 2531 678 2607 procreatus
700 2528 745 2584 es'.
786 2524 952 2585 blovemnr
971 2522 1058 2586 'enim
1080 2526 1191 2585 nescio
1214 2542 1280 2606 quo
1302 2520 1396 2606 pactii
1418 2523 1497 2587 locis
1519 2524 1616 2608 ipsis,
1642 2523 1676 2588 in
1698 2522 1770 2604 qni·

440 2619 499 2681 bus
521 2603 642 2691 eorum,
665 2627 746 2699 quos
767 2615 929 2697 diligimus
951 2624 1006 2679 ant
1026 2615 1227 2690 admiramur,
1250 2616 1367 2680 adsunt
1388 2617 1531 2699 vestigia.
1569 2618 1621 2679 lle
1637 2615 1770 2699 quiden

402 2715 527 2794 seipsae
556 2711 631 2774 illae
659 2717 785 2773 nostrae
807 2710 950 2772 Athenae
981 2729 1047 2772 non
1075 2716 1139 2772 tam
1162 2711 1312 2792 operibus
1333 2707 1510 2791 magnificis
1532 2710 1769 2794 exquisitisque

439 2804 644 2887 antiquorum
672 2803 793 2866 artibus
824 2789 983 2876 delectant
1014 2822 1110 2885 quam
1142 2802 1361 2867 recordatione
1390 2822 1585 2866 summorum
1615 2804 1769 2877 virorum

439 2900 492 2962 ubi
516 2900 653 2982 quisquc
674 2897 833 2971 babitare,
856 2897 909 2959 ubi
932 2898 1060 2972 sedere,
1084 2898 1137 2960 ubi
1161 2898 1324 2989 disputare
1346 2898 1388 2960 sit
1408 2897 1533 2971 solitus,
1556 2896 1768 2979 studioseque

368 3046 370 3048 .
439 3013 545 3056 eorum
568 2994 663 3054 etiam
685 2991 828 3075 sepulcra
851 2991 1058 3073 contemplor.
1102 2990 1207 3066 Quare
1229 2993 1341 3065 istum,
1370 2990 1424 3053 ubi
1447 2998 1482 3053 tu
1505 3010 1540 3053 es
1562 2998 1676 3064 uatus,
1697 2991 1769 3073 plus

438 3086 552 3149 amabo
582 3086 715 3167 posthac
743 3085 859 3149 locum.
909 3087 951 3148 M.
984 3084 1115 3148 Gaudeo
1145 3085 1242 3166 igitur
1269 3086 1319 3148 nis
1346 3083 1540 3147 incunabula
1568 3085 1673 3168 paene
1701 3100 1770 3146 ures

400 3178 495 3242 sotibi
518 3179 705 3242 ostendisse.
755 3176 785 3240 ὅ.
814 3180 875 3241 Ati.
905 3179 1062 3261 Equidem
1086 3197 1136 3240 me
1158 3197 1312 3259 cognosse
1335 3177 1504 3241 admodum
1526 3179 1664 3260 gaudeo.
1708 3174 1769 3240 Sed

439 3272 518 3335 illud
541 3280 644 3335 tamen
668 3272 762 3354 quale
784 3281 848 3346 est,
872 3274 958 3355 quod
980 3271 1075 3355 paulo
1098 3280 1172 3335 ante
1195 3271 1320 3346 dixisti,
1343 3271 1428 3335 bunc
1449 3270 1555 3334 locum
1576 3302 1619 3317 -
1641 3268 1767 3368 *iidem

439 3386 499 3448 ogo
527 3373 557 3429 te
586 3366 709 3449 accipio
738 3365 843 3429 dicere
865 3366 1019 3448 Arpinum
1049 3398 1107 3439 -,
1151 3384 1311 3429 ermanam
1339 3365 1473 3448 patriam
1501 3383 1573 3429 esse
1603 3364 1767 3427 seruant

440 3459 545 3535 Quint
575 3459 654 3522 duas
677 3479 733 3521 vos
755 3459 878 3522 habetis
900 3461 1033 3541 patrias,
1055 3479 1096 3521 an
1119 3468 1167 3523 est
1188 3479 1251 3522 una
1273 3459 1328 3523 illa
1350 3459 1450 3542 patria
1472 3457 1678 3522 commuuisl
1707 3453 1767 3518 nisi

438 3554 521 3617 iortc
543 3554 676 3636 sapienti
699 3553 747 3615 illi
770 3553 880 3617 Catoni
902 3552 962 3617 luit
984 3554 1087 3636 putria
1109 3573 1173 3616 non
1196 3554 1305 3624 Roma,
1328 3553 1384 3616 sod
1400 3552 1586 3616 Tusculum.
1627 3550 1673 3613 Μ.
1694 3550 1766 3630 Ego

402 3648 649 3722 mmebemule
678 3656 710 3709 et
736 3647 782 3709 illi
809 3655 842 3709 et
869 3646 1015 3709 omnibus
1043 3647 1256 3729 municipibus
1283 3647 1362 3710 duas
1391 3665 1462 3709 esse
1489 3662 1608 3729 censeo
1637 3642 1767 3726 patrias,

439 3761 532 3804 unam
555 3748 696 3813 naturae,
718 3739 848 3802 alteram
873 3740 1021 3802 civitatis.
1055 3741 1097 3803 Ut
1117 3738 1171 3803 ille
1187 3740 1274 3813 Cato,
1297 3760 1395 3824 quom
1417 3735 1503 3804 esset
1516 3735 1650 3801 Tusculi
1664 3743 1768 3807 natus,

439 3835 472 3896 in
494 3832 605 3915 populi
628 3834 760 3896 Romani
782 3833 941 3896 civitatem
964 3842 1131 3915 susceptus
1153 3841 1219 3907 est,
1246 3835 1371 3916 itaque,
1398 3852 1496 3916 quom
1519 3840 1591 3895 ortu
1615 3830 1767 3895 Tuscula·

439 3948 499 3990 nus
521 3935 619 4001 esset,
642 3927 766 3990 civitate
789 3929 964 4001 Romanus,
986 3927 1097 3991 babuit
1117 3926 1245 3990 alteram
1269 3926 1329 3989 loci
1351 3927 1493 4008 patrim,
1514 3925 1646 3988 alteram
1670 3924 1767 3998 iuris3

438 4030 473 4083 ut
495 4021 590 4083 vestri
613 4021 718 4094 Attici,
741 4021 828 4102 prius
851 4040 946 4102 quam
962 4021 1106 4084 Theseus
1129 4041 1184 4083 eos
1207 4020 1384 4101 demigrare
1406 4037 1446 4082 ex
1467 4018 1551 4101 agris
1573 4026 1607 4081 et
1627 4019 1662 4081 in
1686 4026 1766 4092 astu,

400 4114 526 4198 soquod
554 4114 747 4197 appellatur,
776 4114 877 4176 omnis
901 4135 934 4175 se
958 4114 1103 4177 conferre
1126 4115 1283 4187 iussisset,
1311 4114 1359 4175 sui
1382 4120 1472 4175 erant
1493 4112 1576 4175 idem
1602 4119 1634 4175 el
1655 4112 1767 4175 Attici:

506 4368 528 4415 l.
547 4367 586 4415 bic
603 4366 674 4415 uus:
700 4365 757 4414 binc
773 4365 864 4414 B¹ll0
885 4392 911 4400 -
930 4365 1116 4415 mimos-til.
1137 4392 1163 4401 -
1187 4366 1212 4415 ἰ.
1231 4366 1291 4427 quid
1307 4366 1352 4415 AB
1371 4377 1439 4432 corr.
1454 4376 1486 4413 ex
1503 4364 1570 4425 quod
1589 4391 1617 4400 -
1637 4363 1662 4414 3.
1677 4365 1769 4414 lautius

440 4443 472 4492 C:
491 4442 568 4489 iotim
585 4441 604 4489 0
622 4443 649 4488 et
666 4438 766 4502 aliquot
783 4439 902 4490 dett-
931 4441 1064 4503 aedificato
1081 4441 1127 4489 ΑΒ
1156 4467 1182 4475 -
1211 4438 1235 4491 l.
1255 4437 1353 4504 epum
1381 4464 1408 4475 -
1437 4440 1461 4487 5.
1480 4434 1678 4489 uuosd¹il¹ll·¹
1707 4451 1769 4488 usust

440 4514 537 4565 A²u²0
557 4539 581 4549 -
603 4514 627 4562 7.
644 4515 706 4563 mest
724 4513 785 4562 edd.
799 4516 873 4563 vett:
893 4515 918 4562 id
934 4519 970 4562 est
986 4516 1042 4569 ΑΒ,
1061 4511 1101 4562 idi
1121 4515 1142 4563 ll
1163 4541 1189 4550 -
1208 4516 1263 4577 quit
1279 4511 1309 4563 Αι
1327 4538 1353 4548 -
1374 4513 1397 4563 8.
1417 4512 1569 4562 musteis·
1584 4512 1607 4560 si
1624 4514 1657 4572 A3
1680 4511 1768 4563 malim

439 4591 550 4649 muetos,
563 4590 598 4648 si,
622 4590 693 4652 quod
711 4591 733 4638 si
751 4603 845 4639 verum
864 4594 918 4646 ost.
942 4593 967 4639 in
986 4589 1077 4638 lacuna
1097 4590 1227 4651 scriptura
1245 4588 1371 4637 delectsmt
1387 4588 1408 4636 si
1425 4586 1532 4637 videtur
1548 4586 1641 4647 latere,
1659 4590 1769 4652 pristina

440 4669 466 4715 et
484 4667 583 4713 mutata
602 4661 728 4720 lectione,
753 4667 783 4712 nt
806 4677 887 4727 saepe
912 4664 1009 4713 iactum
1029 4667 1082 4721 est,
1108 4664 1234 4712 inunum
1253 4663 1402 4711 coniuncta.
1428 4687 1461 4698 -
1488 4662 1526 4710 to.
1544 4662 1623 4711 istam
1639 4660 1684 4712 tibi
1703 4663 1723 4713 0
1742 4687 1765 4701 -

435 4746 497 4803 puto
514 4752 564 4787 osse
581 4739 688 4799 scripsi:
704 4744 766 4798 puto
778 4754 810 4779 ⁸·
825 4740 858 4796 A;
876 4745 937 4801 puto
954 4739 1034 4788 Bll0
1051 4765 1084 4775 -
1103 4740 1142 4787 ll.
1157 4738 1244 4801 dilipes
1260 4738 1303 4799 oui
1319 4737 1346 4784 iu
1363 4733 1392 4786 B¹
1409 4761 1437 4772 -
1458 4736 1499 4785 tt.
1512 4736 1553 4786 ills
1569 4733 1601 4786 Μ
1621 4762 1649 4773 -
1669 4740 1771 4788 muium

440 4817 471 4871 Η,
490 4814 616 4861 amicitior
634 4809 663 4860 13²
681 4838 708 4847 -
728 4814 817 4862 amodo
835 4814 856 4861 H
875 4839 902 4849 -
922 4813 962 4863 43.
981 4825 1109 4861 mouentur
1125 4808 1155 4862 Α1
1183 4840 1210 4848 -
1239 4812 1278 4863 ti.
1297 4803 1454 4873 meconidem
1469 4809 1541 4872 3¹11,
1559 4812 1769 4873 mo⁸uuidsml

442 4916 469 4925 -
490 4890 529 4936 46,
547 4887 766 4936 recordationesli
790 4913 816 4921 -
843 4888 882 4936 ll.
907 4888 1014 4936 studiose
1030 4888 1142 4948 queruli
1173 4913 1200 4922 -
1232 4888 1271 4937 tt.
1291 4887 1458 4948 sepulchral
1489 4911 1516 4922 -
1547 4886 1587 4935 ts.
1605 4890 1721 4948 poenal
1742 4914 1768 4925 -

438 4965 478 5014 20.
497 4962 652 5010 ostendisse*
665 4962 679 4990 *
697 4965 718 5010 Α
738 4988 766 4998 -
784 4963 930 5023 hocquidom
947 4959 974 5011 θ’
993 4988 1020 4997 -
1040 4964 1081 5011 st.
1095 4964 1159 5011 mern
1176 4973 1221 5025 epo
1238 4967 1261 5012 te
1277 4964 1375 5025 occipio
1392 4961 1508 5022 codices,
1528 4973 1610 5024 quam
1628 4960 1771 5014 lectionem

439 5037 557 5088 defendit
575 5034 715 5097 Feldbiigel
739 5041 766 5085 et
788 5051 884 5087 censor
906 5039 931 5086 in
951 5036 1103 5098 eZeitscluiti
1118 5037 1162 5097 sur
1177 5036 1376 5086 diluiuum.»
1395 5034 1459 5085 tuti
1477 5047 1503 5098 p.
1515 5035 1577 5094 t³t;
1600 5036 1628 5084 id
1646 5037 1689 5096 (an
1707 5039 1770 5098 itui)

437 5116 504 5164 euim
519 5126 563 5174 epo
581 5112 651 5159 coni.
665 5113 797 5165 Goerenz;
817 5113 982 5160 coniecturas
1000 5110 1164 5173 reliquorum
1182 5113 1333 5160 criticorum
1352 5111 1386 5160 de
1404 5109 1462 5160 loco
1479 5109 1626 5160 admodum
1644 5116 1770 5176 suspecto

437 5204 463 5240 v.
484 5191 509 5238 in
527 5186 718 5235 commentario
738 5185 913 5248 l'eldlincgelii
932 5185 1025 5248 ptil.
1053 5214 1086 5222 -
1113 5186 1153 5235 23.
1174 5186 1254 5247 quid?
1274 5188 1396 5235 duosuos
1416 5185 1525 5249 scripsi:
1556 5185 1618 5245 quid
1635 5186 1769 5250 (suplin.

438 5265 499 5315 add.
513 5266 581 5322 uum)
600 5260 691 5307 *duos
702 5261 773 5309 ”A
792 5262 860 5324 (quid
877 5262 981 5310 videtur
998 5275 1029 5311 ex
1048 5262 1091 5322 qui
1109 5265 1279 5317 correctum),
1300 5262 1359 5323 quid
1370 5263 1440 5310 uou's
1456 5261 1494 5320 Bt,
1513 5260 1634 5322 quicquid
1650 5260 1716 5311 duos
1732 5260 1769 5323 θ’,

438 5342 498 5402 quid
514 5352 559 5387 uos
575 5338 638 5385 duos
655 5336 686 5393 ll,
705 5338 826 5396 numquid
842 5338 942 5385 doaso
971 5359 997 5371 -
1024 5336 1116 5383 babilis
1133 5335 1162 5384 Βι
1191 5360 1215 5369 -
1244 5336 1285 5384 to.
1303 5348 1382 5383 uuam
1398 5340 1517 5394 noturus,
1535 5335 1645 5385 Mum
1661 5337 1771 5386 modalis

439 5414 518 5465 codd.
537 5412 616 5462 dett:
635 5423 713 5459 unum
730 5416 851 5461 uotorum
867 5412 1012 5461 ciuitatisC
1042 5437 1068 5446 -
1098 5415 1159 5459 esset
1176 5410 1237 5459 edd.
1257 5413 1335 5459 vett:
1355 5410 1427 5460 estc
1454 5436 1479 5445 -
1508 5409 1549 5458 st.
1567 5410 1655 5470 itaquo
1671 5409 1772 5475 aliquot

438 5490 500 5539 edd.
519 5490 583 5536 vett.
603 5488 629 5534 et
646 5485 804 5536 Lambinus:
829 5490 866 5536 ito
883 5489 947 5542 C0;
971 5486 1041 5536 conl.
1061 5485 1155 5535 blandii
1172 5485 1281 5535 Turseli.
1301 5486 1345 5543 lll,
1360 5484 1418 5535 tu.
1439 5510 1465 5520 -
1493 5496 1568 5545 quom
1585 5487 1616 5542 Α,
1636 5498 1715 5546 Μ
1732 5484 1769 5545 13¹,

438 5580 495 5615 cum
512 5563 571 5613 u²u
591 5587 617 5596 -
638 5566 707 5608 ortus
723 5563 792 5610 Αηὶ2
812 5589 838 5597 -
857 5562 986 5610 tusculano
1004 5561 1059 5617 ΑΒ,
1078 5560 1127 5610 sed
1145 5573 1160 5609 o
1178 5560 1259 5609 habet
1276 5564 1296 5609 Α
1315 5562 1339 5608 in
1352 5572 1404 5608 ras.
1426 5586 1452 5595 -
1471 5559 1512 5608 is.
1526 5559 1656 5609 ciuitatem
1672 5573 1771 5610 mm

439 5642 505 5690 C-
525 5640 565 5688 29.
584 5652 625 5687 eos
641 5636 783 5699 demiprore
800 5637 943 5686 Manutius:
970 5636 1066 5684 eosdem
1081 5637 1232 5698 miproreC
1260 5660 1289 5671 -
1316 5640 1339 5685 et
1356 5639 1368 5682 ῖ
1385 5634 1451 5691 liin
1470 5634 1532 5694 ras)
1549 5636 1643 5685 utun
1671 5660 1700 5673 -
1728 5636 1769 5687 30.

438 5728 521 5763 omnes
533 5715 576 5761 ΒΟ
595 5738 622 5748 -
641 5726 665 5761 se
677 5712 855 5773 conferresec
877 5737 902 5745 -
921 5712 1029 5760 iussisset
1046 5712 1153 5773 scripsi:
1173 5712 1267 5759 iussitet
1285 5710 1314 5767 C.
1334 5710 1404 5757 iussit
1420 5710 1455 5767 03
1473 5706 1577 5769 syllaba
1594 5722 1665 5773 qnae
1682 5712 1772 5774 requi-

438 5789 504 5839 ritur'
520 5788 624 5836 videtur
640 5788 735 5849 purtim
753 5788 779 5836 in
795 5792 826 5845 et,
846 5787 941 5849 partim
959 5788 984 5835 in
1003 5785 1089 5835 alieno
1106 5799 1131 5835 se
1148 5790 1208 5848 post
1224 5785 1336 5847 conferre
1353 5784 1444 5834 latere.
1465 5809 1491 5819 -
1510 5784 1550 5833 sui
1566 5790 1642 5834 mont
1656 5785 1733 5834 dmm
1748 5789 1772 5834 d

437 5863 511 5912 Attici
528 5863 631 5924 iladvig
643 5861 699 5923 (sed
711 5863 754 5912 bic
765 5868 787 5911 et
798 5861 858 5922 suli:
877 5862 1058 5923 simfrootidem
1075 5862 1273 5924 (symfroutidem
1284 5861 1339 5922 llll)
1356 5866 1380 5910 et
1395 5860 1479 5909 atticis
1495 5859 1515 5909 C
1533 5856 1645 5921 (truens
1660 5862 1770 5922 simul

440 5950 464 5985 in
482 5948 534 5985 ras.
548 5934 647 5995 babet),
666 5938 730 5986 item
747 5938 767 5986 0
785 5936 841 5999 (sed
853 5937 936 5999 Attici)
954 5951 1016 5988 cum
1033 5938 1108 6001 signo
1126 5938 1227 5995 crucis;
1245 5950 1307 5987 suos
1323 5937 1464 6006 φρατρίας
1480 5941 1555 5986 mort
1570 5936 1648 5987 iidem
1664 5936 1772 5988 uetuit
