4342 7459
659 1242 726 1307 sn.
747 1242 786 1306 u.
815 1241 890 1308 cn.
910 1241 1247 1307 xxxv-xxxva.
1274 1239 1320 1326 §g
1341 1236 1488 1306 ss-es.
1674 1233 1737 1302 ur

416 1409 506 1488 putat
528 1421 674 1476 cernere,
695 1409 769 1485 post
790 1411 895 1464 autem
917 1403 1016 1486 siguis
1039 1404 1243 1477 certioribus,
1266 1404 1360 1487 quale
1383 1404 1423 1467 sit
1440 1402 1491 1477 id,
1514 1402 1553 1465 de
1569 1421 1631 1485 quo
1647 1400 1738 1463 dubi·

415 1507 551 1571 taverat,
572 1497 683 1579 incipit
704 1497 875 1580 suspicari,
901 1498 946 1560 sic
968 1498 1152 1579 philosophi
1175 1498 1367 1570 debuerunt,
1390 1498 1417 1559 si
1439 1496 1518 1560 forte
1540 1516 1596 1559 eos
1617 1497 1736 1578 primus

415 1598 560 1674 aspectus
583 1591 691 1653 mundi
715 1591 971 1664 conturbaverat,
999 1599 1124 1673 postea,
1148 1612 1219 1654 cum
1243 1590 1395 1654 vidissent
1414 1598 1519 1653 motus
1541 1591 1609 1652 eius
1630 1589 1737 1651 finitos

414 1692 446 1747 et
468 1684 652 1768 aequabiles
667 1685 835 1766 omniaque
851 1686 925 1747 ratis
940 1685 1104 1747 ordinibus
1120 1684 1281 1748 moderata
1294 1685 1536 1767 inmutabilique
1551 1682 1737 1753 constantia,

414 1778 599 1859 intellegere
622 1777 725 1840 inesse
745 1778 882 1861 aliquem
899 1799 961 1841 non
976 1778 1076 1841 solum
1092 1778 1300 1842 habitatorem
1315 1778 1347 1840 iu
1362 1778 1420 1841 hac
1435 1779 1562 1846 caelesti
1580 1798 1615 1840 ec
1630 1776 1760 1839 divinae

414 1872 525 1944 domo,
548 1871 604 1933 sed
627 1873 721 1933 etiam
744 1880 899 1935 rectorem
922 1880 953 1935 et
975 1872 1204 1936 moderatorem
1220 1881 1252 1935 et
1267 1881 1425 1957 tamquam
1440 1873 1643 1935 architectum
1660 1869 1738 1932 tanti

414 1966 520 2049 operis
541 1965 684 2045 tantique
707 1966 857 2028 muneris.
901 1966 1046 2027 xxxvl
1068 1968 1158 2028 Nunc
1180 1974 1285 2029 autem
1308 1967 1384 2029 mihi
1406 1967 1613 2029 videnturne
1635 1964 1738 2044 suspi-

413 2058 478 2121 cari
501 2058 643 2139 quidem,
668 2068 787 2141 quanta
809 2062 849 2122 sit
870 2059 1096 2122 admirabilitas
1112 2059 1291 2125 caelestium
1305 2081 1409 2123 rerum
1424 2068 1518 2141 atque
1532 2056 1737 2121 terrestrium.

413 2147 465 2213 9-1.
487 2152 644 2235 Principio
667 2152 750 2213 enim
774 2161 856 2215 terra
878 2153 938 2216 sita
961 2154 995 2215 in
1017 2153 1121 2216 media
1143 2162 1232 2235 parte
1253 2154 1363 2216 mundi
1385 2152 1573 2216 circumfusa
1595 2150 1737 2233 undique

414 2253 463 2309 est
484 2245 542 2307 hac
565 2245 691 2306 animali
714 2246 919 2328 spirabilique
942 2255 1068 2320 natura,
1100 2248 1150 2310 cui
1173 2267 1288 2310 nomen
1311 2257 1360 2310 est
1380 2255 1450 2319 aer,
1481 2246 1635 2309 Graecum
1657 2242 1775 2305 illudio

413 2338 556 2422 quidem,
585 2338 640 2400 sed
670 2348 851 2422 perceptum
881 2341 942 2402 iam
966 2349 1070 2403 tamen
1094 2361 1153 2403 usu
1173 2359 1193 2403 a
1215 2342 1348 2416 nostris3
1377 2343 1481 2403 tritum
1505 2348 1552 2402 est
1573 2340 1656 2401 euim
1679 2356 1737 2419 pro

413 2434 535 2495 Latino.
568 2433 662 2494 Hono
684 2453 793 2495 rursus
814 2434 1015 2515 amplectitur
1036 2435 1198 2497 inmensus
1219 2432 1343 2508 aether,
1372 2436 1426 2518 qui
1448 2441 1570 2498 constat
1591 2453 1631 2496 ex
1652 2431 1738 2494 altis·

411 2526 501 2590 simis
533 2528 669 2609 ignibus.
713 2528 892 2588 hlutuemur
922 2528 982 2589 hoe
1011 2548 1139 2611 quoque
1169 2529 1299 2593 verbum
1329 2528 1514 2613 dicaturque
1543 2535 1606 2590 tam
1628 2524 1740 2589 aether

412 2621 540 2693 Latine,
563 2639 655 2703 quarn
679 2622 793 2682 dicitur
814 2628 883 2693 a'er,
906 2622 966 2683 etsi
988 2621 1213 2705 interpretatur
1233 2623 1408 2686 Pacuvius:

539 2714 638 2788 Hoc,
667 2714 771 2798 quod
803 2734 994 2789 memoro,
1026 2716 1157 2778 nostri
1187 2717 1354 2789 eaelum,
1383 2716 1496 2779 Graii
1519 2714 1776 2799 perhibentia

1044 2810 1233 2872 aethera:

414 2907 603 2989 quasivero
633 2925 696 2968 non
718 2905 831 2967 Graius
861 2903 922 2966 hoc
950 2903 1044 2966 dicat.
1084 2906 1125 2965 At
1145 2905 1256 2967 Latine
1283 2904 1433 2987 loquitur.
1474 2900 1657 2987 Siquidem
1680 2920 1738 2964 nos

413 3018 475 3061 nou
498 2998 590 3081 quasi
612 2998 731 3061 Graece
753 3000 936 3081 loquentem
958 2997 1132 3059 audiamus.
1169 3000 1270 3062 Docet
1290 2999 1375 3062 idem
1395 2998 1460 3061 aliu
1481 2998 1575 3062 loco:

539 3091 767 3173 Graiugena
796 3091 842 3155 de
866 3093 970 3154 istoc
992 3090 1128 3171 aperit
1148 3092 1238 3173 ipsa
1260 3093 1399 3156 oratio.

411 3183 463 3247 92.
487 3186 547 3247 Sed
571 3187 610 3248 ad
634 3188 753 3249 maiora
775 3186 950 3249 redeamus.
991 3186 1039 3246 Es
1061 3184 1189 3247 aethere
1212 3186 1307 3268 igitur
1328 3186 1572 3248 innumerabiles
1593 3185 1775 3247 tlammaett

411 3280 549 3343 siderum
573 3280 743 3354 exsistunt,
766 3300 900 3362 quorum
924 3287 972 3341 est
993 3280 1147 3361 princeps·
1161 3279 1224 3352 sol,
1246 3280 1352 3342 omnia
1373 3279 1547 3342 clarissima
1573 3277 1641 3344 luce
1663 3296 1738 3339 con·

411 3373 558 3447 lustrans,
581 3373 688 3437 multis
704 3375 843 3457 partibus
859 3375 958 3435 maior
972 3381 1068 3455 atque
1082 3373 1219 3455 amplior
1232 3393 1324 3454 quam
1341 3382 1424 3435 terra
1440 3373 1599 3434 universa:
1622 3369 1737 3433 deinde

410 3468 535 3549 reliqua
561 3467 666 3529 sidera
696 3465 965 3549 magnitudinibus
995 3466 1158 3529 inmensis.
1196 3470 1301 3549 Atque
1333 3468 1365 3530 hi
1395 3468 1474 3530 tanti
1500 3468 1590 3549 ignes
1612 3475 1737 3548 tamque

412 3562 502 3626 multi
531 3582 594 3624 non
625 3560 720 3625 modo
748 3561 828 3622 nihil
851 3568 966 3622 nocent
988 3559 1079 3622 terris
1102 3560 1259 3644 rebusque
1282 3562 1497 3633 terrestribus,
1523 3560 1580 3622 sed
1601 3560 1645 3621 ita
1666 3579 1737 3641 pru·

412 3666 501 3730 sunt,
525 3666 574 3729 ut,
598 3657 624 3718 si
649 3663 731 3716 mota
753 3655 824 3716 loco
846 3656 926 3727 sint,
948 3656 1144 3735 conflagrare
1167 3664 1266 3718 terras
1288 3675 1418 3719 necesse
1440 3654 1624 3717 sitatautis
1646 3653 1774 3717 ardo-¹⁵

410 3751 499 3812 n'hus
522 3748 741 3828 moderatione
764 3756 796 3809 et
818 3748 1043 3829 temperatione
1066 3749 1201 3812 sublata.

495 3843 656 3904 xxxvto
679 3839 729 3902 93.
752 3842 811 3902 Hic
834 3860 892 3922 ego
915 3862 978 3903 nou
1001 3844 1095 3906 mirer
1116 3864 1186 3906 esse
1208 3865 1412 3927 quemquam,
1440 3847 1494 3927 qui
1520 3843 1579 3906 sibi
1608 3861 1738 3923 persua·

410 3940 484 4002 deat
505 3957 637 4019 corpora
660 3936 814 4017 quaedam
838 3934 939 3997 solida
960 3944 1057 4019 atque
1088 3938 1250 4002 individua
1273 3941 1302 4001 vi
1325 3948 1356 4001 et
1376 3941 1530 4020 gravitate
1552 3937 1624 4000 ierri
1649 3957 1738 4000 mun·

410 4032 550 4113 dumque
580 4027 662 4091 ellici
689 4030 923 4091 ornatissimum
953 4038 985 4092 et
1011 4031 1256 4113 pulcherrimum
1280 4053 1320 4094 ex
1342 4052 1452 4095 eorum
1474 4052 1641 4114 corporum
1664 4049 1739 4093 cou-

411 4126 557 4189 cursione
586 4123 740 4186 fortuita?
771 4123 839 4184 Hoc
869 4124 922 4204 qui
954 4125 1114 4187 existimat
1137 4123 1203 4187 [ieri
1227 4128 1382 4208 potuisse,
1409 4147 1471 4188 non
1495 4125 1661 4205 intellego,
1684 4135 1775 4185 curan

411 4241 474 4283 uon
498 4218 581 4280 idem
604 4226 707 4300 putet,
730 4219 755 4279 si
779 4217 1025 4279 innumerabiles
1049 4221 1142 4280 unius
1165 4227 1196 4281 et
1218 4220 1327 4300 viginti
1350 4219 1469 4283 formae
1492 4221 1665 4282 litterarum
1688 4217 1737 4280 vel

410 4332 523 4377 aureae
546 4312 596 4373 vel
620 4311 729 4392 quales
753 4311 828 4373 libet
850 4310 957 4389 aliquo
982 4313 1164 4384 coiciantur,
1188 4333 1281 4396 posse
1302 4334 1342 4375 ex
1362 4303 1401 4375 iis
1420 4315 1452 4376 in
1467 4323 1580 4376 terram
1595 4312 1737 4375 excussis

410 4407 541 4469 unnales
570 4406 681 4477 Ennii,
714 4414 748 4465 ut
775 4403 924 4486 deinceps
953 4403 1014 4485 legi
1043 4409 1180 4487 possint,
1211 4404 1312 4468 ellici:
1342 4408 1426 4488 quod
1451 4409 1557 4469 nescio
1579 4427 1618 4469 an
1642 4426 1681 4468 ne
1702 4405 1736 4468 iu

410 4522 473 4564 uno
505 4501 631 4583 quidem
663 4518 754 4559 versu
785 4500 885 4579 possit
914 4508 1034 4561 tautum
1058 4500 1163 4562 valere
1186 4499 1321 4562 fortuna.
1365 4498 1736 4583 ul.1stiautemquem

411 4595 598 4659 admodum
623 4592 824 4665 adseverant,
848 4614 888 4654 ex
910 4594 1105 4675 corpusculis
1128 4614 1191 4656 non
1215 4595 1331 4667 colore,
1363 4616 1424 4657 non
1448 4596 1596 4677 qualitate
1619 4593 1773 4675 aliquane

410 4707 504 4773 quam
528 4686 683 4764 ποιότηια
707 4689 817 4748 Graeci
841 4695 972 4759 vocant,
1004 4709 1067 4749 uon
1091 4709 1186 4751 sensu
1211 4689 1378 4772 praeditis,
1402 4691 1455 4752 sed
1480 4687 1737 4752 concurrentibus

410 4791 528 4845 temere
551 4791 645 4863 atque
669 4803 743 4844 casu
766 4780 918 4842 mundum
941 4802 1010 4843 esse
1033 4783 1226 4863 perfectum,
1249 4783 1299 4846 vel
1323 4784 1565 4847 innumerabiles
1586 4784 1689 4865 potius
1704 4782 1737 4843 in

410 4877 496 4938 omni
522 4885 639 4958 puncto
664 4876 814 4957 temporis
837 4875 917 4937 alios
940 4877 1044 4949 nasci,
1066 4877 1147 4938 alios
1169 4878 1324 4939 interiret
1347 4879 1440 4952 Quod
1461 4879 1486 4939 si
1505 4878 1654 4940 mundum
1671 4873 1737 4938 eiii·

410 4990 481 5031 cere
513 4978 617 5052 potest
639 4990 811 5031 concursus
838 4978 1027 5043 atomorum,
1056 4990 1113 5032 cur
1134 4971 1307 5052 porticum,
1335 4991 1391 5033 cur
1412 4972 1580 5055 templum,
1603 4990 1660 5033 cur
1681 4970 1738 5033 do-

411 5083 511 5137 mum,
535 5083 591 5124 cur
613 5064 721 5125 urbem
746 5084 809 5125 non
833 5066 963 5144 potest?
986 5084 1066 5146 quae
1089 5072 1162 5127 sunt
1184 5066 1287 5128 minus
1303 5086 1435 5149 operosa
1450 5074 1481 5127 et
1496 5065 1593 5127 multo
1609 5064 1774 5147 quidemn

475 5341 498 5390 9.
518 5341 642 5401 Principio
655 5346 737 5389 --ost
755 5355 800 5389 oer
819 5340 919 5389 Probus
937 5341 971 5389 ad
989 5340 1083 5404 Vergil.
1104 5340 1193 5392 Bucol.
1214 5356 1238 5406 p.
1259 5343 1289 5391 48
1307 5341 1371 5391 Keil.
1390 5371 1414 5379 —
1435 5343 1475 5393 ld.
1495 5343 1600 5392 animoli
1618 5342 1734 5393 Probus:

408 5413 579 5466 ouimobdiit
601 5443 624 5450 -
651 5419 690 5465 tt.
710 5431 726 5464 o
744 5418 874 5465 uostritum
892 5418 921 5465 Α1
943 5442 969 5451 -
997 5418 1035 5465 le.
1055 5418 1083 5464 ld
1105 5419 1170 5478 quod
1191 5420 1268 5466 nostri
1289 5418 1386 5466 coctum
1405 5424 1543 5467 memorant
1561 5420 1642 5468 Varro
1661 5420 1687 5468 L.
1708 5420 1734 5468 h.

407 5492 439 5550 V,
459 5492 497 5540 ti.
520 5516 546 5526 -
566 5489 664 5552 proiit
685 5518 709 5526 -
737 5493 776 5540 l'l.
796 5493 890 5540 lotione
907 5496 927 5540 Α
948 5519 974 5527 -
1002 5493 1040 5559 t9.
1061 5493 1225 5554 Graiugeno:
1249 5493 1314 5540 deo
1337 5493 1518 5555 (Graiupouom
1536 5494 1575 5542 ted
1591 5494 1739 5554 esseoperit

406 5569 463 5627 ipsa
479 5567 562 5614 oratio
580 5566 653 5627 llugo
671 5569 794 5627 Grotius.)
815 5595 841 5603 -
861 5569 921 5616 istoc
938 5568 1037 5616 liothe:
1058 5567 1105 5615 isto
1123 5569 1220 5623 ΑΒ(1;
1243 5571 1292 5616 isto
1310 5567 1329 5616 E
1349 5595 1375 5604 ·-
1395 5568 1435 5618 hi.
1454 5572 1528 5618 terris
1544 5570 1664 5631 rebusque
1675 5568 1737 5630 cet]

408 5639 447 5691 Ab
466 5641 506 5690 his
525 5641 613 5690 verbis
633 5643 722 5704 incipit
740 5643 801 5689 V-
821 5645 862 5691 25.
881 5648 950 5691 mutu
966 5644 1022 5690 loca
1040 5643 1075 5699 C,
1095 5642 1147 5690 loco
1164 5647 1233 5690 molo
1252 5642 1269 5690 E
1290 5668 1316 5677 -
1336 5644 1375 5692 Ἡ.
1394 5658 1454 5707 erpo
1472 5646 1548 5705 (corr.
1563 5661 1594 5697 ex
1608 5649 1662 5710 ego)
1675 5647 1695 5692 V
1708 5673 1734 5683 -

409 5716 450 5766 3⁰.
475 5730 541 5777 quur
562 5720 582 5764 Α
609 5744 641 5752 -
668 5717 707 5765 31.
732 5717 923 5766 innumerabiles
949 5721 1095 5780 (superscr.
1115 5730 1127 5765 e
1144 5718 1212 5765 inter
1229 5716 1295 5766 dous
1317 5728 1348 5776 u)
1374 5720 1410 5776 B,
1437 5719 1642 5769 inenumerabiles
1659 5723 1738 5771 CEV

411 5818 437 5828 -
457 5792 497 5840 32.
516 5791 691 5842 coiciuntur‘it
709 5793 745 5852 tiu
761 5794 779 5837 V
793 5806 927 5855 superscr.
940 5792 1106 5852 conicientur)
1119 5806 1124 5839 :
1147 5795 1315 5842 coniiciuntur
1327 5795 1347 5842 Ο
1361 5819 1387 5828 -
1401 5795 1432 5841 iis
1443 5795 1475 5843 e:
1489 5795 1556 5842 hiso
1575 5820 1601 5830 -
1622 5796 1662 5844 33.
1681 5798 1738 5845 cuni

407 5867 487 5917 Act:
511 5892 537 5901 -
563 5868 734 5928 sepontus
757 5868 852 5921 AB&
877 5873 950 5929 poeto
972 5867 1009 5925 C;
1034 5873 1150 5929 pocoletu
1168 5869 1188 5916 V
1208 5894 1235 5905 -
1256 5869 1295 5917 39.
1316 5883 1381 5930 quur
1398 5870 1508 5931 tquster)
1527 5871 1547 5917 Α
1567 5896 1592 5905 -
1612 5869 1653 5920 id.
1673 5883 1738 5934 quus

407 5946 463 5990 suot
473 5967 510 5979 --
522 5942 651 6004 fecilior-o]
671 5944 780 5992 «bitrem
799 5944 923 5993 orationis
942 5942 1070 5994 turmam:
1089 5956 1143 5993 was
1154 5945 1251 5995 miuder
1261 5944 1356 5995 scbwer
1366 5945 1398 5993 ist
1409 5946 1460 5994 und
1470 5957 1545 5994 soor
1554 5947 1613 5997 weit
1623 5946 1735 5997 nume!
