<?xml version="1.0" encoding="UTF-8"?>
<!DOCTYPE html PUBLIC "-//W3C//DTD XHTML 1.0 Transitional//EN"
    "http://www.w3.org/TR/xhtml1/DTD/xhtml1-transitional.dtd">
<html xmlns="http://www.w3.org/1999/xhtml" xml:lang="en" lang="en">
 <head>
  <title>
</title>
<meta http-equiv="Content-Type" content="text/html;charset=utf-8" />
  <meta name='ocr-system' content='tesseract 3.04.00' />
  <meta name='ocr-capabilities' content='ocr_page ocr_carea ocr_par ocr_line ocrx_word'/>
</head>
<body>
  <div class='ocr_page' id='page_1' title='image "./operaquaesupers00halmgoog/operaquaesupers00halmgoog_0442.png"; bbox 0 0 4342 7459; ppageno 0'>
   <div class='ocr_carea' id='block_1_1' title="bbox 440 1234 1314 1309">
    <p class='ocr_par' dir='ltr' id='par_1_1' title="bbox 440 1234 1314 1309">
     <span class='ocr_line' id='line_1_1' title="bbox 440 1234 1314 1309; baseline 0.005 -5"><span class='ocrx_word' id='word_1_1' title='bbox 440 1234 504 1305; x_wconf 63' lang='lat' dir='ltr'><strong>lbb</strong></span> <span class='ocrx_word' id='word_1_2' title='bbox 887 1244 941 1309; x_wconf 81' lang='lat' dir='ltr'><strong>llll</strong></span> <span class='ocrx_word' id='word_1_3' title='bbox 964 1242 1131 1308; x_wconf 78' lang='lat' dir='ltr'>DEORUM</span> <span class='ocrx_word' id='word_1_4' title='bbox 1151 1243 1314 1308; x_wconf 75' lang='lat' dir='ltr'><strong>blh&#39;lllllb</strong></span> 
     </span>
    </p>
   </div>
   <div class='ocr_carea' id='block_1_2' title="bbox 400 1399 1767 3730">
    <p class='ocr_par' dir='ltr' id='par_1_2' title="bbox 400 1399 1767 3730">
     <span class='ocr_line' id='line_1_2' title="bbox 442 1399 1765 1487; baseline 0.005 -23"><span class='ocrx_word' id='word_1_5' title='bbox 442 1399 591 1465; x_wconf 86' lang='lat' dir='ltr'><strong>solarium</strong></span> <span class='ocrx_word' id='word_1_6' title='bbox 603 1401 653 1465; x_wconf 88' lang='lat' dir='ltr'><strong>vel</strong></span> <span class='ocrx_word' id='word_1_7' title='bbox 668 1400 854 1483; x_wconf 83' lang='lat' dir='ltr'><strong>discriptum</strong></span> <span class='ocrx_word' id='word_1_8' title='bbox 863 1402 913 1465; x_wconf 91' lang='lat' dir='ltr'><strong>vel</strong></span> <span class='ocrx_word' id='word_1_9' title='bbox 926 1422 968 1466; x_wconf 84' lang='lat' dir='ltr'><strong>cx</strong></span> <span class='ocrx_word' id='word_1_10' title='bbox 981 1423 1065 1487; x_wconf 86' lang='lat' dir='ltr'><strong>aqna</strong></span> <span class='ocrx_word' id='word_1_11' title='bbox 1077 1404 1299 1487; x_wconf 87' lang='lat' dir='ltr'><strong>contemplere,</strong></span> <span class='ocrx_word' id='word_1_12' title='bbox 1311 1400 1493 1486; x_wconf 72' lang='lat' dir='ltr'>intellegere</span> <span class='ocrx_word' id='word_1_13' title='bbox 1505 1402 1657 1468; x_wconf 82' lang='lat' dir='ltr'><strong>declarari</strong></span> <span class='ocrx_word' id='word_1_14' title='bbox 1669 1402 1765 1470; x_wconf 82' lang='lat' dir='ltr'><strong>bom</strong></span> 
     </span>
     <span class='ocr_line' id='line_1_3' title="bbox 441 1493 1767 1580; baseline 0.007 -23"><span class='ocrx_word' id='word_1_15' title='bbox 441 1500 519 1568; x_wconf 84' lang='lat' dir='ltr'><strong>erte,</strong></span> <span class='ocrx_word' id='word_1_16' title='bbox 533 1513 597 1558; x_wconf 93' lang='lat' dir='ltr'><strong>non</strong></span> <span class='ocrx_word' id='word_1_17' title='bbox 612 1513 701 1569; x_wconf 82' lang='lat' dir='ltr'><strong>casu,</strong></span> <span class='ocrx_word' id='word_1_18' title='bbox 723 1496 876 1559; x_wconf 87' lang='lat' dir='ltr'><strong>mundum</strong></span> <span class='ocrx_word' id='word_1_19' title='bbox 890 1504 1013 1570; x_wconf 89' lang='lat' dir='ltr'><strong>autem,</strong></span> <span class='ocrx_word' id='word_1_20' title='bbox 1029 1498 1085 1580; x_wconf 95' lang='lat' dir='ltr'><strong>qui</strong></span> <span class='ocrx_word' id='word_1_21' title='bbox 1102 1497 1203 1561; x_wconf 84' lang='lat' dir='ltr'><strong>athas</strong></span> <span class='ocrx_word' id='word_1_22' title='bbox 1218 1497 1303 1580; x_wconf 86' lang='lat' dir='ltr'><strong>ipsas</strong></span> <span class='ocrx_word' id='word_1_23' title='bbox 1318 1504 1400 1560; x_wconf 84' lang='lat' dir='ltr'><strong>artes</strong></span> <span class='ocrx_word' id='word_1_24' title='bbox 1416 1505 1447 1559; x_wconf 86' lang='lat' dir='ltr'><strong>et</strong></span> <span class='ocrx_word' id='word_1_25' title='bbox 1463 1516 1569 1559; x_wconf 88' lang='lat' dir='ltr'><strong>earum</strong></span> <span class='ocrx_word' id='word_1_26' title='bbox 1584 1493 1720 1562; x_wconf 83' lang='lat' dir='ltr'><strong>artifices</strong></span> <span class='ocrx_word' id='word_1_27' title='bbox 1732 1504 1767 1566; x_wconf 77' lang='lat' dir='ltr'><strong>st</strong></span> 
     </span>
     <span class='ocr_line' id='line_1_4' title="bbox 441 1586 1766 1674; baseline 0.004 -24"><span class='ocrx_word' id='word_1_28' title='bbox 441 1594 554 1650; x_wconf 88' lang='lat' dir='ltr'><strong>cuncta</strong></span> <span class='ocrx_word' id='word_1_29' title='bbox 575 1588 805 1668; x_wconf 77' lang='lat' dir='ltr'><strong>conplectatur,</strong></span> <span class='ocrx_word' id='word_1_30' title='bbox 827 1590 952 1652; x_wconf 89' lang='lat' dir='ltr'><strong>consilii</strong></span> <span class='ocrx_word' id='word_1_31' title='bbox 974 1599 1006 1653; x_wconf 90' lang='lat' dir='ltr'><strong>et</strong></span> <span class='ocrx_word' id='word_1_32' title='bbox 1026 1592 1158 1654; x_wconf 84' lang='lat' dir='ltr'><strong>rationis</strong></span> <span class='ocrx_word' id='word_1_33' title='bbox 1173 1610 1242 1654; x_wconf 86' lang='lat' dir='ltr'><strong>esse</strong></span> <span class='ocrx_word' id='word_1_34' title='bbox 1257 1599 1419 1673; x_wconf 86' lang='lat' dir='ltr'><strong>expertem</strong></span> <span class='ocrx_word' id='word_1_35' title='bbox 1435 1593 1571 1674; x_wconf 80' lang='lat' dir='ltr'><strong>putaret</strong></span> <span class='ocrx_word' id='word_1_36' title='bbox 1601 1586 1652 1655; x_wconf 85' lang='lat'><strong>88.</strong></span> <span class='ocrx_word' id='word_1_37' title='bbox 1668 1590 1766 1667; x_wconf 83' lang='lat' dir='ltr'><strong>Quod</strong></span> 
     </span>
     <span class='ocr_line' id='line_1_5' title="bbox 442 1680 1765 1768; baseline 0.005 -25"><span class='ocrx_word' id='word_1_38' title='bbox 442 1680 523 1743; x_wconf 84' lang='lat' dir='ltr'><strong>siin</strong></span> <span class='ocrx_word' id='word_1_39' title='bbox 546 1680 704 1762; x_wconf 80' lang='lat' dir='ltr'><strong>Scythiam</strong></span> <span class='ocrx_word' id='word_1_40' title='bbox 732 1689 787 1745; x_wconf 84' lang='lat' dir='ltr'><strong>snt</strong></span> <span class='ocrx_word' id='word_1_41' title='bbox 815 1683 847 1745; x_wconf 95' lang='lat' dir='ltr'><strong>in</strong></span> <span class='ocrx_word' id='word_1_42' title='bbox 874 1684 1069 1747; x_wconf 78' lang='lat' dir='ltr'><strong>Britanniam</strong></span> <span class='ocrx_word' id='word_1_43' title='bbox 1098 1685 1264 1767; x_wconf 82' lang='lat' dir='ltr'><strong>sphaeram</strong></span> <span class='ocrx_word' id='word_1_44' title='bbox 1285 1684 1400 1766; x_wconf 87' lang='lat' dir='ltr'><strong>aliquis</strong></span> <span class='ocrx_word' id='word_1_45' title='bbox 1423 1684 1530 1747; x_wconf 85' lang='lat' dir='ltr'><strong>tulerit</strong></span> <span class='ocrx_word' id='word_1_46' title='bbox 1550 1684 1646 1759; x_wconf 88' lang='lat' dir='ltr'><strong>hanc,</strong></span> <span class='ocrx_word' id='word_1_47' title='bbox 1668 1703 1765 1768; x_wconf 86' lang='lat' dir='ltr'><strong>quam</strong></span> 
     </span>
     <span class='ocr_line' id='line_1_6' title="bbox 420 1772 1766 1857; baseline 0.004 -22"><span class='ocrx_word' id='word_1_48' title='bbox 420 1787 545 1856; x_wconf 81' lang='lat' dir='ltr'><strong>suuper</strong></span> <span class='ocrx_word' id='word_1_49' title='bbox 571 1772 736 1838; x_wconf 79' lang='lat' dir='ltr'><strong>familiaris</strong></span> <span class='ocrx_word' id='word_1_50' title='bbox 762 1785 872 1840; x_wconf 86' lang='lat' dir='ltr'><strong>noster</strong></span> <span class='ocrx_word' id='word_1_51' title='bbox 898 1778 1003 1841; x_wconf 85' lang='lat' dir='ltr'><strong>etiecit</strong></span> <span class='ocrx_word' id='word_1_52' title='bbox 1030 1778 1236 1852; x_wconf 84' lang='lat' dir='ltr'><strong>Posidonius,</strong></span> <span class='ocrx_word' id='word_1_53' title='bbox 1258 1776 1348 1839; x_wconf 89' lang='lat' dir='ltr'><strong>cuius</strong></span> <span class='ocrx_word' id='word_1_54' title='bbox 1377 1776 1519 1857; x_wconf 72' lang='lat' dir='ltr'><strong>singulae</strong></span> <span class='ocrx_word' id='word_1_55' title='bbox 1541 1777 1766 1841; x_wconf 76' lang='lat' dir='ltr'><strong>conversiones</strong></span> 
     </span>
     <span class='ocr_line' id='line_1_7' title="bbox 442 1865 1765 1955; baseline 0.004 -28"><span class='ocrx_word' id='word_1_56' title='bbox 442 1865 525 1928; x_wconf 87' lang='lat' dir='ltr'><strong>idem</strong></span> <span class='ocrx_word' id='word_1_57' title='bbox 548 1865 691 1931; x_wconf 84' lang='lat' dir='ltr'><strong>alliciunt</strong></span> <span class='ocrx_word' id='word_1_58' title='bbox 712 1869 743 1933; x_wconf 92' lang='lat' dir='ltr'><strong>in</strong></span> <span class='ocrx_word' id='word_1_59' title='bbox 765 1870 834 1933; x_wconf 89' lang='lat' dir='ltr'><strong>sole</strong></span> <span class='ocrx_word' id='word_1_60' title='bbox 856 1878 889 1934; x_wconf 90' lang='lat' dir='ltr'><strong>et</strong></span> <span class='ocrx_word' id='word_1_61' title='bbox 910 1872 941 1934; x_wconf 93' lang='lat' dir='ltr'><strong>in</strong></span> <span class='ocrx_word' id='word_1_62' title='bbox 964 1872 1039 1934; x_wconf 90' lang='lat' dir='ltr'><strong>luna</strong></span> <span class='ocrx_word' id='word_1_63' title='bbox 1062 1880 1093 1934; x_wconf 92' lang='lat' dir='ltr'><strong>et</strong></span> <span class='ocrx_word' id='word_1_64' title='bbox 1114 1871 1148 1934; x_wconf 91' lang='lat' dir='ltr'><strong>in</strong></span> <span class='ocrx_word' id='word_1_65' title='bbox 1170 1871 1311 1953; x_wconf 90' lang='lat' dir='ltr'><strong>quinque</strong></span> <span class='ocrx_word' id='word_1_66' title='bbox 1334 1871 1434 1934; x_wconf 90' lang='lat' dir='ltr'><strong>stellis</strong></span> <span class='ocrx_word' id='word_1_67' title='bbox 1457 1871 1650 1944; x_wconf 87' lang='lat' dir='ltr'><strong>errantibus,</strong></span> <span class='ocrx_word' id='word_1_68' title='bbox 1679 1869 1765 1955; x_wconf 94' lang='lat' dir='ltr'><strong>quod</strong></span> 
     </span>
     <span class='ocr_line' id='line_1_8' title="bbox 441 1954 1766 2046; baseline 0.004 -26"><span class='ocrx_word' id='word_1_69' title='bbox 441 1954 577 2022; x_wconf 84' lang='lat' dir='ltr'><strong>efficitur</strong></span> <span class='ocrx_word' id='word_1_70' title='bbox 597 1961 630 2023; x_wconf 91' lang='lat' dir='ltr'><strong>in</strong></span> <span class='ocrx_word' id='word_1_71' title='bbox 653 1962 741 2025; x_wconf 90' lang='lat' dir='ltr'><strong>caelo</strong></span> <span class='ocrx_word' id='word_1_72' title='bbox 763 1963 895 2046; x_wconf 88' lang='lat' dir='ltr'><strong>singulis</strong></span> <span class='ocrx_word' id='word_1_73' title='bbox 916 1965 1027 2029; x_wconf 86' lang='lat' dir='ltr'><strong>diebus</strong></span> <span class='ocrx_word' id='word_1_74' title='bbox 1049 1974 1081 2028; x_wconf 92' lang='lat' dir='ltr'><strong>et</strong></span> <span class='ocrx_word' id='word_1_75' title='bbox 1096 1965 1256 2038; x_wconf 92' lang='lat' dir='ltr'><strong>noctibus,</strong></span> <span class='ocrx_word' id='word_1_76' title='bbox 1280 1964 1351 2046; x_wconf 91' lang='lat' dir='ltr'><strong>quis</strong></span> <span class='ocrx_word' id='word_1_77' title='bbox 1366 1965 1397 2026; x_wconf 94' lang='lat' dir='ltr'><strong>in</strong></span> <span class='ocrx_word' id='word_1_78' title='bbox 1414 1964 1468 2026; x_wconf 91' lang='lat' dir='ltr'><strong>illa</strong></span> <span class='ocrx_word' id='word_1_79' title='bbox 1484 1964 1626 2026; x_wconf 84' lang='lat' dir='ltr'><strong>barbaria</strong></span> <span class='ocrx_word' id='word_1_80' title='bbox 1642 1964 1766 2028; x_wconf 81' lang='lat' dir='ltr'><strong>dubitet</strong></span> 
     </span>
     <span class='ocr_line' id='line_1_9' title="bbox 440 2050 1765 2141; baseline 0.01 -28"><span class='ocrx_word' id='word_1_81' title='bbox 440 2050 520 2134; x_wconf 90' lang='lat' dir='ltr'><strong>quin</strong></span> <span class='ocrx_word' id='word_1_82' title='bbox 552 2072 591 2117; x_wconf 84' lang='lat' dir='ltr'><strong>ea</strong></span> <span class='ocrx_word' id='word_1_83' title='bbox 618 2055 756 2137; x_wconf 89' lang='lat' dir='ltr'><strong>sphaera</strong></span> <span class='ocrx_word' id='word_1_84' title='bbox 783 2057 824 2119; x_wconf 90' lang='lat' dir='ltr'><strong>sit</strong></span> <span class='ocrx_word' id='word_1_85' title='bbox 851 2058 991 2141; x_wconf 83' lang='lat' dir='ltr'><strong>perlecta</strong></span> <span class='ocrx_word' id='word_1_86' title='bbox 1018 2059 1166 2123; x_wconf 80' lang='lat' dir='ltr'><strong>rational</strong></span> <span class='ocrx_word' id='word_1_87' title='bbox 1211 2058 1340 2120; x_wconf 79' lang='lat' dir='ltr'><strong>XXXV.</strong></span> <span class='ocrx_word' id='word_1_88' title='bbox 1366 2058 1406 2120; x_wconf 89' lang='lat' dir='ltr'><strong>lli</strong></span> <span class='ocrx_word' id='word_1_89' title='bbox 1429 2066 1534 2120; x_wconf 90' lang='lat' dir='ltr'><strong>autem</strong></span> <span class='ocrx_word' id='word_1_90' title='bbox 1557 2056 1703 2122; x_wconf 79' lang='lat' dir='ltr'><strong>dubitant</strong></span> <span class='ocrx_word' id='word_1_91' title='bbox 1725 2056 1765 2126; x_wconf 73' lang='lat' dir='ltr'><strong>de</strong></span> 
     </span>
     <span class='ocr_line' id='line_1_10' title="bbox 441 2144 1766 2234; baseline 0.005 -27"><span class='ocrx_word' id='word_1_92' title='bbox 441 2144 574 2222; x_wconf 89' lang='lat' dir='ltr'><strong>mundo,</strong></span> <span class='ocrx_word' id='word_1_93' title='bbox 595 2167 637 2211; x_wconf 85' lang='lat' dir='ltr'><strong>ex</strong></span> <span class='ocrx_word' id='word_1_94' title='bbox 659 2169 722 2233; x_wconf 93' lang='lat' dir='ltr'><strong>quo</strong></span> <span class='ocrx_word' id='word_1_95' title='bbox 744 2158 776 2212; x_wconf 91' lang='lat' dir='ltr'><strong>et</strong></span> <span class='ocrx_word' id='word_1_96' title='bbox 796 2150 942 2214; x_wconf 89' lang='lat' dir='ltr'><strong>oriuntur</strong></span> <span class='ocrx_word' id='word_1_97' title='bbox 962 2160 995 2216; x_wconf 90' lang='lat' dir='ltr'><strong>et</strong></span> <span class='ocrx_word' id='word_1_98' title='bbox 1016 2149 1096 2216; x_wconf 87' lang='lat' dir='ltr'><strong>liunt</strong></span> <span class='ocrx_word' id='word_1_99' title='bbox 1116 2153 1240 2226; x_wconf 91' lang='lat' dir='ltr'><strong>omnia,</strong></span> <span class='ocrx_word' id='word_1_100' title='bbox 1267 2171 1382 2215; x_wconf 87' lang='lat' dir='ltr'><strong>casune</strong></span> <span class='ocrx_word' id='word_1_101' title='bbox 1404 2152 1473 2234; x_wconf 92' lang='lat' dir='ltr'><strong>ipse</strong></span> <span class='ocrx_word' id='word_1_102' title='bbox 1496 2152 1537 2214; x_wconf 91' lang='lat' dir='ltr'><strong>sit</strong></span> <span class='ocrx_word' id='word_1_103' title='bbox 1558 2152 1689 2214; x_wconf 80' lang='lat' dir='ltr'><strong>allectus</strong></span> <span class='ocrx_word' id='word_1_104' title='bbox 1711 2157 1766 2214; x_wconf 85' lang='lat' dir='ltr'><strong>sut</strong></span> 
     </span>
     <span class='ocr_line' id='line_1_11' title="bbox 404 2241 1766 2325; baseline 0.007 -25"><span class='ocrx_word' id='word_1_105' title='bbox 404 2241 628 2305; x_wconf 77' lang='lat' dir='ltr'><strong>sonecemitate</strong></span> <span class='ocrx_word' id='word_1_106' title='bbox 648 2242 756 2325; x_wconf 84' lang='lat' dir='ltr'><strong>aliqua</strong></span> <span class='ocrx_word' id='word_1_107' title='bbox 777 2264 817 2306; x_wconf 91' lang='lat' dir='ltr'><strong>an</strong></span> <span class='ocrx_word' id='word_1_108' title='bbox 839 2246 962 2308; x_wconf 90' lang='lat' dir='ltr'><strong>ratione</strong></span> <span class='ocrx_word' id='word_1_109' title='bbox 982 2266 1019 2309; x_wconf 90' lang='lat' dir='ltr'><strong>ac</strong></span> <span class='ocrx_word' id='word_1_110' title='bbox 1042 2254 1147 2309; x_wconf 87' lang='lat' dir='ltr'><strong>mente</strong></span> <span class='ocrx_word' id='word_1_111' title='bbox 1169 2245 1291 2318; x_wconf 89' lang='lat' dir='ltr'><strong>divina,</strong></span> <span class='ocrx_word' id='word_1_112' title='bbox 1322 2254 1353 2308; x_wconf 88' lang='lat' dir='ltr'><strong>et</strong></span> <span class='ocrx_word' id='word_1_113' title='bbox 1372 2243 1591 2308; x_wconf 82' lang='lat' dir='ltr'><strong>Archimedem</strong></span> <span class='ocrx_word' id='word_1_114' title='bbox 1614 2244 1766 2310; x_wconf 77' lang='lat' dir='ltr'><strong>arbitran-</strong></span> 
     </span>
     <span class='ocr_line' id='line_1_12' title="bbox 441 2332 1764 2422; baseline 0.004 -27"><span class='ocrx_word' id='word_1_115' title='bbox 441 2332 584 2415; x_wconf 87' lang='lat' dir='ltr'><strong>turpius</strong></span> <span class='ocrx_word' id='word_1_116' title='bbox 606 2334 741 2400; x_wconf 89' lang='lat' dir='ltr'><strong>valuisse</strong></span> <span class='ocrx_word' id='word_1_117' title='bbox 764 2338 796 2400; x_wconf 93' lang='lat' dir='ltr'><strong>in</strong></span> <span class='ocrx_word' id='word_1_118' title='bbox 818 2338 979 2403; x_wconf 76' lang='lat' dir='ltr'><strong>imitandis</strong></span> <span class='ocrx_word' id='word_1_119' title='bbox 999 2340 1152 2422; x_wconf 88' lang='lat' dir='ltr'><strong>sphaerae</strong></span> <span class='ocrx_word' id='word_1_120' title='bbox 1174 2339 1432 2403; x_wconf 86' lang='lat' dir='ltr'><strong>conversionibus</strong></span> <span class='ocrx_word' id='word_1_121' title='bbox 1455 2359 1550 2421; x_wconf 91' lang='lat' dir='ltr'><strong>quam</strong></span> <span class='ocrx_word' id='word_1_122' title='bbox 1571 2346 1717 2402; x_wconf 83' lang='lat' dir='ltr'><strong>naturam</strong></span> <span class='ocrx_word' id='word_1_123' title='bbox 1731 2338 1764 2400; x_wconf 92' lang='lat' dir='ltr'><strong>in</strong></span> 
     </span>
     <span class='ocr_line' id='line_1_13' title="bbox 441 2422 1766 2517; baseline 0.006 -29"><span class='ocrx_word' id='word_1_124' title='bbox 441 2422 634 2503; x_wconf 82' lang='lat' dir='ltr'><strong>efficiendis,</strong></span> <span class='ocrx_word' id='word_1_125' title='bbox 662 2432 843 2511; x_wconf 89' lang='lat' dir='ltr'><strong>praesertim</strong></span> <span class='ocrx_word' id='word_1_126' title='bbox 866 2452 938 2495; x_wconf 93' lang='lat' dir='ltr'><strong>cum</strong></span> <span class='ocrx_word' id='word_1_127' title='bbox 959 2434 1066 2497; x_wconf 90' lang='lat' dir='ltr'><strong>multis</strong></span> <span class='ocrx_word' id='word_1_128' title='bbox 1089 2434 1230 2516; x_wconf 88' lang='lat' dir='ltr'><strong>partibus</strong></span> <span class='ocrx_word' id='word_1_129' title='bbox 1253 2433 1316 2496; x_wconf 88' lang='lat' dir='ltr'><strong>sint</strong></span> <span class='ocrx_word' id='word_1_130' title='bbox 1336 2432 1391 2494; x_wconf 91' lang='lat' dir='ltr'><strong>illa</strong></span> <span class='ocrx_word' id='word_1_131' title='bbox 1412 2432 1549 2517; x_wconf 82' lang='lat' dir='ltr'><strong>perfecta</strong></span> <span class='ocrx_word' id='word_1_132' title='bbox 1569 2450 1666 2515; x_wconf 90' lang='lat' dir='ltr'><strong>quam</strong></span> <span class='ocrx_word' id='word_1_133' title='bbox 1687 2430 1766 2496; x_wconf 80' lang='lat' dir='ltr'><strong>baec</strong></span> 
     </span>
     <span class='ocr_line' id='line_1_14' title="bbox 440 2517 1765 2610; baseline 0.005 -30"><span class='ocrx_word' id='word_1_134' title='bbox 440 2517 585 2585; x_wconf 80' lang='lat' dir='ltr'><strong>simulata</strong></span> <span class='ocrx_word' id='word_1_135' title='bbox 606 2521 775 2588; x_wconf 78' lang='lat' dir='ltr'><strong>sollertius.</strong></span> <span class='ocrx_word' id='word_1_136' title='bbox 816 2523 869 2589; x_wconf 82' lang='lat'><strong>89.</strong></span> <span class='ocrx_word' id='word_1_137' title='bbox 893 2528 989 2610; x_wconf 81' lang='lat' dir='ltr'><strong>Atqui</strong></span> <span class='ocrx_word' id='word_1_138' title='bbox 1012 2527 1066 2591; x_wconf 89' lang='lat' dir='ltr'><strong>ille</strong></span> <span class='ocrx_word' id='word_1_139' title='bbox 1088 2527 1172 2610; x_wconf 90' lang='lat' dir='ltr'><strong>apud</strong></span> <span class='ocrx_word' id='word_1_140' title='bbox 1186 2526 1315 2588; x_wconf 80' lang='lat' dir='ltr'><strong>Accium</strong></span> <span class='ocrx_word' id='word_1_141' title='bbox 1334 2534 1454 2608; x_wconf 85' lang='lat' dir='ltr'><strong>pastor,</strong></span> <span class='ocrx_word' id='word_1_142' title='bbox 1476 2526 1532 2608; x_wconf 91' lang='lat' dir='ltr'><strong>qui</strong></span> <span class='ocrx_word' id='word_1_143' title='bbox 1547 2544 1660 2592; x_wconf 84' lang='lat' dir='ltr'><strong>navem</strong></span> <span class='ocrx_word' id='word_1_144' title='bbox 1674 2544 1765 2587; x_wconf 87' lang='lat' dir='ltr'><strong>num·</strong></span> 
     </span>
     <span class='ocr_line' id='line_1_15' title="bbox 442 2615 1766 2705; baseline 0.006 -31"><span class='ocrx_word' id='word_1_145' title='bbox 442 2630 536 2694; x_wconf 80' lang='lat' dir='ltr'><strong>quam</strong></span> <span class='ocrx_word' id='word_1_146' title='bbox 557 2621 630 2678; x_wconf 89' lang='lat' dir='ltr'><strong>anta</strong></span> <span class='ocrx_word' id='word_1_147' title='bbox 652 2615 797 2693; x_wconf 87' lang='lat' dir='ltr'><strong>vidisset,</strong></span> <span class='ocrx_word' id='word_1_148' title='bbox 827 2629 861 2685; x_wconf 91' lang='lat' dir='ltr'><strong>ut</strong></span> <span class='ocrx_word' id='word_1_149' title='bbox 882 2622 995 2705; x_wconf 90' lang='lat' dir='ltr'><strong>procul</strong></span> <span class='ocrx_word' id='word_1_150' title='bbox 1016 2621 1158 2684; x_wconf 91' lang='lat' dir='ltr'><strong>divinum</strong></span> <span class='ocrx_word' id='word_1_151' title='bbox 1179 2628 1212 2684; x_wconf 90' lang='lat' dir='ltr'><strong>et</strong></span> <span class='ocrx_word' id='word_1_152' title='bbox 1233 2639 1348 2682; x_wconf 92' lang='lat' dir='ltr'><strong>novum</strong></span> <span class='ocrx_word' id='word_1_153' title='bbox 1371 2618 1548 2683; x_wconf 89' lang='lat' dir='ltr'><strong>vehiculum</strong></span> <span class='ocrx_word' id='word_1_154' title='bbox 1569 2620 1766 2700; x_wconf 78' lang='lat' dir='ltr'><strong>Argonauta·</strong></span> 
     </span>
     <span class='ocr_line' id='line_1_16' title="bbox 405 2711 1765 2798; baseline 0.004 -30"><span class='ocrx_word' id='word_1_155' title='bbox 405 2721 511 2769; x_wconf 82' lang='lat' dir='ltr'><strong>sarum</strong></span> <span class='ocrx_word' id='word_1_156' title='bbox 526 2726 544 2771; x_wconf 86' lang='lat' dir='ltr'><strong>e</strong></span> <span class='ocrx_word' id='word_1_157' title='bbox 558 2717 666 2773; x_wconf 84' lang='lat' dir='ltr'><strong>monte</strong></span> <span class='ocrx_word' id='word_1_158' title='bbox 680 2714 859 2796; x_wconf 84' lang='lat' dir='ltr'><strong>conspexit,</strong></span> <span class='ocrx_word' id='word_1_159' title='bbox 882 2715 984 2798; x_wconf 91' lang='lat' dir='ltr'><strong>primo</strong></span> <span class='ocrx_word' id='word_1_160' title='bbox 999 2714 1159 2777; x_wconf 90' lang='lat' dir='ltr'><strong>admirans</strong></span> <span class='ocrx_word' id='word_1_161' title='bbox 1174 2721 1206 2777; x_wconf 88' lang='lat' dir='ltr'><strong>et</strong></span> <span class='ocrx_word' id='word_1_162' title='bbox 1219 2712 1403 2795; x_wconf 89' lang='lat' dir='ltr'><strong>perterritus</strong></span> <span class='ocrx_word' id='word_1_163' title='bbox 1418 2712 1479 2774; x_wconf 92' lang='lat' dir='ltr'><strong>hoc</strong></span> <span class='ocrx_word' id='word_1_164' title='bbox 1494 2711 1589 2774; x_wconf 91' lang='lat' dir='ltr'><strong>modo</strong></span> <span class='ocrx_word' id='word_1_165' title='bbox 1605 2711 1765 2794; x_wconf 85' lang='lat' dir='ltr'><strong>loquitur:</strong></span> 
     </span>
     <span class='ocr_line' id='line_1_17' title="bbox 986 2805 1486 2872; baseline -0.006 -1"><span class='ocrx_word' id='word_1_166' title='bbox 986 2840 1028 2855; x_wconf 93' lang='lat'>-</span> <span class='ocrx_word' id='word_1_167' title='bbox 1050 2816 1159 2872; x_wconf 90' lang='lat' dir='ltr'><strong>tanta</strong></span> <span class='ocrx_word' id='word_1_168' title='bbox 1182 2806 1306 2870; x_wconf 87' lang='lat' dir='ltr'><strong>moles</strong></span> <span class='ocrx_word' id='word_1_169' title='bbox 1328 2805 1486 2869; x_wconf 87' lang='lat' dir='ltr'><strong>labitur</strong></span> 
     </span>
     <span class='ocr_line' id='line_1_18' title="bbox 588 2898 1617 2983; baseline 0.001 -22"><span class='ocrx_word' id='word_1_170' title='bbox 588 2898 858 2965; x_wconf 83' lang='lat' dir='ltr'><strong>Fremibunde</strong></span> <span class='ocrx_word' id='word_1_171' title='bbox 880 2902 1031 2966; x_wconf 85' lang='lat' dir='ltr'><strong>exalto</strong></span> <span class='ocrx_word' id='word_1_172' title='bbox 1055 2901 1210 2983; x_wconf 92' lang='lat' dir='ltr'><strong>ingenti</strong></span> <span class='ocrx_word' id='word_1_173' title='bbox 1232 2900 1367 2964; x_wconf 88' lang='lat' dir='ltr'><strong>sonitu</strong></span> <span class='ocrx_word' id='word_1_174' title='bbox 1390 2907 1428 2962; x_wconf 88' lang='lat' dir='ltr'><strong>et</strong></span> <span class='ocrx_word' id='word_1_175' title='bbox 1450 2900 1617 2982; x_wconf 87' lang='lat' dir='ltr'><strong>spiritu:</strong></span> 
     </span>
     <span class='ocr_line' id='line_1_19' title="bbox 588 2992 1541 3070; baseline 0.001 -14"><span class='ocrx_word' id='word_1_176' title='bbox 588 2992 683 3057; x_wconf 82' lang='lat' dir='ltr'><strong>Prae</strong></span> <span class='ocrx_word' id='word_1_177' title='bbox 705 3015 746 3058; x_wconf 88' lang='lat' dir='ltr'><strong>se</strong></span> <span class='ocrx_word' id='word_1_178' title='bbox 767 2995 893 3060; x_wconf 86' lang='lat' dir='ltr'><strong>undas</strong></span> <span class='ocrx_word' id='word_1_179' title='bbox 915 2997 1059 3070; x_wconf 89' lang='lat' dir='ltr'><strong>volvit,</strong></span> <span class='ocrx_word' id='word_1_180' title='bbox 1081 2997 1263 3058; x_wconf 87' lang='lat' dir='ltr'><strong>vertices</strong></span> <span class='ocrx_word' id='word_1_181' title='bbox 1285 2994 1323 3055; x_wconf 83' lang='lat' dir='ltr'><strong>si</strong></span> <span class='ocrx_word' id='word_1_182' title='bbox 1346 2993 1541 3068; x_wconf 77' lang='lat' dir='ltr'><strong>suscitat:</strong></span> 
     </span>
     <span class='ocr_line' id='line_1_20' title="bbox 589 3086 1493 3175; baseline 0.001 -26"><span class='ocrx_word' id='word_1_183' title='bbox 589 3087 680 3151; x_wconf 85' lang='lat' dir='ltr'><strong>Ruit</strong></span> <span class='ocrx_word' id='word_1_184' title='bbox 701 3089 907 3173; x_wconf 73' lang='lat' dir='ltr'><strong>prolapsa:</strong></span> <span class='ocrx_word' id='word_1_185' title='bbox 930 3091 1092 3175; x_wconf 89' lang='lat' dir='ltr'><strong>pelagus</strong></span> <span class='ocrx_word' id='word_1_186' title='bbox 1116 3087 1337 3169; x_wconf 79' lang='lat' dir='ltr'><strong>respergit,</strong></span> <span class='ocrx_word' id='word_1_187' title='bbox 1359 3086 1493 3150; x_wconf 85' lang='lat' dir='ltr'><strong>reflat.</strong></span> 
     </span>
     <span class='ocr_line' id='line_1_21' title="bbox 588 3180 1602 3267; baseline 0.002 -24"><span class='ocrx_word' id='word_1_188' title='bbox 588 3180 651 3244; x_wconf 83' lang='lat' dir='ltr'><strong>lta</strong></span> <span class='ocrx_word' id='word_1_189' title='bbox 667 3182 758 3246; x_wconf 88' lang='lat' dir='ltr'><strong>dum</strong></span> <span class='ocrx_word' id='word_1_190' title='bbox 780 3184 1050 3267; x_wconf 88' lang='lat' dir='ltr'><strong>interruptum</strong></span> <span class='ocrx_word' id='word_1_191' title='bbox 1073 3182 1215 3247; x_wconf 88' lang='lat' dir='ltr'><strong>credas</strong></span> <span class='ocrx_word' id='word_1_192' title='bbox 1237 3180 1409 3246; x_wconf 83' lang='lat' dir='ltr'><strong>nimbum</strong></span> <span class='ocrx_word' id='word_1_193' title='bbox 1432 3180 1602 3258; x_wconf 84' lang='lat' dir='ltr'><strong>volvier,</strong></span> 
     </span>
     <span class='ocr_line' id='line_1_22' title="bbox 587 3274 1501 3360; baseline -0.002 -23"><span class='ocrx_word' id='word_1_194' title='bbox 587 3275 684 3339; x_wconf 81' lang='lat' dir='ltr'><strong>Ilum</strong></span> <span class='ocrx_word' id='word_1_195' title='bbox 707 3277 809 3360; x_wconf 90' lang='lat' dir='ltr'><strong>qnod</strong></span> <span class='ocrx_word' id='word_1_196' title='bbox 832 3278 999 3342; x_wconf 91' lang='lat' dir='ltr'><strong>sublime</strong></span> <span class='ocrx_word' id='word_1_197' title='bbox 1021 3278 1153 3341; x_wconf 91' lang='lat' dir='ltr'><strong>ventis</strong></span> <span class='ocrx_word' id='word_1_198' title='bbox 1176 3274 1389 3357; x_wconf 82' lang='lat' dir='ltr'><strong>expulsum</strong></span> <span class='ocrx_word' id='word_1_199' title='bbox 1412 3274 1501 3357; x_wconf 84' lang='lat' dir='ltr'><strong>rapi</strong></span> 
     </span>
     <span class='ocr_line' id='line_1_23' title="bbox 588 3364 1547 3454; baseline -0.003 -21"><span class='ocrx_word' id='word_1_200' title='bbox 588 3369 726 3434; x_wconf 83' lang='lat' dir='ltr'><strong>Saxum</strong></span> <span class='ocrx_word' id='word_1_201' title='bbox 749 3380 816 3434; x_wconf 91' lang='lat' dir='ltr'><strong>aut</strong></span> <span class='ocrx_word' id='word_1_202' title='bbox 837 3371 1035 3454; x_wconf 87' lang='lat' dir='ltr'><strong>procellis</strong></span> <span class='ocrx_word' id='word_1_203' title='bbox 1056 3371 1121 3433; x_wconf 93' lang='lat' dir='ltr'><strong>vel</strong></span> <span class='ocrx_word' id='word_1_204' title='bbox 1144 3369 1338 3452; x_wconf 81' lang='lat' dir='ltr'><strong>globosos</strong></span> <span class='ocrx_word' id='word_1_205' title='bbox 1361 3364 1547 3430; x_wconf 86' lang='lat' dir='ltr'><strong>turbines</strong></span> 
     </span>
     <span class='ocr_line' id='line_1_24' title="bbox 586 3460 1434 3530; baseline -0.004 -5"><span class='ocrx_word' id='word_1_206' title='bbox 586 3463 777 3529; x_wconf 85' lang='lat' dir='ltr'><strong>Existera</strong></span> <span class='ocrx_word' id='word_1_207' title='bbox 799 3469 906 3530; x_wconf 89' lang='lat' dir='ltr'><strong>ictos</strong></span> <span class='ocrx_word' id='word_1_208' title='bbox 928 3466 1049 3529; x_wconf 90' lang='lat' dir='ltr'><strong>undis</strong></span> <span class='ocrx_word' id='word_1_209' title='bbox 1072 3460 1434 3527; x_wconf 87' lang='lat' dir='ltr'><strong>concursantibus:</strong></span> 
     </span>
     <span class='ocr_line' id='line_1_25' title="bbox 588 3555 1567 3641; baseline 0.001 -22"><span class='ocrx_word' id='word_1_210' title='bbox 588 3557 675 3619; x_wconf 89' lang='lat' dir='ltr'><strong>Nisi</strong></span> <span class='ocrx_word' id='word_1_211' title='bbox 699 3577 791 3641; x_wconf 89' lang='lat' dir='ltr'><strong>quas</strong></span> <span class='ocrx_word' id='word_1_212' title='bbox 813 3560 1020 3622; x_wconf 88' lang='lat' dir='ltr'><strong>terrestris</strong></span> <span class='ocrx_word' id='word_1_213' title='bbox 1043 3566 1186 3641; x_wconf 86' lang='lat' dir='ltr'><strong>pontus</strong></span> <span class='ocrx_word' id='word_1_214' title='bbox 1207 3565 1364 3636; x_wconf 85' lang='lat' dir='ltr'><strong>strages</strong></span> <span class='ocrx_word' id='word_1_215' title='bbox 1387 3555 1567 3637; x_wconf 77' lang='lat' dir='ltr'><strong>conciet,</strong></span> 
     </span>
     <span class='ocr_line' id='line_1_26' title="bbox 400 3650 1513 3730; baseline 0.002 -20"><span class='ocrx_word' id='word_1_216' title='bbox 400 3660 432 3710; x_wconf 67' lang='lat' dir='ltr'>u</span> <span class='ocrx_word' id='word_1_217' title='bbox 587 3652 661 3714; x_wconf 83' lang='lat' dir='ltr'><strong>Aut</strong></span> <span class='ocrx_word' id='word_1_218' title='bbox 681 3650 788 3715; x_wconf 84' lang='lat' dir='ltr'><strong>forte</strong></span> <span class='ocrx_word' id='word_1_219' title='bbox 810 3654 949 3716; x_wconf 91' lang='lat' dir='ltr'><strong>Triton</strong></span> <span class='ocrx_word' id='word_1_220' title='bbox 970 3651 1130 3715; x_wconf 84' lang='lat' dir='ltr'><strong>fuscina</strong></span> <span class='ocrx_word' id='word_1_221' title='bbox 1153 3658 1345 3713; x_wconf 88' lang='lat' dir='ltr'><strong>evertens</strong></span> <span class='ocrx_word' id='word_1_222' title='bbox 1368 3668 1513 3730; x_wconf 88' lang='lat' dir='ltr'><strong>specus</strong></span> 
     </span>
    </p>
   </div>
   <div class='ocr_carea' id='block_1_3' title="bbox 402 3741 1766 4371">
    <p class='ocr_par' dir='ltr' id='par_1_3' title="bbox 402 3741 1766 4371">
     <span class='ocr_line' id='line_1_27' title="bbox 589 3741 1485 3829; baseline -0.001 -24"><span class='ocrx_word' id='word_1_223' title='bbox 589 3742 734 3808; x_wconf 87' lang='lat' dir='ltr'><strong>Subter</strong></span> <span class='ocrx_word' id='word_1_224' title='bbox 755 3746 913 3810; x_wconf 88' lang='lat' dir='ltr'><strong>radices</strong></span> <span class='ocrx_word' id='word_1_225' title='bbox 935 3746 1099 3829; x_wconf 88' lang='lat' dir='ltr'><strong>penitus</strong></span> <span class='ocrx_word' id='word_1_226' title='bbox 1122 3742 1293 3808; x_wconf 88' lang='lat' dir='ltr'><strong>undanti</strong></span> <span class='ocrx_word' id='word_1_227' title='bbox 1316 3743 1355 3803; x_wconf 93' lang='lat' dir='ltr'><strong>in</strong></span> <span class='ocrx_word' id='word_1_228' title='bbox 1377 3741 1485 3805; x_wconf 81' lang='lat' dir='ltr'><strong>freto</strong></span> 
     </span>
     <span class='ocr_line' id='line_1_28' title="bbox 587 3835 1578 3923; baseline -0.003 -22"><span class='ocrx_word' id='word_1_229' title='bbox 587 3839 730 3901; x_wconf 85' lang='lat' dir='ltr'><strong>blolem</strong></span> <span class='ocrx_word' id='word_1_230' title='bbox 753 3860 800 3902; x_wconf 87' lang='lat' dir='ltr'><strong>ex</strong></span> <span class='ocrx_word' id='word_1_231' title='bbox 822 3839 1018 3923; x_wconf 76' lang='lat' dir='ltr'><strong>profundo</strong></span> <span class='ocrx_word' id='word_1_232' title='bbox 1042 3857 1201 3902; x_wconf 84' lang='lat' dir='ltr'><strong>saxeam</strong></span> <span class='ocrx_word' id='word_1_233' title='bbox 1224 3836 1268 3899; x_wconf 93' lang='lat' dir='ltr'><strong>ad</strong></span> <span class='ocrx_word' id='word_1_234' title='bbox 1291 3835 1441 3899; x_wconf 89' lang='lat' dir='ltr'><strong>eaelum</strong></span> <span class='ocrx_word' id='word_1_235' title='bbox 1464 3838 1578 3900; x_wconf 90' lang='lat' dir='ltr'><strong>eruit.</strong></span> 
     </span>
     <span class='ocr_line' id='line_1_29' title="bbox 440 3929 1766 4017; baseline -0.001 -24"><span class='ocrx_word' id='word_1_236' title='bbox 440 3930 571 3994; x_wconf 82' lang='lat' dir='ltr'><strong>Dubitat</strong></span> <span class='ocrx_word' id='word_1_237' title='bbox 591 3933 708 4015; x_wconf 91' lang='lat' dir='ltr'><strong>primo,</strong></span> <span class='ocrx_word' id='word_1_238' title='bbox 731 3954 812 4017; x_wconf 88' lang='lat' dir='ltr'><strong>qnae</strong></span> <span class='ocrx_word' id='word_1_239' title='bbox 834 3934 875 3996; x_wconf 91' lang='lat' dir='ltr'><strong>sit</strong></span> <span class='ocrx_word' id='word_1_240' title='bbox 896 3954 934 3998; x_wconf 87' lang='lat' dir='ltr'><strong>ea</strong></span> <span class='ocrx_word' id='word_1_241' title='bbox 955 3940 1082 4006; x_wconf 87' lang='lat' dir='ltr'><strong>natura,</strong></span> <span class='ocrx_word' id='word_1_242' title='bbox 1106 3950 1201 4014; x_wconf 92' lang='lat' dir='ltr'><strong>quam</strong></span> <span class='ocrx_word' id='word_1_243' title='bbox 1224 3929 1326 3993; x_wconf 92' lang='lat' dir='ltr'><strong>cernit</strong></span> <span class='ocrx_word' id='word_1_244' title='bbox 1340 3929 1494 4011; x_wconf 91' lang='lat' dir='ltr'><strong>ignotam,</strong></span> <span class='ocrx_word' id='word_1_245' title='bbox 1517 3931 1665 4014; x_wconf 89' lang='lat' dir='ltr'><strong>idemque</strong></span> <span class='ocrx_word' id='word_1_246' title='bbox 1681 3932 1766 3994; x_wconf 85' lang='lat' dir='ltr'><strong>iuve-</strong></span> 
     </span>
     <span class='ocr_line' id='line_1_30' title="bbox 440 4024 1115 4111; baseline 0 -24"><span class='ocrx_word' id='word_1_247' title='bbox 440 4024 534 4088; x_wconf 84' lang='lat' dir='ltr'><strong>nibus</strong></span> <span class='ocrx_word' id='word_1_248' title='bbox 557 4026 632 4088; x_wconf 79' lang='lat' dir='ltr'><strong>risis</strong></span> <span class='ocrx_word' id='word_1_249' title='bbox 653 4026 827 4111; x_wconf 88' lang='lat' dir='ltr'><strong>auditoque</strong></span> <span class='ocrx_word' id='word_1_250' title='bbox 848 4028 975 4090; x_wconf 89' lang='lat' dir='ltr'><strong>nautico</strong></span> <span class='ocrx_word' id='word_1_251' title='bbox 999 4034 1115 4089; x_wconf 90' lang='lat' dir='ltr'><strong>cantu:</strong></span> 
     </span>
     <span class='ocr_line' id='line_1_31' title="bbox 402 4116 1636 4203; baseline -0.002 -22"><span class='ocrx_word' id='word_1_252' title='bbox 402 4128 432 4176; x_wconf 73' lang='lat'><strong>⁸⁰</strong></span> <span class='ocrx_word' id='word_1_253' title='bbox 590 4120 655 4183; x_wconf 87' lang='lat' dir='ltr'><strong>Sic</strong></span> <span class='ocrx_word' id='word_1_254' title='bbox 676 4128 744 4184; x_wconf 90' lang='lat' dir='ltr'><strong>aut</strong></span> <span class='ocrx_word' id='word_1_255' title='bbox 765 4122 880 4185; x_wconf 90' lang='lat' dir='ltr'><strong>inciti</strong></span> <span class='ocrx_word' id='word_1_256' title='bbox 903 4129 1019 4203; x_wconf 89' lang='lat' dir='ltr'><strong>atque</strong></span> <span class='ocrx_word' id='word_1_257' title='bbox 1040 4120 1199 4183; x_wconf 88' lang='lat' dir='ltr'><strong>alacres</strong></span> <span class='ocrx_word' id='word_1_258' title='bbox 1222 4117 1369 4181; x_wconf 88' lang='lat' dir='ltr'><strong>rostris</strong></span> <span class='ocrx_word' id='word_1_259' title='bbox 1391 4116 1636 4198; x_wconf 81' lang='lat' dir='ltr'><strong>perfremunt</strong></span> 
     </span>
     <span class='ocr_line' id='line_1_32' title="bbox 587 4214 797 4296; baseline 0.01 -21"><span class='ocrx_word' id='word_1_260' title='bbox 587 4214 797 4296; x_wconf 86' lang='lat' dir='ltr'><strong>Delphini.</strong></span> 
     </span>
     <span class='ocr_line' id='line_1_33' title="bbox 440 4305 743 4371; baseline 0.01 -3"><span class='ocrx_word' id='word_1_261' title='bbox 440 4306 518 4369; x_wconf 88' lang='lat' dir='ltr'><strong>ltem</strong></span> <span class='ocrx_word' id='word_1_262' title='bbox 541 4305 602 4370; x_wconf 89' lang='lat' dir='ltr'><strong>alla</strong></span> <span class='ocrx_word' id='word_1_263' title='bbox 625 4309 743 4371; x_wconf 78' lang='lat' dir='ltr'><strong>multa:</strong></span> 
     </span>
    </p>
   </div>
   <div class='ocr_carea' id='block_1_4' title="bbox 403 4397 1766 4673">
    <p class='ocr_par' dir='ltr' id='par_1_4' title="bbox 403 4397 1766 4673">
     <span class='ocr_line' id='line_1_34' title="bbox 1071 4397 1418 4463; baseline -0.012 1"><span class='ocrx_word' id='word_1_264' title='bbox 1071 4434 1111 4445; x_wconf 95' lang='lat'>-</span> <span class='ocrx_word' id='word_1_265' title='bbox 1136 4398 1291 4463; x_wconf 88' lang='lat' dir='ltr'><strong>Silvani</strong></span> <span class='ocrx_word' id='word_1_266' title='bbox 1314 4397 1418 4460; x_wconf 88' lang='lat' dir='ltr'><strong>melo</strong></span> 
     </span>
     <span class='ocr_line' id='line_1_35' title="bbox 589 4490 1641 4561; baseline -0.005 -2"><span class='ocrx_word' id='word_1_267' title='bbox 589 4496 840 4560; x_wconf 87' lang='lat' dir='ltr'><strong>Consimilem</strong></span> <span class='ocrx_word' id='word_1_268' title='bbox 862 4498 908 4561; x_wconf 90' lang='lat' dir='ltr'><strong>ad</strong></span> <span class='ocrx_word' id='word_1_269' title='bbox 931 4516 1043 4560; x_wconf 88' lang='lat' dir='ltr'><strong>aures</strong></span> <span class='ocrx_word' id='word_1_270' title='bbox 1066 4503 1224 4558; x_wconf 88' lang='lat' dir='ltr'><strong>cantum</strong></span> <span class='ocrx_word' id='word_1_271' title='bbox 1248 4502 1284 4555; x_wconf 88' lang='lat' dir='ltr'><strong>et</strong></span> <span class='ocrx_word' id='word_1_272' title='bbox 1305 4492 1483 4554; x_wconf 93' lang='lat' dir='ltr'><strong>auditum</strong></span> <span class='ocrx_word' id='word_1_273' title='bbox 1506 4490 1641 4554; x_wconf 80' lang='lat' dir='ltr'><strong>refert.</strong></span> 
     </span>
     <span class='ocr_line' id='line_1_36' title="bbox 403 4585 1766 4673; baseline -0.001 -22"><span class='ocrx_word' id='word_1_274' title='bbox 403 4585 492 4653; x_wconf 70' lang='lat'><strong>³⁸90.</strong></span> <span class='ocrx_word' id='word_1_275' title='bbox 513 4591 596 4673; x_wconf 85' lang='lat' dir='ltr'><strong>Ergo</strong></span> <span class='ocrx_word' id='word_1_276' title='bbox 617 4599 652 4653; x_wconf 90' lang='lat' dir='ltr'><strong>ut</strong></span> <span class='ocrx_word' id='word_1_277' title='bbox 672 4587 724 4654; x_wconf 96' lang='lat' dir='ltr'><strong>bic</strong></span> <span class='ocrx_word' id='word_1_278' title='bbox 750 4592 851 4673; x_wconf 93' lang='lat' dir='ltr'><strong>primo</strong></span> <span class='ocrx_word' id='word_1_279' title='bbox 873 4599 1003 4673; x_wconf 88' lang='lat' dir='ltr'><strong>aspectu</strong></span> <span class='ocrx_word' id='word_1_280' title='bbox 1025 4588 1196 4652; x_wconf 87' lang='lat' dir='ltr'><strong>inanimum</strong></span> <span class='ocrx_word' id='word_1_281' title='bbox 1221 4586 1372 4670; x_wconf 89' lang='lat' dir='ltr'><strong>quiddam</strong></span> <span class='ocrx_word' id='word_1_282' title='bbox 1398 4606 1557 4668; x_wconf 88' lang='lat' dir='ltr'><strong>sensuque</strong></span> <span class='ocrx_word' id='word_1_283' title='bbox 1579 4605 1710 4652; x_wconf 86' lang='lat' dir='ltr'><strong>vacuum</strong></span> <span class='ocrx_word' id='word_1_284' title='bbox 1732 4605 1766 4656; x_wconf 82' lang='lat' dir='ltr'><strong>se</strong></span> 
     </span>
    </p>
   </div>
   <div class='ocr_carea' id='block_1_5' title="bbox 436 4804 1769 6000">
    <p class='ocr_par' dir='ltr' id='par_1_5' title="bbox 436 4804 1769 6000">
     <span class='ocr_line' id='line_1_37' title="bbox 507 4804 1765 4873; baseline -0.002 -14"><span class='ocrx_word' id='word_1_285' title='bbox 507 4814 530 4859; x_wconf 88' lang='lat' dir='ltr'><strong>t.</strong></span> <span class='ocrx_word' id='word_1_286' title='bbox 547 4811 587 4863; x_wconf 84' lang='lat' dir='ltr'><strong>ost</strong></span> <span class='ocrx_word' id='word_1_287' title='bbox 603 4814 750 4873; x_wconf 79' lang='lat' dir='ltr'><strong>discriptum</strong></span> <span class='ocrx_word' id='word_1_288' title='bbox 766 4813 804 4861; x_wconf 84' lang='lat' dir='ltr'><strong>uel</strong></span> <span class='ocrx_word' id='word_1_289' title='bbox 820 4825 853 4861; x_wconf 76' lang='lat' dir='ltr'><strong>esc</strong></span> <span class='ocrx_word' id='word_1_290' title='bbox 871 4824 936 4862; x_wconf 92' lang='lat' dir='ltr'><strong>nos:</strong></span> <span class='ocrx_word' id='word_1_291' title='bbox 955 4810 995 4860; x_wconf 85' lang='lat' dir='ltr'><strong>net</strong></span> <span class='ocrx_word' id='word_1_292' title='bbox 1011 4811 1160 4871; x_wconf 84' lang='lat' dir='ltr'><strong>descriptum</strong></span> <span class='ocrx_word' id='word_1_293' title='bbox 1178 4814 1222 4857; x_wconf 83' lang='lat' dir='ltr'><strong>ant</strong></span> <span class='ocrx_word' id='word_1_294' title='bbox 1239 4821 1272 4857; x_wconf 80' lang='lat' dir='ltr'><strong>ac</strong></span> <span class='ocrx_word' id='word_1_295' title='bbox 1289 4804 1328 4859; x_wconf 75' lang='lat' dir='ltr'><strong>a:</strong></span> <span class='ocrx_word' id='word_1_296' title='bbox 1348 4812 1392 4855; x_wconf 83' lang='lat' dir='ltr'><strong>aut</strong></span> <span class='ocrx_word' id='word_1_297' title='bbox 1408 4807 1557 4867; x_wconf 80' lang='lat' dir='ltr'><strong>descriptam</strong></span> <span class='ocrx_word' id='word_1_298' title='bbox 1573 4808 1709 4857; x_wconf 76' lang='lat' dir='ltr'><strong>anteco.</strong></span> <span class='ocrx_word' id='word_1_299' title='bbox 1728 4806 1765 4858; x_wconf 87' lang='lat' dir='ltr'><strong>cl.</strong></span> 
     </span>
     <span class='ocr_line' id='line_1_38' title="bbox 441 4881 1768 4946; baseline -0.003 -10"><span class='ocrx_word' id='word_1_300' title='bbox 441 4887 616 4936; x_wconf 84' lang='lat' dir='ltr'><strong>Censorinum</strong></span> <span class='ocrx_word' id='word_1_301' title='bbox 629 4885 663 4935; x_wconf 89' lang='lat' dir='ltr'><strong>de</strong></span> <span class='ocrx_word' id='word_1_302' title='bbox 675 4886 717 4936; x_wconf 92' lang='lat' dir='ltr'><strong>die</strong></span> <span class='ocrx_word' id='word_1_303' title='bbox 730 4888 783 4935; x_wconf 89' lang='lat' dir='ltr'><strong>nat.</strong></span> <span class='ocrx_word' id='word_1_304' title='bbox 797 4899 821 4935; x_wconf 90' lang='lat' dir='ltr'><strong>c.</strong></span> <span class='ocrx_word' id='word_1_305' title='bbox 835 4886 876 4935; x_wconf 75' lang='lat'><strong>23.</strong></span> <span class='ocrx_word' id='word_1_306' title='bbox 900 4886 937 4935; x_wconf 84' lang='lat' dir='ltr'><strong>De</strong></span> <span class='ocrx_word' id='word_1_307' title='bbox 956 4885 1038 4934; x_wconf 87' lang='lat' dir='ltr'><strong>torma</strong></span> <span class='ocrx_word' id='word_1_308' title='bbox 1057 4886 1190 4945; x_wconf 84' lang='lat' dir='ltr'><strong>discriptas</strong></span> <span class='ocrx_word' id='word_1_309' title='bbox 1200 4882 1357 4946; x_wconf 78' lang='lat' dir='ltr'><strong>(cinqethcitt)</strong></span> <span class='ocrx_word' id='word_1_310' title='bbox 1369 4881 1429 4930; x_wconf 86' lang='lat' dir='ltr'><strong>vide</strong></span> <span class='ocrx_word' id='word_1_311' title='bbox 1443 4881 1514 4944; x_wconf 89' lang='lat' dir='ltr'><strong>adp.</strong></span> <span class='ocrx_word' id='word_1_312' title='bbox 1528 4881 1584 4940; x_wconf 83' lang='lat'><strong>303,</strong></span> <span class='ocrx_word' id='word_1_313' title='bbox 1598 4884 1621 4930; x_wconf 82' lang='lat'><strong>5.</strong></span> <span class='ocrx_word' id='word_1_314' title='bbox 1638 4908 1664 4917; x_wconf 94' lang='lat'>—</span> <span class='ocrx_word' id='word_1_315' title='bbox 1685 4881 1709 4931; x_wconf 87' lang='lat'><strong>3.</strong></span> <span class='ocrx_word' id='word_1_316' title='bbox 1722 4895 1768 4932; x_wconf 71' lang='lat' dir='ltr'><strong>cc·</strong></span> 
     </span>
     <span class='ocr_line' id='line_1_39' title="bbox 436 4956 1767 5023; baseline -0.002 -13"><span class='ocrx_word' id='word_1_317' title='bbox 436 4960 556 5022; x_wconf 73' lang='lat' dir='ltr'><strong>perisse</strong></span> <span class='ocrx_word' id='word_1_318' title='bbox 577 4985 603 4996; x_wconf 91' lang='lat'><em>—</em></span> <span class='ocrx_word' id='word_1_319' title='bbox 624 4968 741 5023; x_wconf 82' lang='lat' dir='ltr'><strong>putorem</strong></span> <span class='ocrx_word' id='word_1_320' title='bbox 757 4962 806 5010; x_wconf 77' lang='grc' dir='ltr'><strong>ΑΒ</strong></span> <span class='ocrx_word' id='word_1_321' title='bbox 825 4987 852 4995; x_wconf 94' lang='grc'>-</span> <span class='ocrx_word' id='word_1_322' title='bbox 875 4958 899 5009; x_wconf 80' lang='lat' dir='ltr'><strong>l.</strong></span> <span class='ocrx_word' id='word_1_323' title='bbox 918 4960 1082 5009; x_wconf 85' lang='lat' dir='ltr'><strong>brittanniam</strong></span> <span class='ocrx_word' id='word_1_324' title='bbox 1099 4962 1196 5023; x_wconf 85' lang='lat' dir='ltr'><strong>(priore</strong></span> <span class='ocrx_word' id='word_1_325' title='bbox 1215 4965 1225 5007; x_wconf 89' lang='lat' dir='ltr'><strong>t</strong></span> <span class='ocrx_word' id='word_1_326' title='bbox 1241 4960 1380 5021; x_wconf 85' lang='lat' dir='ltr'><strong>expuncta)</strong></span> <span class='ocrx_word' id='word_1_327' title='bbox 1399 4960 1437 5014; x_wconf 74' lang='lat' dir='ltr'><strong>A:</strong></span> <span class='ocrx_word' id='word_1_328' title='bbox 1460 4956 1607 5007; x_wconf 83' lang='lat' dir='ltr'><strong>brittaniam</strong></span> <span class='ocrx_word' id='word_1_329' title='bbox 1625 4958 1690 5014; x_wconf 88' lang='lat' dir='ltr'><strong>BE;</strong></span> <span class='ocrx_word' id='word_1_330' title='bbox 1715 4959 1767 5007; x_wconf 87' lang='lat' dir='ltr'><strong>bri-</strong></span> 
     </span>
     <span class='ocr_line' id='line_1_40' title="bbox 439 5031 1766 5096; baseline 0 -13"><span class='ocrx_word' id='word_1_331' title='bbox 439 5035 537 5083; x_wconf 85' lang='lat' dir='ltr'><strong>tcnicns</strong></span> <span class='ocrx_word' id='word_1_332' title='bbox 554 5035 573 5084; x_wconf 89' lang='lat' dir='ltr'>C</span> <span class='ocrx_word' id='word_1_333' title='bbox 594 5059 621 5070; x_wconf 90' lang='lat'>-</span> <span class='ocrx_word' id='word_1_334' title='bbox 639 5037 663 5085; x_wconf 83' lang='lat' dir='ltr'><strong>s.</strong></span> <span class='ocrx_word' id='word_1_335' title='bbox 680 5035 834 5096; x_wconf 80' lang='lat' dir='ltr'><strong>possidonius</strong></span> <span class='ocrx_word' id='word_1_336' title='bbox 851 5035 901 5084; x_wconf 86' lang='lat' dir='ltr'><strong>BE</strong></span> <span class='ocrx_word' id='word_1_337' title='bbox 921 5057 947 5069; x_wconf 96' lang='lat'>-</span> <span class='ocrx_word' id='word_1_338' title='bbox 967 5036 990 5083; x_wconf 88' lang='lat'><strong>6.</strong></span> <span class='ocrx_word' id='word_1_339' title='bbox 1010 5037 1036 5083; x_wconf 91' lang='lat' dir='ltr'><strong>in</strong></span> <span class='ocrx_word' id='word_1_340' title='bbox 1053 5039 1114 5085; x_wconf 82' lang='lat' dir='ltr'><strong>anie</strong></span> <span class='ocrx_word' id='word_1_341' title='bbox 1132 5036 1193 5083; x_wconf 86' lang='lat' dir='ltr'><strong>tuna</strong></span> <span class='ocrx_word' id='word_1_342' title='bbox 1212 5046 1265 5083; x_wconf 93' lang='lat' dir='ltr'><strong>om.</strong></span> <span class='ocrx_word' id='word_1_343' title='bbox 1284 5031 1314 5083; x_wconf 76' lang='lat'><strong>13¹</strong></span> <span class='ocrx_word' id='word_1_344' title='bbox 1334 5060 1359 5070; x_wconf 93' lang='lat'><em>—</em></span> <span class='ocrx_word' id='word_1_345' title='bbox 1380 5032 1404 5080; x_wconf 87' lang='grc'><strong>9.</strong></span> <span class='ocrx_word' id='word_1_346' title='bbox 1423 5037 1446 5081; x_wconf 83' lang='lat' dir='ltr'><strong>et</strong></span> <span class='ocrx_word' id='word_1_347' title='bbox 1463 5036 1523 5081; x_wconf 90' lang='lat' dir='ltr'><strong>ante</strong></span> <span class='ocrx_word' id='word_1_348' title='bbox 1542 5034 1660 5081; x_wconf 81' lang='lat' dir='ltr'><strong>oriuntur</strong></span> <span class='ocrx_word' id='word_1_349' title='bbox 1676 5046 1729 5083; x_wconf 91' lang='lat' dir='ltr'><strong>om.</strong></span> <span class='ocrx_word' id='word_1_350' title='bbox 1747 5034 1766 5083; x_wconf 85' lang='lat' dir='ltr'>C</span> 
     </span>
     <span class='ocr_line' id='line_1_41' title="bbox 441 5108 1764 5172; baseline -0.001 -14"><span class='ocrx_word' id='word_1_351' title='bbox 441 5135 469 5146; x_wconf 89' lang='lat'><em>-</em></span> <span class='ocrx_word' id='word_1_352' title='bbox 488 5111 530 5159; x_wconf 87' lang='lat' dir='ltr'><strong>lt.</strong></span> <span class='ocrx_word' id='word_1_353' title='bbox 547 5111 574 5160; x_wconf 89' lang='lat' dir='ltr'><strong>in</strong></span> <span class='ocrx_word' id='word_1_354' title='bbox 591 5113 652 5161; x_wconf 85' lang='lat' dir='ltr'><strong>ante</strong></span> <span class='ocrx_word' id='word_1_355' title='bbox 669 5112 797 5160; x_wconf 82' lang='lat' dir='ltr'><strong>imitandis</strong></span> <span class='ocrx_word' id='word_1_356' title='bbox 814 5123 867 5160; x_wconf 91' lang='lat' dir='ltr'><strong>om.</strong></span> <span class='ocrx_word' id='word_1_357' title='bbox 887 5108 917 5160; x_wconf 76' lang='lat' dir='ltr'><strong>A*</strong></span> <span class='ocrx_word' id='word_1_358' title='bbox 938 5138 964 5147; x_wconf 94' lang='lat'><em>-</em></span> <span class='ocrx_word' id='word_1_359' title='bbox 989 5111 1027 5160; x_wconf 78' lang='grc'><strong>43.</strong></span> <span class='ocrx_word' id='word_1_360' title='bbox 1047 5117 1121 5172; x_wconf 83' lang='lat' dir='ltr'><strong>etqua</strong></span> <span class='ocrx_word' id='word_1_361' title='bbox 1138 5113 1187 5161; x_wconf 83' lang='grc' dir='ltr'><strong>ΑΒ</strong></span> <span class='ocrx_word' id='word_1_362' title='bbox 1210 5136 1233 5145; x_wconf 89' lang='grc'>-</span> <span class='ocrx_word' id='word_1_363' title='bbox 1257 5110 1326 5169; x_wconf 78' lang='lat' dir='ltr'><strong>apud</strong></span> <span class='ocrx_word' id='word_1_364' title='bbox 1343 5121 1413 5157; x_wconf 84' lang='lat' dir='ltr'><strong>corr.</strong></span> <span class='ocrx_word' id='word_1_365' title='bbox 1433 5122 1465 5156; x_wconf 81' lang='lat' dir='ltr'><strong>ex</strong></span> <span class='ocrx_word' id='word_1_366' title='bbox 1483 5114 1544 5169; x_wconf 79' lang='lat' dir='ltr'><strong>aput</strong></span> <span class='ocrx_word' id='word_1_367' title='bbox 1561 5111 1599 5162; x_wconf 73' lang='lat' dir='ltr'><strong>A:</strong></span> <span class='ocrx_word' id='word_1_368' title='bbox 1623 5114 1685 5169; x_wconf 83' lang='lat' dir='ltr'><strong>aput</strong></span> <span class='ocrx_word' id='word_1_369' title='bbox 1701 5109 1721 5159; x_wconf 84' lang='lat' dir='ltr'>E</span> <span class='ocrx_word' id='word_1_370' title='bbox 1738 5134 1764 5144; x_wconf 96' lang='lat'>-</span> 
     </span>
     <span class='ocr_line' id='line_1_42' title="bbox 439 5184 1768 5250; baseline -0.001 -14"><span class='ocrx_word' id='word_1_371' title='bbox 439 5187 533 5236; x_wconf 82' lang='lat' dir='ltr'><strong>octium</strong></span> <span class='ocrx_word' id='word_1_372' title='bbox 550 5184 589 5241; x_wconf 76' lang='lat' dir='ltr'><strong>tl:</strong></span> <span class='ocrx_word' id='word_1_373' title='bbox 607 5186 737 5236; x_wconf 75' lang='lat' dir='ltr'><strong>Atticino</strong></span> <span class='ocrx_word' id='word_1_374' title='bbox 758 5212 784 5221; x_wconf 97' lang='lat'><em>-</em></span> <span class='ocrx_word' id='word_1_375' title='bbox 809 5188 848 5236; x_wconf 82' lang='lat' dir='ltr'><strong>lb.</strong></span> <span class='ocrx_word' id='word_1_376' title='bbox 868 5199 966 5236; x_wconf 84' lang='lat' dir='ltr'><strong>ccorr.</strong></span> <span class='ocrx_word' id='word_1_377' title='bbox 986 5200 1017 5236; x_wconf 82' lang='lat' dir='ltr'><strong>ex</strong></span> <span class='ocrx_word' id='word_1_378' title='bbox 1035 5189 1095 5236; x_wconf 67' lang='lat' dir='ltr'><strong>etri</strong></span> <span class='ocrx_word' id='word_1_379' title='bbox 1116 5214 1141 5222; x_wconf 97' lang='lat'>-</span> <span class='ocrx_word' id='word_1_380' title='bbox 1165 5188 1340 5248; x_wconf 78' lang='lat' dir='ltr'><strong>conspccnitli</strong></span> <span class='ocrx_word' id='word_1_381' title='bbox 1361 5211 1388 5221; x_wconf 92' lang='lat'><em>-</em></span> <span class='ocrx_word' id='word_1_382' title='bbox 1409 5186 1448 5234; x_wconf 77' lang='grc' dir='ltr'><strong>Η.</strong></span> <span class='ocrx_word' id='word_1_383' title='bbox 1468 5185 1635 5235; x_wconf 84' lang='lat' dir='ltr'><strong>Fremibundn</strong></span> <span class='ocrx_word' id='word_1_384' title='bbox 1647 5188 1768 5250; x_wconf 66' lang='lat' dir='ltr'><strong>--reftot</strong></span> 
     </span>
     <span class='ocr_line' id='line_1_43' title="bbox 440 5260 1764 5324; baseline -0.003 -10"><span class='ocrx_word' id='word_1_385' title='bbox 440 5262 589 5314; x_wconf 82' lang='lat' dir='ltr'><strong>Priscianus</strong></span> <span class='ocrx_word' id='word_1_386' title='bbox 606 5261 640 5311; x_wconf 93' lang='lat' dir='ltr'><strong>de</strong></span> <span class='ocrx_word' id='word_1_387' title='bbox 658 5262 749 5311; x_wconf 88' lang='lat' dir='ltr'><strong>metris</strong></span> <span class='ocrx_word' id='word_1_388' title='bbox 766 5262 880 5310; x_wconf 87' lang='lat' dir='ltr'><strong>Terentii</strong></span> <span class='ocrx_word' id='word_1_389' title='bbox 897 5262 928 5321; x_wconf 85' lang='lat'><strong>11,</strong></span> <span class='ocrx_word' id='word_1_390' title='bbox 948 5261 989 5310; x_wconf 74' lang='lat'><strong>⁴5.</strong></span> <span class='ocrx_word' id='word_1_391' title='bbox 1009 5287 1035 5295; x_wconf 92' lang='lat'><strong>—</strong></span> <span class='ocrx_word' id='word_1_392' title='bbox 1053 5260 1211 5324; x_wconf 73' lang='lat' dir='ltr'><strong>fremibunda</strong></span> <span class='ocrx_word' id='word_1_393' title='bbox 1228 5265 1248 5311; x_wconf 83' lang='grc' dir='ltr'>Α</span> <span class='ocrx_word' id='word_1_394' title='bbox 1259 5263 1278 5309; x_wconf 86' lang='lat' dir='ltr'>C</span> <span class='ocrx_word' id='word_1_395' title='bbox 1297 5264 1323 5309; x_wconf 89' lang='lat' dir='ltr'><strong>et</strong></span> <span class='ocrx_word' id='word_1_396' title='bbox 1341 5260 1503 5310; x_wconf 84' lang='lat' dir='ltr'><strong>Priscianus:</strong></span> <span class='ocrx_word' id='word_1_397' title='bbox 1522 5260 1694 5310; x_wconf 84' lang='lat' dir='ltr'><strong>Fromehnndo</strong></span> <span class='ocrx_word' id='word_1_398' title='bbox 1705 5262 1724 5310; x_wconf 96' lang='lat'>0</span> <span class='ocrx_word' id='word_1_399' title='bbox 1739 5286 1764 5295; x_wconf 98' lang='lat'>-</span> 
     </span>
     <span class='ocr_line' id='line_1_44' title="bbox 438 5334 1768 5401; baseline -0.001 -15"><span class='ocrx_word' id='word_1_400' title='bbox 438 5338 529 5401; x_wconf 85' lang='lat' dir='ltr'><strong>spiritu</strong></span> <span class='ocrx_word' id='word_1_401' title='bbox 545 5338 710 5387; x_wconf 88' lang='lat' dir='ltr'><strong>Priscianus:</strong></span> <span class='ocrx_word' id='word_1_402' title='bbox 729 5337 833 5397; x_wconf 83' lang='lat' dir='ltr'><strong>strepitu</strong></span> <span class='ocrx_word' id='word_1_403' title='bbox 850 5334 872 5387; x_wconf 71' lang='lat' dir='ltr'><strong>‘a</strong></span> <span class='ocrx_word' id='word_1_404' title='bbox 888 5363 913 5372; x_wconf 93' lang='lat'>-</span> <span class='ocrx_word' id='word_1_405' title='bbox 935 5338 973 5386; x_wconf 88' lang='lat' dir='ltr'><strong>t8.</strong></span> <span class='ocrx_word' id='word_1_406' title='bbox 993 5337 1073 5384; x_wconf 80' lang='lat' dir='ltr'><strong>undas</strong></span> <span class='ocrx_word' id='word_1_407' title='bbox 1090 5337 1183 5385; x_wconf 81' lang='lat' dir='ltr'><strong>enotuit</strong></span> <span class='ocrx_word' id='word_1_408' title='bbox 1198 5337 1248 5384; x_wconf 74' lang='lat' dir='ltr'><strong>AC</strong></span> <span class='ocrx_word' id='word_1_409' title='bbox 1259 5336 1278 5384; x_wconf 84' lang='lat' dir='ltr'>E</span> <span class='ocrx_word' id='word_1_410' title='bbox 1294 5361 1319 5369; x_wconf 95' lang='grc'>-</span> <span class='ocrx_word' id='word_1_411' title='bbox 1340 5335 1379 5383; x_wconf 80' lang='grc'><strong>49.</strong></span> <span class='ocrx_word' id='word_1_412' title='bbox 1398 5336 1524 5398; x_wconf 82' lang='lat' dir='ltr'><strong>respargit</strong></span> <span class='ocrx_word' id='word_1_413' title='bbox 1542 5336 1560 5384; x_wconf 86' lang='grc' dir='ltr'>Ε</span> <span class='ocrx_word' id='word_1_414' title='bbox 1576 5363 1601 5372; x_wconf 87' lang='grc'>-</span> <span class='ocrx_word' id='word_1_415' title='bbox 1620 5339 1695 5399; x_wconf 75' lang='lat' dir='ltr'><strong>reflat</strong></span> <span class='ocrx_word' id='word_1_416' title='bbox 1711 5338 1768 5388; x_wconf 89' lang='lat' dir='ltr'><strong>Pri-</strong></span> 
     </span>
     <span class='ocr_line' id='line_1_45' title="bbox 439 5409 1767 5475; baseline -0.004 -10"><span class='ocrx_word' id='word_1_417' title='bbox 439 5416 562 5465; x_wconf 85' lang='lat' dir='ltr'><strong>scianus:</strong></span> <span class='ocrx_word' id='word_1_418' title='bbox 579 5414 682 5475; x_wconf 71' lang='lat' dir='ltr'><strong>pronai:</strong></span> <span class='ocrx_word' id='word_1_419' title='bbox 699 5409 722 5462; x_wconf 73' lang='lat' dir='ltr'><strong>a</strong></span> <span class='ocrx_word' id='word_1_420' title='bbox 742 5439 769 5448; x_wconf 95' lang='lat'>-</span> <span class='ocrx_word' id='word_1_421' title='bbox 787 5413 818 5461; x_wconf 77' lang='lat' dir='ltr'><strong>ab</strong></span> <span class='ocrx_word' id='word_1_422' title='bbox 831 5415 857 5461; x_wconf 90' lang='lat' dir='ltr'><strong>et</strong></span> <span class='ocrx_word' id='word_1_423' title='bbox 869 5413 909 5462; x_wconf 64' lang='grc' dir='ltr'><strong>Ἃ.</strong></span> <span class='ocrx_word' id='word_1_424' title='bbox 928 5426 989 5461; x_wconf 80' lang='lat' dir='ltr'><strong>num</strong></span> <span class='ocrx_word' id='word_1_425' title='bbox 1006 5411 1065 5460; x_wconf 82' lang='lat' dir='ltr'><strong>cod.</strong></span> <span class='ocrx_word' id='word_1_426' title='bbox 1078 5410 1274 5473; x_wconf 87' lang='lat' dir='ltr'><strong>Glogaviensis;</strong></span> <span class='ocrx_word' id='word_1_427' title='bbox 1293 5415 1345 5458; x_wconf 79' lang='lat' dir='ltr'><strong>inm</strong></span> <span class='ocrx_word' id='word_1_428' title='bbox 1359 5410 1481 5459; x_wconf 89' lang='lat' dir='ltr'><strong>Bouhier.</strong></span> <span class='ocrx_word' id='word_1_429' title='bbox 1499 5436 1522 5445; x_wconf 93' lang='lat'><em>-</em></span> <span class='ocrx_word' id='word_1_430' title='bbox 1538 5412 1579 5461; x_wconf 71' lang='lat' dir='ltr'><strong>Ph.</strong></span> <span class='ocrx_word' id='word_1_431' title='bbox 1592 5414 1641 5461; x_wconf 76' lang='lat' dir='ltr'><strong>Ant</strong></span> <span class='ocrx_word' id='word_1_432' title='bbox 1656 5412 1721 5473; x_wconf 69' lang='lat' dir='ltr'><strong>(crte</strong></span> <span class='ocrx_word' id='word_1_433' title='bbox 1732 5437 1742 5447; x_wconf 92' lang='lat'><strong>·</strong></span> <span class='ocrx_word' id='word_1_434' title='bbox 1753 5437 1767 5447; x_wconf 94' lang='lat'><strong>·</strong></span> 
     </span>
     <span class='ocr_line' id='line_1_46' title="bbox 438 5486 1764 5547; baseline -0.001 -8"><span class='ocrx_word' id='word_1_435' title='bbox 438 5488 536 5539; x_wconf 70' lang='lat' dir='ltr'><strong>coelun</strong></span> <span class='ocrx_word' id='word_1_436' title='bbox 552 5488 629 5537; x_wconf 80' lang='lat' dir='ltr'><strong>onnn</strong></span> <span class='ocrx_word' id='word_1_437' title='bbox 643 5488 794 5538; x_wconf 86' lang='lat' dir='ltr'><strong>Priscianus</strong></span> <span class='ocrx_word' id='word_1_438' title='bbox 812 5487 846 5536; x_wconf 93' lang='lat' dir='ltr'><strong>de</strong></span> <span class='ocrx_word' id='word_1_439' title='bbox 864 5489 955 5537; x_wconf 89' lang='lat' dir='ltr'><strong>metris</strong></span> <span class='ocrx_word' id='word_1_440' title='bbox 973 5488 1077 5536; x_wconf 82' lang='lat' dir='ltr'><strong>Terent.</strong></span> <span class='ocrx_word' id='word_1_441' title='bbox 1097 5488 1127 5546; x_wconf 84' lang='grc' dir='ltr'><strong>ΙΙ,</strong></span> <span class='ocrx_word' id='word_1_442' title='bbox 1146 5488 1187 5534; x_wconf 80' lang='lat' dir='ltr'><strong>ts.</strong></span> <span class='ocrx_word' id='word_1_443' title='bbox 1208 5512 1234 5521; x_wconf 94' lang='lat'><em>-</em></span> <span class='ocrx_word' id='word_1_444' title='bbox 1255 5487 1354 5547; x_wconf 76' lang='lat' dir='ltr'><strong>ausoris</strong></span> <span class='ocrx_word' id='word_1_445' title='bbox 1370 5487 1389 5535; x_wconf 85' lang='grc' dir='ltr'><strong>Β</strong></span> <span class='ocrx_word' id='word_1_446' title='bbox 1407 5514 1439 5522; x_wconf 97' lang='grc'>-</span> <span class='ocrx_word' id='word_1_447' title='bbox 1455 5486 1568 5547; x_wconf 65' lang='lat' dir='ltr'><strong>fuscinae</strong></span> <span class='ocrx_word' id='word_1_448' title='bbox 1583 5494 1683 5537; x_wconf 80' lang='lat' dir='ltr'><strong>ncrtcns</strong></span> <span class='ocrx_word' id='word_1_449' title='bbox 1699 5491 1719 5537; x_wconf 86' lang='grc' dir='ltr'><strong>Α</strong></span> <span class='ocrx_word' id='word_1_450' title='bbox 1738 5512 1764 5522; x_wconf 94' lang='grc'><strong>-</strong></span> 
     </span>
     <span class='ocr_line' id='line_1_47' title="bbox 439 5558 1766 5623; baseline -0.002 -9"><span class='ocrx_word' id='word_1_451' title='bbox 439 5563 480 5614; x_wconf 77' lang='lat'><strong>26.</strong></span> <span class='ocrx_word' id='word_1_452' title='bbox 498 5562 604 5612; x_wconf 58' lang='lat' dir='ltr'><strong>intanti</strong></span> <span class='ocrx_word' id='word_1_453' title='bbox 620 5561 646 5609; x_wconf 94' lang='lat' dir='ltr'><strong>in</strong></span> <span class='ocrx_word' id='word_1_454' title='bbox 662 5561 727 5623; x_wconf 74' lang='lat' dir='ltr'><strong>[reto</strong></span> <span class='ocrx_word' id='word_1_455' title='bbox 744 5561 909 5610; x_wconf 84' lang='lat' dir='ltr'><strong>Priscianus:</strong></span> <span class='ocrx_word' id='word_1_456' title='bbox 928 5562 1049 5610; x_wconf 82' lang='lat' dir='ltr'><strong>undantes</strong></span> <span class='ocrx_word' id='word_1_457' title='bbox 1065 5564 1169 5610; x_wconf 77' lang='lat' dir='ltr'><strong>ueniant</strong></span> <span class='ocrx_word' id='word_1_458' title='bbox 1187 5560 1250 5621; x_wconf 70' lang='lat' dir='ltr'><strong>[reto</strong></span> <span class='ocrx_word' id='word_1_459' title='bbox 1267 5558 1302 5617; x_wconf 71' lang='lat' dir='ltr'><strong>tl:</strong></span> <span class='ocrx_word' id='word_1_460' title='bbox 1322 5561 1432 5609; x_wconf 85' lang='lat' dir='ltr'><strong>nndcnts</strong></span> <span class='ocrx_word' id='word_1_461' title='bbox 1448 5563 1475 5608; x_wconf 92' lang='lat' dir='ltr'><strong>in</strong></span> <span class='ocrx_word' id='word_1_462' title='bbox 1490 5562 1554 5622; x_wconf 74' lang='lat' dir='ltr'><strong>[reto</strong></span> <span class='ocrx_word' id='word_1_463' title='bbox 1571 5564 1599 5611; x_wconf 94' lang='grc'><strong>0.</strong></span> <span class='ocrx_word' id='word_1_464' title='bbox 1628 5564 1666 5613; x_wconf 88' lang='lat' dir='ltr'><strong>De</strong></span> <span class='ocrx_word' id='word_1_465' title='bbox 1685 5562 1766 5612; x_wconf 86' lang='lat' dir='ltr'><strong>iorms</strong></span> 
     </span>
     <span class='ocr_line' id='line_1_48' title="bbox 439 5634 1766 5700; baseline 0 -13"><span class='ocrx_word' id='word_1_466' title='bbox 439 5638 545 5687; x_wconf 64' lang='lat' dir='ltr'><strong>misti</strong></span> <span class='ocrx_word' id='word_1_467' title='bbox 563 5635 623 5686; x_wconf 88' lang='lat' dir='ltr'><strong>vida</strong></span> <span class='ocrx_word' id='word_1_468' title='bbox 645 5636 678 5686; x_wconf 87' lang='lat' dir='ltr'><strong>ad</strong></span> <span class='ocrx_word' id='word_1_469' title='bbox 700 5649 726 5700; x_wconf 81' lang='lat' dir='ltr'><strong>p.</strong></span> <span class='ocrx_word' id='word_1_470' title='bbox 745 5636 803 5693; x_wconf 74' lang='lat'><strong>275,</strong></span> <span class='ocrx_word' id='word_1_471' title='bbox 823 5637 862 5684; x_wconf 74' lang='lat' dir='ltr'><strong>tt).</strong></span> <span class='ocrx_word' id='word_1_472' title='bbox 885 5662 907 5670; x_wconf 92' lang='lat'>-</span> <span class='ocrx_word' id='word_1_473' title='bbox 935 5636 976 5685; x_wconf 74' lang='lat'><strong>27.</strong></span> <span class='ocrx_word' id='word_1_474' title='bbox 995 5638 1037 5698; x_wconf 86' lang='lat' dir='ltr'><strong>od]</strong></span> <span class='ocrx_word' id='word_1_475' title='bbox 1061 5643 1089 5686; x_wconf 85' lang='lat' dir='ltr'><strong>ot</strong></span> <span class='ocrx_word' id='word_1_476' title='bbox 1105 5638 1174 5690; x_wconf 73' lang='lat' dir='ltr'><strong>AC:</strong></span> <span class='ocrx_word' id='word_1_477' title='bbox 1199 5649 1253 5685; x_wconf 95' lang='lat' dir='ltr'><strong>om.</strong></span> <span class='ocrx_word' id='word_1_478' title='bbox 1274 5637 1293 5685; x_wconf 83' lang='lat' dir='ltr'>E</span> <span class='ocrx_word' id='word_1_479' title='bbox 1313 5663 1338 5671; x_wconf 93' lang='lat'><em>-</em></span> <span class='ocrx_word' id='word_1_480' title='bbox 1358 5637 1423 5685; x_wconf 75' lang='lat' dir='ltr'><strong>cruit</strong></span> <span class='ocrx_word' id='word_1_481' title='bbox 1441 5634 1477 5687; x_wconf 78' lang='lat' dir='ltr'><strong>u:</strong></span> <span class='ocrx_word' id='word_1_482' title='bbox 1504 5637 1583 5685; x_wconf 84' lang='lat' dir='ltr'><strong>uomit</strong></span> <span class='ocrx_word' id='word_1_483' title='bbox 1600 5637 1766 5693; x_wconf 84' lang='lat' dir='ltr'><strong>Priscianus;</strong></span> 
     </span>
     <span class='ocr_line' id='line_1_49' title="bbox 439 5710 1769 5775; baseline -0.001 -15"><span class='ocrx_word' id='word_1_484' title='bbox 439 5713 531 5760; x_wconf 82' lang='lat' dir='ltr'><strong>evomit</strong></span> <span class='ocrx_word' id='word_1_485' title='bbox 547 5711 662 5775; x_wconf 87' lang='lat' dir='ltr'><strong>Toupius</strong></span> <span class='ocrx_word' id='word_1_486' title='bbox 678 5711 713 5761; x_wconf 88' lang='lat' dir='ltr'><strong>ed</strong></span> <span class='ocrx_word' id='word_1_487' title='bbox 732 5712 840 5773; x_wconf 84' lang='lat' dir='ltr'><strong>Longin.</strong></span> <span class='ocrx_word' id='word_1_488' title='bbox 859 5710 893 5760; x_wconf 89' lang='lat' dir='ltr'><strong>de</strong></span> <span class='ocrx_word' id='word_1_489' title='bbox 911 5711 1016 5762; x_wconf 87' lang='lat' dir='ltr'><strong>sublim.</strong></span> <span class='ocrx_word' id='word_1_490' title='bbox 1036 5713 1065 5768; x_wconf 80' lang='lat'><strong>3;</strong></span> <span class='ocrx_word' id='word_1_491' title='bbox 1089 5713 1163 5774; x_wconf 76' lang='lat' dir='ltr'><strong>erigit</strong></span> <span class='ocrx_word' id='word_1_492' title='bbox 1186 5711 1371 5761; x_wconf 84' lang='lat' dir='ltr'><strong>Lachmannus</strong></span> <span class='ocrx_word' id='word_1_493' title='bbox 1388 5710 1422 5760; x_wconf 91' lang='lat' dir='ltr'><strong>ad</strong></span> <span class='ocrx_word' id='word_1_494' title='bbox 1442 5713 1544 5760; x_wconf 78' lang='lat' dir='ltr'><strong>lucret.</strong></span> <span class='ocrx_word' id='word_1_495' title='bbox 1564 5724 1590 5773; x_wconf 89' lang='lat' dir='ltr'><strong>p.</strong></span> <span class='ocrx_word' id='word_1_496' title='bbox 1610 5712 1672 5769; x_wconf 63' lang='lat' dir='ltr'><strong>ste</strong></span> <span class='ocrx_word' id='word_1_497' title='bbox 1690 5711 1769 5760; x_wconf 82' lang='lat' dir='ltr'><strong>euenit</strong></span> 
     </span>
     <span class='ocr_line' id='line_1_50' title="bbox 441 5785 1768 5848; baseline -0.001 -11"><span class='ocrx_word' id='word_1_498' title='bbox 441 5788 563 5838; x_wconf 82' lang='lat' dir='ltr'><strong>lllotzius.</strong></span> <span class='ocrx_word' id='word_1_499' title='bbox 585 5813 611 5823; x_wconf 89' lang='lat'>-</span> <span class='ocrx_word' id='word_1_500' title='bbox 637 5787 677 5836; x_wconf 83' lang='lat'><strong>30.</strong></span> <span class='ocrx_word' id='word_1_501' title='bbox 697 5786 738 5835; x_wconf 89' lang='lat' dir='ltr'><strong>Sic</strong></span> <span class='ocrx_word' id='word_1_502' title='bbox 760 5792 805 5835; x_wconf 83' lang='lat' dir='ltr'><strong>out</strong></span> <span class='ocrx_word' id='word_1_503' title='bbox 824 5787 896 5836; x_wconf 84' lang='lat' dir='ltr'><strong>inciti</strong></span> <span class='ocrx_word' id='word_1_504' title='bbox 912 5792 986 5848; x_wconf 81' lang='lat' dir='ltr'><strong>atquc</strong></span> <span class='ocrx_word' id='word_1_505' title='bbox 1006 5787 1139 5837; x_wconf 84' lang='lat' dir='ltr'><strong>Ribbeck:</strong></span> <span class='ocrx_word' id='word_1_506' title='bbox 1159 5787 1222 5836; x_wconf 82' lang='lat' dir='ltr'><strong>sicut</strong></span> <span class='ocrx_word' id='word_1_507' title='bbox 1238 5788 1307 5835; x_wconf 86' lang='lat' dir='ltr'><strong>inciti</strong></span> <span class='ocrx_word' id='word_1_508' title='bbox 1323 5793 1398 5848; x_wconf 82' lang='lat' dir='ltr'><strong>atquc</strong></span> <span class='ocrx_word' id='word_1_509' title='bbox 1415 5785 1454 5842; x_wconf 72' lang='lat' dir='ltr'><strong>il:</strong></span> <span class='ocrx_word' id='word_1_510' title='bbox 1474 5788 1515 5837; x_wconf 91' lang='lat' dir='ltr'><strong>Sic</strong></span> <span class='ocrx_word' id='word_1_511' title='bbox 1531 5787 1630 5836; x_wconf 79' lang='lat' dir='ltr'><strong>incitati</strong></span> <span class='ocrx_word' id='word_1_512' title='bbox 1646 5792 1669 5836; x_wconf 86' lang='lat' dir='ltr'><strong>et</strong></span> <span class='ocrx_word' id='word_1_513' title='bbox 1687 5786 1768 5836; x_wconf 76' lang='lat' dir='ltr'><strong>Hein-</strong></span> 
     </span>
     <span class='ocr_line' id='line_1_51' title="bbox 443 5861 1768 5926; baseline -0.002 -13"><span class='ocrx_word' id='word_1_514' title='bbox 443 5862 557 5921; x_wconf 84' lang='lat' dir='ltr'><strong>dorflus;</strong></span> <span class='ocrx_word' id='word_1_515' title='bbox 580 5863 656 5913; x_wconf 77' lang='lat' dir='ltr'><strong>Sintis</strong></span> <span class='ocrx_word' id='word_1_516' title='bbox 675 5862 746 5912; x_wconf 65' lang='grc' dir='ltr'><strong>ὁκοίη·</strong></span> <span class='ocrx_word' id='word_1_517' title='bbox 767 5866 843 5923; x_wconf 80' lang='lat' dir='ltr'><strong>etque</strong></span> <span class='ocrx_word' id='word_1_518' title='bbox 865 5862 900 5923; x_wconf 80' lang='lat' dir='ltr'><strong>let</strong></span> <span class='ocrx_word' id='word_1_519' title='bbox 917 5875 978 5913; x_wconf 80' lang='lat' dir='ltr'><strong>mox</strong></span> <span class='ocrx_word' id='word_1_520' title='bbox 992 5862 1140 5924; x_wconf 76' lang='lat' dir='ltr'><strong>perfricont)</strong></span> <span class='ocrx_word' id='word_1_521' title='bbox 1158 5862 1343 5912; x_wconf 86' lang='lat' dir='ltr'><strong>Lachmannus</strong></span> <span class='ocrx_word' id='word_1_522' title='bbox 1359 5861 1393 5911; x_wconf 91' lang='lat' dir='ltr'><strong>ad</strong></span> <span class='ocrx_word' id='word_1_523' title='bbox 1411 5863 1515 5913; x_wconf 78' lang='lat' dir='ltr'><strong>lucret.</strong></span> <span class='ocrx_word' id='word_1_524' title='bbox 1533 5875 1560 5926; x_wconf 92' lang='lat' dir='ltr'><strong>p.</strong></span> <span class='ocrx_word' id='word_1_525' title='bbox 1576 5861 1622 5921; x_wconf 78' lang='lat'><strong>9⁰3</strong></span> <span class='ocrx_word' id='word_1_526' title='bbox 1640 5861 1683 5911; x_wconf 86' lang='lat' dir='ltr'><strong>Sic</strong></span> <span class='ocrx_word' id='word_1_527' title='bbox 1698 5861 1768 5911; x_wconf 88' lang='lat' dir='ltr'><strong>inciti</strong></span> 
     </span>
     <span class='ocr_line' id='line_1_52' title="bbox 445 5934 852 6000; baseline -0.002 -12"><span class='ocrx_word' id='word_1_528' title='bbox 445 5942 521 6000; x_wconf 76' lang='lat' dir='ltr'><strong>otono</strong></span> <span class='ocrx_word' id='word_1_529' title='bbox 537 5938 598 5988; x_wconf 95' lang='lat'><strong>0-</strong></span> <span class='ocrx_word' id='word_1_530' title='bbox 617 5936 658 5989; x_wconf 75' lang='lat' dir='ltr'><strong>st.</strong></span> <span class='ocrx_word' id='word_1_531' title='bbox 677 5938 803 5989; x_wconf 79' lang='lat' dir='ltr'><strong>concinite</strong></span> <span class='ocrx_word' id='word_1_532' title='bbox 820 5934 852 5991; x_wconf 82' lang='lat' dir='ltr'><strong>u.</strong></span> 
     </span>
    </p>
   </div>
   <div class='ocr_carea' id='block_1_6' title="bbox 0 0 2187 7459">
    <p class='ocr_par' dir='ltr' id='par_1_6' title="bbox 0 0 2187 7459">
     <span class='ocr_line' id='line_1_53' title="bbox 0 0 2187 7459; baseline 0 0"><span class='ocrx_word' id='word_1_533' title='bbox 0 0 2187 7459; x_wconf 95' lang='lat' dir='ltr'><strong> </strong></span> 
     </span>
    </p>
   </div>
  </div>
 </body>
</html>
