4342 7459
439 1202 508 1271 itti
715 1248 720 1258 ·
867 1202 1088 1271 ramoxa
1111 1201 1357 1269 stotcottmt.

444 1385 525 1451 ques
547 1363 701 1429 caelatum
723 1370 901 1446 argentum,
923 1383 1004 1446 quos
1021 1362 1186 1428 Corinthia
1208 1383 1315 1447 opera,
1338 1384 1420 1447 quos
1440 1362 1586 1428 aedilicia
1606 1359 1782 1448 magnifica

444 1459 545 1524 nimio
566 1477 664 1541 opere
686 1455 854 1522 delectant.
899 1459 965 1520 «At
985 1477 1118 1521 sumus»
1150 1458 1256 1541 inquit
1288 1457 1472 1541 ‹principes
1493 1457 1661 1523 civitatis.»
1709 1459 1781 1524 Vos

444 1573 521 1618 vcro
542 1572 583 1616 ne
602 1569 827 1616 conservorum
851 1550 979 1635 quidem
1002 1559 1180 1615 uestrorum
1202 1551 1363 1636 principes
1385 1554 1473 1618 estis.
1516 1548 1567 1615 37.
1595 1549 1662 1616 Sed
1683 1552 1780 1617 utin

445 1666 559 1730 magna
585 1645 708 1709 familia
737 1653 811 1709 sunt
836 1645 891 1708 alii
919 1645 1088 1719 lautiores,
1118 1653 1155 1708 ut
1176 1643 1237 1709 sibi
1259 1644 1423 1718 videntur,
1452 1646 1556 1721 servi,
1585 1644 1643 1710 sed
1666 1652 1780 1710 umen

421 1741 545 1817 urard,
571 1746 608 1805 nt
627 1740 798 1815 atrienses,
827 1748 860 1803 at
883 1740 939 1823 qui
960 1746 1096 1802 tractant
1118 1738 1195 1813 ieta,
1225 1738 1281 1822 qui
1304 1745 1445 1822 tergent,
1474 1740 1529 1824 qui
1551 1748 1694 1822 ungunt,
1717 1740 1779 1824 qui

444 1840 591 1909 verrunt,
620 1833 676 1919 qui
698 1840 868 1917 spargunt,
897 1851 963 1897 non
984 1832 1247 1896 honestissimum
1268 1832 1373 1897 locum
1396 1834 1556 1898 servitutis
1578 1841 1708 1910 tenent,
1729 1833 1780 1898 eie

444 1927 644 2002 incivitate,
673 1928 731 2010 qui
752 1945 787 1991 se
809 1926 944 1990 istarum
964 1946 1070 1992 rerum
1099 1924 1325 2010 cupiditatibus
1348 1926 1554 2003 dedidemnt,
1583 1927 1686 2011 ipsius
1708 1946 1780 1992 ιοιι-

443 2021 552 2087 ritulis
573 2020 678 2086 locum
699 2025 801 2104 pae'ne
823 2016 966 2083 intimum
988 2020 1145 2103 optinent.
1197 2022 1360 2104 uhlaqnae
1384 2021 1490 2105 inquit
1521 2020 1628 2086 abella
1649 2020 1778 2105 geraha

443 2116 566 2199 magnis
593 2112 735 2198 imperiis
766 2120 799 2178 et
825 2113 1000 2196 provinciir
1027 2112 1181 2196 prasinis
1227 2113 1309 2178 Gere
1329 2114 1425 2197 iqitur
1446 2114 1586 2180 animum
1607 2115 1707 2180 laude
1727 2114 1781 2180 di-

405 2220 551 2293 toqnnm.
593 2208 739 2272 Aetionis
767 2207 876 2271 tabula
904 2214 936 2271 te
967 2206 1130 2288 stupidum
1160 2206 1282 2271 detinet
1302 2216 1358 2272 aut
1379 2208 1504 2293 signum
1525 2209 1658 2294 aliquod
1680 2209 1780 2296 Poly·

443 2304 528 2368 cleti.
570 2303 664 2367 blitto
685 2302 772 2365 unde
793 2301 971 2375 sustuleris,
994 2321 1058 2384 que
1082 2302 1176 2366 mode
1198 2302 1331 2366 babeas:
1353 2302 1529 2367 intuentem
1550 2310 1593 2379 te,
1615 2302 1780 2368 admiran-

443 2403 526 2471 tem,
554 2394 709 2459 clamores
737 2395 901 2460 tollentem
931 2414 1003 2459 cum
1033 2395 1144 2470 video,
1175 2416 1300 2460 servum
1323 2415 1393 2460 esse
1414 2397 1607 2481 ineptiarum
1628 2397 1779 2461 omnium

441 2490 561 2554 iudico.
610 2485 661 2552 38.
694 2490 825 2553 «Nonne
846 2489 945 2572 igitur
966 2489 1116 2553 sentilla
1137 2488 1293 2553 festivat»
1340 2490 1439 2568 Sunt;
1466 2511 1539 2554 nam
1562 2511 1622 2557 nos
1643 2510 1778 2576 qnoque

442 2583 552 2648 oculos
575 2580 714 2646 eruditos
736 2582 899 2646 habemns.
943 2582 1023 2657 Sed,
1053 2583 1184 2647 obsecre
1207 2592 1255 2658 te,
1282 2585 1327 2647 ita
1349 2593 1483 2650 venusta
1502 2585 1683 2649 habeantur
1702 2585 1778 2662 ista,

404 2689 507 2743 idnen
530 2683 566 2742 ut
587 2675 691 2741 vincla
712 2676 851 2741 virerum
874 2677 953 2750 sint,
975 2676 1032 2739 sed
1054 2685 1091 2741 ut
1111 2678 1343 2742 oblectamenta
1363 2698 1546 2761 puerorum.
1582 2679 1669 2755 Quid
1689 2678 1777 2742 enin

441 2775 575 2837 oenrest
598 2770 627 2834 si
641 2770 677 2834 L.
691 2770 863 2834 Mummius
879 2768 1025 2852 aliquem
1046 2770 1182 2834 istorum
1206 2772 1327 2835 videret
1341 2772 1555 2837 matellionem
1571 2771 1777 2837 Corinthium

442 2864 647 2951 cupidissime
667 2870 863 2960 tractantem,
885 2882 957 2925 cum
979 2863 1047 2946 ipse
1069 2871 1167 2927 totam
1184 2864 1371 2929 Corinthum
1390 2867 1643 2950 contempsisset,
1665 2873 1777 2930 uuum

440 2959 533 3024 illum
562 2958 665 3022 civem
694 2956 905 3021 excellentem
933 2975 975 3020 an
997 2958 1167 3021 atriensem
1189 2959 1374 3041 diligentem
1396 2964 1542 3045 putaret?
1584 2960 1778 3025 Reviveacat

439 3054 491 3117 Μ’.
507 3052 621 3118 Curius
643 3058 699 3116 ant
720 3070 831 3115 eornm
852 3050 988 3134 aliquis,
1020 3071 1158 3134 quorum
1187 3051 1222 3114 in
1249 3053 1325 3116 villa
1353 3073 1391 3116 ac
1413 3053 1509 3118 domo
1529 3052 1610 3117 nihil
1632 3047 1778 3136 splendi-

376 3141 380 3147 '
401 3143 526 3220 ardum,
548 3145 628 3210 nihil
650 3154 799 3210 ornatum
819 3144 881 3208 luit
901 3151 1027 3227 praeter
1047 3143 1145 3229 ipsos,
1167 3154 1199 3209 et
1220 3145 1328 3209 videat
1348 3147 1488 3231 aliquem
1510 3147 1640 3212 summis
1659 3145 1776 3230 populi

439 3236 601 3305 beneficiis
622 3259 716 3304 usum
737 3238 920 3303 barbatulos
942 3237 1058 3302 mullos
1080 3246 1300 3322 exceptantem
1322 3240 1362 3304 de
1385 3241 1508 3324 piscina
1530 3249 1562 3305 et
1576 3248 1777 3323 pertractan-

439 3342 504 3400 tem
525 3343 558 3398 et
578 3352 780 3398 murenarum
803 3332 895 3416 copia
917 3331 1122 3415 gloriantem,
1150 3353 1257 3397 nonne
1284 3333 1371 3396 hunc
1393 3336 1552 3399 hominem
1574 3335 1620 3398 ita
1641 3353 1776 3399 semum

438 3427 573 3504 iudicet,
600 3435 698 3491 utne
719 3428 753 3491 in
774 3426 893 3494 sancta
921 3423 1052 3508 quidem
1080 3427 1210 3509 dignum
1235 3427 1353 3490 maiore
1374 3428 1482 3512 aliquo
1505 3428 1633 3511 negotio
1656 3430 1776 3513 putati

439 3517 491 3584 39.
522 3523 571 3585 An
594 3540 703 3585 eorum
724 3521 861 3584 servitus
883 3518 980 3581 dubia
1002 3526 1067 3593 est,
1098 3520 1154 3603 qui
1177 3520 1353 3603 cupiditate
1375 3522 1493 3603 peculii
1517 3519 1636 3586 nullam
1660 3523 1776 3588 condi-

400 3615 558 3679 aetienem
578 3622 726 3678 moueant
747 3613 934 3677 durissimae
956 3613 1139 3675 servitutis?
1181 3613 1371 3676 Hereditatis
1393 3634 1466 3699 spes
1487 3615 1566 3699 quid
1588 3616 1775 3702 iniquitatis

438 3712 472 3774 in
494 3707 661 3774 serviendo
682 3727 749 3771 non
770 3707 924 3789 suscipitt
960 3726 1057 3789 quem
1087 3714 1197 3770 nutum
1228 3708 1399 3791 locupletis
1427 3710 1496 3774 orbi
1518 3710 1603 3775 senis
1625 3731 1694 3775 non
1715 3713 1775 3778 ob-

438 3953 545 4004 rtultttta
561 3950 639 4014 etc),
662 3949 760 4001 deinde
778 3949 850 4014 qnod
868 3948 913 4013 qui
931 3950 1192 4009 commemorantur,
1216 3961 1269 3999 non
1287 3960 1348 3998 cum
1366 3948 1521 4000 lautioribus
1538 3952 1638 4012 servis,
1656 3951 1724 4014 sed,
1743 3957 1775 4004 nt

438 4041 502 4080 mox
518 4028 643 4092 apparet,
668 4038 730 4076 curn
751 4024 848 4075 intimis
870 4025 1068 4088 comparantur.
1109 4024 1207 4074 Contra
1229 4024 1280 4074 bec
1302 4024 1447 4076 discrimen
1469 4038 1610 4076 servorum
1626 4029 1654 4077 et
1672 4027 1776 4090 gradus

438 4107 512 4158 recte
529 4102 618 4154 locum
640 4099 723 4151 habet
743 4100 825 4161 inire,
849 4098 895 4148 ubi
913 4098 1062 4148 ostenditur
1079 4098 1202 4150 homines
1220 4100 1351 4164 pretiosae
1368 4098 1537 4164 supellectilis
1554 4103 1581 4149 et
1597 4101 1776 4154 artificiorum

439 4179 551 4244 cupidos
572 4191 625 4229 non
646 4176 734 4227 solum
756 4188 863 4235 servos,
887 4173 937 4225 sed
959 4176 1040 4224 etiem
1063 4174 1146 4223 iniimi
1169 4176 1274 4237 generis
1291 4188 1384 4225 servos
1401 4188 1471 4226 esse.
1506 4173 1663 4226 Emendatio
1682 4181 1776 4228 nostra

437 4268 519 4320 supra
537 4252 671 4319 proposita
688 4250 814 4315 sibiipsa
832 4247 908 4299 lecile
927 4247 1009 4298 fidem
1027 4248 1105 4298 iaciat
1123 4254 1149 4299 et
1167 4251 1258 4301 mendi
1275 4251 1403 4314 originem
1422 4250 1553 4301 ostendet.
1589 4253 1660 4303 Casu
1685 4256 1714 4303 et
1730 4267 1778 4303 er·

438 4344 499 4381 rore
521 4328 645 4379 librarius
666 4325 765 4377 codicis
787 4324 927 4387 archetypi
949 4324 1004 4372 tros
1027 4326 1072 4371 aut
1090 4326 1215 4385 quattuor
1232 4324 1391 4376 versiculos:
1422 4331 1451 4375 at
1467 4327 1493 4374 in
1510 4339 1605 4391 meque
1620 4327 1777 4390 familia..

437 4408 557 4457 arentes
573 4410 601 4455 at
622 4400 766 4455 scribendo
784 4400 922 4464 praecepit
939 4399 1150 4461 interposuitque
1170 4400 1238 4450 inter
1259 4405 1335 4461 atque
1357 4399 1444 4463 (quod
1460 4401 1486 4450 in
1504 4399 1556 4451 tine
1574 4414 1671 4452 versus
1689 4402 1776 4456 tuisse

438 4485 648 4533 consentaneum
666 4479 715 4540 cst)
734 4480 761 4528 et
776 4478 804 4526 ia
818 4477 880 4538 pari
896 4476 975 4537 (quae
993 4474 1065 4522 initio
1083 4487 1177 4524 versus
1195 4478 1293 4539 scripte
1312 4477 1408 4537 erant);
1428 4475 1534 4535 deinde,
1552 4488 1637 4539 quum
1653 4476 1691 4526 ed
1710 4490 1776 4528 eum

438 4555 528 4607 locum
544 4555 729 4621 pervenisset,
755 4550 802 4601 ubi
824 4549 866 4600 illa
889 4548 1032 4599 scribenda
1051 4553 1145 4608 erent,
1171 4552 1216 4599 aut
1236 4563 1321 4615 pauca
1345 4553 1446 4600 tantum
1468 4549 1550 4601 verba
1573 4551 1682 4616 scripsit
1702 4559 1732 4602 at
1747 4554 1777 4602 e'a

435 4632 549 4695 familia,
577 4628 675 4680 deinde
693 4627 809 4691 reliqua,
832 4628 862 4674 ut
878 4625 931 4674 iam
949 4624 1061 4687 scripu,
1086 4624 1189 4683 omisit¹
1214 4628 1273 4687 aut,
1297 4638 1380 4688 quum
1399 4628 1487 4676 omnia
1505 4625 1651 4687 omisisset,
1678 4631 1776 4691 postea

437 4719 523 4772 peuce
540 4704 581 4755 illa
599 4704 682 4755 verba
699 4708 727 4752 at
742 4704 770 4753 io
786 4701 886 4762 tamilla
903 4700 1018 4748 retracta
1034 4701 1105 4756 sunt,
1125 4700 1186 4762 quia
1203 4700 1260 4749 sine
1279 4698 1327 4749 illis
1345 4697 1413 4749 nulla
1432 4703 1489 4749 erat
1505 4701 1645 4750 sententie.
1682 4702 1715 4752 ln
1732 4702 1776 4754 his

436 4790 681 4833 essurmarmsrsss
698 4775 796 4828 excidit
811 4779 840 4825 ut
857 4776 917 4838 post
932 4774 973 4828 oi;
997 4772 1044 4823 ubi
1060 4787 1155 4824 versus
1172 4787 1255 4838 prave
1273 4775 1418 4839 interpositi
1436 4778 1511 4834 sunt,
1530 4788 1563 4825 ex
1580 4780 1608 4823 ot
1623 4776 1652 4824 ta
1670 4774 1776 4828 tamum

437 4862 505 4918 octa,
523 4854 582 4906 alia.
618 4853 695 4913 Quod
711 4863 888 4902 emmeram
911 4848 1028 4910 restitui,
1051 4851 1078 4899 et
1096 4851 1282 4901 auctoritatem
1299 4849 1381 4900 habet
1398 4852 1425 4899 et
1442 4849 1477 4900 ad
1493 4850 1654 4901 sententiam
1673 4864 1778 4904 ιιθοει-

438 4933 539 4983 sarium
559 4932 601 4982 est
621 4931 702 4980 etiam
724 4929 751 4979 in
774 4925 879 4990 volgata
902 4924 1041 4986 scriptura.
1077 4923 1133 4973 Hoc
1151 4925 1223 4974 enim
1241 4926 1328 4989 ipsum
1346 4925 1431 4988 agitur
1448 4936 1479 4973 ac
1496 4922 1606 4984 dicitur,
1627 4922 1690 4977 illos
1711 4939 1777 4979 cum

439 5008 537 5060 ceteris
557 5007 659 5057 servire
681 5006 709 5054 et
731 5016 765 5053 ne
787 5003 857 5052 inter
879 5011 1025 5050 conservos
1047 4997 1158 5061 quidem
1179 5012 1242 5050 suos
1264 5000 1413 5063 principum
1435 4997 1526 5048 locum
1543 5001 1644 5049 tenere.
1684 5001 1778 5066 Longe

438 5082 510 5134 aliud
527 5084 569 5134 est
584 5079 626 5133 vel
643 5080 732 5146 potius
749 5077 812 5129 nihil
833 5087 963 5128 morum
978 5086 1082 5123 suorum
1097 5074 1237 5135 principem
1253 5087 1317 5134 csse3
1342 5087 1404 5124 nem
1427 5075 1492 5123 reret
1515 5073 1553 5122 rai
1576 5073 1611 5123 ite
1634 5073 1777 5136 dicuntur.

438 5160 468 5208 ut
484 5158 519 5209 ed
536 5157 675 5208 dominum
692 5169 724 5206 ea
741 5152 883 5219 appellatio
901 5150 1058 5201 celeratur.»
1084 5150 1194 5200 Mansio.
1231 5149 1445 5214 Transpositione
1463 5147 1551 5198 locum
1569 5149 1779 5201 emendandum

439 5246 501 5285 esse
519 5234 572 5284 iam
590 5234 609 5282 i.
623 5232 825 5293 1.itotttngerus
842 5226 920 5288 vidit,
943 5225 991 5277 sed
1014 5238 1076 5275 cum
1099 5225 1155 5288 ipse
1178 5227 1235 5276 eius
1258 5226 1297 5275 rei
1316 5223 1464 5290 periculum
1481 5224 1593 5284 iaceret,
1613 5235 1659 5274 res
1678 5238 1779 5289 pamm

439 5323 568 5374 prospere
585 5309 676 5359 cessit.
711 5306 751 5357 ci.
769 5303 906 5354 decimum
923 5313 1067 5351 excursum
1084 5301 1110 5350 in
1128 5301 1224 5351 hloseri
1243 5301 1357 5351 editione
1375 5313 1401 5364 p.
1413 5300 1460 5351 346
1478 5313 1538 5364 sqq.

506 5387 530 5436 5.
549 5388 645 5447 torpent
667 5381 701 5434 C:
728 5384 828 5444 torpunt
851 5379 871 5428 0
899 5404 927 5414 -
952 5377 1096 5440 iauqaotB
1122 5402 1155 5412 -
1180 5375 1429 5426 &obtrectatio
1456 5400 1485 5412 -
1513 5375 1553 5425 to.
1571 5374 1688 5427 reticete
1712 5388 1776 5428 noe:

439 5462 544 5513 meionis
560 5459 615 5519 ΑΒ,
634 5457 740 5507 acriores
757 5454 787 5515 V,
804 5453 921 5503 Echionia
937 5453 971 5508 0;
991 5450 1024 5501 ci.
1044 5451 1100 5501 Cic.
1118 5450 1193 5500 erut.
1212 5450 1277 5514 570.
1298 5448 1362 5499 Plin.
1382 5449 1413 5497 Ν.
1427 5449 1458 5498 Η.
1477 5447 1577 5509 xxii,
1590 5447 1605 5511 ἓ
1618 5449 1659 5499 te.
1682 5476 1713 5487 -
1733 5456 1781 5502 aar

440 5538 549 5588 vcorr.
568 5547 601 5583 ex
616 5538 646 5582 at
663 5559 691 5569 -
711 5534 751 5581 44.
768 5531 909 5591 caelatoris,
923 5528 963 5593 [et]
976 5528 1098 5590 quomodo
1116 5527 1136 5576 0
1155 5551 1181 5561 -
1202 5527 1242 5575 44.
1256 5537 1357 5574 aarum
1373 5528 1396 5574 te
1412 5524 1499 5573 orreo
1519 5547 1546 5557 ·-
1566 5521 1607 5571 43.
1620 5525 1779 5589 maiqiaw,

438 5615 469 5663 ut
485 5614 525 5662 est
542 5610 567 5659 in
585 5607 651 5659 dett.
669 5607 770 5671 paucis,
789 5604 907 5655 malebat
924 5604 1036 5653 Ernesti.
1056 5628 1083 5637 -
1110 5602 1157 5651 iilo
1174 5602 1208 5651 C:
1225 5600 1314 5650 irtoO
1343 5625 1370 5634 -
1397 5603 1454 5649 rant
1470 5597 1512 5648 V1:
1537 5597 1593 5647 Stat
1609 5598 1728 5653 ABV²0
1749 5626 1777 5640 -

438 5688 479 5738 lb.
497 5686 583 5736 uincla
600 5685 634 5735 C:
651 5682 753 5732 circeo
770 5681 790 5730 0
809 5705 836 5716 -
857 5682 898 5731 48.
917 5679 1051 5729 reviviscat
1067 5678 1127 5726 13²0
1148 5702 1173 5713 -
1195 5674 1235 5724 49.
1253 5675 1289 5723 dl.
1309 5675 1328 5724 C
1349 5700 1376 5709 -
1403 5674 1444 5724 20.
1463 5672 1515 5735 ipso
1533 5671 1563 5719 Vt
1583 5696 1610 5707 -
1630 5673 1779 5728 uideuatlt

439 5786 467 5798 -
481 5761 523 5811 tt.
536 5759 648 5810 bartolot
665 5757 686 5806 V
704 5758 772 5820 (sup.
784 5753 829 5806 lin.
843 5756 884 5804 uel
894 5754 1049 5813 borbacalos)
1074 5777 1101 5786 -
1126 5756 1149 5801 et
1163 5752 1360 5813 pertractantem
1378 5749 1438 5799 tn:
1461 5753 1485 5797 et
1499 5752 1645 5809 portantem
1663 5749 1687 5800 V
1706 5752 1778 5818 (sup.

438 5835 483 5888 lin.
500 5835 542 5885 uel
554 5834 759 5898 pertractantem)
788 5855 815 5867 -
842 5831 883 5879 22.
903 5839 1085 5879 muraenarum
1108 5826 1127 5874 0
1156 5851 1183 5861 —
1210 5824 1250 5874 23.
1270 5823 1321 5873 alio
1337 5836 1392 5887 neq.
1413 5819 1443 5872 V¹
1471 5848 1499 5859 -
1525 5820 1566 5874 il.
1585 5821 1729 5877 dauwe
1749 5852 1777 5863 -

439 5904 897 5972 ao.⁸pev-to.ortiaaatse.
