4342 7459
443 1251 503 1320 llo
726 1259 779 1323 llll
801 1259 957 1324 FlNlBUS
979 1258 1177 1326 BONOlllJll
1197 1260 1250 1324 ET
1272 1257 1471 1325 llALOliUll

440 1422 491 1491 3l.
514 1429 576 1493 Sed
604 1438 679 1493 sunt
705 1436 810 1493 tamen
836 1429 1020 1512 perabsurdi
1043 1432 1132 1505 etii,
1162 1431 1216 1513 qui
1239 1451 1310 1495 cum
1332 1430 1464 1495 scientia
1483 1430 1591 1496 vivere
1612 1432 1759 1496 ultimum

439 1522 611 1599 bonorum,
640 1531 672 1587 et
698 1524 753 1608 qui
782 1524 902 1588 nullam
931 1544 1035 1588 rerum
1064 1524 1271 1588 differentiam
1301 1545 1372 1589 esse
1401 1524 1563 1599 dixerunt,
1592 1534 1687 1610 atque
1715 1527 1760 1591 ita

440 1618 616 1700 sapientem
636 1617 762 1683 beatum
784 1618 866 1693 iore,
891 1618 972 1681 nihil
993 1617 1080 1683 aliud
1101 1619 1156 1682 alii
1177 1626 1336 1683 momento
1356 1619 1423 1682 ullo
1444 1625 1702 1703 anteponentem,
1724 1629 1761 1683 ut

442 1710 570 1793 quidam
590 1711 769 1777 Academici
791 1712 992 1776 constituisse
1014 1711 1175 1787 dicuntur,
1200 1719 1375 1775 extremum
1388 1714 1543 1777 bonorum
1557 1722 1589 1778 et
1603 1735 1761 1779 summum

416 1813 555 1871 tmunus
583 1827 654 1870 esse
683 1808 848 1889 sapientis,
880 1806 1036 1870 obsistere
1057 1806 1134 1869 visis
1156 1825 1365 1888 assensusque
1388 1827 1461 1870 suos
1482 1807 1571 1871 firme
1592 1808 1760 1871 sustinere.

439 1901 498 1964 llis
525 1901 658 1984 singulis
688 1901 817 1985 copiose
844 1900 1032 1986 responderi
1053 1900 1153 1974 solet,
1180 1899 1238 1962 sed
1260 1918 1340 1981 quae
1362 1900 1530 1982 perspicua
1556 1910 1630 1964 sunt
1666 1901 1761 1983 longa

440 2014 510 2059 esse
531 2016 596 2059 non
616 1995 743 2060 debent.
779 1992 862 2071 Quid
884 2003 988 2058 autem
1010 1994 1150 2077 apertius
1172 2013 1285 2078 quarn,
1308 1994 1335 2056 si
1358 1994 1487 2058 selectio
1508 1995 1595 2059 nulla
1610 1996 1650 2059 sit
1664 1996 1704 2058 ab
1719 1996 1760 2059 iis

439 2089 552 2165 rebus,
583 2109 666 2174 quae
693 2096 802 2154 contra
832 2097 974 2153 naturam
1005 2090 1082 2162 sint,
1116 2106 1223 2150 earum
1245 2108 1365 2162 rerum,
1399 2108 1480 2172 quae
1502 2090 1566 2153 sint
1586 2088 1762 2153 secundum

439 2190 600 2257 naturam,
632 2184 762 2247 tollatur
792 2184 893 2248 omnis
927 2204 983 2257 ea,
1017 2202 1100 2266 quae
1129 2189 1297 2265 quaeratur
1323 2181 1544 2266 laudeturque,
1571 2182 1761 2265 prudentia?

403 2284 431 2332 ¹⁰
441 2276 689 2361 Circumscriptis
714 2277 810 2359 igitur
837 2278 878 2342 iis
899 2277 1080 2351 sententiis,
1110 2296 1189 2360 quas
1210 2277 1321 2358 posui,
1352 2285 1384 2339 et
1404 2277 1458 2351 iis,
1488 2278 1515 2339 si
1538 2297 1620 2360 quae
1642 2278 1762 2341 similes

440 2389 547 2434 earum
575 2379 665 2444 sunt,
691 2371 882 2456 relinquitur
907 2381 943 2436 ut
971 2389 1127 2434 summum
1156 2370 1273 2434 bonum
1295 2372 1336 2434 sit
1356 2370 1463 2433 virere
1484 2371 1647 2435 scientiam
1670 2371 1763 2435 adlui-

439 2464 565 2529 hontem
588 2484 695 2529 earum
718 2484 838 2540 rerum,
860 2486 943 2550 qnae
965 2472 1076 2527 natura
1099 2465 1262 2537 eveniant,
1284 2464 1468 2545 seligentem
1488 2484 1571 2547 quae
1586 2464 1763 2529 secundum

439 2566 583 2623 naturam
609 2567 642 2622 et
668 2578 751 2643 quae
779 2566 887 2624 contra
918 2566 1061 2623 naturam
1089 2559 1154 2621 sint
1183 2558 1380 2631 reicientem,
1411 2557 1444 2620 id
1467 2565 1515 2621 cst
1536 2558 1764 2622 convenienter

440 2661 712 2737 congruenterque
740 2661 871 2719 naturae
899 2655 1014 2717 vivere.
1057 2649 1110 2714 32.
1133 2653 1195 2715 Sed
1221 2652 1254 2714 in
1277 2652 1390 2715 ceteris
1413 2651 1532 2715 artibus
1553 2671 1625 2716 oum
1647 2651 1764 2716 dicitur

404 2746 537 2810 toartis
540 2746 683 2821 iciose,
704 2755 866 2830 posterum
881 2746 1016 2831 quodam
1036 2745 1130 2809 modo
1146 2754 1178 2809 et
1190 2743 1390 2829 'consequens
1405 2744 1579 2828 putandum
1594 2753 1652 2821 ost,
1668 2746 1763 2830 ¹quod

439 2840 487 2905 illi
509 2835 795 2925 ἐπιγεννηματικόν
817 2840 994 2925 appellant:
1016 2860 1087 2903 cum
1110 2848 1215 2903 autem
1235 2841 1267 2903 in
1284 2860 1348 2923 quo
1372 2839 1568 2921 sapienter
1591 2836 1763 2923 [dicimus],

439 2933 472 2997 id
502 2955 521 2997 a
549 2935 652 3017 primo
680 2936 853 3000 rectissime
882 2936 1006 2999 dieitur.
1050 2934 1210 3019 Quicquid
1233 2935 1316 2997 enim
1339 2952 1358 2997 a
1379 2934 1521 3017 sapiente
1543 2930 1763 3016 proficiscitur,

440 3029 471 3093 id
501 3028 651 3093 continuo
678 3029 772 3093 debet
803 3030 964 3113 expletum
992 3048 1062 3092 esse
1091 3030 1235 3093 omnibus
1256 3028 1323 3092 suis
1350 3028 1511 3110 partibus;
1544 3028 1577 3089 in
1608 3047 1647 3091 eo
1676 3030 1762 3091 enim

439 3124 577 3208 positum
600 3124 718 3199 estid,
745 3124 833 3209 quod
854 3124 990 3189 dicimus
1013 3143 1082 3187 esse
1105 3122 1327 3207 expetendum.
1372 3124 1448 3184 Nam
1471 3128 1507 3183 ut
1527 3130 1691 3203 peccatum
1714 3132 1764 3186 est

401 3219 571 3301 ²⁰patriam
593 3218 744 3301 prodere,
766 3225 912 3302 parentes
934 3218 1069 3292 violare,
1090 3217 1163 3280 iana
1184 3215 1381 3298 depeculari,
1404 3234 1487 3299 quae
1503 3216 1621 3278 suntin
1636 3216 1763 3290 ellectu,

439 3313 486 3375 sic
515 3312 644 3388 timere,
673 3313 719 3376 sic
744 3333 900 3387 maerere,
929 3314 975 3376 sic
1003 3313 1036 3376 in
1065 3310 1198 3375 libidine
1229 3330 1299 3373 esse
1325 3317 1486 3393 peccatum
1507 3317 1555 3372 est
1576 3310 1670 3373 etiam
1691 3310 1763 3373 sine

440 3405 564 3470 ellectu.
600 3407 719 3470 Verum
748 3413 783 3470 ut
807 3407 887 3470 haec
914 3427 979 3469 non
1004 3406 1037 3467 in
1065 3405 1202 3488 posteris
1225 3413 1256 3466 et
1277 3406 1310 3467 in
1333 3403 1615 3487 consequentibus,
1642 3402 1700 3468 sed
1729 3405 1763 3468 in

439 3500 546 3582 primis
569 3501 721 3564 continuo
741 3508 870 3584 peecata
892 3508 978 3573 sunt,
1000 3500 1046 3563 sic
1068 3519 1121 3574 ea,
1143 3518 1226 3581 quae
1247 3496 1488 3582 proficiscuntur
1506 3498 1670 3573 avirtute,
1691 3518 1764 3563 sus-

440 3595 586 3676 ceptione
608 3594 723 3676 prima,
744 3613 811 3657 non
832 3593 1040 3677 perfectione,
1062 3601 1147 3656 recta
1169 3600 1243 3656 sunt
1263 3592 1438 3656 iudicanda.

401 3703 430 3751 rs
524 3686 564 3748 X.
586 3683 638 3749 33.
661 3689 784 3749 Bonum
806 3693 929 3760 autem,
952 3686 1038 3769 quod
1060 3688 1093 3749 in
1114 3685 1176 3750 hoc
1198 3708 1343 3751 sermone
1365 3688 1480 3751 totiens
1501 3694 1685 3770 usurpatum
1703 3694 1761 3762 est,

440 3778 473 3841 id
496 3780 590 3844 etiarn
613 3777 797 3844 delinitione
820 3779 1004 3862 explicatur.
1048 3780 1111 3843 Sed
1134 3801 1243 3844 eorum
1267 3780 1465 3845 definitiones
1490 3781 1619 3865 paulum
1640 3781 1761 3864 oppido

438 3873 521 3936 inter
541 3895 575 3938 se
598 3873 762 3949 differunt,
785 3881 942 3937 ettamen
965 3874 1077 3938 eodem
1101 3883 1254 3957 spectant.
1290 3876 1357 3957 Ego
1371 3877 1526 3940 assentior
1539 3876 1684 3957 Diogeni,
1706 3878 1763 3959 qui

438 3967 557 4032 honum
584 3965 740 4032 definierit
766 3968 813 4042 id,
839 3968 925 4051 quod
956 3975 1040 4032 esset
1065 3976 1177 4031 natura
1205 3969 1391 4033 absolutum.
1437 3969 1474 4031 ld
1496 3977 1601 4032 autem
1623 3988 1762 4053 sequens

437 4061 514 4126 illud
538 4063 631 4126 etiam
653 4062 740 4146 quod
761 4062 989 4145 prodesset-
1005 4056 1161 4145 ὠφέλημα
1184 4064 1267 4126 enim
1290 4064 1335 4126 sic
1356 4062 1551 4146 appellemus
1572 4096 1615 4107 —
1641 4071 1762 4126 motum

401 4164 493 4222 saut
520 4165 635 4221 statum
667 4178 735 4221 esse
765 4156 847 4219 dixit
874 4175 891 4219 e
917 4164 1028 4220 natura
1057 4156 1213 4220 absoluto.
1258 4157 1398 4239 Cumque
1428 4178 1533 4219 rerum
1556 4158 1704 4220 notiones
1726 4159 1761 4221 iu

438 4252 551 4317 animis
573 4249 662 4327 liant,
684 4252 711 4314 si
733 4257 786 4316 aut
808 4272 868 4314 usu
890 4251 1011 4335 aliquid
1033 4252 1193 4334 cognitum
1223 4251 1262 4314 sit
1283 4258 1338 4314 aut
1359 4252 1578 4314 coniunctione
1600 4259 1655 4314 aut
1677 4252 1763 4316 simi·

438 4345 572 4409 litudine
593 4353 647 4409 aut
668 4346 838 4409 collatione
859 4344 1003 4417 rationis,
1025 4345 1087 4408 lroc
1105 4353 1234 4428 quarto,
1257 4346 1342 4428 quod
1358 4354 1534 4408 extremum
1557 4347 1662 4429 posui,
1685 4347 1760 4410 boni

438 4439 550 4502 notitia
572 4437 655 4502 facta
676 4447 734 4501 est.
772 4438 848 4502 Cum
872 4439 955 4502 enim
978 4437 1077 4502 abiis
1100 4440 1207 4513 nehus,
1229 4458 1312 4523 quae
1327 4446 1401 4501 sunt
1416 4439 1589 4502 secundum
1605 4448 1761 4513 naturam,

437 4530 578 4595 ascendit
609 4533 732 4596 animus
763 4532 934 4596 collatione
964 4533 1207 4606 rationis,.tum
1234 4532 1273 4595 ad
1302 4533 1461 4597 notionem
1489 4534 1565 4596 boni
1596 4534 1753 4615 pervenit.

400 4621 488 4695 ³534.
510 4626 578 4688 Hoc
600 4635 704 4689 autom
726 4627 830 4709 ipsum
852 4627 970 4690 bonum
992 4646 1056 4688 non
1079 4628 1262 4690 accessione
1289 4646 1394 4711 neque
1416 4628 1586 4690 crescendo
1610 4636 1665 4690 aut
1687 4648 1760 4691 cum

439 4719 551 4782 ceteris
573 4720 800 4803 comparando,
823 4721 878 4784 sed
897 4721 1025 4804 propria
1038 4722 1068 4784 vi
1084 4740 1141 4783 sua
1156 4729 1189 4783 et
1203 4721 1356 4783 sentimus
1372 4728 1403 4783 et
1417 4721 1613 4804 appellamus
1629 4721 1760 4785 bonum.

439 4813 478 4874 Ut
499 4813 583 4875 enim
604 4814 680 4888 mel,
711 4815 770 4877 etsi
792 4815 1009 4878 dulcissimum
1034 4821 1095 4888 est,
1123 4834 1181 4876 suo
1204 4822 1309 4877 tamen
1337 4816 1465 4898 proprio
1488 4833 1604 4897 genere
1626 4816 1760 4897 saporis,

504 5069 528 5117 4.
546 5066 573 5131 ii]
589 5067 615 5116 li
624 5070 656 5128 Α,
673 5068 705 5129 lu
723 5068 742 5118 B
756 5094 784 5105 -
802 5067 924 5131 ultimum]
936 5068 1090 5117 summumB
1105 5093 1133 5104 -
1152 5069 1178 5117 Ξ.
1190 5081 1241 5117 rer.
1254 5068 1306 5130 diff.
1320 5068 1382 5128 (non
1394 5067 1447 5129 diff.
1460 5067 1520 5126 rer.)
1534 5067 1611 5117 etiam
1625 5067 1644 5117 E
1657 5092 1684 5103 -
1698 5068 1723 5119 3.
1733 5074 1762 5118 ut

438 5146 472 5195 l:
491 5149 536 5193 out
553 5144 587 5203 Βς
606 5149 664 5203 aut,
682 5144 741 5193 utO
759 5169 786 5179 -
804 5143 1043 5192 5.uisisom.B-
1060 5142 1083 5192 7.
1098 5144 1274 5203 quamuteiG
1289 5169 1315 5178 -
1334 5141 1358 5190 8.
1375 5142 1541 5192 caraman:
1559 5148 1760 5193 uteorumcum

438 5218 582 5270 Goerenzio
600 5219 619 5267 0
634 5244 661 5254 -
680 5217 704 5267 9.
723 5217 854 5280 †tollotur
870 5217 908 5272 ll;
925 5217 979 5278 sore
995 5223 1022 5265 ut
1038 5218 1141 5266 tollatur
1161 5216 1317 5275 Lambinus;
1336 5216 1385 5267 sed
1402 5217 1462 5267 vide
1479 5230 1512 5267 ne
1531 5216 1708 5268 anacoluthon
1726 5220 1762 5268 sit

438 5307 470 5344 ex
488 5306 640 5357 regenero,
658 5304 711 5354 quo
723 5305 754 5341 ex
772 5292 916 5341 interiectis
928 5290 1017 5341 verbis
1029 5295 1143 5342 nectitur
1159 5292 1195 5350 id,
1212 5292 1355 5355 quodcum
1368 5294 1499 5342 sententia
1512 5293 1635 5355 primaria
1648 5294 1761 5344 coniun-

437 5370 553 5435 gendam
569 5372 634 5419 erat.
653 5367 693 5418 ct.
711 5368 832 5417 Matthiae
853 5368 932 5418 Vena.
950 5369 1021 5417 Scir.
1040 5381 1065 5431 p.
1080 5369 1111 5417 59
1129 5381 1188 5431 sqq.
1205 5393 1231 5403 -
1251 5369 1290 5418 to.
1309 5369 1329 5416 si
1346 5368 1469 5417 ABDE:
1488 5380 1542 5417 om.
1556 5366 1634 5417 codd.
1648 5367 1713 5417 dett.
1730 5393 1757 5403 -

438 5447 477 5496 43.
496 5451 519 5496 ot
536 5458 600 5508 quos
616 5443 710 5494 ΔΒΒτ
729 5448 753 5491 et
768 5444 789 5492 si
805 5457 869 5506 quoe
886 5444 947 5493 0-
965 5444 1014 5493 sisu
1031 5443 1189 5506 Madvigius:
1207 5447 1263 5490 suut
1280 5441 1357 5491 codd.
1372 5443 1429 5491 eto
1444 5468 1469 5477 -
1491 5442 1530 5493 44.
1548 5446 1761 5505 congruenterque

437 5534 490 5571 om.
509 5521 528 5571 Β
547 5522 609 5581 tnon
627 5517 656 5578 E)
675 5543 702 5552 -
721 5518 761 5567 46.
778 5518 987 5582 epipeuunuticor
1003 5520 1052 5568 AB
1068 5546 1093 5556 -
1113 5533 1170 5568 cum
1187 5518 1335 5567 Ernestius:
1355 5518 1419 5579 quod
1436 5517 1513 5567 codd.
1533 5520 1560 5567 et
1576 5517 1635 5565 0-
1655 5516 1761 5565 sermm

437 5609 491 5647 om.
510 5596 545 5654 A,
564 5606 611 5644 nos
627 5591 792 5643 seclusimus.
813 5620 840 5630 -
861 5594 901 5643 47.
919 5607 937 5643 o
950 5595 1034 5655 primo
1050 5594 1114 5644 BE:
1137 5594 1267 5655 adprime
1285 5596 1305 5642 Α
1323 5617 1350 5627 -
1377 5593 1416 5641 49.
1433 5595 1541 5653 positum
1557 5596 1593 5642 ost
1607 5592 1673 5640 euim
1690 5591 1709 5639 Β
1729 5617 1757 5628 -

437 5672 478 5720 20.
496 5670 587 5719 uiolari
603 5670 622 5719 B
636 5694 663 5704 -
682 5670 765 5731 effecto
782 5669 801 5717 Β
815 5693 842 5704 -
861 5670 902 5718 tt.
921 5669 1007 5718 timere
1023 5670 1087 5731 (non
1103 5672 1169 5727 tuuc)
1188 5667 1266 5717 etiam
1279 5666 1297 5715 Ε
1311 5691 1338 5701 -
1358 5667 1398 5717 ii.
1417 5666 1484 5730 hoec]
1502 5668 1540 5716 lio
1552 5668 1570 5716 Β
1585 5692 1611 5702 -
1631 5667 1672 5715 26.
1684 5668 1758 5728 opido

439 5745 487 5795 ΑΒ
512 5770 539 5780 -
566 5744 607 5794 st.
624 5744 693 5807 Ergo
715 5744 733 5793 Β
756 5767 782 5779 -
810 5744 850 5794 28.
873 5750 932 5794 esset
953 5750 1061 5794 oraturo
1082 5746 1117 5800 rt;
1144 5756 1194 5793 esso
1211 5756 1228 5789 a
1244 5748 1338 5789 notura
1355 5741 1374 5789 Β
1401 5768 1426 5778 -
1453 5743 1492 5791 29.
1508 5744 1634 5802 prodesset
1648 5742 1758 5803 optetom

439 5811 585 5884 (ὠφέλημ’)
601 5821 667 5869 cuim
682 5822 717 5877 Α;
738 5820 852 5882 prodesse
868 5820 985 5881 topiclem
1001 5821 1066 5869 euim
1083 5820 1131 5869 BE
1149 5844 1176 5855 -
1202 5818 1241 5867 30.
1261 5817 1371 5867 absoluto
1389 5819 1524 5868 Bremius:
1545 5816 1659 5865 cornuto
1675 5815 1754 5865 codd.

442 5919 468 5930 -
488 5894 529 5943 34.
545 5896 622 5957 flunt,
640 5896 662 5943 si
677 5894 731 5958 out]
747 5896 811 5958 fiunt
825 5897 889 5958 pont
905 5896 924 5946 Β
942 5918 970 5931 -
993 5896 1096 5959 aliquod
1113 5894 1161 5945 BE
1181 5921 1208 5931 -
1230 5894 1270 5944 34.
1289 5894 1427 5959 conatione]
1444 5892 1628 5957 coacuisset)
1648 5917 1675 5928 -
1698 5890 1757 5941 boni

438 5967 597 6021 Lambinus:
615 5970 705 6021 bonurn
721 5969 801 6021 codd.
822 5997 848 6006 -
868 5970 908 6021 33.
926 5971 1019 6021 noticia
1035 5973 1070 6020 A:
1088 5969 1160 6019 rocio
1176 5969 1238 6031 ΒΕ,
1256 5971 1324 6019 notio
1341 5968 1370 6020 0.
