4342 7459
435 1250 518 1320 ltili
991 1251 1203 1320 CICERONIS

436 1411 473 1473 lis
499 1413 541 1473 ita
565 1410 705 1488 locabat,
730 1418 765 1471 ut
790 1410 823 1469 in
853 1408 983 1488 singulis
1003 1416 1110 1470 essent
1128 1407 1203 1469 bina
1221 1404 1340 1468 modia:
1362 1407 1415 1467 vix
1433 1407 1517 1467 euim
1536 1404 1646 1469 audeo
1666 1406 1781 1472 dieue

435 1505 636 1583 medietates,
666 1522 745 1584 quas
766 1505 876 1567 Graeci
893 1506 1067 1584 μεσὸιητας
1086 1501 1265 1584 appellant,
1293 1499 1352 1563 sed
1373 1502 1462 1581 quasi
1481 1504 1523 1563 ita
1542 1500 1708 1580 dixerim,
1727 1503 1782 1566 in-

436 1599 616 1680 tellegatur;
643 1601 702 1661 erit
725 1600 808 1661 enim
836 1598 977 1680 planius:
1005 1617 1113 1661 aarum
1137 1596 1266 1660 alteram
1288 1596 1400 1658 eadem
1429 1604 1518 1676 parte
1552 1604 1781 1676 praestantem

436 1694 583 1755 extremis
605 1692 780 1772 eadamque
807 1701 1006 1773 superatam,
1033 1691 1163 1771 alteram
1190 1692 1258 1771 pari
1277 1708 1408 1751 numero
1427 1697 1646 1771 praestantem
1667 1698 1783 1753 extre-

412 1790 494 1851 smis
511 1789 644 1868 parique
664 1796 853 1867 superatam.
895 1784 1117 1865 Sesquialteris
1136 1792 1240 1847 aulem
1259 1782 1429 1846 intervallis
1450 1791 1482 1844 et
1501 1783 1723 1864 sesquitertiis
1749 1791 1785 1847 et

434 1882 660 1962 sesquioctavis
679 1882 811 1961 sumptis
837 1900 875 1942 ex
902 1879 950 1940 his
976 1878 1234 1958 conligationibus
1259 1881 1292 1940 in
1318 1879 1425 1958 primis
1450 1876 1626 1940 intervallis
1646 1880 1784 1961 sesqui-

435 1983 545 2038 octavo
572 1975 733 2038 intervallo
759 1976 956 2055 sesquitertia
976 1976 1078 2036 omuia
1098 1972 1261 2054 explebat,
1283 1992 1354 2035 oum
1373 1972 1556 2054 particulam
1577 1972 1783 2053 singulorum

436 2069 638 2150 relinqueret.
675 2070 750 2131 liius
777 2077 881 2132 autem
906 2067 1076 2149 particulae
1102 2065 1265 2130 intervallo
1293 2066 1402 2128 relicto
1421 2064 1557 2129 babebat
1582 2085 1723 2130 um
1742 2073 1784 2129 es

435 2180 600 2226 numerum
620 2162 753 2225 eandem
772 2163 1005 2244 proportionem
1024 2162 1329 2242 conparationemque
1347 2163 1379 2224 in
1399 2162 1566 2239 extremis,
1596 2179 1701 2242 quam
1719 2164 1782 2227 he·

399 2257 513 2319 4444404
531 2257 666 2319 ducenta
685 2258 907 2339 quinquaginta
927 2276 976 2316 rec
994 2274 1063 2318 oum
1085 2254 1229 2317 ducentis
1249 2254 1452 2336 quadraginta
1477 2255 1597 2325 tribus.
1620 2258 1780 2339 4440444444

436 2350 623 2431 permixtum
644 2350 738 2429 illud,
763 2369 801 2412 ex
829 2368 891 2430 quo
923 2351 1002 2413 baec
1036 2352 1158 2427 secuit,
1195 2350 1256 2412 iam
1285 2367 1376 2411 omne
1397 2357 1648 2430 consumpserat
1691 2353 1782 2415 llenc

437 2447 530 2524 igitur
554 2461 678 2506 omnem
704 2445 951 2507 coniunctionem
980 2442 1138 2525 duplicem
1157 2444 1187 2505 iu
1207 2442 1430 2523 longitudinem
1448 2441 1561 2505 dillidit
1579 2444 1778 2527 mediaeque

437 2538 676 2600 accommodans
694 2537 828 2600 mediam
848 2538 936 2619 quasi
958 2536 1155 2615 deoussavil,
1179 2535 1295 2598 deiude
1316 2538 1355 2597 -iu
1385 2535 1493 2598 orbem
1518 2536 1663 2612 intorsit,
1691 2547 1729 2599 nt
1746 2546 1780 2601 ot

437 2635 526 2712 ipsae
546 2648 653 2692 secum
673 2640 704 2693 et
722 2632 804 2693 inter
822 2650 858 2693 se
877 2650 917 2692 ex
938 2632 1161 2707 commissura,
1182 2648 1263 2712 quae
1282 2648 1301 2691 e
1321 2630 1447 2709 ragione
1466 2637 1569 2707 esset,
1598 2631 1778 2712 iungeren-

401 2734 504 2803 tetur,
526 2742 627 2804 eoque
646 2732 749 2801 motu,
771 2725 860 2786 cuius
879 2724 965 2787 orbis
984 2742 1112 2804 semper
1129 2724 1162 2785 iu
1182 2721 1293 2785 eodem
1313 2728 1381 2784 erat
1399 2721 1574 2802 eodemque
1594 2722 1695 2788 modo
1708 2727 1778 2788 cie·

438 2820 548 2897 batur,
567 2817 707 2899 undique
727 2829 777 2881 est
794 2838 848 2881 eas
868 2817 1108 2900 circumplexus.
1149 2821 1251 2899 Atque
1269 2819 1310 2880 ita
1332 2836 1402 2879 cum
1422 2816 1553 2880 alterum
1573 2826 1777 2882 444444144-

438 2914 568 2989 riorem,
596 2917 714 2972 alterum
739 2918 898 2973 4444440444»
917 2912 1080 2992 amplexus
1099 2912 1226 2989 orbem,
1245 2910 1332 2974 illurn
1351 2911 1492 2972 eiusdem
1510 2918 1664 2989 naturae,
1693 2912 1778 2976 bunc

439 3006 566 3070 alterius
584 3008 719 3085 notavit,
740 2991 891 3087 samque,
913 3024 995 3087 quae
1014 3015 1082 3069 erat
1101 3005 1260 3079 eiusdem,
1275 3005 1437 3068 detorsita
1451 3002 1549 3066 latere
1562 3006 1595 3065 in
1609 3004 1777 3070 dexteram

439 3110 573 3183 partem,
593 3103 673 3164 banc
691 3113 794 3165 autem
814 3103 948 3164 citimam
970 3120 988 3163 a
1007 3099 1151 3163 mediana
1170 3099 1251 3162 linea
1272 3099 1386 3161 direxit
1404 3099 1445 3161 ad
1457 3098 1596 3176 laevam,
1610 3100 1672 3161 sed
1685 3102 1775 3182 priu-

400 3197 573 3278 ncipatum
594 3194 682 3258 dedit
700 3198 874 3277 superiori,
896 3214 989 3277 quam
1003 3194 1102 3257 solam
1114 3193 1304 3256 individuam
1317 3192 1452 3274 reliquit.
1472 3193 1657 3255 luteriorem
1672 3203 1776 3257 autem

439 3309 510 3352 oum
529 3291 560 3351 iu
581 3308 638 3351 sex
655 3291 754 3371 partis
774 3289 948 3367 divisisset,
979 3299 1101 3369 septem
1127 3290 1212 3351 orbis
1232 3288 1374 3370 dispares
1394 3286 1490 3368 duplo
1509 3296 1542 3348 44
1560 3287 1657 3369 triplo
1675 3290 1776 3351 inter—

438 3383 520 3447 vallo
546 3385 664 3447 moveri
682 3385 773 3446 iussit
792 3386 953 3453 cannonis
973 3386 1054 3445 iuter
1072 3402 1107 3445 se
1127 3383 1283 3444 cursibus.
1321 3384 1436 3444 Eorum
1454 3390 1559 3445 autem
1579 3383 1678 3445 trium
1703 3384 1777 3445 ierit

439 3496 532 3560 peres
560 3478 753 3556 celeritates,
783 3477 841 3540 sed
870 3486 1016 3557 quattuor
1039 3486 1071 3539 et
1092 3477 1174 3538 inter
1200 3494 1235 3538 se
1263 3475 1407 3557 dispares
1436 3485 1468 3538 at
1490 3472 1657 3540 dissimilis
1683 3478 1775 3542 trium

439 3572 639 3653 reliquorum.

506 3855 1282 3919 t.utstsqutuov-2.nmteteec‚neseurerli,
1308 3856 1773 3919 meamne-opetona·-

438 3931 463 3983 ³.
482 3944 571 3982 eam
587 3932 696 3982 44444404
714 3932 823 3982 44444440
842 3931 962 3996 (attnum
980 3930 1033 3981 del.
1052 3944 1090 3981 m.
1103 3932 1205 3993 vetere)
1218 3931 1238 3979 v
1252 3957 1279 3967 -
1300 3931 1325 3982 t.
1345 3932 1479 3993 eadnnque
1491 3943 1561 3982 corr.
1577 3944 1612 3983 er
1624 3934 1775 4000 4444444444

441 4033 468 4044 -
484 4007 661 4070 0000044044
672 4034 686 4044 -
698 4034 712 4045 -
731 4008 850 4058 entreats
862 4008 888 4057 in
906 4020 958 4058 ras.
977 4006 1060 4056 habet
1075 4004 1107 4057 444
1129 4033 1156 4044 -
1178 4009 1203 4058 5.
1220 4008 1329 4069 parique
1346 4008 1445 4057 CEG:
1464 4007 1574 4069 parique
1590 4021 1701 4060 nunsno
1717 4007 1774 4068 elii.

436 4084 545 4145 parique
561 4082 681 4146 [nummo]
700 4083 720 4131 0
743 4109 769 4118 -
790 4083 957 4145 sesquialteris
974 4095 1043 4131 corr.
1062 4095 1094 4131 ex
1112 4082 1283 4145 sesquealteris
1299 4083 1318 4131 B
1337 4082 1372 4141 (el
1388 4081 1427 4131 sic
1444 4080 1592 4145 deinceps),
1616 4084 1776 4147 sesquottnis

439 4156 478 4215 Vl,
496 4158 662 4218 secquatterts
679 4160 728 4207 AG
752 4185 777 4193 -
799 4159 959 4222 sesquitertiis
976 4170 1046 4207 4044.
1065 4171 1096 4206 ex
1115 4159 1269 4219 sesqueierlis
1287 4161 1315 4216 Α,
1334 4156 1507 4217 sesquiterciis
1526 4157 1588 4204 G·
1603 4156 1629 4208 6.
1642 4162 1775 4221 resq-eior-

438 4236 504 4282 louis
524 4232 598 4289 Gv¹,
614 4233 836 4295 seoquioctauislll
856 4261 882 4269 -
904 4232 1014 4294 sumptis]
1033 4234 1095 4280 ortis
1112 4231 1151 4281 vel
1169 4234 1236 4281 natis
1254 4233 1285 4281 l'r
1313 4233 1490 4281 llermannus.
1515 4257 1541 4266 -
1564 4243 1599 4279 44
1616 4231 1666 4280 niis
1685 4233 1730 4283 EG
1749 4259 1773 4270 -

437 4309 602 4369 sesquioctavi
619 4309 730 4367 Cioorr.
746 4322 778 4356 cx
795 4310 964 4369 sesqucoclaui
982 4308 1047 4367 All),
1066 4309 1240 4368 sesquiociaui
1259 4310 1288 4366 G,
1306 4307 1471 4368 sesquioctaui
1489 4306 1507 4354 Ε
1528 4331 1555 4341 -
1574 4306 1601 4356 t.
1619 4309 1775 4369 sesquitertio

439 4395 507 4431 corr.
522 4395 553 4430 ex
563 4384 724 4443 sesquetertia
736 4385 754 4431 Α
765 4384 792 4440 B,
805 4384 974 4444 sesquitercia
986 4385 1005 4430 G
1027 4407 1052 4416 -
1073 4383 1098 4431 8.
1110 4383 1196 4431 relicto
1209 4383 1292 4431 ABE:
1306 4382 1426 4430 adrelicta
1437 4381 1477 4439 444,
1491 4380 1524 4428 ad
1536 4379 1664 4442 reliquias
1677 4383 1737 4433 GV²
1748 4408 1772 4417 -

439 4471 558 4506 numnus
575 4458 609 4506 ad
626 4471 679 4507 om.
694 4458 765 4506 CEG
780 4484 806 4493 —
827 4458 850 4506 0.
870 4460 973 4507 eandem
986 4458 1177 4519 proportionem
1193 4459 1398 4518 conparationem
1415 4457 1440 4504 in
1452 4452 1531 4508 A¹V¹;
1551 4456 1657 4505 44044404
1666 4470 1774 4519 propor-

439 4533 504 4580 lione
514 4533 718 4592 conparationem
732 4534 758 4580 in
770 4531 812 4588 8¹:
832 4535 918 4582 eadem
933 4535 1095 4595 proportione
1112 4538 1278 4595 conparatum
1294 4534 1320 4580 in
1338 4528 1443 4587 Α’ΒἘς
1465 4530 1568 4580 eandem
1583 4534 1775 4594 proportionum

440 4613 646 4669 conparationem
662 4608 688 4656 in
706 4610 726 4656 G
741 4605 779 4656 444,
803 4608 867 4657 vide
886 4622 919 4658 ne
937 4622 962 4658 v.
982 4611 1186 4669 conparationem
1203 4608 1344 4658 insiticium
1362 4608 1403 4657 sit.
1426 4632 1450 4641 -
1473 4606 1512 4655 40.
1531 4618 1576 4654 saa
1589 4618 1645 4656 om.
1660 4608 1734 4657 CEG
1748 4633 1772 4643 -·

441 4684 480 4730 44.
497 4683 582 4742 secuit,
596 4683 647 4731 iam
659 4695 750 4745 margo
764 4682 807 4731 cd.
822 4683 1011 4733 Cratandriuae
1023 4697 1028 4728 :
1047 4686 1112 4731 scorti
1125 4685 1200 4732 etiam
1216 4686 1252 4737 A:
1271 4696 1296 4731 se
1308 4684 1350 4743 qui
1365 4682 1439 4730 etlam
1456 4680 1489 4737 133
1508 4680 1578 4741 sequi
1595 4684 1675 4730 etiam
1687 4682 1721 4738 Ε;
1739 4696 1774 4732 ss-

441 4757 484 4815 qui
497 4758 582 4805 etiarn
594 4760 630 4815 G;
648 4759 740 4819 sequict
756 4759 809 4807 iam
827 4760 848 4805 V
868 4786 893 4795 -
914 4772 1011 4808 omnem
1031 4758 1103 4807 CEG
1118 4784 1144 4794 -
1165 4760 1204 4807 44.
1226 4759 1382 4819 mediamque
1400 4755 1564 4804 accornodans
1581 4756 1643 4811 CG;
1669 4758 1774 4807 mdiu

441 4832 636 4881 accomodansE
650 4859 676 4868 -
693 4833 732 4881 43.
747 4830 1003 4894 auscultantem,
1022 4834 1152 4883 decussant
1169 4837 1188 4882 G
1210 4860 1233 4870 -
1255 4834 1354 4882 intorsit
1372 4832 1458 4881 CEG:
1476 4832 1548 4879 torsit
1564 4830 1585 4879 0
1604 4856 1633 4867 -
1655 4831 1695 4882 tt.
1714 4846 1774 4895 quae

440 4909 568 4969 ereqione
585 4904 693 4956 A²B²Vt
719 4922 783 4969 quae
799 4910 899 4971 reqionc
923 4908 1001 4971 A¹B¹;
1020 4922 1067 4971 que
1083 4924 1100 4958 a
1117 4910 1217 4971 sapione
1234 4908 1267 4964 E;
1295 4921 1348 4968 qua
1371 4907 1537 4970 ereqianaG
1558 4932 1585 4941 -
1609 4912 1688 4955 essem
1707 4906 1773 4957 osv

443 5006 466 5015 -
490 4980 528 5030 to,
543 4981 569 5028 in
580 4983 648 5031 edem
659 4981 705 5038 tt¹;
724 4986 751 5032 in
763 4985 848 5033 eadem
860 4983 917 5032 GV²
927 5012 959 5020 —
973 4985 1013 5034 46.
1027 4990 1087 5034 esset
1099 4985 1186 5034 CEG:
1206 4984 1332 5045 secissstO
1347 5009 1374 5017 -
1389 4983 1427 5032 tl.
1442 4982 1549 5030 alterum
1562 4981 1711 5031 interiorem
1723 4984 1773 5032 14·

441 5055 545 5104 nulius:
562 5057 705 5106 interiorem
717 5058 823 5107 alterum
840 5059 875 5117 03
895 5073 948 5109 om.
968 5060 1041 5109 CEG
1055 5086 1081 5094 -
1102 5058 1233 5120 amplemts
1250 5060 1286 5116 (ul
1309 5058 1342 5106 sit
1359 5057 1496 5118 genetivus
1514 5055 1632 5106 nominis
1650 5056 1773 5107 substen-

440 5132 492 5192 tivi]
511 5131 531 5178 0
552 5156 576 5168 -
599 5132 638 5180 48.
661 5134 760 5182 notauit
778 5134 867 5183 CEG:
886 5136 1026 5183 nominauit
1043 5147 1104 5183 cum
1123 5134 1238 5183 Manulio
1256 5135 1292 5195 let
1309 5144 1391 5193 marg.
1412 5132 1479 5191 Vlo
1505 5157 1531 5165 —
1556 5143 1665 5195 eumque
1684 5134 1772 5194 qui·-

439 5206 504 5254 lunc
521 5210 604 5255 autern
620 5207 866 5270 citimumuquem
883 5209 962 5258 sotum
978 5210 1136 5259 individuum
1159 5209 1289 5257 Manutius
1313 5210 1339 5256 44
1357 5207 1437 5255 Η404.
1456 5204 1617 5267 Stephanus.
1641 5233 1668 5242 —
1691 5209 1773 5256 deela-

438 5295 497 5330 ram
517 5282 604 5330 AGV:
628 5283 745 5331 dostram
765 5283 834 5332 44Εο
860 5311 883 5319 -
908 5285 947 5332 tu.
969 5286 1081 5332 citimam
1099 5284 1218 5345 (citimam
1236 5296 1268 5331 ex
1284 5280 1459 5340 correctione)
1482 5293 1499 5327 a
1514 5280 1635 5329 mediana
1653 5282 1721 5332 444440
1739 5286 1771 5333 A:

438 5352 537 5406 sitienti
548 5369 587 5405 me
599 5358 659 5407 dian
671 5358 755 5406 alinea
768 5360 866 5421 (quinta
877 5356 962 5408 littera
974 5358 1061 5409 deleta
1074 5370 1208 5421 superscr.
1219 5356 1272 5419 ma)
1285 5357 1317 5412 Bt
1330 5357 1401 5405 citam
1413 5368 1455 5403 am
1465 5354 1583 5403 nudicna
1591 5356 1661 5407 linea
1671 5359 1771 5421 (quarte

439 5432 485 5488 1444.
501 5444 570 5481 corr.
585 5434 610 5481 in
622 5433 667 5481 444
679 5432 771 5482 litteris
780 5447 814 5481 an
825 5435 973 5497 expunctis)
984 5434 1018 5489 νς
1031 5435 1149 5483 mamam
1160 5432 1302 5482 omcdiana
1311 5432 1378 5479 44044
1391 5431 1423 5480 E:
1435 5428 1477 5478 cri
1488 5442 1564 5478 mane
1574 5431 1657 5479 444404
1666 5432 1770 5483 lineali:

438 5508 551 5556 citimam
569 5521 586 5555 a
602 5508 686 5556 media
702 5508 769 5556 linea
786 5510 806 5557 0
826 5534 851 5542 -
874 5510 968 5557 direxit
986 5510 1070 5559 tua:
1092 5510 1185 5557 44444444
1202 5508 1242 5568 Vl,
1261 5507 1363 5556 44044444
1379 5503 1439 5555 GV²
1463 5532 1489 5539 -,
1515 5505 1599 5554 buum
1622 5506 1642 5555 E
1665 5507 1685 5555 G
1707 5506 1769 5554 V·

438 5584 480 5632 40.
498 5582 606 5645 reliquid
624 5581 718 5632 A¹GV¹
738 5609 764 5618 -
787 5583 829 5631 st.
846 5585 928 5643 partis
944 5583 977 5632 ll:
996 5589 1083 5644 partes
1099 5585 1119 5632 0
1137 5611 1169 5619 —
1189 5584 1311 5631 divisisset
1327 5581 1471 5631 Manutius:
1493 5579 1556 5629 caeti
1573 5580 1726 5632 dimsissuC
1739 5582 1770 5634 Gt

439 5658 564 5706 dividisset
580 5657 625 5706 4444
643 5658 662 5707 E
681 5683 707 5692 -
730 5657 797 5706 orbis
814 5658 900 5707 CEG:
921 5659 991 5707 orbes
1008 5660 1027 5707 0
1050 5685 1076 5694 -
1100 5658 1209 5720 disparis
1225 5658 1251 5707 h.
1272 5656 1288 5707 Ι.
1308 5655 1412 5706 seut
1434 5682 1462 5691 -
1485 5655 1526 5704 22.
1546 5659 1688 5706 contrariis
1707 5667 1771 5706 corr.

440 5744 471 5780 ex
489 5733 651 5782 contraries
672 5758 697 5766 -
716 5732 757 5782 23.
774 5746 850 5794 pares
867 5747 935 5782 4044.
956 5747 987 5782 ex
1003 5733 1128 5795 partcsV
1151 5758 1177 5768 -
1202 5733 1348 5782 4444404444
1361 5738 1383 5780 44
1406 5735 1526 5793 quattuor
1548 5730 1625 5781 ΑΒΕ
1652 5756 1679 5767 -
1706 5728 1772 5779 atsi

438 5806 504 5854 044444
521 5808 606 5856 ABE:
621 5807 751 5856 dissimiles
762 5808 835 5856 GVO
849 5835 875 5844 -
896 5807 936 5857 sl.
952 5810 1013 5857 Post
1025 5821 1050 5859 v.
1063 5810 1245 5870 reliquorume
1267 5806 1374 5857 Platone
1393 5804 1431 5869 (ἐν
1448 5802 1524 5872 λόγῳ
1541 5802 1573 5856 ot
1586 5803 1772 5878 φερομένονςὶ

439 5878 541 5930 addidit
551 5881 633 5932 verba
645 5895 703 5933 cum
713 5884 813 5932 ratione
824 5888 906 5934 manen
924 5882 1077 5934 Lambinus.
