4342 7459
779 1250 853 1316 cn.
874 1252 1083 1317 xix-xx.
1107 1250 1154 1337 §a
1176 1248 1328 1321 u-ur.
1671 1253 1733 1324 eat

409 1410 548 1476 edendoa
570 1430 659 1486 eaee,
687 1418 723 1475 ut
749 1412 907 1476 amicitiae
935 1431 1051 1476 munna
1077 1412 1240 1495 expletum
1265 1416 1317 1479 ait.
1360 1412 1413 1481 68.
1433 1368 1596 1481 Noritatox
1616 1426 1734 1495 man,

408 1507 546 1589 eiepem
569 1503 720 1570 adferunt
741 1514 777 1568 ut
798 1513 959 1588 tamquam
982 1508 1014 1569 iu
1037 1506 1144 1570 berbia
1166 1527 1228 1570 nou
1250 1507 1415 1572 fallacibus
1436 1507 1558 1574 fructui
1572 1522 1735 1595 appareat,

409 1620 472 1664 uon
495 1609 569 1663 aunt
589 1600 664 1664 illae
679 1601 807 1683 quidem
823 1600 1048 1683 repudiandae,
1065 1608 1205 1664 vetustae
1219 1603 1325 1664 tannen
1339 1621 1399 1665 auo
1413 1602 1486 1666 loco
1499 1606 1734 1681 conservandaa

408 1694 546 1757 maxima
574 1700 624 1757 eat
650 1695 735 1757 enim
763 1695 812 1757 via
840 1696 1006 1758 vetustatis
1033 1703 1066 1758 at
1091 1695 1340 1758 consuetudinis.
1367 1695 1469 1771 ¹Quin
1490 1697 1585 1760 etiam
1606 1698 1640 1760 iu
1662 1698 1734 1781 ipro

409 1805 508 1870 equo,
531 1788 621 1852 cuiue
643 1787 739 1851 modo
761 1787 821 1851 leci
843 1789 1054 1863 mentionem,
1076 1789 1104 1852 ei
1126 1787 1214 1851 nulla
1235 1808 1286 1851 rea
1309 1789 1474 1872 impediat,
1492 1810 1588 1854 nemo
1610 1797 1660 1855 ert
1679 1791 1759 1875 quit

408 1902 472 1945 uon
494 1902 550 1957 eo,
579 1901 645 1966 quo
667 1883 847 1955 conquerit,
875 1882 1028 1945 libeutiua
1050 1889 1157 1944 utatur
1177 1883 1273 1964 quain
1296 1882 1465 1946 intractato
1486 1892 1519 1947 et
1540 1904 1643 1960 novo;
1674 1905 1736 1950 noo

408 1994 485 2039 reru
511 1976 545 2037 iu
570 1976 649 2073 boc,
681 1975 768 2059 quod
794 1985 844 2039 eat
871 1976 1006 2050 animal,
1036 1976 1093 2039 aed
1121 1976 1155 2038 in
1179 1977 1218 2039 iia
1240 1976 1353 2050 etiam,
1383 1995 1469 2061 quae
1489 1984 1564 2041 aunt
1584 1976 1735 2053 inanima,

408 2068 606 2134 consuetudo
635 2069 734 2143 valet,
764 2090 836 2133 cum
866 2071 942 2134 lucia
969 2071 1047 2154 ipsis
1070 2070 1280 2144 delectemur,
1309 2071 1488 2135 montuoxir
1509 2071 1607 2134 atim
1627 2078 1660 2134 ot
1680 2069 1737 2135 ail-

408 2163 582 2236 vaatribua,
602 2164 636 2226 in
659 2163 778 2247 quibua
800 2162 921 2238 diutina
943 2165 1128 2228 commorati
1149 2184 1267 2229 oumua.

491 2255 543 2320 69.
567 2258 630 2320 Sed
653 2257 825 2320 maximum
851 2261 900 2320 eet
920 2257 952 2319 iu
974 2257 1113 2320 amicitia
1134 2277 1243 2340 parem
1265 2277 1336 2322 eaeo
1353 2257 1516 2335 inferiori3
1539 2277 1634 2343 aaapo
1649 2257 1774 2327 animia

407 2351 614 2416 excellentiae
636 2350 795 2435 quaedam
817 2359 906 2424 aunt,
928 2351 1033 2434 qualia
1055 2360 1123 2414 erat
1136 2351 1296 2433 Scipionis
1318 2353 1352 2414 in
1373 2360 1499 2426 amun,
1514 2354 1608 2416 utita
1623 2339 1736 2428 dica'm,

408 2465 511 2530 grege.
555 2448 734 2529 Numquam
756 2464 790 2508 ae
812 2444 866 2509 illa
888 2444 998 2518 Pbilo,
1025 2464 1200 2527 numquam
1222 2445 1367 2528 llupilio,
1390 2464 1564 2529 numquam
1585 2443 1736 2510 itunae

407 2539 599 2621 anteposuit,
619 2558 794 2622 numquam
814 2537 974 2602 inferioris
995 2537 1118 2600 ordiuia
1139 2539 1258 2601 amicir.
1293 2538 1450 2614 Quintum
1470 2558 1547 2603 xero
1561 2538 1737 2602 llaximum

407 2632 546 2707 fratrem,
568 2631 731 2714 egregium
752 2632 855 2695 virum
875 2633 1017 2705 omniuo,
1040 2631 1102 2694 eibi
1123 2651 1328 2716 nequaquam
1348 2653 1467 2717 param,
1488 2633 1576 2715 quod
1597 2633 1626 2696 ia
1647 2639 1737 2696 aute·

407 2725 474 2790 ibat
501 2734 621 2800 aetate,
652 2734 813 2808 tamquam
842 2726 1036 2808 superiorem
1064 2726 1190 2791 colebat
1215 2746 1355 2809 auoaque
1382 2747 1493 2791 omnes
1521 2747 1580 2811 par
1604 2747 1640 2792 aa
1666 2744 1774 2794 uecta

407 2820 578 2903 ampliorea
601 2819 735 2883 volebat.
778 2817 831 2882 70.
853 2817 949 2894 Quod
969 2817 1151 2883 laciendum
1174 2820 1426 2904 imitandumque
1447 2830 1498 2884 eet
1512 2822 1736 2895 omnibur,ut,

408 2915 554 2996 tiquam
575 2914 801 2997 praestantiam
823 2913 966 2986 virtutis,
995 2913 1134 2995 ingenii,
1154 2911 1299 2977 fortunae
1321 2915 1486 2978 consecuti
1507 2923 1599 2989 aunt,
1621 2915 1738 2997 imper·

408 3009 488 3072 tiant
509 3028 547 3071 ea
568 3008 634 3073 auia
656 3007 956 3089 communicentque
979 3027 1051 3070 cum
1072 3006 1247 3090 proximie;
1270 3015 1320 3081 ut,
1340 3007 1368 3070 ai
1389 3008 1575 3090 parentibus
1592 3007 1659 3071 nati
1673 3007 1738 3071 aiut

408 3102 598 3176 bumilibua,
627 3100 656 3167 ai
682 3101 880 3184 propinquos
907 3098 1045 3162 habeant
1074 3100 1290 3164 inbecilliores
1318 3100 1370 3163 rel
1398 3100 1505 3164 animo
1528 3100 1580 3165 vel
1598 3097 1737 3174 fortuna,

408 3216 516 3261 eorum
538 3202 676 3279 augeant
698 3214 775 3278 opea
797 3195 909 3277 eisque
930 3192 1045 3257 honori
1068 3194 1134 3257 aiut
1163 3201 1195 3256 et
1217 3193 1382 3276 dignitati:
1413 3202 1449 3258 ut
1470 3196 1503 3258 iu
1523 3193 1655 3265 fabalia,
1680 3192 1775 3275 quin

408 3289 604 3373 aliquamdiu
626 3297 755 3372 propter
777 3289 1011 3370 ignorationem
1032 3288 1141 3370 rtirpia
1168 3296 1200 3350 et
1220 3288 1346 3369 generi·
1368 3289 1402 3352 iu
1422 3287 1576 3352 famulatu
1596 3287 1738 3363 luerunt,

409 3404 480 3449 cunr
503 3384 622 3466 cogniti
643 3392 718 3446 aunt
738 3389 771 3446 et
791 3390 847 3446 aut
868 3381 1000 3445 deorum
1021 3389 1076 3445 aut
1097 3401 1208 3463 regum
1231 3379 1287 3444 filii
1309 3382 1448 3458 inventi,
1473 3382 1612 3446 retinent
1632 3389 1738 3445 tamen

408 3478 569 3542 mutuum
597 3479 630 3540 iu
658 3484 819 3561 paatmee,
847 3496 930 3559 quoe
951 3483 1056 3558 patrea
1078 3475 1193 3539 multoe
1214 3495 1317 3539 anuoe
1338 3495 1410 3540 eaeo
1430 3477 1601 3540 duxeruut.
1644 3472 1738 3549 Quod

409 3579 457 3635 eat
479 3571 581 3635 multo
603 3570 745 3655 prolecto
768 3572 868 3652 magia
891 3570 925 3633 in
947 3571 1031 3633 veria
1047 3571 1190 3652 patribus
1204 3571 1365 3654 certisque
1378 3567 1570 3634 laciendum.
1605 3569 1738 3632 Fructum

408 3668 493 3732 euim
522 3666 642 3748 ingenii
672 3673 705 3727 et
732 3665 856 3727 virtutia
884 3665 1055 3747 omniaque
1083 3663 1297 3746 praestantiae
1327 3673 1394 3727 tum
1422 3663 1579 3727 maximni
1604 3663 1775 3746 capitum

407 3779 481 3824 cum
503 3760 536 3823 iu
559 3759 739 3842 proximum
762 3777 922 3839 quemque
943 3757 1114 3822 confertur.

492 3855 564 3917 XX.
587 3849 639 3915 74.
663 3853 702 3916 Ut
724 3852 821 3935 igitur
841 3853 879 3926 ii,
902 3853 957 3935 qui
980 3852 1110 3915 suntin
1132 3852 1290 3915 amicitiae
1311 3851 1612 3935 coniunctionisque
1628 3870 1740 3915 nec*

408 3947 549 4011 altudiue
571 3948 763 4030 auperioree,
785 3966 964 4030 exaequare
987 3966 1022 4010 ae
1045 3966 1117 4009 cum
1140 3945 1343 4010 inferioribus
1365 3946 1499 4020 debent,
1514 3945 1562 4010 aic
1573 3942 1739 4009 inferiores

408 4061 472 4105 nou
498 4040 608 4104 dolere
637 4060 672 4103 aa
701 4059 721 4103 a
747 4040 814 4102 auia
844 4048 900 4102 aut
925 4040 1054 4123 ingenio
1082 4048 1137 4103 aut
1165 4039 1293 4104 fortuna
1321 4049 1378 4103 aut
1405 4039 1559 4121 dignitate
1585 4037 1738 4121 inperari

410 4134 553 4209 Quorum
581 4134 725 4217 plerique
753 4141 807 4196 aut
833 4141 1009 4216 queruntur
1036 4153 1162 4216 aemper
1188 4133 1310 4218 aliquid
1337 4141 1393 4197 aut
1419 4134 1515 4197 etiam
1538 4131 1777 4216 exprobrauit)

410 4249 514 4311 eoque
537 4231 647 4311 magia,
669 4228 696 4290 ai
720 4227 837 4291 babere
859 4247 893 4290 ae
916 4235 1029 4310 putant
1051 4226 1139 4311 quod
1161 4224 1304 4290 officione
1326 4235 1358 4290 et
1379 4228 1479 4290 amico
1493 4234 1612 4290 etcum
1629 4224 1739 4287 labore

409 4322 517 4404 aliquo
539 4342 596 4385 auo
618 4321 736 4385 lactum
759 4329 878 4403 queant
900 4320 1025 4384 dicero:
1059 4321 1205 4384 odiosum
1228 4341 1304 4384 eane
1327 4340 1427 4402 genua
1448 4320 1613 4384 bominum
1635 4314 1740 4381 officia

409 4415 687 4498 exprobrantium,
717 4434 801 4497 quae
830 4414 1011 4479 memiuieae
1042 4414 1138 4477 debet
1163 4414 1212 4488 ia,
1239 4414 1274 4477 in
1301 4434 1395 4498 quem
1418 4413 1533 4477 collata
1553 4419 1646 4485 aunt,
1673 4430 1739 4476 nou

464 4684 489 4734 i.
502 4681 623 4733 incertis
638 4683 682 4733 BS
699 4709 732 4721 -
749 4682 772 4734 3.
787 4683 897 4732 tocoarw
914 4682 1013 4733 ausv
1031 4707 1057 4717 -
1077 4681 1103 4733 4.
1116 4683 1182 4732 mim
1199 4687 1234 4732 oet
1250 4682 1330 4740 BSV,
1349 4683 1415 4733 enim
1431 4695 1485 4733 our.
1497 4678 1567 4733 13¹-
1587 4682 1740 4745 quinetiam

408 4758 505 4820 inipso
527 4757 617 4808 Klotz:
649 4759 710 4821 quio
726 4764 749 4808 et
765 4758 792 4807 ia
808 4759 862 4820 ipro
884 4757 1008 4808 uaesv
1029 4756 1092 4821 (aad
1109 4759 1170 4819 qaia
1186 4764 1210 4808 et
1226 4758 1246 4809 E
1264 4759 1291 4809 in
1308 4757 1387 4819 raa),
1414 4757 1651 4820 otqoiior‘proD,
1678 4757 1740 4819 qaia

408 4834 461 4894 ipro
479 4834 499 4883 0
519 4860 544 4869 -
573 4835 597 4883 5.
616 4834 764 4882 mentionem
779 4833 827 4895 [eci
844 4833 889 4883 ΕΟ
917 4858 944 4869 -
972 4833 1015 4893 qm'
1031 4846 1082 4881 non
1098 4846 1126 4883 eo
1145 4833 1229 4883 st:
1254 4835 1298 4896 qai
1313 4847 1364 4882 noc
1380 4846 1443 4893 equo
1460 4833 1496 4891 G,
1521 4832 1582 4893 qam
1598 4845 1626 4882 eo
1643 4831 1690 4881 DE
1709 4855 1738 4868 -

408 4908 431 4960 6.
449 4910 582 4959 maccam
600 4910 630 4969 4),
647 4910 756 4958 inuncto
775 4906 804 4956 V¹
823 4934 851 4944 -
875 4908 899 4957 l.
917 4909 945 4956 io
960 4908 1006 4957 boo
1022 4912 1123 4958 matum
1138 4909 1204 4969 qood
1221 4909 1269 4959 DE
1287 4933 1315 4944 -
1338 4909 1366 4957 ia
1381 4908 1420 4957 tia
1436 4907 1534 4958 bosv
1552 4931 1581 4943 -
1598 4908 1741 4957 bmimcto

408 4979 466 5033 Bv²
478 5008 505 5018 -
524 4983 549 5033 8.
561 4983 626 5045 cum]
639 4985 700 5045 quio
717 4983 814 5033 sscsv
832 4985 866 5043 (in
879 4984 898 5031 G
911 4983 992 5033 etiam
1004 4995 1064 5043 qam
1080 4981 1169 5045 legere
1181 4983 1285 5047 posaia),
1304 4982 1425 5045 quitali,
1443 4982 1487 5044 qm·
1503 4980 1741 5046 conlweaeuberg

409 5057 517 5107 emend.
531 5056 636 5107 Tuscul.
656 5060 687 5117 11,
701 5058 748 5121 p.l
771 5082 798 5092 -
818 5058 970 5106 delectamur
987 5057 1006 5106 E
1025 5083 1052 5092 -
1073 5058 1113 5107 40.
1130 5071 1220 5118 porcia
1237 5058 1299 5108 EG:
1318 5058 1472 5118 macriorem
1485 5069 1577 5118 porco
1592 5058 1700 5118 (portem
1712 5056 1739 5116 34

408 5132 514 5188 BSVO.
533 5133 554 5182 D
572 5135 726 5194 macriorem
743 5133 934 5195 posticiariam
950 5132 1033 5182 babet
1054 5159 1078 5169 -
1102 5133 1246 5195 inferiorem
1263 5134 1298 5191 Β,
1315 5131 1366 5183 aad
1382 5145 1453 5184 corr.
1472 5132 1499 5182 in
1517 5143 1601 5193 marg.
1622 5156 1649 5167 -
1668 5142 1742 5190 coepe

407 5207 514 5256 otioan
535 5233 561 5242 -
581 5209 621 5256 44.
635 5208 835 5267 quamarcia:
855 5233 881 5243 -
908 5208 947 5257 li.
961 5207 1039 5255 illato
1055 5207 1099 5256 DS
1120 5233 1145 5241 -
1163 5209 1238 5270 aaa
1257 5233 1284 5244 -
1309 5207 1403 5267 rupilio
1420 5204 1459 5255 8¹:
1478 5207 1566 5256 madio
1582 5201 1741 5257 BDEGS²V

408 5307 441 5319 -
457 5282 569 5330 nummio
586 5282 638 5339 Es,
656 5283 742 5332 nomio
759 5284 778 5333 B
797 5309 824 5319 -
849 5282 889 5332 43.
907 5296 969 5332 aero
985 5282 1073 5332 omli
1094 5309 1120 5320 -
1141 5281 1182 5333 44.
1201 5295 1263 5344 quor
1276 5282 1338 5333 tal>
1357 5306 1385 5319 -
1407 5283 1445 5332 444.
1463 5294 1510 5343 per
1525 5294 1552 5331 ao
1565 5293 1636 5342 poarc
1652 5279 1739 5331 eruc

411 5380 438 5391 -
458 5354 498 5403 44.
516 5358 705 5424 comsintsss
732 5382 758 5392 -
785 5356 964 5416 impertiente
993 5382 1019 5391 —
1048 5356 1088 5404 48.
1107 5357 1235 5407 actitant
1253 5357 1289 5415 4),
1308 5358 1338 5405 ut
1354 5354 1460 5406 videtur
1477 5356 1528 5417 leat
1544 5355 1588 5405 bic
1604 5355 1696 5404 vitium
1714 5353 1740 5404 ln

409 5429 487 5480 codd.
507 5429 640 5480 indicibus
657 5431 728 5495 apud
746 5430 876 5482 Klotzium
893 5432 919 5481 iu
938 5431 1001 5480 edit.
1021 5430 1094 5492 4833)
1119 5456 1146 5466 -
1174 5431 1214 5481 lt.
1233 5429 1385 5480 inbecilliora
1401 5429 1430 5480 G¹
1449 5455 1476 5466 -
1503 5431 1544 5480 20.
1563 5434 1592 5479 ot
1606 5430 1636 5479 io
1648 5427 1742 5493 tobalia

408 5506 553 5554 --inumti
570 5507 669 5556 Nouius
686 5519 712 5569 p.
724 5506 771 5556 206
789 5509 855 5555 extr.
877 5531 905 5542 -
929 5506 971 5556 it.
989 5504 1140 5567 aliquandiu
1157 5505 1241 5568 BGS,
1262 5507 1377 5564 Nonius,
1395 5504 1569 5569 ottqumma
1590 5529 1616 5540 -
1635 5503 1742 5566 imore·

410 5580 497 5629 tiaran
513 5579 548 5638 B,
572 5577 720 5640 iquorcmid
737 5581 768 5640 S,
791 5579 841 5630 aad
857 5579 960 5630 litterae
980 5578 1035 5630 alid
1057 5580 1082 5630 in
1100 5593 1192 5632 rasura
1220 5605 1248 5616 -
1273 5581 1376 5643 tami
1392 5579 1510 5640 iladvig:
1532 5578 1629 5642 {amiel
1646 5576 1692 5627 CO
1712 5602 1739 5614 -

410 5655 450 5704 ii.
469 5660 526 5703 auct
542 5655 638 5704 moenai
656 5655 684 5714 E,
702 5654 751 5705 aed
768 5661 826 5704 sunt
843 5656 999 5717 punctatum
1018 5681 1046 5692 -
1065 5655 1106 5704 33.
1125 5667 1176 5705 erre
1192 5655 1279 5705 onai]
1298 5680 1325 5691 -
1344 5655 1465 5704 amram
1480 5651 1580 5702 uusv
1596 5677 1630 5690 -·
1646 5649 1687 5701 il.
1705 5654 1743 5701 eet

410 5730 539 5780 multoc:
563 5730 707 5780 catomo
735 5755 761 5765 -
787 5731 898 5790 profecto
920 5730 1013 5779 omli
1042 5756 1068 5765 ·-
1095 5727 1283 5790 sumundamE
1313 5754 1339 5765 -
1366 5724 1690 5789 commmunicant
1711 5748 1739 5764 ι-

411 5805 453 5855 34.
470 5806 495 5854 ti
513 5805 608 5855 BGSV
627 5830 654 5840 -
682 5804 723 5853 29.
741 5810 786 5853 aaa
803 5806 1008 5870 dipnitotc--in
1024 5804 1164 5867 bominept
1181 5802 1233 5866 584
1254 5816 1281 5867 p.
1292 5800 1377 5861 otti
1394 5800 1492 5852 derunt
1508 5801 1535 5852 lu
1552 5799 1587 5861 v,
1610 5812 1663 5849 uuo
1680 5796 1741 5850 lolio

412 5880 552 5943 deperdito
578 5906 606 5916 -
634 5880 675 5930 34.
693 5878 808 5942 rilaicG
835 5907 862 5917 -
889 5880 980 5933 bebere
996 5879 1125 5931 omicdioa
1140 5892 1166 5932 aa
1179 5877 1304 5942 paneas
1328 5900 1356 5915 -
1386 5876 1427 5928 32.
1444 5877 1528 5930 diam
1542 5879 1636 5941 quant
1650 5873 1694 5926 BS
1710 5898 1739 5913 -

412 5956 496 6008 mium
513 5956 532 6009 E
549 5983 583 5995 ““
598 5954 640 6009 3³·
658 5961 715 6006 m
731 5968 787 6008 omo
798 5956 831 6007 De
