4342 7459
694 1284 762 1348 nn.
784 1286 823 1347 11.
852 1283 924 1348 ms.
947 1284 1223 1348 xmo-arxes
1248 1280 1294 1368 ps
1316 1279 1462 1348 ot-oo.
1675 1279 1739 1348 tte

412 1440 476 1516 las;
509 1441 677 1505 caelestem
704 1441 788 1506 enim
818 1443 1001 1506 altissimam
1029 1444 1268 1527 aetheriamque
1296 1450 1455 1519 naturam,
1479 1441 1513 1506 iel
1534 1450 1583 1507 est
1603 1443 1741 1526 igneam,

415 1551 498 1620 quae
518 1557 576 1619 per
597 1555 668 1600 sese
690 1538 796 1600 omnia
817 1537 1110 1619 gigneret„racere
1132 1538 1301 1601 voluerunt
1322 1558 1360 1601 ee
1373 1546 1464 1621 parte
1478 1538 1636 1621 corporis,
1658 1551 1741 1623 quae

414 1631 639 1694 coniunctione
667 1631 798 1694 alterius
827 1638 936 1713 ageret
963 1630 1004 1694 ed
1027 1630 1272 1714 procreandum.
1320 1632 1420 1695 XXV.
1443 1633 1614 1695 Saturnum
1635 1639 1741 1696 autem

415 1743 487 1785 enm
510 1736 581 1787 esse
602 1724 786 1799 voluerunt,
815 1726 870 1808 qui
900 1745 1026 1788 cursum
1050 1734 1082 1788 et
1103 1726 1341 1789 conversionem
1367 1725 1540 1809 spatiorum
1561 1745 1598 1788 ec
1619 1732 1742 1807 tempo·

413 1831 483 1880 rom
506 1818 697 1892 contineret,
724 1822 779 1901 qni
803 1818 883 1882 daus
905 1819 1024 1882 Greeco
1046 1818 1078 1880 id
1101 1818 1206 1901 ipsum
1228 1838 1344 1883 nomeu
1364 1818 1478 1892 leuben
1506 1816 1636 1901 Κρόνος
1656 1818 1765 1882 enine

414 1910 543 1986 elicitur,
569 1913 624 1995 qni
642 1921 691 1975 ost
711 1912 794 1975 idem
816 1913 947 1993 χρόνος,
978 1913 1010 1975 id
1034 1921 1083 1975 est
1104 1914 1239 1995 spatium
1260 1913 1424 1994 temporie.
1459 1913 1614 1976 Saturnus
1635 1920 1742 1976 entem

414 2013 463 2067 est
483 2005 677 2088 appellatus,
698 2006 784 2089 quod
806 2015 1000 2072 saturaretur
1016 2008 1125 2081 annia3
1148 2026 1188 2069 ex
1210 2026 1245 2069 ee
1267 2007 1353 2069 enim
1373 2013 1466 2069 natos
1488 2024 1630 2069 comesse
1651 2002 1742 2089 fingi-

413 2105 465 2161 tnr
489 2099 614 2173 solitus,
645 2101 723 2183 quia
751 2101 910 2163 consumit
938 2109 1025 2163 aetas
1053 2109 1231 2182 temporum
1260 2101 1363 2182 spatia
1383 2099 1542 2183 annisque
1563 2099 1742 2182 praeteritis

414 2190 662 2257 insaturabiliter
690 2194 848 2277 expletur,
878 2195 1002 2257 rinctus
1030 2203 1137 2257 entem
1164 2214 1183 2256 a
1212 2195 1304 2267 lore,
1332 2212 1374 2255 ne
1395 2192 1612 2257 inmoderatos
1632 2212 1743 2257 oureus

412 2284 544 2349 heberet
565 2295 661 2370 atque
682 2296 718 2350 nt
739 2309 811 2351 oum
835 2288 974 2351 elderum
996 2288 1111 2352 vinclis
1132 2286 1286 2368 alligaret.
1323 2286 1387 2349 Sed
1408 2285 1478 2368 ipse
1491 2286 1624 2369 Iupiter,
1645 2286 1679 2350 iel
1694 2292 1780 2351 estio

411 2377 525 2442 iurans
553 2389 659 2462 pater,
689 2402 783 2465 quem
811 2382 971 2445 conversis
998 2381 1124 2444 casibus
1153 2380 1351 2462 appellamus
1377 2378 1558 2443 eiuranto
1579 2380 1743 2455 losen,e

411 2475 516 2555 pottie
540 2483 650 2557 «pater
663 2476 838 2558 divumque
853 2475 1101 2558 hominnmqnen
1126 2473 1254 2543 dicitnr,
1276 2492 1295 2536 a
1317 2472 1489 2536 maioribus
1507 2480 1613 2537 entem
1624 2474 1743 2537 nostris

413 2576 562 2651 optumus
590 2589 776 2643 maxumus,
807 2575 838 2632 et
860 2569 991 2653 quidem
1012 2577 1086 2632 ente
1108 2576 1272 2651 optumus,
1299 2566 1334 2628 id
1356 2573 1405 2630 eet
1425 2562 1743 2641 beneficentissimus,

414 2681 510 2744 quem
532 2682 717 2738 maxumus,
739 2663 816 2746 qnia
838 2664 938 2725 maine
955 2670 1003 2726 est
1017 2670 1167 2745 certeque
1183 2660 1303 2743 gratius
1318 2660 1470 2744 prodesse
1485 2659 1631 2723 omnibns
1646 2679 1743 2744 qnam

413 2765 491 2838 ope't
515 2773 643 2838 magnae
664 2755 793 2820 liaberet
836 2753 888 2819 65.
909 2756 1003 2820 Hunc
1024 2756 1119 2838 igitur
1139 2755 1279 2829 Ennius,
1300 2761 1336 2817 ut
1356 2770 1453 2836 supra
1474 2752 1560 2826 (lixi,
1581 2760 1781 2838 nuncupette

412 2848 457 2912 ita
478 2848 606 2925 dicens,

538 2943 684 3027 Aspice
711 2943 781 3007 hoc
801 2942 1010 3007 sublimen
1031 2942 1227 3017 cendone,
1255 2961 1367 3026 quem
1389 2940 1588 3004 invocant
1608 2958 1743 3005 omnes

1135 3037 1289 3100 lovem:

413 3131 539 3215 plenius
562 3141 657 3215 quam
679 3132 743 3195 alio
765 3131 837 3194 loco
859 3131 960 3206 idem,

540 3224 628 3301 Cui,
662 3226 770 3309 qnod
802 3227 843 3288 in
877 3244 934 3288 me
967 3232 1043 3302 eet,
1076 3223 1326 3287 exsecrabor
1356 3222 1443 3297 hoc,
1476 3226 1579 3303 quod
1612 3223 1782 3301 lucem

1130 3317 1336 3400 quicquid
1358 3326 1442 3381 est:

410 3415 497 3479 hunc
520 3414 615 3477 etiam
637 3433 772 3495 augures
794 3412 911 3488 nostri,
944 3432 1014 3476 eum
1037 3412 1148 3476 dicunt
1173 3412 1247 3475 love
1268 3410 1427 3493 fulgente,
1453 3420 1604 3477 tonante:
1634 3413 1745 3479 dieunt

412 3508 497 3572 enim
520 3508 609 3571 eaelo
631 3506 787 3590 fulgente,
809 3513 949 3570 tonante.
985 3504 1154 3589 Euripides
1176 3512 1297 3579 autem,
1318 3511 1355 3568 ut
1375 3506 1473 3571 muta
1494 3507 1675 3591 praeclare,
1697 3507 1744 3573 eie

410 3603 473 3669 leoo
497 3596 681 3687 [breviter]:

539 3695 655 3759 Vides
679 3694 853 3758 sublime
874 3694 1019 3768 fusum,
1041 3677 1339 3758 inmoderatum
1360 3694 1544 3773 aethere,
1751 3719 1781 3771 ι

539 3790 618 3865 Qui
641 3797 790 3853 terrem
811 3797 958 3852 tenero
981 3788 1243 3852 circumiectu
1263 3786 1546 3870 amplectiturt

540 3886 650 3948 Hunc
672 3903 857 3946 summum
878 3882 1025 3946 hebeto
1050 3880 1192 3955 divum,
1213 3880 1316 3944 hunc
1338 3881 1554 3964 perhibeto
1575 3885 1713 3950 lovem.

410 3978 527 4043 xxvi.
549 3976 601 4041 66.
628 3978 692 4041 Ae'r
719 3986 842 4050 autem,
875 3984 912 4039 ut
940 3976 1038 4039 Stoici
1067 3975 1248 4058 disputant,
1280 3975 1466 4040 interiectus
1492 3978 1575 4042 inter
1602 3998 1690 4044 mare
1711 3986 1744 4043 et

410 4073 533 4136 caelum
561 4071 692 4136 lunonis
720 4072 849 4135 nomine
878 4076 1097 4143 consecretur,
1130 4082 1212 4152 quae
1241 4074 1290 4132 est
1318 4085 1409 4132 soror
1429 4078 1462 4133 et
1482 4072 1624 4137 coniunx
1645 4072 1742 4147 loris,

411 4167 496 4249 quod
519 4166 548 4227 ei
571 4165 743 4229 similitudo
766 4171 815 4227 est
836 4163 972 4228 aetheris
995 4172 1121 4227 etcum
1143 4181 1181 4226 eo
1203 4181 1325 4226 summa
1347 4164 1538 4228 coniunctio.
1574 4166 1779 4237 Hemina-ee

409 4268 485 4323 runt
507 4268 613 4322 antem
635 4280 708 4322 eum
732 4260 909 4339 Iunonique
931 4257 1125 4330 tribuerunt,
1155 4256 1241 4339 quod
1267 4255 1347 4318 nihil
1370 4263 1418 4319 est
1440 4275 1478 4319 eo
1500 4258 1636 4322 mollius.
1679 4259 1742 4323 Setl

409 4356 564 4418 lunonem
587 4374 605 4417 e
627 4353 764 4417 iuvando
788 4354 881 4416 credo
896 4352 1101 4414 nominatam.
1135 4352 1226 4433 Aqua
1247 4349 1385 4413 restabat
1405 4359 1437 4415 et
1457 4359 1558 4428 terra,
1579 4361 1614 4418 ut
1634 4360 1744 4417 essent

477 4637 501 4685 t.
519 4634 647 4684 caelesum
664 4632 811 4682 altissimos
821 4657 860 4668 -·
872 4632 906 4681 oet
920 4631 1106 4694 procreantem
1122 4631 1272 4681 Lactantius
1290 4630 1353 4681 lust.
1366 4630 1390 4691 l,
1404 4630 1444 4680 tt.
1459 4654 1486 4667 -
1498 4633 1630 4684 eadeetesm
1646 4635 1697 4686 ΑΕ
1710 4661 1737 4672 -

409 4712 434 4762 3.
453 4710 585 4774 affimant
600 4721 657 4758 enen
673 4720 723 4757 esse
739 4708 891 4766 Satorum,
910 4708 953 4768 qest
970 4719 1071 4756 cursans
1083 4732 1120 4744 ·-
1131 4708 1352 4767 continentemque
1362 4708 1610 4769 praeconialem.
1628 4705 1741 4781 Κρόνος

407 4786 474 4835 enim
495 4786 602 4843 tiator,
627 4783 692 4843 quod
714 4787 749 4831 eet
768 4782 833 4830 έόοοι
854 4782 919 4843 quod
942 4778 1061 4851 χρόνος)
1079 4787 1255 4832 --enturetur
1270 4782 1345 4831 coele
1362 4783 1511 4834 melantius
1529 4785 1591 4834 lnst.
1610 4786 1629 4846 l,
1649 4786 1690 4836 tt.
1709 4811 1737 4821 -

408 4859 434 4912 l.
452 4861 669 4910 conuersocs'onem
687 4860 747 4907 Ρ-
767 4858 791 4906 o.
810 4870 899 4906 nonos
915 4858 1040 4917 ABPV3
1059 4870 1149 4906 cronos
1166 4857 1203 4913 c;
1222 4856 1387 4907 orosseeE-
1406 4857 1431 4906 6.
1448 4856 1641 4910 etronoetl-
1657 4861 1741 4911 &ce-

408 4940 473 4984 tatee
489 4936 550 4996 (etet
567 4935 592 4982 in
610 4933 741 4993 rasuralB
757 4959 783 4967 -
804 4933 843 4981 lo.
862 4933 1030 4995 luppiterBC
1045 4957 1073 4970 -
1093 4934 1133 4982 ll.
1149 4937 1224 4994 poter
1239 4944 1312 4993 quen
1328 4930 1407 4981 Clil’
1424 4933 1452 4982 et
1467 4933 1609 4996 margot:
1623 4940 1740 4997 perten-

408 5022 456 5072 qee
473 5011 511 5066 a;
533 5013 607 5071 poter
622 5021 689 5070 quoe
706 5007 756 5057 BV
774 5008 895 5069 (utraque
914 5020 964 5057 vox
982 5009 1009 5059 in
1025 5008 1048 5058 V
1066 5020 1142 5058 erasa
1160 5009 1215 5067 est,
1240 5007 1266 5056 in
1284 5006 1303 5055 B
1325 5007 1395 5057 inter
1411 5020 1430 5055 ο
1446 5008 1474 5056 et
1489 5012 1500 5057 t
1516 5006 1602 5058 littera
1618 5022 1694 5061 erese
1712 5013 1741 5061 et

407 5097 440 5134 oe
457 5086 482 5134 in
499 5082 515 5133 t
534 5083 613 5143 corr.)
640 5108 668 5118 -
693 5082 838 5131 adiuuante
861 5083 961 5146 (priore
979 5084 996 5133 tt
1012 5083 1101 5144 erasa)
1120 5083 1139 5132 e
1161 5108 1195 5118 -
1219 5082 1259 5132 tt.
1278 5082 1411 5142 &nomque
1430 5081 1467 5141 133
1493 5083 1690 5148 metemus?
1708 5112 1737 5124 -

408 5161 449 5210 tt.
468 5171 606 5208 mecoenas
622 5170 756 5221 superscr.
775 5171 878 5220 maeque
894 5158 917 5207 V
935 5184 963 5195 -—
982 5158 1060 5208 idest
1076 5156 1137 5208 ead.
1156 5169 1193 5207 m.
1212 5168 1347 5221 superscr.
1366 5157 1392 5206 in
1409 5156 1446 5215 B;
1465 5169 1519 5207 om.
1536 5159 1555 5209 C
1575 5185 1602 5196 -
1621 5161 1663 5211 tt.
1680 5160 1741 5211 seo-

406 5235 466 5284 lime
482 5231 505 5285 ii
523 5234 640 5295 (septime
658 5234 686 5291 Β,
704 5234 826 5295 snpplime
843 5235 870 5294 P)
886 5234 915 5283 0.
942 5232 1008 5283 Vide
1027 5232 1042 5296 3
1059 5233 1084 5284 l.
1106 5259 1133 5270 -
1156 5232 1196 5281 49.
1214 5231 1316 5293 plantet
1331 5243 1408 5292 quom
1423 5231 1460 5282 B:
1480 5232 1581 5295 plantes
1597 5247 1670 5297 pasees
1686 5236 1739 5287 AV

408 5312 444 5371 (ln
462 5311 483 5356 v
501 5310 548 5359 titt.
567 5323 601 5360 m.
621 5309 777 5371 expunctn);
802 5308 953 5370 plantaeque
973 5309 1010 5367 E;
1037 5308 1182 5370 Pteeleeqae
1204 5308 1223 5356 C
1249 5331 1275 5342 -
1303 5306 1345 5356 20.
1363 5306 1428 5356 lecet
1450 5318 1520 5357 corr.
1539 5321 1572 5358 er
1593 5308 1649 5360 licet
1666 5308 1689 5358 V
1708 5334 1736 5347 -

406 5386 449 5435 ἢ.
466 5386 525 5433 tone
540 5381 649 5446 lutpente
664 5388 688 5432 et
704 5387 806 5433 tonante
822 5385 857 5438 B:
877 5384 960 5433 ionem
975 5384 1109 5447 scalpentem
1125 5388 1251 5435 tonantem
1268 5387 1286 5435 P
1305 5408 1332 5420 -
1351 5384 1393 5434 23.
1411 5385 1480 5435 coeto
1496 5386 1530 5435 B:
1549 5386 1601 5436 celo
1616 5398 1685 5436 corr.
1699 5398 1736 5437 m.

407 5474 465 5515 sec.
484 5473 516 5508 er
536 5459 599 5507 meto
621 5462 656 5517 Ας
682 5459 746 5507 meto
763 5459 871 5509 CEPV
891 5484 917 5495 -
944 5460 1052 5522 lutpeete
1070 5464 1172 5510 mente
1188 5460 1225 5509 E:
1252 5460 1378 5523 mentae
1397 5465 1515 5512 moestae
1531 5464 1566 5520 Α;
1590 5461 1740 5524 sotpenteet

407 5541 509 5586 meets
525 5534 633 5584 BCPV
652 5560 679 5569 -
702 5535 843 5597 euripptdee
858 5535 941 5585 ACV
964 5561 991 5570 -
1018 5533 1059 5584 tl.
1078 5534 1186 5584 beentur
1202 5533 1298 5586 seclusi
1321 5548 1383 5585 eum
1402 5536 1507 5587 Davleio
1528 5538 1556 5587 et
1573 5535 1736 5588 Heindorflo.

411 5638 439 5648 —
457 5612 499 5660 tt.
518 5615 601 5659 tenero
618 5614 712 5659 terrem
730 5611 749 5659 0
770 5636 797 5646 -
815 5611 983 5660 circumuectae
999 5610 1019 5660 Ε
1038 5634 1064 5647 -
1084 5610 1126 5659 27.
1142 5609 1251 5672 pertoeto
1268 5611 1411 5674 (superscr.
1423 5610 1446 5673 t)
1459 5614 1481 5661 Α
1495 5636 1522 5647 -
1540 5610 1581 5661 28.
1593 5611 1739 5676 telmessi

409 5712 446 5724 -·
457 5686 613 5735 nmrslsotone
631 5686 663 5748 (v.
677 5685 717 5745 ³2]
737 5684 839 5735 Probus
855 5683 941 5736 schol.
961 5686 987 5735 in
1004 5684 1101 5748 Vergll.
1120 5683 1210 5734 Bucol.
1229 5698 1255 5749 p.
1270 5685 1301 5734 li
1319 5685 1362 5735 ed.
1375 5683 1439 5734 llell.
1460 5710 1487 5720 -
1506 5683 1737 5737 recenserent:

410 5760 461 5812 EV
480 5765 507 5811 et
523 5760 642 5812 Probus:
661 5761 755 5808 contem
771 5761 813 5809 ΑΟ
839 5786 866 5795 -
891 5762 932 5811 30.
950 5762 973 5810 es'
990 5760 1108 5811 Probus:
1132 5757 1194 5810 etet
1214 5785 1242 5796 -
1260 5763 1296 5809 eet
1312 5760 1379 5809 ceste
1394 5763 1418 5809 et
1434 5757 1546 5809 Probus.
1563 5784 1591 5795 -
1610 5758 1740 5823 elimino-

410 5843 502 5886 essrunt
513 5836 545 5894 1³3
564 5836 734 5897 effemtoorent
746 5837 765 5884 P
785 5862 811 5872 -
830 5834 871 5886 3⁴.
884 5839 920 5885 eet
930 5848 984 5886 om.
1000 5836 1019 5886 C
1033 5860 1061 5873 -
1074 5835 1112 5896 eo]
1129 5835 1172 5883 s'tto
1184 5833 1296 5885 Probus.
1310 5859 1337 5870 -
1351 5832 1439 5885 ltalim
1450 5832 1559 5894 mouisse,
1576 5838 1600 5884 st
1609 5834 1737 5896 lmese,

412 5911 461 5961 etsi
473 5915 558 5961 mom
575 5910 626 5961 hoc
644 5909 719 5960 colon
733 5909 782 5959 Sed
797 5910 914 5959 lunonem
925 5935 962 5948 ·-
972 5911 1131 5960 meeum
1147 5910 1289 5962 insiticium
1306 5911 1356 5961 est.
1376 5934 1404 5947 -
1422 5908 1464 5961 on.
1482 5908 1611 5960 mdo
1627 5920 1698 5961 oorr.
1710 5909 1738 5961 lu

412 5986 558 6036 masto
574 5989 609 6046 lt;
627 5986 774 6037 monendo
792 5997 861 6036 corr.
878 5985 1067 6037 mot-saeclo
1083 5985 1113 6037 B.
