4342 7459
704 1263 772 1326 ns.
795 1263 835 1326 n.
864 1260 938 1327 ce».
959 1263 1181 1327 xvv-nvn.
1207 1260 1253 1346 §a
1273 1258 1417 1327 ss-se.
1672 1264 1735 1331 sss

407 1426 630 1496 mutationem,
659 1429 694 1487 nt
720 1430 775 1486 aut
802 1423 885 1486 obsit
913 1420 1034 1506 aliquid
1067 1430 1123 1486 aut
1151 1425 1310 1507 supersit3
1343 1424 1474 1490 deorum
1500 1428 1586 1490 enim
1613 1429 1736 1492 numini

408 1534 520 1604 parere
543 1518 661 1581 omnia.
708 1514 761 1580 36.
788 1518 876 1580 llaec
898 1518 977 1592 iam,
1006 1518 1082 1592 mihi
1106 1519 1216 1592 crede,
1245 1538 1285 1581 ne
1307 1520 1450 1585 aniculae
1473 1522 1603 1605 quidem
1626 1523 1737 1586 existi-

408 1621 505 1679 mant.
546 1617 594 1675 An
617 1632 746 1684 censes,
769 1612 905 1675 eundem
928 1608 1060 1675 vitulum
1082 1613 1110 1675 si
1133 1612 1215 1676 alius
1237 1611 1406 1696 delegerit,
1432 1614 1503 1679 sine
1525 1617 1628 1698 capite
1648 1617 1737 1679 iecur

407 1710 625 1779 inventurum,
655 1707 682 1769 si
709 1706 810 1779 alius,
839 1725 911 1767 cum
934 1706 1061 1788 capitet
1093 1705 1172 1769 haec
1200 1703 1345 1770 decessio
1376 1709 1488 1790 capitis
1515 1717 1569 1773 aut
1597 1710 1736 1774 accessio

408 1802 554 1866 subitone
576 1798 643 1864 lieri
665 1807 781 1882 potest,
803 1807 839 1862 ut
861 1820 895 1862 se
918 1809 992 1862 enta
1014 1800 1052 1863 ad
1077 1801 1283 1865 immolatoris
1299 1799 1456 1866 fortunam
1475 1802 1757 1866 accommodantia

407 1916 472 1959 non
501 1895 679 1978 perspicitis
708 1893 809 1957 aleam
837 1895 997 1976 quandam
1027 1915 1098 1959 esse
1126 1896 1159 1958 in
1186 1895 1300 1959 hostiis
1330 1896 1522 1978 deligendis,
1552 1899 1737 1980 praesertim

407 2009 479 2054 cum
500 2009 552 2052 res
574 1988 644 2069 ipsa
666 1988 802 2051 doceat?
834 2007 906 2051 cum
937 1989 1021 2051 euim
1052 1987 1243 2052 tristissuma
1270 1997 1344 2052 exta
1372 1989 1441 2052 sine
1469 1992 1572 2072 capite
1599 1990 1738 2065 luerunt,

409 2079 524 2168 quibus
546 2082 627 2144 nihil
650 2082 867 2144 videturesse
890 2081 1010 2155 dirius,
1039 2101 1197 2163 proxuma
1219 2081 1323 2145 hostia
1346 2083 1454 2146 litatur
1476 2103 1569 2167 saepe
1593 2086 1739 2167 pulcher·

408 2178 497 2242 rime.
527 2176 588 2240 Ubi
610 2176 706 2258 igitur
727 2174 800 2237 illae
823 2176 927 2238 minae
950 2176 1153 2257 superiorum
1176 2180 1344 2239 extorum?
1366 2184 1422 2240 aut
1443 2197 1525 2261 quae
1547 2186 1611 2242 tam
1633 2179 1738 2242 subito

407 2273 490 2336 iacta
512 2277 561 2333 est
582 2269 715 2332 deorum
737 2275 825 2331 tanta
847 2269 1003 2353 placatiot
1356 2272 1368 2301 ⁸
1747 2277 1776 2324 to

493 2365 576 2426 xvi.
607 2362 669 2425 Sed
695 2361 800 2425 adfers
826 2363 857 2424 in
884 2364 965 2425 tauri
992 2364 1090 2447 opimi
1117 2365 1200 2427 extis
1225 2365 1410 2428 immolante
1436 2366 1570 2430 Caesare
1598 2386 1738 2429 cernon

408 2458 527 2534 luisse3
551 2458 584 2521 id
608 2457 684 2540 quia
705 2476 768 2519 non
792 2457 934 2539 potuerit
955 2457 1110 2532 accidere,
1133 2467 1168 2520 ut
1190 2458 1259 2521 sine
1275 2459 1372 2522 corde
1388 2460 1524 2523 victuma
1539 2460 1594 2524 illa
1609 2462 1739 2535 viveret,

409 2551 613 2617 iudicandum
642 2571 711 2613 esse
739 2559 805 2613 tum
833 2552 980 2613 interisse
1009 2571 1082 2625 cor,
1114 2573 1184 2614 cum
1214 2552 1441 2616 immolaretur.
1483 2551 1537 2616 37.
1563 2555 1626 2630 Qui
1649 2552 1683 2617 fir
1704 2563 1741 2618 ut

409 2647 543 2711 alterum
566 2644 731 2727 intellegas
759 2645 828 2708 sine
855 2644 952 2707 corde
977 2664 1042 2707 non
1069 2648 1208 2729 potuisse
1231 2645 1342 2708 bovem
1367 2648 1489 2722 vivere,
1518 2649 1652 2712 alterum
1675 2669 1740 2713 non

409 2740 516 2803 videas
542 2759 596 2802 cor
623 2741 730 2803 subito
753 2760 817 2803 non
841 2741 981 2823 potuisse
1003 2741 1111 2803 nescio
1136 2760 1199 2823 quo
1221 2739 1369 2803 avolaret
1412 2741 1479 2823 Ego
1501 2743 1585 2805 enim
1609 2755 1777 2825 possumis

410 2834 458 2897 vel
490 2835 614 2897 nescire
643 2854 726 2918 quae
754 2834 802 2897 vis
825 2835 866 2897 sit
887 2835 993 2897 cordis
1016 2834 1055 2896 ad
1079 2833 1264 2907 vivendum,
1296 2834 1345 2895 vcl
1368 2835 1521 2918 suspicari
1544 2843 1740 2900 contractum

409 2929 518 3012 aliquo
545 2928 656 2991 morbo
684 2927 774 2991 bovis
797 2928 880 2990 erile
904 2936 936 2990 et
958 2927 1109 3009 exiguum
1132 2934 1164 2990 et
1186 2927 1302 2990 vietum
1325 2948 1380 2991 cor
1402 2936 1434 2991 et
1455 2927 1610 2992 dissimile
1633 2928 1740 2992 cordis

408 3022 519 3085 luisse.
561 3023 610 3085 Tu
633 3041 707 3085 vero
730 3021 807 3105 quid
829 3022 944 3093 habes,
974 3041 1072 3102 quare
1095 3030 1203 3103 putes,
1232 3020 1259 3083 si
1288 3021 1381 3105 paulo
1407 3031 1480 3085 ante
1508 3044 1564 3086 cor
1588 3021 1740 3087 fueritin

409 3124 499 3179 tauro
522 3116 649 3198 opimo,
680 3115 785 3178 subito
813 3115 845 3177 id
867 3117 900 3177 iu
925 3116 994 3196 ipsa
1017 3115 1235 3179 immolatione
1262 3115 1431 3179 interisset
1464 3135 1504 3179 an
1533 3117 1620 3201 quod
1646 3135 1739 3197 aspe-

408 3210 494 3273 xerit
520 3210 638 3273 vestitu
667 3230 829 3292 purpureo
858 3209 1027 3273 excordem
1059 3208 1243 3283 Caesarem,
1272 3214 1340 3293 ipse
1369 3208 1465 3273 corde
1496 3211 1638 3293 privatus
1668 3214 1778 3275 esitio

408 3300 523 3367 Urbem
548 3302 780 3387 philosophiae,
804 3304 1010 3377 mihicrede,
1034 3302 1182 3385 proditis,
1205 3302 1280 3366 dum
1304 3303 1431 3367 castella
1455 3303 1644 3379 defenditis3
1667 3324 1740 3368 nam

409 3399 484 3461 dum
514 3398 749 3481 haruspicinam
780 3417 885 3461 veram
913 3417 983 3460 esse
1013 3396 1127 3468 vultis,
1160 3396 1394 3480 physiologiam
1424 3404 1523 3460 totam
1550 3397 1740 3481 pervertitis.

411 3493 512 3575 Caput
542 3500 590 3555 est
620 3492 655 3553 in
683 3492 803 3567 iecore,
833 3512 889 3554 cor
917 3492 949 3555 in
980 3491 1083 3553 extis:
1116 3490 1177 3552 iam
1199 3490 1364 3564 abscedet,
1394 3491 1488 3554 simul
1512 3510 1549 3555 ac
1571 3491 1685 3555 molem
1708 3499 1742 3557 et

411 3588 517 3649 vinum
540 3586 740 3668 insperseris,
764 3587 842 3651 deus
864 3587 896 3649 id
919 3586 1042 3668 eripiet,
1065 3583 1112 3646 vis
1135 3583 1245 3667 aliqua
1266 3580 1412 3647 conficiet
1432 3593 1489 3648 aut
1511 3585 1637 3649 caedet.
1671 3589 1740 3649 Nou

410 3700 486 3762 ergo
517 3681 658 3743 omniurn
688 3681 834 3745 interitus
863 3688 961 3763 atque
989 3679 1095 3742 obitus
1124 3687 1238 3740 natura
1265 3675 1429 3753 conficiet,
1458 3687 1490 3742 et
1519 3680 1580 3742 erit
1609 3678 1779 3763 aliquidue

412 3774 498 3859 quod
527 3781 582 3838 aut
609 3794 650 3836 ex
678 3773 778 3837 nihilo
807 3775 928 3837 oriatur
954 3781 1008 3836 aut
1034 3772 1068 3833 in
1098 3769 1230 3833 nihilum
1258 3771 1363 3834 subito
1392 3772 1524 3835 occidat.
1577 3772 1658 3849 Quis
1679 3773 1742 3838 hoc

409 3867 559 3952 physicus
588 3868 668 3931 dixit
695 3871 873 3952 umquam?
905 3866 1089 3950 haruspices
1116 3863 1244 3928 dicuntt
1277 3865 1328 3928 his
1353 3866 1450 3947 igitur
1477 3887 1572 3950 quam
1602 3867 1742 3953 physicis

411 3961 603 4025 credendum
627 3963 734 4044 potius
756 3963 954 4025 existumas?

496 4056 594 4117 xvii.
616 4052 668 4119 38.
692 4056 801 4131 Quidt
830 4076 900 4118 cum
924 4054 1064 4139 pluribus
1088 4052 1156 4116 deis
1178 4052 1372 4127 immolatur,
1396 4054 1450 4137 qui
1473 4054 1601 4118 tandem
1624 4056 1742 4131 evenit,

410 4156 447 4212 ut
469 4148 577 4211 litetur
598 4150 688 4223 aliis,
719 4151 791 4213 aliis
814 4170 877 4213 non
906 4149 1035 4212 litetur?
1066 4167 1149 4231 quae
1170 4156 1276 4209 autem
1299 4146 1508 4212 inconstantia
1530 4149 1659 4212 deorum
1682 4156 1781 4222 estse

410 4252 444 4307 ut
468 4244 578 4325 primis
602 4245 762 4306 minentur
785 4245 875 4316 extis,
898 4244 979 4305 bene
1002 4242 1185 4324 promittant
1207 4240 1377 4303 secundis?
1399 4249 1454 4303 aut
1475 4246 1561 4305 tanta
1584 4243 1742 4306 intereos

412 4337 569 4400 dissensio
592 4357 686 4421 saepe
708 4340 801 4401 etiam
825 4340 906 4401 inter
920 4355 1105 4420 proxumos,
1122 4342 1157 4395 ut
1171 4334 1328 4415 Apollinis
1344 4342 1416 4397 exta
1432 4335 1514 4398 bona
1529 4338 1605 4409 sint,
1623 4336 1743 4398 Dianae

411 4452 474 4494 non
497 4432 601 4494 bona?
631 4429 706 4515 quid
736 4440 784 4493 est
811 4440 872 4493 tam
901 4430 1104 4514 perspicuum
1132 4447 1228 4511 quam
1251 4448 1323 4490 cum
1344 4426 1476 4492 fortuito
1498 4428 1622 4492 hostiae
1644 4428 1744 4493 addu-

412 4535 531 4601 cantur,
554 4527 631 4589 talia
654 4527 769 4609 cuique
793 4534 864 4589 ena
888 4545 973 4599 esse,
997 4523 1099 4607 qualis
1122 4522 1238 4605 cuique
1261 4523 1412 4604 optigerit
1432 4521 1558 4585 hostia?
1602 4526 1642 4587 At
1659 4523 1743 4586 euim

412 4619 445 4681 id
468 4622 572 4701 ipsum
595 4619 691 4682 habet
713 4620 833 4703 aliquid
857 4620 966 4693 divini,
989 4637 1070 4701 quae
1094 4616 1209 4698 cuique
1231 4614 1333 4677 hostia
1358 4616 1509 4698 obtingat,
1533 4625 1692 4701 tamquam
1710 4619 1782 4680 inse

412 4713 566 4790 sortibus,
593 4733 676 4796 quae
704 4716 754 4777 cui
781 4714 923 4776 ducatur.
972 4715 1048 4774 ldox
1075 4711 1115 4773 de
1142 4707 1303 4784 sortibus3
1340 4730 1532 4793 quamquam
1556 4719 1588 4774 tu
1613 4712 1743 4795 quidem

412 4827 477 4870 non
499 4807 671 4871 hostiarum
694 4828 802 4871 casum
825 4804 990 4871 confirmas
1012 4806 1145 4868 sortium
1168 4804 1387 4878 similitudine,
1409 4804 1465 4869 sed
1489 4801 1627 4869 infirmas
1649 4808 1744 4869 sortis

477 5081 502 5129 t.
521 5077 757 5139 hoeciam1tetiam
776 5076 796 5125 H
816 5101 842 5112 -
862 5074 887 5126 3.
906 5077 973 5124 iecor
989 5076 1059 5125 13¹-
1079 5073 1103 5125 l.
1122 5075 1250 5125 inventum
1267 5075 1300 5124 iri
1318 5076 1414 5125 Davisii
1432 5088 1506 5140 susp.
1527 5102 1555 5113 —
1574 5077 1667 5125 acessta
1683 5079 1742 5126 A·-

412 5158 436 5207 s.
455 5154 615 5204 accomodaret
631 5152 675 5202 ΑΗ
690 5177 715 5187 -
737 5152 760 5200 6.
775 5153 876 5201 adeam
894 5151 914 5199 Η
936 5177 961 5187 -
981 5152 1094 5212 escuem
1111 5147 1141 5199 Αι
1156 5178 1182 5187 -
1202 5152 1334 5214 dilipeedis
1350 5151 1391 5201 AB
1411 5177 1437 5188 -
1458 5151 1482 5200 t.
1501 5152 1653 5200 tristissuma
1670 5151 1745 5202 uncis

412 5228 517 5282 inclusit
534 5229 713 5290 ilottingerus,
730 5228 829 5288 primae
845 5227 963 5275 victimae
981 5226 1126 5288 Madvigius
1142 5253 1167 5263 -
1186 5227 1280 5288 {uelut
1292 5228 1320 5287 u,
1339 5226 1387 5276 sed
1401 5228 1519 5276 extrema
1533 5239 1595 5290 pars
1607 5227 1632 5274 in
1646 5238 1698 5275 ras.
1714 5251 1742 5262 -

413 5308 437 5357 8.
450 5307 530 5355 dirius
547 5302 638 5364 vulgo:
659 5301 817 5350 duriusc-
837 5300 861 5350 9.
875 5301 981 5350 miuall
1002 5328 1027 5338 -
1049 5302 1089 5352 tt.
1109 5302 1235 5366 intellipas
1251 5303 1322 5352 ABO
1342 5328 1368 5338 -
1396 5302 1435 5351 46.
1453 5308 1610 5351 contractum
1628 5301 1664 5351 C:
1684 5314 1746 5349 coe·

413 5388 507 5431 tactam
524 5380 664 5428 hlarsuso
688 5403 714 5413 -
743 5377 782 5427 ru.
802 5376 870 5441 qaid]
888 5378 932 5439 qui
949 5379 997 5427 Ait
1018 5402 1045 5414 -
1072 5378 1111 5428 ⁴9.
1131 5377 1256 5441 aspeaertt
1274 5378 1307 5425 C:
1332 5378 1433 5438 aspecit
1448 5377 1551 5426 biarsus
1568 5377 1606 5434 0;
1634 5374 1745 5426 modum

414 5457 613 5507 coniunctivurn
631 5455 664 5502 ita
683 5451 800 5517 explico,
818 5455 848 5502 ut
865 5454 1023 5503 Ciceronem
1042 5466 1103 5502 curn
1121 5454 1203 5515 ipsam
1219 5452 1293 5501 corde
1310 5453 1443 5515 privatum
1460 5463 1510 5499 esse
1528 5455 1605 5511 paras
1626 5448 1745 5499 scribere

413 5530 534 5588 voluerit,
554 5529 779 5579 constructionem
798 5531 915 5578 mutasse
933 5529 1021 5578 dicem
1041 5554 1067 5563 -
1088 5528 1309 5590 superserere
1330 5553 1355 5562 -
1381 5527 1422 5575 tt.
1441 5526 1531 5575 rotella
1549 5525 1572 5574 Η
1590 5550 1616 5560 -
1634 5524 1675 5574 Ξ3.
1689 5523 1747 5573 eei-

414 5608 446 5657 tis
462 5602 491 5656 Α1
509 5632 541 5642 -
564 5605 604 5655 it.
625 5604 761 5665 asperseris
777 5606 811 5664 A,
834 5603 882 5653 scd
900 5618 929 5653 as
946 5605 971 5655 in
991 5617 1043 5654 res.
1064 5617 1100 5654 m.
1119 5617 1175 5654 sec.
1197 5629 1222 5637 -
1248 5602 1386 5652 mcedetA
1410 5626 1437 5636 -
1461 5600 1503 5649 25.
1522 5599 1602 5648 abtas
1619 5598 1653 5647 C:
1675 5602 1747 5647 artur

414 5681 511 5733 Davisii
528 5681 596 5729 coni.
615 5680 649 5736 0,
668 5692 748 5743 quam
768 5693 800 5729 ne
820 5678 933 5742 probem
951 5681 976 5728 vi
994 5680 1069 5730 verbi
1088 5676 1243 5729 conflcleudi
1261 5676 1406 5741 prohibeor
1426 5702 1449 5712 —
1476 5675 1517 5724 is.
1534 5676 1665 5723 acutiores
1681 5672 1701 5722 0
1716 5699 1743 5710 -

414 5756 455 5806 aa.
474 5758 525 5804 deis
543 5757 577 5815 C,
596 5756 645 5805 sed
664 5757 689 5805 in
708 5759 728 5805 A
747 5756 772 5805 in
791 5769 857 5804 raa:
876 5757 924 5805 diis
941 5757 961 5805 0
981 5783 1008 5792 -
1031 5755 1072 5805 30.
1091 5770 1141 5805 aaa
1158 5755 1245 5804 literas
1262 5753 1283 5802 Η
1303 5778 1329 5787 -
1349 5752 1390 5801 st.
1407 5751 1505 5812 emmiu
1521 5745 1551 5798 A¹
1571 5773 1597 5783 -
1624 5748 1664 5798 ³2.
1682 5760 1745 5808 pro-

414 5844 505 5881 arenos
522 5835 567 5879 aut
585 5827 614 5879 A¹
634 5857 659 5867 -
685 5830 725 5879 33.
745 5844 821 5893 paam
837 5832 987 5894 contortulis
1003 5835 1025 5884 A
1048 5858 1080 5867 -
1103 5829 1143 5881 dl.
1162 5835 1224 5879 exta
1240 5841 1291 5878 esse
1307 5828 1479 5890 quateretque
1497 5828 1522 5876 in
1541 5837 1623 5888 marg.
1643 5823 1705 5874 heb.
1724 5827 1746 5875 A

418 5932 445 5943 -
459 5912 486 5955 at
497 5909 527 5966 A,
541 5906 590 5956 sed
607 5911 617 5956 t
634 5908 660 5957 in
678 5919 729 5957 ras.
746 5933 772 5943 -
793 5906 833 5959 ³³.
847 5907 873 5957 id
883 5920 943 5971 sup.
956 5904 1001 5957 liu.
1015 5910 1035 5957 A
1049 5932 1076 5942 -
1096 5904 1137 5957 st.
1151 5917 1237 5955 casm
1249 5904 1282 5954 C:
1303 5902 1363 5954 tort.
1377 5914 1481 5953 causam
1495 5926 1521 5938 -
1541 5902 1663 5966 scomma
1674 5903 1705 5951 Αι
1717 5926 1744 5936 -

415 5985 494 6032 soros
509 5983 564 6033 EO.
