4342 7459
714 1248 781 1311 nn.
797 1249 821 1311 r.
852 1246 925 1312 cs».
940 1248 1133 1312 xn-xnr.
1163 1246 1209 1333 ss
1225 1244 1415 1314 rso-ur.
1668 1249 1732 1316 444

406 1428 493 1475 4444
520 1404 655 1471 dicenda
683 1412 766 1469 sunt.
817 1402 888 1469 444.
918 1407 1003 1471 Talis
1032 1416 1081 1471 est
1107 1409 1205 1491 igitur
1233 1409 1312 1474 ordo
1337 1409 1500 1474 actionum
1521 1412 1731 1488 adhibendus,

408 1513 457 1578 ut,
485 1522 581 1587 quem
602 1499 643 1564 ad
665 1500 794 1564 modum
815 1501 849 1562 in
870 1502 1012 1564 oratione
1035 1505 1210 1577 constanti,
1239 1505 1286 1569 sic
1306 1505 1340 1567 in
1361 1505 1425 1567 rita
1446 1506 1553 1568 omnia
1573 1506 1637 1569 sint
1657 1514 1730 1589 apta

407 1598 489 1661 inter
516 1616 551 1659 se
579 1602 612 1658 44
641 1594 878 1670 convenientia3
908 1600 999 1677 turpe
1030 1597 1114 1658 enim
1142 1596 1300 1681 valdeque
1327 1598 1478 1661 vitiosum
1506 1599 1539 1660 in
1564 1618 1730 1663 reserem

408 1690 555 1755 convivio
576 1689 672 1771 digna
693 1693 750 1752 444
770 1687 944 1752 delicatum
964 1689 1103 1772 aliquem
1124 1692 1244 1755 inlerre
1266 1712 1454 1756 sermonem.
1482 1694 1567 1755 Rene
1582 1691 1730 1766 Pericles,

408 1804 479 1848 cum
500 1783 632 1847 baberet
652 1780 807 1864 collegam
828 1782 863 1845 in
884 1791 1030 1865 praetura
1046 1784 1237 1866 Sophoclem
1259 1795 1386 1869 poetam
1407 1786 1495 1870 iique
1516 1787 1557 1849 de
1571 1787 1753 1850 communis

407 1875 512 1943 officio
533 1878 756 1941 convenissent
777 1883 808 1937 et
829 1895 905 1938 casu
926 1875 1084 1941 formosus
1103 1897 1183 1960 puer
1195 1882 1382 1961 praetepiret
1396 1880 1592 1962 dixissetque
1606 1878 1730 1961 Sopho-

407 1973 472 2035 cles
503 1970 552 2033 «0
576 1991 708 2053 puerum
730 1968 914 2052 pulchrum,
940 1970 1104 2033 Pericleln
1150 1976 1209 2035 «At
1230 1974 1316 2037 enim
1336 1982 1532 2057 praetorem,
1560 1971 1729 2055 Sophocle,

407 2067 499 2130 decet
526 2084 591 2128 non
620 2064 723 2127 solnm
752 2081 865 2126 manus
891 2063 947 2126 sed
970 2065 1064 2127 etiam
1086 2066 1195 2129 oculos
1218 2067 1412 2131 abstinentes
1433 2067 1579 2129 haberem
1625 2067 1729 2154 Atque

406 2162 467 2224 hoc
495 2160 580 2222 idem
602 2157 776 2241 Sophocles
805 2157 831 2220 44
859 2157 892 2219 44
919 2157 1108 2221 athletarum
1131 2160 1317 2242 probatione
1339 2161 1489 2234 dixisset,
1518 2162 1600 2224 iusta
1623 2180 1729 2243 repre·

405 2254 560 2318 honsione
581 2254 744 2315 caruisset.
787 2253 888 2314 Tanta
909 2250 956 2314 sis
978 2260 1027 2315 est
1051 2259 1084 2315 et
1105 2253 1166 2315 loci
1189 2261 1221 2316 et
1242 2256 1404 2337 temporis.
1447 2246 1486 2317 Ut
1508 2252 1535 2316 si
1557 2255 1627 2337 qui,
1656 2275 1727 2318 cusa
1736 2272 1765 2321 44

407 2368 534 2413 4444444
557 2346 598 2410 444
617 2354 762 2418 4444444,
783 2346 818 2407 44
839 2346 952 2408 itinero
973 2355 1028 2409 aut
1049 2348 1081 2410 in
1104 2348 1318 2411 ambulatione
1340 2366 1446 2411 secum
1468 2348 1537 2430 ipse
1560 2345 1730 2412 meditetur

406 2452 460 2506 ant
482 2442 508 2505 44
532 2439 609 2524 quid
637 2439 724 2502 aliud
746 2441 894 2504 attentius
916 2443 1048 2521 cogitet,
1078 2460 1140 2502 uon
1164 2438 1431 2523 reprehendatur,
1460 2441 1574 2505 441444
1594 2441 1679 2504 idem
1701 2443 1729 2505 44

406 2536 441 2598 irs
463 2534 610 2598 convivio
631 2532 744 2606 444444,
773 2534 964 2596 inhumanus
986 2534 1131 2596 videatur
1151 2535 1274 2597 inscitia
1297 2536 1459 2618 temporis.
1502 2531 1574 2598 445.
1596 2536 1658 2599 Sed
1680 2556 1728 2609 ea,

407 2649 488 2713 quae
511 2628 644 2691 multum
664 2628 704 2690 ab
726 2627 922 2690 humanitate
944 2628 1140 2710 discrepant,
1169 2628 1253 2690 4444
1276 2630 1331 2711 qui
1353 2630 1386 2692 iu
1408 2629 1477 2692 ioro
1498 2637 1604 2692 cantet
1624 2638 1679 2691 ant
1700 2629 1726 2692 44

407 2743 471 2807 qua
493 2730 542 2786 est
561 2720 624 2784 4144
645 2740 759 2802 magna
775 2721 979 2803 .persersitas,
1000 2721 1094 2784 444414
1116 2729 1271 2805 apparent
1291 2743 1351 2785 nec
1372 2742 1486 2805 magno
1508 2742 1604 2806 opere
1618 2722 1765 2788 admo-rs

407 2817 562 2880 uitionem
582 2822 615 2878 et
635 2821 802 2898 praecepta
824 2814 1019 2877 desiderant:
1044 2833 1127 2897 quse
1151 2822 1256 2879 autem
1277 2836 1374 2899 parra
1395 2817 1542 2881 ridentur
1563 2837 1633 2881 esse
1647 2818 1728 2882 deli·

407 2918 457 2974 cta
478 2928 585 2993 neque
605 2928 625 2971 a
645 2908 753 2972 multis
774 2908 916 2990 intellegi
938 2917 1082 2991 possunt,
1105 2909 1144 2972 ab
1166 2908 1207 2972 iis
1228 2916 1277 2972 444
1297 2907 1479 2993 diligentius
1494 2910 1727 2975 declinandum.

406 3004 449 3068 114
468 3004 501 3066 44
523 2999 636 3066 fidibus
657 3010 714 3066 444
736 3002 835 3075 tibiis,
858 3004 1001 3085 quamvis
1023 3002 1153 3084 paulum
1175 3003 1365 3086 discrepent,
1387 3011 1491 3067 tamen
1511 3004 1545 3067 id
1566 3024 1587 3067 4
1607 3006 1728 3070 sciente

407 3095 615 3163 animadverti
636 3096 732 3170 solet,
753 3095 800 3159 sic
821 3093 993 3160 ridendum
1014 3104 1063 3159 est
1084 3097 1118 3158 in
1139 3097 1202 3160 rita
1224 3117 1264 3160 ne
1285 3097 1367 3161 forte
1388 3096 1466 3181 qnid
1488 3099 1655 3181 4144444444,
1677 3099 1729 3164 rel

407 3190 507 3257 srnlto
529 3190 624 3254 444444
646 3189 762 3271 mnis,
790 3208 855 3272 quo
876 3189 977 3253 maior
998 3197 1030 3252 et
1050 3187 1164 3252 melior
1184 3191 1344 3254 44444444
1365 3210 1460 3273 qnam
1481 3209 1631 3256 sonorum
1652 3211 1766 3262 con-n

408 3292 519 3350 centus
541 3292 599 3348 est.
643 3284 726 3345 XLl.
748 3277 762 3345 l
769 3278 820 3344 46.
841 3284 967 3366 ltaque,
981 3284 1064 3347 4444
1078 3279 1193 3346 fidibus
1207 3284 1397 3347 musicorum
1415 3304 1508 3348 aures
1529 3284 1579 3348 rel
1601 3287 1729 3349 minima

406 3379 560 3451 44444444,
582 3376 629 3442 444
650 3395 726 3447 nos.
749 3376 776 3440 si
797 3395 887 3439 acrae
908 3396 945 3441 sc
966 3377 1134 3460 diligentes
1156 3375 1426 3441 essevolumus*
1442 3378 1729 3442 animadversores·

407 3492 470 3556 que
492 3470 651 3544 vitiorum,
673 3488 786 3552 magna
807 3489 902 3553 saepe
924 3470 1143 3552 intellegemus
1165 3490 1206 3535 ex
1220 3471 1334 3553 parvis.
1364 3471 1413 3534 Ex
1428 3471 1591 3535 oculorum
1606 3478 1729 3556 optutu,

408 3564 649 3648 superciliorum
678 3570 732 3627 aut
753 3562 938 3627 remissione
964 3571 1019 3628 444
1039 3565 1269 3637 contractione,
1297 3583 1338 3627 ex
1360 3564 1532 3638 maestitia,
1562 3582 1603 3627 ex
1623 3563 1729 3628 hilari·

407 3665 481 3734 4444,
502 3678 543 3722 ex
564 3658 642 3732 risu,
665 3676 706 3720 es
728 3656 900 3730 locutione,
922 3677 963 3721 ex
984 3658 1157 3732 reticentia,
1178 3676 1220 3721 ex
1242 3657 1442 3723 contentione
1463 3658 1561 3733 vocis,
1582 3678 1625 3721 ex
1644 3679 1767 3729 sum-ss

409 3753 574 3825 missione,
602 3771 644 3814 ex
665 3751 778 3814 ceteris
799 3749 955 3814 similibus
976 3750 1067 3815 144414
1090 3748 1315 3825 indicabimus,
1343 3750 1420 3834 quid
1440 3770 1551 3816 eorum
1573 3758 1646 3835 apte
1667 3749 1730 3826 1144,

408 3846 486 3930 quid
512 3845 553 3909 ab
581 3842 685 3907 4414444
707 3852 884 3928 naturaque
906 3845 1071 3927 discrepet.
1116 3844 1188 3920 Quo
1209 3847 1242 3907 in
1264 3863 1380 3927 genere
1400 3863 1465 3908 non
1487 3852 1536 3908 est
1555 3842 1731 3910 incommo-

408 3940 502 4013 dam,
532 3939 625 4023 quale
647 3938 789 4021 quidque
811 3958 920 4002 eorum
941 3938 998 4011 444,
1028 3958 1069 4001 ex
1091 3938 1160 4002 41444
1181 3940 1337 4013 iudicare,
1359 3946 1412 4013 ut,
1432 3935 1460 4002 si
1482 3938 1557 4021 quid
1580 3935 1732 4003 dedeceat

409 4034 442 4095 in
463 4031 537 4107 41144,
561 4033 695 4096 vitemus
717 4032 788 4115 ipsi.
831 4033 881 4095 Fit
902 4033 986 4095 enim
1007 4029 1116 4097 neseio
1139 4051 1204 4114 ouo
1226 4032 1319 4097 modo
1340 4040 1376 4095 44
1395 4032 1496 4112 magis
1516 4029 1549 4093 in
1570 4030 1641 4095 aliis
1663 4052 1731 4096 cer·

407 4146 519 4191 namus
549 4144 644 4210 quam
675 4127 707 4187 in
735 4124 891 4189 nobismet
920 4124 1017 4210 ipsis,
1045 4126 1071 4188 44
1094 4126 1170 4209 quid
1192 4125 1394 4208 delinquitur.
1437 4125 1548 4208 ltaque
1569 4124 1768 4198 facillumum

408 4222 609 4303 corriguntur
629 4218 662 4282 in
686 4218 850 4293 discendo,
873 4238 1006 4302 quorum
1029 4218 1102 4282 vitia
1124 4220 1287 4284 4444444444
1307 4219 1495 4282 emendandi
1517 4237 1610 4280 causa
1633 4218 1731 4299 magi·

407 4312 473 4378 stri.
523 4310 595 4376 447.
628 4316 693 4377 1444
723 4334 799 4377 vero
827 4314 964 4377 alienum
994 4320 1042 4376 est
1071 4312 1114 4375 ad
1143 4329 1183 4376 44
1207 4310 1370 4393 eligenda,
1399 4330 1480 4392 quae
1502 4309 1731 4375 dubitationem

473 4601 677 4665 t.ipiturests
703 4627 736 4638 -
760 4600 1031 4651 2.constarsciasicc
1059 4627 1086 4637 -
1114 4598 1624 4662 optarintstinterseconuenienciao
1651 4623 1676 4635 -
1706 4601 1730 4650 3.

407 4677 516 4739 arnse
536 4677 624 4737 1441444
635 4676 674 4740 sl:
693 4681 767 4739 turpe
782 4681 850 4727 esta
879 4702 906 4713 -
933 4674 957 4725 4.
975 4676 1092 4725 conuiuio
1109 4676 1187 4739 dipsa
1203 4675 1309 4726 Bllsh:
1327 4674 1443 4724 canusio
1459 4674 1606 4737 dipsrmm
1625 4677 1733 4727 convicii

408 4752 621 4814 dictspo-b.
640 4750 874 4813 4444414444-
893 4751 1141 4812 pusionesom.o
1160 4776 1187 4788 -
1205 4746 1359 4813 1444441444,
1376 4750 1459 4812 444444
1475 4762 1490 4799 e
1509 4775 1535 4787 -
1555 4750 1732 4814 deloumdeo

411 4852 437 4862 -
456 4826 658 4875 t.enimom.c
680 4851 707 4862 -
726 4825 1107 4887 usopnoctestociam-
1128 4825 1515 4887 tu.sirssstoctacrenporis
1532 4837 1546 4875 a
1564 4850 1591 4862 -
1611 4826 1732 4889 sipuiso

410 4901 449 4952 44.
468 4898 744 4963 attentiuslactenusa
772 4926 799 4937 -
824 4901 985 4963 hosquidem
1005 4914 1037 4959 s;
1064 4902 1286 4963 4444444ᾰά444
1312 4925 1339 4936 -
1368 4899 1734 4954 rememineritis

409 4974 460 5026 alii.
489 4975 529 5026 Cl.
548 4974 652 5039 iladvig
668 4975 703 5026 ad
721 4977 775 5027 Cic.
788 4974 823 5025 de
835 4976 918 5026 finib.
937 4990 963 5040 p.
975 4976 1015 5027 94.
1036 5002 1062 5012 -
1081 4977 1131 5027 Sed
1146 4982 1203 5026 suos
1219 4990 1250 5027 ea
1267 4988 1281 5026 a
1301 5002 1327 5013 -
1347 4974 1388 5027 44.
1406 4975 1428 5025 si
1444 4976 1530 5037 auisa
1550 4999 1577 5012 ·-
1596 4977 1637 5026 45.
1649 4990 1733 5040 appa-

409 5057 493 5102 ret--
505 5051 666 5100 4444444444)
687 5076 712 5085 -
731 5063 824 5113 mopso
835 5064 909 5113 opus
926 5064 954 5100 o:
973 5064 1125 5115 manuopera
1142 5051 1232 5103 BHsb
1251 5077 1276 5089 -
1297 5050 1473 5101 ammonitione
1489 5055 1512 5100 et
1524 5057 1659 5113 praecepto
1675 5064 1730 5102 e-

410 5127 449 5177 46.
466 5127 585 5189 praesb
613 5152 640 5161 -
669 5126 709 5175 47.
728 5126 850 5177 abhuc
879 5150 906 5163 -
935 5127 1155 5177 dcummadmc
1182 5152 1209 5161 -
1237 5126 1277 5177 48.
1296 5132 1441 5188 automp
1468 5150 1496 5162 -
1519 5125 1730 5186 4444444444-

410 5216 427 5251 4
442 5203 533 5252 sciente
549 5215 606 5249 cum
623 5201 792 5251 animaduerti
809 5214 827 5252 4
844 5226 871 5237 -
891 5202 932 5251 49.
944 5202 1079 5252 uidendum
1096 5212 1123 5249 c:
1142 5201 1278 5251 uiuendum
1294 5201 1384 5251 Bllsh
1403 5227 1430 5239 -
1449 5200 1490 5249 22.
1503 5201 1733 5250 aninmduersores-

408 5289 454 5339 pue
476 5277 510 5325 C:
538 5276 754 5325 animadversores
775 5287 805 5331 a:
831 5280 981 5338 spectatores
997 5274 1261 5336 animadversoresque
1282 5272 1396 5325 Klotsius
1418 5276 1443 5323 in
1460 5275 1613 5332 Prooemio;
1642 5275 1734 5325 iudices

407 5353 468 5400 aute
485 5362 535 5399 esse
552 5350 672 5398 inserunt
688 5349 740 5399 alii.
762 5376 788 5385 ·-
817 5351 858 5400 2³.
875 5364 947 5413 saepe
962 5349 1126 5411 inteilspimus
1142 5349 1176 5408 B;
1194 5349 1357 5412 inteltiperaus
1373 5362 1429 5411 sepe
1445 5359 1460 5397 ο
1478 5372 1505 5382 -
1529 5347 1570 5399 il.
1587 5348 1734 5410 supercilio·

407 5438 465 5474 rum
481 5429 527 5473 aas
542 5424 686 5473 remissione
703 5424 811 5475 Bllsh:
829 5438 863 5474 ec
878 5426 1015 5475 enuntians
1031 5431 1077 5474 ast
1094 5425 1236 5475 remissione
1246 5426 1436 5487 superciliorum
1454 5436 1484 5480 o;
1501 5422 1734 5485 numantiorum

408 5508 452 5552 aut
468 5501 611 5551 rennuere
626 5507 668 5562 po
689 5525 714 5535 -
739 5504 786 5549 aut
800 5505 970 5551 emtractions
986 5513 1069 5551 omo
1088 5525 1114 5536 -
1138 5501 1179 5551 44.
1197 5513 1230 5549 aa
1246 5502 1376 5551 reticentia
1391 5502 1451 5563 post
1467 5498 1634 5548 summissione
1650 5496 1733 5549 babet

410 5590 425 5628 o
444 5603 469 5612 -
489 5590 523 5628 es
539 5577 692 5626 commotione
707 5577 774 5625 uocis
790 5582 813 5626 st
828 5575 1516 5639 enmusiometcerarissimitiosssaoitsiuaicaoimm
1531 5573 1730 5637 Nocturnus.

409 5679 442 5691 ·-
458 5666 492 5702 esc
509 5652 678 5701 mumissiane
695 5651 727 5701 C:
746 5656 770 5700 et
785 5650 943 5701 submissione
960 5662 975 5701 a
996 5677 1019 5687 -
1042 5651 1083 5700 te.
1101 5652 1144 5700 sed
1158 5650 1232 5712 444414
1247 5650 1423 5711 iudicabimus,
1435 5650 1495 5711 quid
1510 5661 1596 5699 aarum
1612 5649 1685 5699 atitsr
1700 5649 1733 5698 ah

410 5729 492 5791 astino
508 5733 651 5789 naturaque
667 5727 786 5787 discrepet
808 5724 1017 5789 acarnanum.
1049 5753 1076 5762 -
1106 5726 1270 5776 tuauobnnus
1292 5740 1360 5777 corr.
1380 5739 1411 5776 44
1428 5725 1568 5773 iudicamus
1588 5734 1603 5772 4
1632 5748 1659 5757 -
1690 5723 1731 5774 ts.

411 5803 524 5854 (44444444
545 5813 601 5852 aa:
628 5802 712 5851 deceat
733 5801 790 5858 llh;
815 5801 1005 5851 nandematb
1036 5827 1062 5838 -
1093 5800 1134 5851 ts.
1152 5801 1244 5851 inillis
1265 5815 1296 5853 a:
1321 5801 1419 5851 initias
1440 5799 1557 5858 Bllbo;
1583 5798 1647 5847 alios
1666 5811 1683 5862 p
1702 5824 1730 5836 -

411 5877 452 5930 341.
470 5877 668 5940 aeibqunnusp
685 5901 712 5912 -
732 5875 773 5926 34.
791 5875 1208 5940 ammanuensium«)
1223 5876 1511 5942 ouorumiusitasiseu
1531 5901 1555 5911 -
1575 5872 1732 5926 mamurii

413 5977 441 5990 -
460 5951 502 6002 34.
519 5953 554 6002 ad
569 5964 600 6003 ea
615 5951 747 6018 diripenda
763 5964 789 6015 p.
