4342 7459
801 1822 845 1914 ll.
872 1822 1049 1916 TULLII
1081 1821 1361 1919 CICERONIS

907 2033 1245 2127 nocuimus

1041 2265 1114 2315 SIVE

625 2443 949 2510 Acunumcoituu
970 2444 1152 2509 unionum
1173 2445 1295 2509 LIBER
1316 2444 1525 2511 SECUNDUS

945 2639 988 2691 Ex
1006 2641 1208 2693 RECENSIONE

854 2801 1061 2863 CABOLI
1090 2803 1303 2864 usnam

909 3171 1095 3233 Norsuuu
1115 3172 1245 3231 luussx.

411 3346 480 3397 V:
497 3345 581 3397 codex
596 3344 811 3399 undobonensie
825 3311 919 3446 ἔξω
937 3351 1016 3416 (apud
1033 3350 1155 3404 Endlicb.
1174 3365 1232 3403 nro.
1250 3350 1294 3402 LV
1310 3363 1337 3416 p.
1355 3350 1388 3401 26
1405 3348 1456 3415 sq.)
1473 3347 1544 3402 sado.
1562 3349 1594 3401 X.
1624 3347 1741 3402 contullt

493 3460 607 3510 Coronos
622 3459 746 3510 Scaeam.
780 3461 810 3511 ln
827 3459 927 3526 aliquot
943 3461 1008 3516 locis
1025 3465 1147 3515 codicem
1163 3466 1260 3515 iterum
1277 3462 1392 3528 inspexit
1408 3463 1481 3514 Gust.
1499 3461 1636 3514 blnksrus.

410 3546 431 3595 A
448 3556 478 3579 =
494 3543 578 3593 codex
595 3545 733 3597 Leidensis
748 3546 893 3599 Vossianus
910 3562 984 3600 num.
1002 3549 1044 3602 st.
1080 3549 1196 3601 Contulit
1211 3553 1342 3601 Amoenus
1359 3549 1522 3601 immissu.

410 3621 477 3671 B=
494 3620 578 3670 codex
595 3619 732 3672 Leidensis
750 3622 894 3674 Vossianus
911 3637 985 3676 num.
1003 3624 1045 3676 86.
1081 3623 1196 3678 Contulit
1211 3625 1345 3677 Burrsuus.

411 3697 430 3747 C
447 3717 478 3740 =
495 3696 600 3748 codices
616 3697 706 3748 ABV.

410 3772 476 3822 E:
493 3772 577 3822 codex
595 3771 763 3836 Erlangansis
779 3773 812 3824 38
829 3775 908 3836 (nunc
925 3787 999 3825 num.
1018 3773 1091 3837 sti),
1110 3787 1192 3838 quem
1208 3775 1259 3840 ipsi
1276 3775 1450 3827 excussimus.

409 3848 431 3897 G
445 3864 476 3889 =
492 3847 578 3899 codex
595 3848 731 3900 Gudianus
747 3848 892 3900 secundus.
927 3847 1044 3900 Contulit
1059 3852 1090 3900 Α.
1109 3849 1271 3901 Fuscxnrsss.

407 3935 423 3971 r
445 3941 475 3966 =
493 3922 571 3973 editio
588 3924 707 3974 Romana
724 3937 749 3974 a,
769 3923 842 3976 llil.

407 4011 425 4044 v
445 4022 476 4047 =
493 3998 572 4048 editio
589 4000 693 4049 Veneta
710 4012 735 4049 a.
754 3999 828 4052 llil.

407 4071 426 4121 b
446 4092 476 4115 =
493 4073 573 4123 editio
589 4071 748 4124 basileensis
765 4086 788 4125 s.
807 4072 998 4125 Cratandriana
1014 4087 1038 4126 a.
1057 4076 1131 4128 tots.

407 4148 428 4197 0
444 4167 475 4192 =
492 4147 571 4198 editio
589 4147 726 4200 Orelliana.

473 4234 661 4297 Discrepentes
683 4231 811 4286 lectiones
834 4233 957 4287 codicum
977 4238 1059 4287 ABV
1082 4238 1197 4301 integras
1216 4237 1243 4287 in
1261 4236 1482 4288 commentarium
1500 4234 1620 4287 criticum
1636 4236 1740 4288 rettuli·

407 4321 481 4368 mus,
500 4309 662 4372 reliquorum
679 4306 801 4360 selectas.
834 4312 863 4360 ln
880 4313 1068 4378 orthographia
1085 4316 1175 4363 aulem
1194 4325 1275 4377 quam
1294 4313 1391 4362 vocant
1412 4312 1596 4363 auctoritatem
1616 4313 1739 4364 codicum

406 4384 489 4434 ARV
514 4384 627 4434 fideliter
651 4386 736 4435 secuti
757 4399 852 4438 sumus
873 4401 960 4451 neque
984 4391 1071 4438 temen
1094 4386 1229 4439 attulimus
1252 4386 1372 4438 diversas
1389 4388 1519 4452 rationes,
1546 4400 1613 4452 quas
1630 4400 1738 4453 quoque

404 4455 465 4508 loco
483 4456 560 4509 Orelli
576 4460 603 4510 in
620 4459 755 4511 vocabulis
772 4462 921 4513 scribendis
941 4461 1079 4527 ampiexus
1097 4465 1147 4513 est.

491 4727 515 4791 l.
538 4721 568 4791 l.
591 4728 740 4810 Magnum
761 4726 925 4810 ingenium
947 4727 1025 4791 Luci
1048 4727 1172 4791 Luculli
1190 4746 1403 4811 magnumque
1419 4727 1608 4810 optimarum
1622 4728 1737 4792 artium

406 4823 563 4898 studium,
592 4831 659 4885 tum
689 4821 791 4885 omnis
823 4821 962 4885 liberalis
991 4830 1023 4886 et
1054 4821 1150 4905 digna
1176 4821 1305 4885 bomine
1332 4821 1432 4884 nobili
1462 4821 1562 4884 abeo
1587 4828 1737 4904 percepta

406 4919 564 4993 doctrina,
593 4917 709 5001 quibus
731 4917 927 5000 temporibus
949 4918 1062 4980 florere
1084 4917 1118 4979 in
1138 4915 1207 4979 foro
1230 4934 1376 4979 maxume
1399 4916 1516 4999 potuit,
1546 4915 1647 4979 caruit
1669 4933 1736 4977 om-

405 5015 482 5077 nino
505 5013 599 5075 rebus
620 5012 761 5075 urbanis.
794 5012 835 5074 Ut
856 5011 941 5074 enim
963 5011 1133 5075 admodum
1155 5010 1341 5074 adulescens
1364 5008 1552 5074 cumfratre
1576 5007 1645 5091 pari
1668 5007 1736 5090 pie·

336 5180 340 5189 ¹
405 5115 469 5170 tate
493 5114 525 5170 et
546 5106 703 5171 industria
724 5106 867 5189 praedito
890 5113 1037 5188 paternas
1058 5104 1240 5168 inimicitias
1260 5125 1458 5188 magnacum
1481 5105 1643 5187 gloriaest
1664 5111 1759 5184 per-⁶

405 5210 548 5277 secutus,
577 5202 610 5264 in
636 5202 744 5264 Asiam
772 5208 921 5285 quaestor
951 5199 1128 5284 proiectus,
1155 5199 1198 5261 ibi
1221 5199 1415 5282 permultos
1437 5218 1537 5262 annos
1559 5194 1737 5260 admirabili

405 5295 541 5379 quadam
563 5295 657 5358 laude
678 5296 859 5380 provinciae
882 5293 1034 5377 praefuit3
1057 5291 1174 5355 deinde
1196 5293 1310 5356 absens
1325 5292 1424 5356 iactus
1440 5292 1562 5368 aedilis,
1585 5290 1734 5354 continuo

403 5398 529 5471 praetor
543 5422 586 5437 —
600 5390 716 5453 licebat
738 5390 823 5454 enim
846 5389 981 5452 celerius
1003 5388 1083 5470 legis
1105 5388 1247 5470 praemio
1262 5421 1320 5462 —,
1341 5393 1414 5470 post
1435 5386 1469 5448 in
1483 5384 1638 5458 Africam,
1660 5379 1735 5443 inde

404 5482 445 5545 ad
467 5486 683 5561 consulatum
706 5505 801 5569 quem
823 5485 866 5548 ita
888 5484 1001 5567 gessit,
1023 5490 1060 5546 ut
1081 5481 1279 5564 diligentiam
1298 5480 1531 5544 admirarentur
1545 5495 1666 5550 omnes,
1687 5475 1736 5537 in-

470 5792 494 5841 l.
513 5789 542 5842 L.
559 5790 611 5842 VO
629 5811 657 5827 -—
683 5789 708 5842 Ξ.
724 5791 873 5853 ροναεοορω
889 5787 925 5848 Vi
943 5790 1016 5850 cepto
1031 5782 1061 5837 Β1
1080 5809 1108 5821 -·
1136 5785 1160 5836 3.
1179 5782 1272 5834 claruit
1287 5781 1319 5832 Αι
1337 5804 1366 5819 -
1385 5778 1410 5832 l.
1428 5779 1533 5831 urbanis
1549 5775 1599 5828 Vl:
1621 5775 1738 5829 nomana

404 5863 496 5915 ARV*
515 5891 543 5902 -
560 5871 589 5918 ut
604 5868 670 5918 mun
685 5864 790 5916 wboots
805 5864 939 5914 amodum
955 5865 977 5912 A
994 5886 1023 5897 -
1043 5861 1067 5910 6.
1084 5859 1210 5922 profectos
1223 5854 1255 5911 Α*
1273 5884 1301 5896 ——
1322 5857 1357 5909 ibi
1370 5857 1507 5922 pomum
1523 5856 1543 5907 0
1562 5865 1624 5906 cum
1641 5849 1735 5903 bamb.

405 5967 433 5976 -
453 5941 476 5991 l.
493 5942 638 6004 modulos
653 5944 676 5995 A
694 5966 722 5980 -
738 5940 851 6006 praestit
866 5939 900 6003 B,
919 5936 969 5989 sed
984 5935 1063 6001 aemil
1078 5935 1107 5986 in
1124 5947 1176 5988 ras.

445 6033 535 6083 nmo
553 6033 632 6090 aar.
1507 6022 1522 6089 a
