4342 7459
437 1266 501 1333 23⁰
767 1271 1093 1339 wscuiartnauu
1114 1273 1447 1340 Dlsritrarioritin

439 1433 515 1497 mibi
544 1453 602 1518 per
629 1439 661 1497 te
690 1435 737 1499 uti
765 1434 897 1499 licebit?
933 1436 1004 1499 Non
1026 1434 1111 1498 valet
1139 1439 1260 1498 tantum
1283 1433 1425 1511 animus,
1454 1442 1489 1500 nt
1510 1457 1545 1501 se
1567 1437 1637 1523 ipse
1658 1438 1780 1504 videsis

439 1536 473 1591 at
500 1536 535 1591 ut
562 1528 691 1605 oculus,
718 1529 766 1593 sic
794 1530 917 1594 animus
945 1550 981 1594 se
1008 1549 1073 1594 non
1096 1528 1209 1593 videns
1231 1529 1293 1593 alia
1315 1531 1426 1593 cernit.
1459 1531 1532 1594 Non
1552 1531 1643 1596 ridet
1662 1539 1780 1609 autem,

439 1623 526 1706 qnod
548 1623 714 1689 minimum
736 1631 799 1700 est,
820 1624 955 1690 sormam
978 1644 1068 1689 suam
1083 1642 1333 1708 -quamquam
1355 1621 1492 1687 tortasse
1506 1624 1538 1687 id
1555 1645 1702 1709 quoqne,
1723 1624 1779 1690 sed

438 1716 657 1801 relinquamus
673 1741 732 1782 -ε
754 1719 817 1782 rim
839 1728 943 1794 certe,
966 1719 1184 1802 sagacitatem,
1207 1718 1409 1791 memoriam,
1430 1725 1561 1793 motum,
1584 1716 1780 1785 celeritatem

415 1810 536 1876 svidet.
565 1813 653 1876 llaec
675 1832 803 1897 magna,
823 1814 904 1879 haec
926 1813 1048 1888 divina,
1073 1812 1153 1876 haec
1175 1813 1368 1895 sempiterna
1390 1819 1474 1875 sunt.
1511 1812 1583 1888 Qua
1603 1810 1687 1877 facie
1708 1813 1780 1898 qni-

440 1904 512 1969 dem
535 1906 577 1970 sit
596 1914 652 1970 aut
673 1905 728 1972 nbi
750 1908 872 1972 habitet
892 1927 933 1971 ne
955 1908 1174 1992 quaerendum
1197 1904 1327 1989 quidem
1350 1912 1409 1967 est.

523 2000 669 2070 xxv111.
691 2000 743 2066 68.
772 2002 813 2067 llt
841 2022 914 2067 cum
936 2000 1080 2065 videmus
1108 2000 1248 2084 speciem
1270 1998 1410 2083 primum
1430 1999 1666 2083 candoremque
1689 1999 1780 2077 caeli,

439 2092 513 2156 dein
541 2094 760 2160 conversionis
790 2095 984 2161 celeritatem
1015 2102 1148 2169 tantmn,
1176 2100 1327 2177 quantam
1349 2092 1489 2175 cogitare
1509 2113 1576 2156 non
1598 2111 1780 2177 mssnmns,

439 2193 506 2251 tum
528 2185 762 2253 vicissitudines
784 2188 909 2254 dierum
930 2209 969 2253 ac
988 2188 1129 2253 noctium
1153 2186 1480 2269 commutationesque
1503 2194 1685 2269 temporum
1700 2208 1782 2272 qua·

402 2279 633 2363 rodrupertitas
654 2280 694 2343 ad
717 2282 929 2345 maturitatem
951 2280 1078 2365 frugum
1101 2288 1133 2344 et
1154 2281 1195 2344 ad
1214 2282 1479 2363 temperationem
1494 2301 1663 2366 corporum
1678 2289 1781 2367 eptas,

440 2392 618 2458 eorumque
646 2375 786 2439 omnium
815 2377 1049 2440 moderatorem
1070 2383 1102 2439 et
1123 2374 1236 2439 ducein
1258 2375 1375 2450 solem,
1402 2375 1575 2459 lunamque
1597 2376 1781 2440 accretione

439 2474 472 2532 et
500 2466 718 2532 deminutione
747 2469 875 2534 luminis
905 2471 997 2554 quasi
1026 2469 1180 2534 fastorum
1208 2478 1370 2533 nountem
1393 2478 1426 2532 et
1448 2467 1678 2553 significantem
1700 2469 1781 2546 dies,

439 2572 505 2628 tum
528 2562 561 2624 in
588 2562 701 2626 eodem
724 2565 801 2628 orhe
823 2565 856 2627 in
878 2564 1046 2629 duodecim
1069 2571 1176 2647 partes
1199 2564 1367 2627 distributo
1392 2563 1538 2647 quinque
1559 2562 1669 2627 stellas
1690 2562 1780 2641 terri,

439 2656 569 2722 eosdem
600 2676 712 2721 cursus
744 2658 999 2722 constantissime
1027 2659 1198 2732 servantis,
1233 2656 1410 2741 disparibus
1449 2657 1532 2719 inter
1562 2678 1597 2721 se
1631 2659 1780 2733 motibus,

402 2758 693 2834 ronocturnamqne
725 2752 805 2816 caeli
837 2751 972 2816 formam
998 2751 1143 2835 undiquc
1174 2751 1331 2815 sideribus
1358 2758 1519 2824 ornatam,
1551 2760 1619 2815 tum
1649 2750 1781 2835 globum

440 2856 543 2912 terrae
565 2846 757 2909 eminentem
780 2846 915 2920 amari,
941 2845 1040 2909 fixum
1064 2846 1098 2908 in
1120 2845 1226 2908 medio
1250 2844 1360 2908 mundi
1382 2844 1523 2907 universi
1544 2844 1631 2920 loco,
1654 2843 1780 2909 duabus

440 2941 506 3005 oris
529 2939 719 3005 distantibus
741 2940 947 3005 habitabilem
970 2949 1003 3003 et
1024 2939 1159 3014 cultum,
1189 2958 1324 3023 quarum
1348 2937 1464 3013 altera,
1490 2956 1588 3021 quam
1609 2958 1670 3004 nos
1692 2939 1780 3004 inco-

438 3035 550 3110 limus,

493 3155 495 3157 ·
569 3126 647 3192 Sub
668 3149 740 3193 axe
762 3130 896 3213 posita
918 3128 965 3192 ad
988 3127 1129 3192 stellas
1152 3135 1317 3209 septem,
1338 3123 1442 3189 unde
1463 3124 1646 3189 horrifer

401 3237 431 3285 so
566 3223 788 3308 Aquilonis
809 3222 965 3287 stridor
986 3222 1145 3306 gelidas
1168 3223 1335 3285 molitur
1356 3222 1481 3296 nives,

438 3319 539 3384 altera
561 3317 726 3392 australis,
748 3315 857 3400 ignota
879 3316 988 3391 nobis,
1011 3336 1107 3399 quam
1132 3325 1247 3380 vocent
1268 3316 1381 3380 Graeci
1402 3315 1599 3394 eivrtxbos'c,
1620 3311 1672 3378 oti.
1696 3326 1781 3383 cete·

438 3432 490 3477 ras
512 3411 613 3495 partis
634 3411 788 3485 incultas,
811 3409 900 3494 quod
922 3419 978 3473 aut
999 3409 1119 3493 frigore
1142 3412 1266 3492 rigeant
1287 3417 1342 3473 aut
1364 3416 1496 3473 urantur
1513 3410 1634 3475 calore:
1656 3411 1710 3476 bic
1723 3431 1782 3476 an·

439 3515 518 3581 tem,
540 3505 595 3568 ubi
618 3504 812 3577 habitamus,
834 3524 898 3568 non
922 3505 1103 3569 intermittit
1125 3525 1183 3568 suo
1206 3513 1348 3587 tempore

630 3596 796 3663 Caelum
820 3598 1047 3672 nitescere,
1069 3600 1239 3662 arbores
1260 3598 1551 3673 frondescere,

291 3707 293 3713 ’
401 3703 431 3755 is
630 3692 744 3755 Vites
766 3690 982 3756 laetificae
1005 3692 1197 3777 pampinis
1219 3692 1449 3777 pubescere,

629 3785 741 3849 liami
762 3786 950 3851 bacarum
970 3788 1157 3851 ubertate
1179 3788 1487 3861 incurvescere,

630 3882 796 3963 Segetes
818 3880 962 3964 largiri
984 3882 1135 3963 lruges,
1157 3881 1307 3945 llorere
1330 3884 1476 3956 omnia,

628 3976 772 4037 Fontes
794 3982 964 4052 scatere,
986 3976 1122 4041 herbis
1144 3986 1258 4061 prata
1281 3977 1583 4041 convestirier:

439 4081 504 4135 tum
528 4068 764 4132 multitudinem
788 4069 944 4154 pecudum
962 4072 1076 4155 partim
1093 4071 1359 4148 advescendum,
1383 4072 1496 4156 partim
1512 4071 1551 4134 ad
1567 4072 1672 4136 cultus
1688 4092 1780 4158 agro-

399 4173 525 4239 etrum,
554 4165 669 4247 partim
692 4163 731 4228 ed
755 4165 952 4239 vehendum,
979 4167 1093 4247 partim
1121 4164 1158 4228 ad
1182 4184 1316 4248 corpora
1339 4167 1518 4239 vestienda,
1548 4167 1779 4253 hominemque

438 4263 542 4345 ipsum
573 4260 665 4341 quasi
695 4260 978 4343 contemplatorem
1007 4259 1086 4323 caeli
1117 4281 1153 4322 ac
1179 4258 1309 4324 deorum
1342 4260 1498 4322 cultorem
1521 4268 1617 4343 atque
1639 4261 1778 4325 hominis

438 4354 567 4419 utilitati
589 4372 682 4436 agros
705 4356 808 4420 omnis
832 4362 863 4416 et
886 4354 985 4416 maria
1008 4354 1150 4436 parentia
1173 4371 1229 4410 -ε
1252 4352 1303 4415 70.
1328 4356 1404 4417 baec
1427 4355 1523 4438 igitur
1545 4364 1575 4418 et
1597 4355 1660 4420 alia
1684 4358 1778 4420 innu-

438 4444 604 4513 merabilia
632 4468 703 4511 cum
731 4448 904 4523 cernimus,
935 4468 1144 4531 possumusne
1173 4448 1318 4511 dubitare
1347 4450 1426 4533 quin
1457 4450 1497 4511 iis
1519 4449 1639 4533 praesit
1659 4449 1779 4533 aliquis

503 4713 526 4761 1.
545 4723 571 4760 se
591 4709 643 4773 ipse
660 4710 796 4760 Davisius:
818 4709 1064 4772 seipsumque:
1084 4720 1135 4757 sere
1155 4709 1244 4770 ipseo
1264 4734 1289 4743 -
1311 4710 1326 4759 3
1354 4721 1510 4770 quamquam
1525 4709 1631 4771 tortasse
1648 4710 1775 4762 Woliius:

434 4789 541 4851 fortusse
557 4797 712 4848 quemqnam
729 4785 789 4835 (30.
815 4784 915 4847 ·Vutgo
932 4784 1027 4847 legitur
1043 4786 1151 4846 tor-torre
1163 4785 1275 4847 (enimus
1288 4784 1360 4835 videt
1378 4784 1490 4835 formem
1503 4788 1603 4846 suem);
1623 4798 1779 4848 qasomqnam

435 4862 462 4912 id
479 4862 599 4923 (formem
618 4862 703 4922 suom)
721 4873 820 4923 qnoque
836 4862 950 4923 lenimus
968 4859 1063 4921 videti:
1082 4861 1125 4908 sed
1138 4860 1326 4921 relinquamua·
1344 4861 1419 4923 quasi
1433 4861 1536 4919 Cicero,
1549 4860 1622 4923 quod
1634 4863 1692 4926 ipse
1704 4863 1778 4925 prius

436 4934 590 4985 dubitanter
613 4933 735 4994 dixisset,
760 4933 832 4984 idem
858 4937 983 4986 continuo
1000 4936 1134 4986 affirmare
1153 4937 1283 4999 potnerit:
1307 4948 1339 4984 ex
1357 4934 1443 4985 Woltii
1462 4936 1614 4986 coniectura
1632 4934 1778 4999 legendum

436 5011 490 5059 est:
515 5021 670 5072 qsorrsqoom
689 5010 796 5071 sortasse
817 5010 845 5059 sd
867 5023 980 5072 qnoqoe;
1003 5011 1045 5061 red
1062 5013 1113 5061 cet.
1139 5009 1178 5061 Ct.
1198 5009 1212 5072 5
1230 5010 1270 5059 90.
1291 5011 1332 5067 111,
1353 5010 1392 5059 ti.
1413 5010 1459 5060 ra:
1485 5011 1530 5060 etsi
1546 5012 1594 5060 erit
1610 5010 1655 5061 hoc
1669 5012 1778 5074 sortasse

435 5085 540 5133 damas:
557 5083 599 5132 ssd
614 5088 765 5145 temptemus.
787 5083 860 5135 orric.
882 5086 924 5144 111,
943 5086 1002 5135 39.»
1020 5086 1062 5135 W.
1081 5112 1114 5122 -
1132 5084 1156 5135 1.
1175 5087 1276 5134 modum
1293 5098 1428 5149 superscr.
1448 5090 1456 5134 1
1474 5086 1523 5135 ead
1553 5098 1590 5135 m.
1609 5087 1629 5134 G
1649 5112 1676 5123 -
1695 5092 1779 5136 nsoter

435 5160 586 5209 celeritatem
602 5157 715 5223 Bentley
731 5157 790 5209 coil.
810 5160 877 5223 510.
895 5187 921 5196 -
941 5159 965 5210 8.
985 5162 1103 5211 1111110
1116 5186 1142 5197 —
1164 5161 1188 5210 9.
1208 5162 1412 5223 quadripertitos
1428 5162 1448 5211 0
1463 5188 1489 5197 -
1509 5162 1550 5210 111.
1569 5160 1778 5222 temperatiorem

436 5235 486 5284 Gli
505 5259 532 5268 -
553 5232 810 5283 indiminutam
830 5260 856 5270 -
876 5238 1004 5284 notantem
1020 5242 1043 5285 et
1059 5237 1240 5300 masticantem
1257 5238 1291 5286 C:
1314 5238 1380 5286 notis
1395 5238 1536 5300 norontem
1554 5236 1583 5286 0.
1610 5234 1777 5298 «Tregderus

436 5312 527 5361 aotam
550 5309 728 5373 corruptionis
752 5311 986 5371 (encomiasten)
1011 5309 1109 5360 nollem
1134 5311 1288 5363 addidisset.
1318 5312 1385 5371 Quid
1409 5313 1479 5362 enirn
1498 5309 1630 5361 offendit?
1656 5311 1776 5361 Duorum

436 5395 650 5449 synonymorum
672 5384 810 5447 (somnum
827 5385 855 5433 et
874 5385 1065 5447 significantem)
1089 5386 1259 5436 coniunctio?
1282 5385 1422 5437 Praecedit
1439 5387 1622 5435 moderatorem
1638 5389 1662 5434 et
1678 5385 1774 5436 docem

434 5465 474 5513 An
496 5461 621 5525 tutorem
641 5458 713 5508 dies?
737 5458 776 5509 Cl.
801 5459 883 5509 diem
903 5460 992 5522 sertem
1009 5461 1038 5509 de
1054 5461 1151 5522 [ostie
1171 5464 1223 5510 suis
1246 5462 1330 5511 toliere
1348 5460 1431 5523 (Cic),
1455 5462 1559 5524 riqnoto
1575 5465 1689 5523 mopere
1704 5461 1777 5525 {esda

434 5537 451 5585 1.
471 5548 498 5599 q.
518 5536 639 5599 tempora
657 5534 786 5585 laetorum
804 5533 888 5595 (ovid.
908 5536 934 5586 F.
954 5536 984 5593 11,
1004 5536 1038 5597 7).
1065 5539 1104 5586 an
1122 5537 1260 5598 seriorum,
1280 5539 1306 5587 in
1325 5550 1378 5600 quo
1391 5537 1596 5601 comparationis
1608 5537 1649 5587 vis
1660 5538 1711 5588 sita
1723 5540 1774 5599 est,

435 5624 449 5660 a
468 5611 520 5660 dies
535 5611 575 5661 sic
591 5608 759 5660 diiunctum?
776 5609 834 5659 Vid.
854 5610 957 5672 iladvig
975 5610 989 5673 5
1007 5610 1064 5669 167,
1084 5624 1108 5661 c.
1126 5610 1254 5662 Klotzium
1272 5612 1374 5661 luminis
1391 5613 1463 5673 qnasi
1479 5612 1604 5673 sartorum
1621 5613 1775 5676 tangentem

435 5684 523 5735 ridere
540 5684 628 5735 licet.»
645 5685 688 5734 W.
710 5688 737 5723 ‘-
761 5685 802 5735 111.
821 5690 994 5747 rectumque
1014 5687 1063 5736 Gli
1091 5714 1117 5724 -
1141 5686 1181 5735 16.
1201 5686 1298 5736 dnobus
1318 5699 1387 5736 corr.
1407 5686 1467 5737 ead.
1487 5700 1523 5737 m.
1543 5700 1576 5737 ex
1593 5688 1725 5739 deobssrii
1745 5711 1772 5725 -

436 5759 476 5809 17.
494 5760 587 5810 Mrem
604 5760 624 5810 C
645 5788 673 5798 -
693 5755 724 5811 19
752 5759 794 5809 nbi
810 5759 920 5824 horrifer
935 5762 1064 5821 amnicum
1080 5762 1174 5810 stridor
1190 5777 1215 5824 q.
1233 5776 1268 5811 m.
1286 5763 1356 5812 nives
1373 5776 1405 5812 ex
1423 5763 1494 5812 accii
1512 5760 1658 5812 Philocteta
1674 5763 1774 5815 iionins

435 5846 461 5897 p.
480 5832 537 5883 311.
558 5861 585 5872 ·-
604 5836 646 5885 ai.
665 5846 816 5895 orsssxocso
833 5835 867 5894 11;
890 5836 1032 5884 antioceno
1048 5837 1098 5886 Gli
1116 5864 1148 5872 —
1168 5838 1208 5886 25.
1227 5837 1365 5901 laetificore
1381 5840 1401 5889 11
1422 5861 1449 5873 -
1468 5838 1510 5887 26.
1529 5836 1652 5888 incensis
1668 5838 1773 5902 thaeco-

433 5919 493 5956 mss
504 5906 565 5958 cod.
579 5908 730 5973 bamberg.)
742 5908 880 5960 meloten
896 5910 1064 5960 murmurare
1079 5911 1179 5961 Nonius
1197 5924 1223 5975 p.
1238 5913 1294 5961 lii.
1313 5938 1337 5949 -
1352 5912 1392 5962 31.
1406 5914 1510 5963 momen
1522 5912 1650 5963 Bouhier:
1669 5911 1773 5963 decresse

433 5995 520 6033 sorren
536 5983 577 6047 (er
595 5985 781 6047 geminatione)
799 5985 865 6042 Glir
888 5984 991 6035 deornm
1006 5998 1141 6048 sortemque
1157 5986 1192 6046 B;
1212 5988 1315 6037 morum
1331 5988 1492 6050 ipmrmsqse
1508 5984 1529 6037 0
1546 6012 1574 6023 —
1594 5986 1635 6037 31.
1653 5984 1693 6037 his
1708 5986 1769 6039 CO.
