4342 7459
680 1274 749 1337 nn.
770 1273 795 1335 1.
825 1272 899 1336 444.
921 1272 1172 1335 mn-xnm.
1198 1268 1245 1354 §q
1267 1264 1455 1333 eoo-soa.
1671 1260 1734 1333 ata

407 1436 468 1501 lem
491 1452 569 1519 prae
591 1432 770 1497 iaculorum
792 1430 993 1494 multitudine
1016 1440 1047 1495 et
1061 1429 1243 1514 sagittarum
1265 1449 1328 1493 non
1343 1427 1521 1500 videbitis»
1547 1430 1602 1491 «In
1623 1425 1735 1493 umbra

408 1531 541 1612 igitur„
565 1528 686 1611 inquit,
711 1525 973 1608 «pugnabimus»
1020 1523 1092 1587 404.
1115 1525 1207 1588 Viros
1229 1542 1458 1587 commemoro:
1484 1520 1587 1604 qualis
1608 1525 1735 1587 tandem

406 1624 575 1686 Lacaena?
597 1642 681 1705 quae
703 1642 775 1684 cum
797 1617 895 1682 filium
918 1621 952 1682 in
974 1620 1131 1703 proelium
1153 1619 1291 1682 misisset
1311 1627 1344 1681 et
1364 1615 1563 1680 interiectum
1585 1616 1736 1692 audisset,
1802 1688 1804 1695 ,

409 1715 585 1790 «Idcirco»
608 1716 730 1800 inquit,
755 1733 965 1797 «genueram,
987 1722 1022 1776 ut
1044 1715 1128 1777 esset
1152 1714 1208 1796 qni
1234 1732 1293 1797 pro
1315 1711 1416 1797 patria
1437 1719 1571 1774 mortem
1592 1732 1656 1774 non
1678 1711 1736 1774 du·

407 1811 523 1874 4444444
544 1809 761 1875 occumbere.»
1745 1826 1760 1871 4

492 1904 606 1966 XLIII.
627 1905 722 1976 Esto,
750 1902 849 1965 fortes
872 1910 904 1976 et
925 1900 995 1964 duri
1019 1901 1209 1982 Spartiatae,
1240 1919 1386 1983 magnam
1411 1899 1507 1962 habet
1527 1899 1595 1962 vim
1611 1901 1657 1963 rei
1679 1920 1738 1983 pn·

407 1997 512 2062 blicae
535 1996 711 2081 disciplina.
746 1996 853 2071 Quid?
878 1996 1073 2079 Cyrenaeum
1088 1995 1303 2069 Theodorum,
1326 1994 1548 2076 philosophum
1564 2012 1628 2055 non
1648 1993 1738 2076 igno-

407 2092 521 2166 bilem,
554 2111 660 2155 nonne
694 2090 867 2153 miramurl
902 2090 953 2152 cui
984 2110 1055 2151 cum
1088 2088 1295 2172 Lysimachus
1322 2108 1379 2150 rex
1401 2108 1526 2150 crucem
1556 2088 1739 2162 minaretur,

382 2242 389 2248 .
410 2186 504 2248 «Istic
520 2205 675 2268 quaeso,u
699 2185 814 2265 lnquit,
840 2184 920 2246 «ista
935 2183 1099 2246 horribilia
1115 2184 1261 2245 minitare
1283 2182 1464 2264 purpuratIs
1479 2182 1557 2244 tuis:
1580 2181 1739 2245 Theodori

408 2277 540 2361 quidem
554 2277 633 2340 nihil
647 2278 780 2340 interest
793 2277 924 2338 humine
939 2297 977 2338 an
993 2276 1126 2339 sanIme
1142 2283 1318 2357 putescat.»
1344 2276 1441 2339 Cuius
1454 2276 1516 2339 hoc
1531 2276 1617 2338 dicto
1632 2275 1740 2358 admo-
1749 2294 1778 2340 44

408 2392 496 2447 neor,
523 2382 559 2436 ut
579 2372 702 2454 aliquid
724 2372 820 2434 etiam
844 2373 882 2434 dc
905 2370 1089 2434 humatione
1113 2376 1144 2433 et
1170 2370 1331 2454 sepultura
1355 2369 1522 2433 dicendum
1545 2369 1741 2433 existimem:

409 2489 476 2531 rem
491 2487 558 2529 non
573 2463 746 2540 difficilem,
768 2467 807 2529 iis
831 2465 1016 2549 praesertim
1032 2464 1176 2547 cognitis,
1200 2482 1282 2546 quae
1304 2463 1344 2525 de
1366 2463 1443 2526 nihil
1464 2463 1631 2526 sentiendo
1645 2463 1741 2547 paulo

409 2569 483 2624 ante
514 2559 599 2622 dicta
628 2569 711 2623 suot.
753 2563 797 2623 lle
827 2581 889 2643 qua
917 2560 1062 2623 Socrates
1088 2557 1217 2642 quidem
1241 2555 1318 2641 quid
1341 2557 1476 2620 senserit
1496 2565 1627 2641 apparet
1646 2561 1680 2621 in
1703 2578 1742 2621 eo

409 2656 512 2728 libro,
534 2655 568 2717 in
590 2673 656 2735 quo
679 2657 829 2729 moritur,
853 2654 893 2718 de
915 2674 978 2737 quo
1000 2654 1061 2715 iam
1084 2660 1148 2714 tam
1171 2651 1270 2714 multa
1286 2650 1434 2714 diximus·
1472 2646 1544 2714 403.
1565 2651 1643 2715 Cum
1659 2652 1742 2714 enim

411 2748 452 2811 de
473 2747 700 2812 Inmortalitate
721 2750 898 2812 animorum
921 2747 1147 2829 disputavisset
1167 2752 1199 2809 et
1219 2746 1280 2808 iam
1296 2743 1451 2808 moriendi
1467 2752 1591 2826 tempus
1606 2751 1782 2828 urgeretis

411 2850 541 2925 rogatus
564 2840 727 2905 aCritone
749 2862 842 2924 quem
865 2840 905 2904 ad
921 2841 1050 2904 modum
1065 2839 1194 2922 sepeliri
1209 2839 1313 2913 vellet,
1339 2839 1488 2904 «Multam
1503 2858 1607 2912 veron
1631 2841 1743 2924 inquit,

415 2955 576 3019 «operam,
598 2935 702 3010 amici,
723 2935 840 2998 frustra
855 2936 1053 3018 consumpsi;
1077 2933 1198 2997 Critoni
1221 2933 1305 2995 enim
1328 2940 1437 2995 nostro
1460 2952 1524 2995 non
1538 2934 1680 3015 persuasi
1694 2952 1744 2995 me

413 3031 487 3093 lrinc
505 3029 705 3093 avolaturum
722 3048 828 3112 neque
845 3030 905 3092 mei
921 3028 1091 3111 quicquam
1107 3027 1298 3089 relicturum.
1322 3022 1440 3089 Verunl
1460 3035 1577 3101 tamen,
1600 3027 1696 3102 Crito,
1718 3028 1744 3090 si

415 3145 465 3187 me
479 3122 613 3206 adsequi
630 3123 770 3205 potueris
785 3130 840 3206 aut
854 3123 954 3185 sicubi
970 3127 1104 3185 nanctus
1119 3120 1192 3194 cris,
1206 3128 1242 3184 ut
1253 3118 1310 3183 tibi
1322 3117 1491 3197 videbitur,
1506 3122 1652 3204 sepelite,
1673 3121 1745 3197 Sed,

416 3419 472 3470 reis
487 3419 550 3470 iaec
565 3431 627 3482 qest
641 3418 727 3480 444444,
751 3418 810 3467 den
833 3417 942 3481 tumeat
959 3417 1069 3480 (luqurqi
1086 3417 1143 3477 Gli)
1165 3417 1230 3480 tepea
1244 3416 1370 3481 44940444.
1391 3418 1414 3467 Ε
1430 3417 1520 3479 quidese
1536 3420 1594 3470 CO.
1623 3420 1748 3471 «Foedis-

416 3494 512 3543 simam
529 3491 602 3543 illam
619 3490 849 3557 interpolationem
867 3505 881 3542 a
897 3492 1014 3542 Bentleio
1025 3494 1088 3542 satis
1100 3490 1262 3542 confutatam
1275 3492 1367 3554 (Adde,
1387 3493 1459 3556 quod
1472 3495 1565 3544 Cicero
1576 3492 1654 3559 paulo
1667 3507 1747 3559 supra

416 3567 481 3617 dixit
498 3580 529 3617 sc
546 3568 621 3617 duces
637 3580 692 3617 non
709 3566 823 3632 amplius
841 3567 1036 3627 nominaturos,
1055 3567 1127 3631 quod
1141 3568 1207 3629 Quid
1217 3593 1253 3604 ·-
1264 3568 1407 3617 4444444444
1423 3571 1496 3619 44444
1513 3571 1573 3633 post
1589 3571 1701 3634 equibus
1711 3598 1749 3609 ··

415 3642 582 3706 4444444444
598 3641 754 3706 ponendum
773 3642 833 3702 tuit,
852 3641 924 3706 quod
942 3655 995 3692 non
1011 3656 1084 3706 qens,
1104 3642 1152 3693 sed
1167 3644 1275 3705 populus
1291 3642 1333 3692 vel
1350 3643 1440 3693 4444444
1456 3642 1509 3695 dici
1520 3646 1650 3708 oportuit,
1668 3644 1747 3709 alia),

418 3730 486 3781 quae
509 3717 625 3768 condeta
645 3716 752 3766 videtur
774 3729 808 3765 er
823 3714 929 3765 duabus
948 3717 1030 3776 notis,
1051 3729 1102 3766 una
1120 3716 1372 3782 (mss--eqeeesq
1389 3715 1431 3768 vel
1448 3720 1537 3769 versui
1554 3720 1621 3769 114444
1633 3746 1669 3758 --
1680 3722 1749 3772 4444-

418 3794 520 3855 qu'mr
537 3791 581 3843 vel
597 3793 642 3852 iis,
660 3804 730 3855 quas
748 3790 763 3854 5
782 3791 829 3840 404
847 3793 921 3850 sont,
939 3791 1044 3839 lirion
1056 3791 1188 3852 discipliuae
1205 3792 1231 3841 in
1249 3793 1367 3855 margine
1385 3793 1514 3857 ascripta,
1532 3793 1614 3845 alters
1625 3797 1750 3859 404444--

418 3867 571 3930 moinus)
587 3867 622 3918 sd
639 3881 653 3917 e
669 3867 757 3929 4444444
767 3866 981 3930 --44444444444
997 3865 1032 3916 ab
1047 3880 1090 3927 eo,
1108 3867 1153 3930 qni
1169 3868 1243 3916 duces
1259 3879 1312 3916 nou
1324 3866 1388 3917 setis
1401 3872 1626 3921 commemoratos
1637 3870 1750 3923 moleste

419 3942 515 4003 terret,
533 3942 639 4002 addita,
657 3941 807 4005 Iregderus
825 3942 901 3991 uncis
919 3938 1037 4000 inclusit,
1056 3940 1174 3992 tunditus
1191 3940 1282 3991 delam
1300 3954 1353 3991 non
1370 3942 1457 3993 minus
1474 3941 1568 3994 debuit
1582 3957 1662 4008 quam
1675 3945 1705 4007 V,
1718 3944 1750 3996 44

418 4019 445 4067 id
460 4023 495 4067 444
506 4043 544 4056 --
556 4016 678 4078 Graecos,
695 4015 771 4065 alia.»
784 4015 827 4066 W.
849 4014 888 4065 ct.
902 4016 982 4065 444444
995 4014 1163 4065 Funlrhaenel
1175 4016 1201 4066 in
1213 4014 1304 4067 Pullol.
1317 4017 1483 4068 schneider.
1496 4020 1529 4070 141
1546 4033 1573 4084 p.
1587 4020 1635 4072 449
1646 4034 1707 4085 sqq.
1720 4045 1748 4059 -

420 4091 445 4143 I.
463 4098 545 4141 4444444
562 4092 592 4141 C.
612 4092 737 4154 ussepius
757 4090 837 4141 etiam
855 4092 944 4153 (quam
962 4089 1059 4151 addita)
1078 4092 1139 4139 note
1156 4089 1259 4141 litterae
1275 4104 1302 4140 m
1314 4092 1348 4154 (in
1359 4093 1520 4157 Archetypo)
1538 4095 1636 4145 omissa
1654 4098 1704 4155 est,
1723 4098 1752 4147 ut

420 4167 453 4230 §s
471 4167 512 4217 68.
531 4167 574 4216 it.
592 4165 624 4216 88
642 4165 827 4229 (4444444444).
854 4166 875 4214 ll
885 4203 891 4225 ,
910 4163 950 4215 40.
969 4166 1000 4215 60
1023 4165 1104 4227 (44444
1125 4178 1173 4229 pro
1195 4165 1313 4230 44444444).
1339 4167 1385 4227 141,
1405 4168 1445 4216 44.
1463 4168 1504 4217 20.
1529 4169 1570 4229 Ill,
1589 4170 1629 4220 aa.
1648 4170 1689 4221 te.
1709 4172 1749 4220 40.

420 4245 461 4291 tt.
480 4242 512 4292 00
529 4241 682 4303 [quinquies
691 4243 718 4302 1).
743 4240 783 4290 64.
801 4240 841 4289 68.
862 4240 902 4289 00.
926 4240 956 4299 V,
975 4237 999 4289 4.
1018 4241 1042 4288 9.
1067 4241 1154 4299 Quare
1172 4240 1298 4304 equidem
1316 4253 1369 4290 nou
1387 4239 1489 4302 dubito,
1508 4243 1571 4305 quin
1588 4243 1614 4292 h.
1627 4243 1644 4294 l.
1659 4258 1691 4293 ex
1704 4243 1753 4294 all-

421 4317 486 4379 4444
502 4312 583 4364 codd.
603 4326 655 4364 non
673 4313 749 4364 malis
766 4313 911 4377 legendum
929 4315 962 4362 sit
978 4312 1078 4364 morti
1094 4328 1145 4363 44444
1161 4315 1286 4365 dubitaret
1302 4315 1444 4366 4444444444
1460 4318 1488 4365 44
1504 4317 1575 4381 apud
1588 4319 1687 4369 livium
1703 4321 1752 4380 1,4

420 4385 522 4439 morti
538 4387 653 4438 4444444444
669 4392 698 4437 ut
714 4386 810 4450 legitur
826 4387 898 4450 apud
915 4389 1016 4437 livium
1034 4389 1065 4446 ll,
1084 4389 1108 4437 7.
1127 4390 1169 4447 111,
1182 4390 1223 4439 50.
1242 4390 1330 4449 XXVI,
1342 4390 1384 4440 24.
1402 4390 1490 4449 XXXI,
1505 4390 1543 4439 48.
1564 4392 1636 4441 Curt.
1651 4393 1714 4454 Vlll,
1727 4395 1751 4454 2,

421 4464 446 4513 8.
465 4465 575 4513 Sueten.
595 4465 661 4525 Aug.
681 4460 720 4511 43.
739 4460 784 4510 Sil.
803 4460 858 4511 Ital.
877 4462 942 4521 XIII,
960 4461 1017 4511 380.
1045 4464 1103 4526 Ipsa
1122 4462 1199 4512 huius
1216 4463 1291 4513 verbi
1308 4476 1369 4513 cum
1387 4463 1417 4512 od
1434 4466 1573 4528 compositi
1591 4468 1695 4532 propria
1713 4469 1754 4518 vis

421 4541 502 4601 etque
519 4541 615 4587 natura
631 4539 677 4587 aut
693 4537 873 4586 accusativum
890 4538 935 4586 aut
951 4536 1016 4598 (quo
1033 4541 1127 4601 poetae
1146 4538 1201 4589 lere
1220 4541 1336 4601 utuntur)
1359 4538 1476 4588 dativum
1494 4541 1646 4591 necessario
1663 4544 1755 4604 requi·

423 4626 484 4662 rere
507 4611 627 4671 videtur,
652 4609 754 4660 nudum
777 4609 922 4660 ablativum
943 4610 1042 4675 (444444)
1065 4623 1203 4676 respuere.
1239 4613 1319 4663 Recte
1342 4612 1437 4662 dieitur
1457 4614 1590 4676 (mortem)
1614 4617 1756 4668 decmbere

420 4689 510 4752 {erro
534 4686 643 4747 (ovid),
669 4686 843 4736 certamine
863 4698 937 4736 44444
960 4683 1039 4749 (Sit),
1062 4687 1162 4748 444444
1185 4687 1263 4737 444444
1285 4686 1380 4751 (valer.
1400 4686 1445 4749 Fi.)
1469 4691 1499 4737 ut
1522 4689 1663 4753 (mortem)
1687 4692 1756 4743 obire

421 4763 558 4828 quadie,
576 4760 684 4810 morbo
700 4761 786 4823 4444444
798 4757 891 4823 (Ptin).
913 4762 1005 4823 Neque
1022 4759 1129 4820 mirum
1148 4763 1183 4822 si,
1203 4776 1264 4813 oum
1282 4763 1433 4824 4444440444,
1452 4761 1569 4823 4444444,
1587 4763 1707 4816 absolute
1719 4767 1755 4816 ita

424 4836 487 4901 poni
503 4837 632 4899 coeptum
649 4838 734 4895 esset,
759 4840 788 4885 ut
804 4834 876 4885 idem
894 4835 966 4898 quod
982 4836 1048 4884 mori
1064 4838 1152 4895 esset,
1176 4837 1263 4888 Livius
1279 4837 1394 4903 XXXIX,
1413 4839 1445 4888 48
1462 4837 1538 4888 dixit:
1562 4840 1664 4901 iqcobiti
1681 4847 1757 4903 etque

424 4911 553 4961 4444444444
574 4908 846 4960 444444--4444444444
868 4912 910 4971 (=
926 4910 1067 4960 inhoneste
1085 4911 1190 4975 perittl:
1215 4925 1379 4976 quemquam
1403 4913 1536 4975 corrigere
1560 4912 1666 4977 44444444
1681 4919 1757 4977 etque

424 4978 554 5034 4444444444
574 4980 654 5035 more
675 4986 847 5035 temerarium
869 4986 912 5035 vix
934 4989 1019 5044 essen
1044 4984 1077 5035 ct.
1096 4986 1140 5045 111,
1158 4987 1199 5036 50.
1222 4990 1329 5037 Sueten.
1348 4991 1414 5051 Aug.
1433 4988 1474 5047 43,
1496 4985 1542 5036 ubi
1559 4986 1621 5038 olim
1639 5001 1673 5038 er
1689 4989 1754 5040 dett.

425 5057 506 5110 codd.
525 5056 665 5121 legebatur
680 5060 826 5108 4444444444
841 5072 908 5109 eece.
931 5072 954 5108 c.
974 5058 999 5118 4,
1018 5057 1062 5108 ubi
1081 5072 1151 5109 nnnc
1169 5072 1200 5109 ex
1219 5058 1373 5112 melioribus
1387 5061 1466 5111 codd.
1479 5059 1688 5125 legiturmortem
1699 5063 1758 5112 44444

424 5134 597 5197 mutinam,
616 5134 750 5198 qnondam
767 5140 873 5186 morte-
885 5136 1027 5197 444444444,
1047 5137 1117 5185 41444
1133 5137 1161 5187 Τ.
1181 5136 1211 5186 D.
1230 5138 1253 5195 1,
1272 5137 1304 5187 86
1321 5137 1348 5186 44
1365 5134 1496 5203 nonnullis
1519 5137 1598 5187 codd.
1618 5142 1659 5188 est
1680 5145 1759 5189 morte

425 5209 540 5260 4444444.»
559 5209 602 5259 W.
620 5236 653 5247 -—
674 5211 714 5260 40.
735 5214 863 5272 putrescat
880 5211 908 5260 B.
934 5210 973 5261 Ct.
992 5210 1026 5260 de
1051 5209 1133 5260 finib.
1152 5210 1175 5258 V
1197 5210 1212 5274 5
1230 5212 1271 5262 38.
1289 5238 1323 5248 -
1345 5212 1385 5261 it.
1404 5211 1519 5275 dificilem
1541 5213 1560 5261 14
1583 5238 1610 5248 -
1634 5213 1707 5262 leisc
1728 5239 1755 5249 -

426 5284 466 5334 48.
479 5283 529 5333 evei
545 5283 681 5345 4444444444
692 5284 817 5347 Bentley:
835 5298 875 5336 me
890 5285 1025 5347 quicquam
1036 5285 1071 5342 C;
1091 5285 1229 5346 quidquam
1244 5287 1292 5336 mei
1304 5287 1324 5336 0
1337 5311 1364 5322 -
1384 5286 1424 5335 40.
1437 5291 1512 5335 outae
1528 5299 1598 5336 corr.
1611 5291 1636 5337 tn
1653 5292 1759 5337 44444444

426 5359 606 5409 0-44444444
617 5360 647 5410 C.
666 5359 832 5422 «Tregdorus
844 5373 875 5410 er
894 5360 953 5419 Gli,
972 5357 1029 5409 aliis
1046 5357 1142 5409 edidit:
1160 5360 1181 5409 44·
1197 5372 1236 5410 me
1252 5360 1354 5422 adsequi
1369 5362 1512 5421 potueris
1528 5366 1573 5411 4444
1588 5362 1666 5411 ciculi
1683 5376 1758 5411 4444-

425 5438 498 5482 4444
513 5433 594 5493 eris,
610 5439 638 5482 444
654 5433 699 5483 tibi
715 5434 849 5495 4444444,
868 5436 1000 5497 sepelite
1017 5435 1033 5483 i.
1047 5448 1071 5484 e.
1085 5447 1147 5484 cum
1166 5437 1286 5485 mortuus
1303 5447 1359 5495 ero,
1381 5438 1442 5495 444444,
1461 5437 1490 5484 44
1505 5448 1572 5484 eosic
1583 5437 1631 5497 vis,
1652 5449 1695 5486 me
1713 5449 1757 5486 se·

426 5506 522 5571 pelito;
545 5507 621 5570 qnasi
644 5519 709 5557 vero
727 5508 798 5558 Crito
816 5510 868 5558 iam
886 5509 1071 5572 significasset,
1091 5510 1226 5572 quomodo
1243 5512 1380 5561 Socratem
1398 5509 1510 5576 sepelire
1527 5508 1620 5570 vellet,
1645 5522 1677 5560 ac
1696 5524 1757 5571 non,

428 5580 659 5645 quemadmodum
681 5582 738 5646 ipse
759 5581 840 5632 vellet
860 5582 980 5647 sepelirI,
1005 5586 1133 5647 rogasset.
1166 5585 1257 5635 Utrum
1279 5585 1357 5647 igitur
1373 5585 1399 5633 in
1417 5585 1569 5647 archetypo
1586 5583 1645 5642 luIt,
1669 5587 1758 5634 temen

428 5653 604 5706 scribendum
622 5658 677 5715 est,
704 5659 733 5705 ut
750 5656 850 5707 habent
867 5657 946 5708 codd.
966 5656 1056 5708 multi:
1080 5657 1205 5708 videbitur
1222 5659 1264 5721 (ci.
1282 5661 1334 5709 stt.
1353 5659 1407 5719 1411,
1425 5659 1466 5719 48,
1487 5661 1509 5708 4.
1529 5658 1553 5707 3.
1572 5659 1613 5719 80,
1632 5663 1655 5709 t.
1675 5661 1715 5717 44,
1735 5660 1758 5709 3.

429 5730 495 5787 xiil,
513 5730 555 5788 84,
574 5728 613 5790 3),
631 5730 703 5794 quod
721 5731 755 5780 ab
774 5733 831 5796 ipso
843 5731 972 5783 Cicerone
990 5746 1050 5783 esse
1067 5735 1196 5797 scriptum
1207 5732 1249 5783 vel
1261 5732 1375 5784 Platonis
1387 5732 1461 5784 loeus
1474 5733 1579 5794 (Pheed.
1594 5734 1761 5796 4450144414

431 5803 573 5865 diligenter
589 5817 732 5868 expressus
750 5805 844 5857 docet:
862 5804 1017 5872 θάπτωμεν
1034 5806 1065 5858 δέ
1082 5824 1116 5859 os
1133 5810 1196 5859 4444
1213 5805 1320 5880 τρόπον
1326 5825 1337 5869 ,·
1349 5804 1445 5870 Ὅπως
1461 5802 1507 5869 ἄν,
1526 5802 1594 5873 ἔφη,
1611 5805 1761 5874 βούλησθε

433 5880 470 5940 lut
491 5878 651 5931 coletis:
670 5880 705 5931 E:
728 5873 807 5943 ὅπως
827 5874 868 5930 ἄν
891 5896 939 5932 σοι
961 5882 1073 5944 φίλον
1094 5876 1129 5954 ᾖ,
1154 5891 1182 5934 ot
1204 5884 1247 5934 4444
1268 5883 1457 5946 videbitur),
1484 5879 1589 5951 ἐάνπερ
1604 5896 1636 5949 ys
1653 5878 1762 5948 λάβητέ

434 5956 531 6015 iuncti
548 5954 629 6019 eritis)
646 5968 685 6020 με
700 5956 750 6007 sul
766 5953 809 6023 μὴ
827 5954 944 6024 iscire
961 5952 1037 6025 ὑμᾶς
1053 5960 1085 6023 (sl
1103 5972 1147 6011 me
1162 5958 1282 6011 adsecuti
1299 5957 1388 6021 eritis).
1409 5955 1524 6007 Klotaius
1536 5960 1674 6021 comparat
1684 5957 1701 6021 s
1713 5958 1759 6008 ti:
