4342 7459
844 1228 917 1291 cn.
939 1228 1058 1291 xxm.
1087 1224 1134 1312 ss
1155 1224 1191 1292 si
1205 1225 1305 1291 -ss,
1669 1225 1727 1292 sir

409 1385 449 1451 ad
471 1407 612 1452 carceres
634 1408 652 1450 a
674 1386 759 1450 calce
781 1388 934 1451 revocari.
969 1383 1020 1449 ei.
1044 1387 1129 1462 Quid
1152 1389 1235 1450 euim
1256 1387 1354 1451 hahet
1374 1387 1438 1450 vita
1459 1386 1634 1452 commodi?
1656 1387 1732 1471 quid

408 1501 472 1543 nou
493 1484 600 1565 potius
623 1481 765 1544 lahorisl
803 1480 865 1543 Sed
886 1481 1002 1543 haheat
1023 1501 1113 1553 sane,
1135 1481 1230 1544 hahet
1251 1488 1334 1544 certe
1356 1487 1460 1543 tamen
1482 1488 1537 1543 aut
1556 1481 1733 1544 satietatem

408 1582 462 1636 aut
483 1573 622 1637 modum.
664 1576 733 1637 Non
762 1573 850 1638 luhet
878 1575 963 1637 enim
989 1574 1065 1637 mihi
1094 1573 1258 1656 deplorare
1287 1575 1404 1649 vitem,
1432 1573 1518 1657 quod
1546 1572 1635 1637 multi
1658 1575 1734 1637 etii

408 1667 492 1731 docti
515 1688 611 1751 saepe
633 1668 791 1742 lecerunt,
820 1687 926 1750 neque
949 1688 998 1730 me
1021 1667 1139 1730 vixisse
1166 1668 1323 1748 paenitet,
1352 1670 1502 1750 quoniam
1525 1666 1569 1730 ite
1591 1666 1672 1742 vixi,
1697 1674 1734 1729 ut

408 1780 473 1823 non
495 1759 612 1824 frustra
641 1783 691 1825 me
719 1771 825 1827 natum
852 1763 1061 1835 existumem,
1089 1769 1121 1824 et
1142 1781 1182 1823 ex
1205 1762 1267 1824 vita
1289 1761 1334 1823 ita
1355 1760 1484 1824 discedo
1506 1769 1669 1844 tamquam
1693 1769 1758 1823 ext

407 1854 560 1936 hospitio,
583 1875 649 1917 non
670 1864 830 1939 tamquam
852 1877 870 1919 e
892 1854 997 1918 domo.
1042 1853 1263 1919 Commorendi
1286 1856 1371 1918 enim
1393 1863 1504 1917 natura
1527 1855 1733 1917 diversorium

408 1948 513 2023 nohis,
537 1970 600 2013 nou
622 1948 785 2013 habitandi
807 1948 905 2011 dedit.
948 1948 975 2011 Ο
998 1949 1194 2032 praeclarum
1216 1949 1318 2030 diem,
1340 1949 1474 2012 eumad
1496 1947 1576 2010 illud
1591 1948 1734 2011 divinum

407 2043 583 2107 animorum
606 2044 777 2107 concilium
801 2051 991 2125 coetumque
1014 2040 1192 2126 proficiscar
1213 2063 1349 2127 cumque
1371 2063 1412 2106 ex
1428 2043 1487 2105 hac
1504 2043 1597 2104 turha
1613 2049 1645 2104 et
1659 2061 1735 2104 con·

407 2135 536 2199 luvione
558 2136 737 2200 discedam!
769 2134 954 2201 Proficiscar
976 2139 1059 2201 euim
1081 2150 1147 2200 non
1169 2136 1209 2212 ad
1233 2156 1287 2200 eos
1309 2137 1411 2200 solum
1434 2136 1534 2209 viros,
1556 2134 1597 2199 de
1619 2135 1734 2219 quihus

407 2236 480 2292 ente
504 2229 588 2303 dixi,
610 2251 720 2294 verum
743 2232 837 2294 etiam
859 2230 898 2293 ad
923 2230 1073 2293 Catonem
1097 2252 1212 2304 meum,
1236 2250 1299 2313 quo
1321 2250 1415 2293 nemo
1436 2230 1486 2291 vir
1508 2228 1621 2292 melior
1642 2235 1774 2290 uetusto

408 2331 467 2397 est,
489 2342 581 2387 nemo
604 2324 720 2407 pietate
743 2324 973 2406 praestantior:
996 2324 1085 2387 cuius
1107 2345 1126 2386 a
1148 2344 1197 2387 me
1212 2344 1326 2407 corpus
1342 2330 1392 2386 est
1406 2331 1575 2387 crematum
1591 2354 1633 2369 -
1647 2320 1736 2405 quod

409 2425 519 2480 contra
547 2417 655 2481 decuit
683 2418 723 2480 ah
751 2418 807 2480 illo
836 2438 940 2480 meum
968 2455 1027 2492 -‚
1060 2419 1185 2482 animus
1211 2438 1288 2481 vero
1315 2439 1379 2482 nou
1406 2438 1455 2481 me
1484 2417 1649 2489 deserens,
1679 2416 1736 2479 sed

408 2520 591 2593 respectans
618 2511 651 2573 in
678 2531 716 2575 ea
744 2510 888 2594 proiecto
916 2510 984 2575 loca
1011 2511 1175 2585 discessit,
1206 2533 1269 2595 quo
1298 2512 1375 2574 mihi
1402 2511 1464 2594 ipsi
1489 2510 1639 2574 cernebat
1666 2529 1736 2573 esse

409 2604 614 2669 veniendum.
653 2605 757 2680 Quem
779 2626 838 2689 ego
862 2625 966 2668 meum
989 2626 1096 2667 casum
1119 2604 1244 2684 fortiter
1264 2603 1346 2666 ferre
1368 2604 1563 2678 visurenm,
1585 2624 1650 2666 non
1672 2622 1736 2685 quo

410 2717 513 2781 aequo
543 2701 648 2762 animo
676 2698 808 2774 ferrem,
839 2700 895 2763 sed
923 2719 974 2761 me
1000 2700 1069 2781 ipse
1097 2699 1285 2762 consolabar
1310 2697 1506 2760 existumans
1526 2717 1593 2759 non
1614 2694 1774 2779 longia-u

410 2811 509 2874 quum
532 2792 615 2855 inter
637 2813 694 2856 nos
717 2794 894 2876 digressum
917 2800 948 2854 et
963 2793 1135 2855 discessum
1152 2792 1230 2856 lore.
1266 2789 1319 2853 85.
1333 2791 1392 2853 llis
1406 2790 1484 2853 mihi
1498 2791 1603 2865 nehus,
1619 2791 1736 2873 Scipio,

409 2916 450 2930 -
473 2885 505 2947 id
528 2886 613 2948 enim
635 2894 667 2949 te
689 2907 761 2949 cum
784 2886 890 2950 Laelio
913 2885 1060 2949 admirari
1082 2887 1186 2949 solere
1210 2885 1318 2947 dixisti
1340 2920 1382 2929 —
1410 2885 1489 2949 levis
1511 2892 1561 2948 est
1581 2892 1737 2958 senectus,

409 2997 469 3040 nec
491 2978 595 3041 solum
618 2999 683 3042 uon
706 2980 854 3053 molesta,
877 2978 933 3042 sed
955 2979 1050 3042 etiam
1072 2978 1219 3042 iucunda.
1264 2976 1408 3054 Quodsi
1431 2981 1464 3042 in
1485 2979 1547 3042 hoc
1569 2996 1655 3052 erro,
1683 2978 1738 3062 qui

410 3071 534 3135 animos
560 3072 724 3136 hominum
751 3072 935 3135 inmortales
958 3093 1029 3136 csse
1051 3073 1194 3145 credam,
1223 3071 1358 3135 libenter
1379 3093 1450 3135 erro
1473 3092 1531 3134 uec
1547 3070 1640 3155 mihi
1653 3071 1737 3134 huuc

410 3187 560 3241 errorem,
583 3187 647 3251 quo
671 3166 822 3240 delector,
845 3167 919 3229 dum
942 3166 1026 3239 rivo,
1048 3166 1231 3250 extorqueri
1254 3165 1342 3229 volo:
1365 3167 1414 3230 sin
1437 3174 1589 3239 mortuus,
1611 3172 1647 3227 nt
1667 3164 1775 3248 qui-eo

410 3260 481 3323 dam
504 3261 617 3323 minuti
641 3260 825 3343 philosophi
848 3268 987 3332 censent,
1011 3260 1089 3322 nihil
1112 3261 1255 3334 sentiam,
1277 3279 1340 3321 uon
1362 3280 1475 3323 vereor
1496 3279 1537 3322 ne
1552 3259 1637 3323 hunc
1652 3278 1738 3322 erro·

409 3373 474 3417 rem
496 3374 602 3417 meum
625 3354 807 3437 philosophi
831 3354 946 3417 mortui
969 3353 1132 3417 irrideant.
1170 3353 1263 3428 Quod
1286 3354 1313 3416 si
1335 3373 1399 3416 non
1422 3374 1532 3417 sumus
1554 3353 1737 3417 inmortales

409 3445 525 3522 futuri,
552 3457 657 3511 tamen
686 3448 831 3529 extingui
860 3447 980 3511 homini
1010 3468 1070 3511 suo
1101 3455 1244 3530 tempore
1271 3447 1412 3529 optabile
1440 3455 1498 3511 est.
1541 3449 1620 3510 Nam
1642 3445 1739 3509 hahet

410 3552 524 3606 natura
544 3551 580 3606 ut
600 3543 733 3606 aliarum
756 3563 862 3605 rerum
886 3543 1038 3616 omnium,
1062 3543 1108 3604 sic
1129 3541 1255 3603 vivendi
1279 3540 1419 3603 modum.
1456 3542 1610 3605 Senectus
1631 3548 1736 3604 autem

410 3638 523 3699 aetatis
545 3644 594 3700 est
616 3635 755 3719 peractio
778 3644 938 3718 tamquam
960 3635 1096 3709 fabulae,
1121 3635 1209 3698 cuius
1233 3633 1488 3717 defetigationem
1510 3635 1621 3719 lugere
1642 3634 1775 3699 debers

412 3750 497 3804 mus,
521 3731 705 3812 praesertim
727 3728 874 3792 adiuncta
895 3729 1049 3792 satietate.

494 3823 580 3885 llaec
606 3822 702 3885 hahui
730 3822 771 3884 de
796 3830 960 3885 senectute
987 3842 1070 3907 quae
1096 3821 1258 3898 dicerem3
1290 3822 1331 3886 ad
1359 3842 1455 3906 quam
1482 3824 1604 3889 utinam
1625 3845 1738 3908 perre-

318 3937 322 3944 ·
412 3915 524 3990 nietie,
547 3923 580 3978 ut
602 3935 654 3991 ea,
679 3935 762 3999 quae
784 3937 825 3980 ex
847 3937 897 3980 me
918 3917 1069 3998 audistis,
1091 3936 1126 3980 re
1147 3916 1273 3999 experti
1295 3917 1427 4000 prohare
1450 3918 1589 4001 possitis.

462 4130 484 4178 i.
498 4129 593 4178 accim
604 4130 638 4177 od
649 4142 762 4179 carceres
778 4130 838 4180 cod.
849 4127 985 4181 licerelius
997 4130 1098 4192 Klotzii,
1111 4131 1145 4181 ad
1156 4144 1269 4180 carceres
1279 4143 1333 4181 om.
1345 4131 1364 4180 E
1378 4158 1405 4168 -
1420 4132 1566 4183 mimdahet
1576 4136 1632 4183 uita
1649 4134 1735 4185 uua:

411 4205 482 4254 hahet
498 4206 563 4254 euim
579 4207 634 4255 aito
652 4205 693 4263 is,
712 4206 777 4254 enim
793 4207 849 4253 atta
866 4205 937 4254 hahet
955 4206 974 4255 Β
991 4204 1062 4257 solus
1082 4232 1108 4242 -
1129 4208 1152 4256 Β,
1166 4206 1237 4255 hadel
1252 4219 1312 4256 scae
1322 4206 1436 4256 BiilNS
1449 4232 1476 4244 -
1495 4208 1582 4257 hahuit
1597 4210 1694 4258 certeN
1708 4236 1736 4247 -

410 4278 435 4330 3.
454 4294 504 4329 aon
520 4281 586 4330 enim
601 4280 666 4329 iudet
683 4280 719 4339 N,
738 4281 804 4329 caim
820 4280 908 4330 om,E
926 4300 959 4317 ·-
979 4281 1044 4329 orel
1069 4305 1098 4315 -
1122 4282 1223 4330 eiidocti
1240 4282 1276 4330 N:
1299 4282 1393 4332 indocti
1410 4284 1468 4343 RS,
1491 4287 1515 4332 et
1530 4281 1622 4333 indocti
1638 4283 1689 4344 itt,
1715 4289 1739 4333 st

410 4355 476 4404 docti
493 4355 511 4404 Β
531 4381 559 4391 -
578 4354 602 4405 i.
614 4355 725 4417 [meant
742 4368 814 4416 saepe
832 4356 860 4413 Β,
878 4368 952 4417 saepe
968 4367 1022 4404 om.
1036 4354 1056 4403 Β
1075 4380 1102 4389 -
1122 4356 1216 4404 uixisse
1232 4368 1271 4404 me
1287 4356 1308 4405 N
1325 4381 1358 4392 -
1372 4357 1465 4417 penda
1481 4370 1519 4406 ore
1535 4359 1631 4408 aiaism
1646 4359 1700 4407 1-
1711 4360 1736 4409 d.

409 4430 448 4479 ita
464 4442 523 4492 sup.
536 4427 580 4477 liu.
600 4429 609 4477 l
631 4455 655 4464 -
675 4428 699 4477 6.
712 4430 808 4477 edoma
826 4430 926 4478 lNliS:
945 4444 958 4479 e
975 4441 1025 4480 om.
1041 4429 1069 4486 E,
1088 4430 1204 4478 eedorm
1221 4430 1265 4480 ΒΟ
1285 4456 1312 4466 -
1332 4430 1499 4480 diuersoriam
1515 4432 1550 4482 C:
1569 4433 1739 4483 &aenaim

410 4503 431 4552 0
450 4529 477 4539 -
496 4502 520 4551 7.
539 4502 605 4551 dedic
620 4515 670 4550 aaa
686 4501 816 4551 habitandi
834 4503 894 4564 (om.
906 4503 982 4565 mdis)
1001 4505 1020 4553 E
1037 4503 1110 4554 solus
1130 4531 1156 4540 -
1180 4505 1310 4554 maana
1326 4506 1408 4555 locam
1425 4507 1491 4556 dedit
1506 4507 1522 4557 t
1540 4505 1618 4556 codd.
1632 4508 1738 4557 hisnutii

412 4601 439 4613 -
459 4590 516 4626 cam
531 4577 558 4624 ia
574 4575 644 4624 itiam
662 4576 717 4636 (sic)
729 4602 768 4614 --
780 4576 903 4624 discedam
925 4579 1024 4628 Nonius
1048 4591 1073 4641 p.
1087 4576 1144 4638 sai,
1158 4580 1203 4641 at,
1227 4579 1299 4629 idem
1320 4593 1348 4644 p.
1361 4580 1406 4643 82,
1421 4582 1452 4630 ⁴0
1474 4595 1577 4643 emaque
1594 4596 1627 4631 ec
1642 4584 1689 4633 hac
1701 4608 1739 4620 ·-

410 4653 536 4703 discedam
556 4678 582 4687 -
602 4652 636 4700 ad
651 4651 713 4700 itiad
731 4652 831 4700 uiris:
850 4652 884 4700 ad
900 4651 969 4702 itiam
987 4653 1020 4711 E,
1039 4654 1066 4701 ia
1081 4653 1144 4701 iliad
1161 4653 1252 4704 Duish.
1271 4655 1299 4703 et
1316 4652 1394 4716 liild.,
1412 4657 1440 4705 in
1457 4656 1528 4705 iiiam
1546 4657 1565 4706 Β
1583 4658 1610 4706 et
1626 4657 1692 4708 Gud.
1709 4685 1736 4695 -

410 4728 555 4775 Βιύἑηονωη
572 4726 614 4775 BS
634 4752 660 4760 -
679 4726 703 4774 8.
723 4726 873 4790 caunense]
885 4741 997 4777 amorem
1014 4729 1033 4779 E
1054 4755 1080 4764 —
1100 4734 1246 4792 caeteraque
1262 4730 1328 4779 aas
1344 4756 1377 4766 -
1394 4744 1451 4780 cam
1467 4745 1501 4781 ee
1516 4732 1565 4781 tac
1581 4732 1669 4783 tardae
1684 4734 1738 4784 coi-

410 4802 593 4854 taaioneN-
613 4801 729 4849 esaum
747 4802 978 4853 adeosE-to.
996 4805 1071 4853 etiam
1088 4804 1176 4854 omli
1196 4830 1223 4842 -
1243 4806 1583 4868 qaoairoairaemoli-
1604 4810 1736 4874 tt.aemo]

411 4876 1479 4944 maenamE-pteraaoma-esreorpaameeoecromaoms-
1500 4891 1740 4945 corpascreraatam

410 4956 446 5000 est
462 4951 482 5000 0
499 4953 526 5002 et
543 4949 635 5001 Duisb.
654 4950 726 5003 solus
744 4966 776 5002 er
794 4954 862 5003 meis
885 4980 912 4990 -
936 4961 1092 5016 quocontra
1109 4958 1128 5007 Β
1152 4983 1179 4993 -
1208 4956 1246 5007 ta.
1266 4956 1322 5006 loca
1336 4956 1446 5018 profecto
1463 4957 1483 5008 E
1502 4982 1528 4994 -
1547 4959 1599 5021 ipse
1615 4960 1737 5019 ΒΙΒΒΒ,

411 5024 498 5074 omli
514 5039 614 5076 -esse
631 5027 719 5077 omli
748 5054 774 5062 -
804 5028 843 5078 ti.
862 5030 1016 5079 ueniundum
1034 5032 1043 5079 1
1069 5058 1096 5069 -
1123 5044 1173 5092 qao
1189 5032 1278 5081 omli
1303 5060 1330 5068 -
1358 5033 1397 5082 ts.
1417 5046 1497 5097 aequo
1513 5046 1565 5084 om.
1580 5034 1600 5083 Β
1623 5059 1650 5071 -
1677 5047 1739 5083 coa-

409 5099 510 5149 sotador
526 5102 555 5160 Ν,
573 5102 718 5151 cmtsoiobor
735 5102 754 5153 Β
774 5130 801 5139 -
829 5103 868 5152 ti.
882 5117 939 5153 ram
956 5104 1030 5154 laelio
1046 5111 1070 5155 te
1085 5107 1129 5155 BS
1148 5132 1175 5144 -
1202 5111 1313 5156 moetas
1327 5120 1377 5156 oon
1393 5108 1474 5157 sciren
1489 5108 1593 5158 mohsta
1610 5108 1629 5159 Β
1650 5134 1676 5146 -
1696 5108 1736 5158 48.

410 5175 455 5237 qai
471 5174 504 5225 C:
525 5176 591 5236 qaod
607 5177 628 5226 0
646 5201 672 5212 —
693 5176 874 5226 scammum
890 5191 944 5228 om.
958 5180 1014 5240 BN,
1031 5181 1353 5233 inmortalesdomimss
1371 5210 1404 5220 -
1419 5185 1493 5234 credo
1509 5185 1552 5236 BS
1572 5210 1599 5222 —
1619 5185 1660 5235 dt.
1674 5184 1711 5235 ati
1727 5185 1738 5233 1

413 5276 440 5285 -
459 5249 499 5299 tt.
512 5263 609 5299 meran
625 5251 668 5300 BS
689 5277 714 5285 -
731 5253 869 5314 philosophi
885 5256 978 5304 mortui
995 5255 1102 5306 ElNR:
1121 5257 1214 5305 mortui
1229 5257 1367 5320 philosophi
1384 5259 1453 5309 BSO
1473 5285 1499 5296 -
1518 5272 1574 5308 sesa
1590 5258 1740 5307 immortalis

409 5322 511 5386 [atem
528 5325 547 5374 E
567 5351 593 5362 -
613 5325 653 5375 ti.
672 5339 758 5377 renam
775 5330 886 5378 omnirrm
903 5329 948 5379 EN
957 5344 963 5378 :
982 5345 1048 5381 ome.
1061 5345 1148 5382 renam
1164 5331 1276 5383 eluso
1296 5360 1322 5369 -
1341 5334 1382 5384 td.
1401 5338 1436 5383 est
1452 5334 1542 5384 aetatis
1556 5334 1668 5396 peractio
1685 5332 1736 5392 BS,

410 5404 446 5449 est
460 5402 571 5462 peractio
587 5404 677 5451 aetatis
693 5404 713 5452 Β
733 5431 759 5440 -
781 5405 980 5469 deletipatioaem
997 5408 1070 5457 lits:
1089 5408 1247 5468 defectiones
1263 5407 1284 5457 Β
1300 5405 1373 5458 solus
1390 5420 1422 5457 ex
1442 5409 1517 5467 meis,
1536 5408 1739 5471 defamattoeem

411 5474 496 5535 BNO,
519 5477 581 5527 item
599 5478 618 5527 E
636 5490 696 5541 sup.
710 5478 754 5529 lin.
786 5506 813 5517 -
843 5481 883 5531 ΞΒ.
902 5482 937 5531 ll.
959 5481 1040 5531 Trccu
1056 5484 1191 5533 crcaaorus
1214 5494 1275 5533 caro
1294 5495 1370 5533 aaron
1391 5496 1516 5535 nrrcrcrr.
1535 5484 1566 5543 S,
1590 5482 1702 5545 iicptitit
1718 5488 1738 5538 t.

411 5554 546 5600 mortuo.
567 5552 601 5610 Β,
624 5553 743 5614 Explicit
762 5555 786 5615 1,
813 5555 923 5617 dcpiicit
939 5556 1024 5605 tettiar
1041 5557 1070 5606 de
1087 5561 1216 5606 senectute.
1235 5558 1270 5618 Β,
1294 5558 1377 5607 liarct
1389 5558 1461 5607 Taitii
1477 5558 1601 5609 dicerem
1616 5560 1647 5609 de
1660 5559 1739 5608 srae-

411 5629 478 5674 ctate
493 5626 648 5676 addciicson
665 5628 727 5678 iiber
742 5630 854 5691 mitat.
869 5630 972 5690 Duish„
990 5633 1026 5682 ll.
1039 5632 1105 5681 tuitii
1121 5632 1241 5681 ciceronis
1257 5632 1286 5682 de
1302 5637 1423 5682 senectute
1438 5632 1500 5684 tiber
1516 5634 1618 5696 eoepiicit
1635 5630 1701 5682 Gud.
1712 5634 1737 5694 t,

410 5701 496 5824 ms
508 5701 581 5826 quq
592 5701 716 5754 cenosa
728 5705 843 5755 orcam
859 5706 1055 5757 manasei
1071 5707 1102 5755 ao
1113 5706 1241 5757 omae
1257 5705 1319 5758 ater
1334 5706 1558 5770 optassem.
1571 5707 1616 5757 aa
1626 5706 1737 5771 maa.

491 5813 497 5825 .
538 5790 553 5826 8
584 5815 590 5827 .
