<?xml version="1.0" encoding="UTF-8"?>
<!DOCTYPE html PUBLIC "-//W3C//DTD XHTML 1.0 Transitional//EN"
    "http://www.w3.org/TR/xhtml1/DTD/xhtml1-transitional.dtd">
<html xmlns="http://www.w3.org/1999/xhtml" xml:lang="en" lang="en">
 <head>
  <title>
</title>
<meta http-equiv="Content-Type" content="text/html;charset=utf-8" />
  <meta name='ocr-system' content='tesseract 3.04.00' />
  <meta name='ocr-capabilities' content='ocr_page ocr_carea ocr_par ocr_line ocrx_word'/>
</head>
<body>
  <div class='ocr_page' id='page_1' title='image "./operaquaesupers00halmgoog/operaquaesupers00halmgoog_0472.png"; bbox 0 0 4342 7459; ppageno 0'>
   <div class='ocr_carea' id='block_1_1' title="bbox 440 1233 1318 1305">
    <p class='ocr_par' dir='ltr' id='par_1_1' title="bbox 440 1233 1318 1305">
     <span class='ocr_line' id='line_1_1' title="bbox 440 1233 1318 1305; baseline -0.005 0"><span class='ocrx_word' id='word_1_1' title='bbox 440 1237 503 1305; x_wconf 79' lang='lat' dir='ltr'>toi</span> <span class='ocrx_word' id='word_1_2' title='bbox 887 1233 943 1299; x_wconf 82' lang='lat' dir='ltr'>llll</span> <span class='ocrx_word' id='word_1_3' title='bbox 965 1233 1133 1301; x_wconf 79' lang='lat' dir='ltr'>neontttt</span> <span class='ocrx_word' id='word_1_4' title='bbox 1153 1234 1318 1301; x_wconf 72' lang='lat' dir='ltr'>aarum</span> 
     </span>
    </p>
   </div>
   <div class='ocr_carea' id='block_1_2' title="bbox 399 1395 1850 4778">
    <p class='ocr_par' dir='ltr' id='par_1_2' title="bbox 399 1395 1850 4778">
     <span class='ocr_line' id='line_1_2' title="bbox 442 1395 1771 1483; baseline -0.003 -13"><span class='ocrx_word' id='word_1_5' title='bbox 442 1405 503 1470; x_wconf 89' lang='lat' dir='ltr'>deo</span> <span class='ocrx_word' id='word_1_6' title='bbox 524 1421 584 1466; x_wconf 88' lang='lat' dir='ltr'>nec</span> <span class='ocrx_word' id='word_1_7' title='bbox 605 1401 703 1465; x_wconf 87' lang='lat' dir='ltr'>ullam</span> <span class='ocrx_word' id='word_1_8' title='bbox 723 1400 788 1464; x_wconf 83' lang='lat' dir='ltr'>rim</span> <span class='ocrx_word' id='word_1_9' title='bbox 809 1416 881 1463; x_wconf 89' lang='lat' dir='ltr'>esse</span> <span class='ocrx_word' id='word_1_10' title='bbox 902 1403 1049 1473; x_wconf 86' lang='lat' dir='ltr'>naturae,</span> <span class='ocrx_word' id='word_1_11' title='bbox 1072 1402 1109 1461; x_wconf 92' lang='lat' dir='ltr'>ut</span> <span class='ocrx_word' id='word_1_12' title='bbox 1129 1396 1180 1460; x_wconf 92' lang='lat' dir='ltr'>sui</span> <span class='ocrx_word' id='word_1_13' title='bbox 1195 1395 1360 1462; x_wconf 74' lang='lat' dir='ltr'>dissimilia</span> <span class='ocrx_word' id='word_1_14' title='bbox 1373 1404 1485 1482; x_wconf 89' lang='lat' dir='ltr'>posset</span> <span class='ocrx_word' id='word_1_15' title='bbox 1498 1395 1662 1483; x_wconf 81' lang='lat' dir='ltr'>effingere.</span> <span class='ocrx_word' id='word_1_16' title='bbox 1687 1397 1771 1466; x_wconf 81' lang='lat' dir='ltr'>Gon·</span> 
     </span>
     <span class='ocr_line' id='line_1_3' title="bbox 441 1490 1771 1575; baseline -0.005 -10"><span class='ocrx_word' id='word_1_17' title='bbox 441 1502 549 1565; x_wconf 90' lang='lat' dir='ltr'>cedam</span> <span class='ocrx_word' id='word_1_18' title='bbox 572 1516 637 1562; x_wconf 92' lang='lat' dir='ltr'>non</span> <span class='ocrx_word' id='word_1_19' title='bbox 658 1495 755 1559; x_wconf 90' lang='lat' dir='ltr'>modo</span> <span class='ocrx_word' id='word_1_20' title='bbox 776 1494 967 1558; x_wconf 72' lang='lat' dir='ltr'>animantem</span> <span class='ocrx_word' id='word_1_21' title='bbox 989 1500 1022 1555; x_wconf 91' lang='lat' dir='ltr'>et</span> <span class='ocrx_word' id='word_1_22' title='bbox 1042 1493 1220 1575; x_wconf 75' lang='lat' dir='ltr'>sapientem</span> <span class='ocrx_word' id='word_1_23' title='bbox 1241 1511 1311 1556; x_wconf 84' lang='lat' dir='ltr'>esse</span> <span class='ocrx_word' id='word_1_24' title='bbox 1333 1492 1503 1568; x_wconf 89' lang='lat' dir='ltr'>mnndum,</span> <span class='ocrx_word' id='word_1_25' title='bbox 1531 1492 1589 1557; x_wconf 87' lang='lat' dir='ltr'>sed</span> <span class='ocrx_word' id='word_1_26' title='bbox 1610 1490 1771 1559; x_wconf 80' lang='lat' dir='ltr'>fidicinem</span> 
     </span>
     <span class='ocr_line' id='line_1_4' title="bbox 441 1587 1773 1674; baseline -0.004 -16"><span class='ocrx_word' id='word_1_27' title='bbox 441 1596 535 1659; x_wconf 90' lang='lat' dir='ltr'>etiam</span> <span class='ocrx_word' id='word_1_28' title='bbox 558 1598 590 1655; x_wconf 91' lang='lat' dir='ltr'>et</span> <span class='ocrx_word' id='word_1_29' title='bbox 610 1590 799 1663; x_wconf 88' lang='lat' dir='ltr'>tubicinem,</span> <span class='ocrx_word' id='word_1_30' title='bbox 822 1588 972 1672; x_wconf 90' lang='lat' dir='ltr'>qnoniam</span> <span class='ocrx_word' id='word_1_31' title='bbox 992 1605 1101 1650; x_wconf 90' lang='lat' dir='ltr'>earnm</span> <span class='ocrx_word' id='word_1_32' title='bbox 1118 1604 1248 1670; x_wconf 88' lang='lat' dir='ltr'>quoqne</span> <span class='ocrx_word' id='word_1_33' title='bbox 1268 1587 1384 1651; x_wconf 87' lang='lat' dir='ltr'>artium</span> <span class='ocrx_word' id='word_1_34' title='bbox 1406 1587 1552 1652; x_wconf 87' lang='lat' dir='ltr'>homines</span> <span class='ocrx_word' id='word_1_35' title='bbox 1573 1607 1617 1652; x_wconf 82' lang='lat' dir='ltr'>ex</span> <span class='ocrx_word' id='word_1_36' title='bbox 1636 1608 1676 1653; x_wconf 91' lang='lat' dir='ltr'>eo</span> <span class='ocrx_word' id='word_1_37' title='bbox 1695 1607 1773 1674; x_wconf 90' lang='lat' dir='ltr'>pro-</span> 
     </span>
     <span class='ocr_line' id='line_1_5' title="bbox 440 1680 1773 1766; baseline -0.002 -14"><span class='ocrx_word' id='word_1_38' title='bbox 440 1688 612 1753; x_wconf 74' lang='lat' dir='ltr'>creantur?</span> <span class='ocrx_word' id='word_1_39' title='bbox 646 1683 731 1747; x_wconf 85' lang='lat' dir='ltr'>Nihil</span> <span class='ocrx_word' id='word_1_40' title='bbox 759 1683 856 1766; x_wconf 84' lang='lat' dir='ltr'>igitur</span> <span class='ocrx_word' id='word_1_41' title='bbox 884 1681 986 1746; x_wconf 83' lang='lat' dir='ltr'>adfert</span> <span class='ocrx_word' id='word_1_42' title='bbox 1007 1689 1099 1764; x_wconf 90' lang='lat' dir='ltr'>pater</span> <span class='ocrx_word' id='word_1_43' title='bbox 1119 1681 1180 1744; x_wconf 89' lang='lat' dir='ltr'>iste</span> <span class='ocrx_word' id='word_1_44' title='bbox 1203 1680 1394 1757; x_wconf 86' lang='lat' dir='ltr'>Stoicorum,</span> <span class='ocrx_word' id='word_1_45' title='bbox 1425 1701 1524 1765; x_wconf 87' lang='lat' dir='ltr'>quare</span> <span class='ocrx_word' id='word_1_46' title='bbox 1546 1683 1700 1749; x_wconf 81' lang='lat' dir='ltr'>mnndum</span> <span class='ocrx_word' id='word_1_47' title='bbox 1721 1701 1773 1749; x_wconf 80' lang='lat' dir='ltr'>ra·</span> 
     </span>
     <span class='ocr_line' id='line_1_6' title="bbox 415 1772 1773 1863; baseline -0.002 -19"><span class='ocrx_word' id='word_1_48' title='bbox 415 1785 527 1848; x_wconf 89' lang='lat' dir='ltr'>ctione</span> <span class='ocrx_word' id='word_1_49' title='bbox 548 1780 595 1844; x_wconf 93' lang='lat' dir='ltr'>uti</span> <span class='ocrx_word' id='word_1_50' title='bbox 616 1784 779 1863; x_wconf 86' lang='lat' dir='ltr'>putemus,</span> <span class='ocrx_word' id='word_1_51' title='bbox 801 1796 843 1841; x_wconf 91' lang='lat' dir='ltr'>ne</span> <span class='ocrx_word' id='word_1_52' title='bbox 865 1795 923 1839; x_wconf 89' lang='lat' dir='ltr'>cur</span> <span class='ocrx_word' id='word_1_53' title='bbox 942 1775 1134 1839; x_wconf 75' lang='lat' dir='ltr'>animantem</span> <span class='ocrx_word' id='word_1_54' title='bbox 1149 1772 1281 1858; x_wconf 89' lang='lat' dir='ltr'>quidem</span> <span class='ocrx_word' id='word_1_55' title='bbox 1303 1794 1384 1839; x_wconf 85' lang='lat' dir='ltr'>esse.</span> <span class='ocrx_word' id='word_1_56' title='bbox 1416 1777 1488 1841; x_wconf 84' lang='lat' dir='ltr'>Non</span> <span class='ocrx_word' id='word_1_57' title='bbox 1503 1784 1552 1842; x_wconf 92' lang='lat' dir='ltr'>est</span> <span class='ocrx_word' id='word_1_58' title='bbox 1569 1778 1773 1861; x_wconf 87' lang='lat' dir='ltr'>igitnrmun·</span> 
     </span>
     <span class='ocr_line' id='line_1_7' title="bbox 439 1868 1850 1956; baseline -0.002 -18"><span class='ocrx_word' id='word_1_59' title='bbox 439 1876 500 1939; x_wconf 92' lang='lat' dir='ltr'>dus</span> <span class='ocrx_word' id='word_1_60' title='bbox 521 1874 617 1949; x_wconf 82' lang='lat' dir='ltr'>deus,</span> <span class='ocrx_word' id='word_1_61' title='bbox 650 1879 683 1938; x_wconf 90' lang='lat' dir='ltr'>et</span> <span class='ocrx_word' id='word_1_62' title='bbox 711 1878 817 1935; x_wconf 90' lang='lat' dir='ltr'>tamen</span> <span class='ocrx_word' id='word_1_63' title='bbox 844 1869 925 1934; x_wconf 90' lang='lat' dir='ltr'>nihil</span> <span class='ocrx_word' id='word_1_64' title='bbox 952 1876 1002 1935; x_wconf 87' lang='lat' dir='ltr'>est</span> <span class='ocrx_word' id='word_1_65' title='bbox 1026 1888 1065 1932; x_wconf 91' lang='lat' dir='ltr'>eo</span> <span class='ocrx_word' id='word_1_66' title='bbox 1093 1868 1226 1945; x_wconf 84' lang='lat' dir='ltr'>melius3</span> <span class='ocrx_word' id='word_1_67' title='bbox 1258 1868 1341 1932; x_wconf 93' lang='lat' dir='ltr'>nihil</span> <span class='ocrx_word' id='word_1_68' title='bbox 1362 1876 1411 1935; x_wconf 91' lang='lat' dir='ltr'>est</span> <span class='ocrx_word' id='word_1_69' title='bbox 1431 1872 1516 1935; x_wconf 90' lang='lat' dir='ltr'>enim</span> <span class='ocrx_word' id='word_1_70' title='bbox 1538 1891 1576 1936; x_wconf 94' lang='lat' dir='ltr'>eo</span> <span class='ocrx_word' id='word_1_71' title='bbox 1598 1870 1773 1956; x_wconf 71' lang='lat' dir='ltr'>pulchrius,</span> <span class='ocrx_word' id='word_1_72' title='bbox 1845 1941 1850 1956; x_wconf 58' lang='grc'>,</span> 
     </span>
     <span class='ocr_line' id='line_1_8' title="bbox 440 1963 1772 2049; baseline -0.003 -15"><span class='ocrx_word' id='word_1_73' title='bbox 440 1970 521 2035; x_wconf 91' lang='lat' dir='ltr'>nihil</span> <span class='ocrx_word' id='word_1_74' title='bbox 542 1967 712 2033; x_wconf 90' lang='lat' dir='ltr'>salutarius</span> <span class='ocrx_word' id='word_1_75' title='bbox 734 1965 841 2039; x_wconf 87' lang='lat' dir='ltr'>nobis,</span> <span class='ocrx_word' id='word_1_76' title='bbox 863 1963 943 2027; x_wconf 91' lang='lat' dir='ltr'>nihil</span> <span class='ocrx_word' id='word_1_77' title='bbox 966 1963 1109 2028; x_wconf 89' lang='lat' dir='ltr'>ornatius</span> <span class='ocrx_word' id='word_1_78' title='bbox 1130 1970 1261 2047; x_wconf 90' lang='lat' dir='ltr'>aspectu</span> <span class='ocrx_word' id='word_1_79' title='bbox 1276 1971 1428 2049; x_wconf 86' lang='lat' dir='ltr'>motuque</span> <span class='ocrx_word' id='word_1_80' title='bbox 1441 1966 1645 2031; x_wconf 88' lang='lat' dir='ltr'>constantius.</span> <span class='ocrx_word' id='word_1_81' title='bbox 1674 1965 1772 2044; x_wconf 80' lang='lat' dir='ltr'>Quod</span> 
     </span>
     <span class='ocr_line' id='line_1_9' title="bbox 439 2058 1773 2144; baseline -0.003 -15"><span class='ocrx_word' id='word_1_82' title='bbox 439 2066 467 2129; x_wconf 90' lang='lat' dir='ltr'>si</span> <span class='ocrx_word' id='word_1_83' title='bbox 488 2062 626 2127; x_wconf 88' lang='lat' dir='ltr'>mondus</span> <span class='ocrx_word' id='word_1_84' title='bbox 647 2059 816 2124; x_wconf 81' lang='lat' dir='ltr'>universus</span> <span class='ocrx_word' id='word_1_85' title='bbox 837 2078 903 2122; x_wconf 91' lang='lat' dir='ltr'>non</span> <span class='ocrx_word' id='word_1_86' title='bbox 924 2065 974 2122; x_wconf 93' lang='lat' dir='ltr'>est</span> <span class='ocrx_word' id='word_1_87' title='bbox 995 2058 1090 2132; x_wconf 89' lang='lat' dir='ltr'>dens,</span> <span class='ocrx_word' id='word_1_88' title='bbox 1112 2078 1153 2122; x_wconf 91' lang='lat' dir='ltr'>ne</span> <span class='ocrx_word' id='word_1_89' title='bbox 1173 2059 1285 2122; x_wconf 91' lang='lat' dir='ltr'>stellae</span> <span class='ocrx_word' id='word_1_90' title='bbox 1300 2059 1445 2143; x_wconf 89' lang='lat' dir='ltr'>quidem,</span> <span class='ocrx_word' id='word_1_91' title='bbox 1467 2080 1548 2144; x_wconf 89' lang='lat' dir='ltr'>quas</span> <span class='ocrx_word' id='word_1_92' title='bbox 1568 2068 1604 2125; x_wconf 92' lang='lat' dir='ltr'>tn</span> <span class='ocrx_word' id='word_1_93' title='bbox 1625 2061 1773 2125; x_wconf 89' lang='lat' dir='ltr'>innume-</span> 
     </span>
     <span class='ocr_line' id='line_1_10' title="bbox 438 2152 1773 2240; baseline -0.002 -17"><span class='ocrx_word' id='word_1_94' title='bbox 438 2158 548 2223; x_wconf 87' lang='lat' dir='ltr'>rabilis</span> <span class='ocrx_word' id='word_1_95' title='bbox 569 2158 603 2221; x_wconf 93' lang='lat' dir='ltr'>in</span> <span class='ocrx_word' id='word_1_96' title='bbox 624 2154 758 2219; x_wconf 91' lang='lat' dir='ltr'>deorum</span> <span class='ocrx_word' id='word_1_97' title='bbox 778 2172 912 2217; x_wconf 91' lang='lat' dir='ltr'>numero</span> <span class='ocrx_word' id='word_1_98' title='bbox 932 2152 1127 2236; x_wconf 78' lang='lat' dir='ltr'>reponebas,</span> <span class='ocrx_word' id='word_1_99' title='bbox 1155 2171 1290 2238; x_wconf 87' lang='lat' dir='ltr'>quarum</span> <span class='ocrx_word' id='word_1_100' title='bbox 1321 2160 1353 2217; x_wconf 88' lang='lat' dir='ltr'>te</span> <span class='ocrx_word' id='word_1_101' title='bbox 1379 2174 1490 2219; x_wconf 90' lang='lat' dir='ltr'>cursus</span> <span class='ocrx_word' id='word_1_102' title='bbox 1511 2154 1696 2240; x_wconf 89' lang='lat' dir='ltr'>aequabiles</span> <span class='ocrx_word' id='word_1_103' title='bbox 1718 2175 1773 2221; x_wconf 87' lang='lat' dir='ltr'>ac·</span> 
     </span>
     <span class='ocr_line' id='line_1_11' title="bbox 401 2246 1772 2336; baseline 0.001 -23"><span class='ocrx_word' id='word_1_104' title='bbox 401 2254 588 2336; x_wconf 77' lang='lat' dir='ltr'>internique</span> <span class='ocrx_word' id='word_1_105' title='bbox 610 2249 823 2322; x_wconf 84' lang='lat' dir='ltr'>delectabant,</span> <span class='ocrx_word' id='word_1_106' title='bbox 853 2267 912 2311; x_wconf 88' lang='lat' dir='ltr'>nec</span> <span class='ocrx_word' id='word_1_107' title='bbox 934 2248 1136 2311; x_wconf 89' lang='lat' dir='ltr'>mehercule</span> <span class='ocrx_word' id='word_1_108' title='bbox 1157 2246 1290 2323; x_wconf 83' lang='lat' dir='ltr'>iniuria3</span> <span class='ocrx_word' id='word_1_109' title='bbox 1319 2254 1395 2312; x_wconf 91' lang='lat' dir='ltr'>sunt</span> <span class='ocrx_word' id='word_1_110' title='bbox 1415 2250 1500 2313; x_wconf 91' lang='lat' dir='ltr'>enim</span> <span class='ocrx_word' id='word_1_111' title='bbox 1522 2248 1701 2315; x_wconf 71' lang='lat' dir='ltr'>admirabili</span> <span class='ocrx_word' id='word_1_112' title='bbox 1722 2250 1772 2315; x_wconf 85' lang='lat' dir='ltr'>in·</span> 
     </span>
     <span class='ocr_line' id='line_1_12' title="bbox 438 2336 1772 2430; baseline -0.002 -17"><span class='ocrx_word' id='word_1_113' title='bbox 438 2346 649 2430; x_wconf 86' lang='lat' dir='ltr'>credibilique</span> <span class='ocrx_word' id='word_1_114' title='bbox 670 2341 857 2406; x_wconf 90' lang='lat' dir='ltr'>constantia.</span> <span class='ocrx_word' id='word_1_115' title='bbox 890 2336 943 2404; x_wconf 74' lang='lat' dir='ltr'>tl.</span> <span class='ocrx_word' id='word_1_116' title='bbox 959 2340 1021 2405; x_wconf 86' lang='lat' dir='ltr'>Sed</span> <span class='ocrx_word' id='word_1_117' title='bbox 1037 2361 1103 2405; x_wconf 90' lang='lat' dir='ltr'>non</span> <span class='ocrx_word' id='word_1_118' title='bbox 1119 2342 1241 2417; x_wconf 87' lang='lat' dir='ltr'>omnia,</span> <span class='ocrx_word' id='word_1_119' title='bbox 1263 2342 1376 2420; x_wconf 87' lang='lat' dir='ltr'>Balbe,</span> <span class='ocrx_word' id='word_1_120' title='bbox 1398 2363 1480 2426; x_wconf 90' lang='lat' dir='ltr'>qnae</span> <span class='ocrx_word' id='word_1_121' title='bbox 1495 2363 1607 2408; x_wconf 90' lang='lat' dir='ltr'>corsos</span> <span class='ocrx_word' id='word_1_122' title='bbox 1621 2352 1726 2409; x_wconf 87' lang='lat' dir='ltr'>certos</span> <span class='ocrx_word' id='word_1_123' title='bbox 1738 2351 1772 2410; x_wconf 89' lang='lat' dir='ltr'>et</span> 
     </span>
     <span class='ocr_line' id='line_1_13' title="bbox 437 2435 1771 2520; baseline -0.005 -12"><span class='ocrx_word' id='word_1_124' title='bbox 437 2440 610 2508; x_wconf 86' lang='lat' dir='ltr'>constantis</span> <span class='ocrx_word' id='word_1_125' title='bbox 632 2436 765 2511; x_wconf 89' lang='lat' dir='ltr'>habent,</span> <span class='ocrx_word' id='word_1_126' title='bbox 787 2455 825 2500; x_wconf 90' lang='lat' dir='ltr'>ea</span> <span class='ocrx_word' id='word_1_127' title='bbox 846 2435 908 2498; x_wconf 92' lang='lat' dir='ltr'>deo</span> <span class='ocrx_word' id='word_1_128' title='bbox 930 2437 1036 2518; x_wconf 90' lang='lat' dir='ltr'>potius</span> <span class='ocrx_word' id='word_1_129' title='bbox 1058 2436 1226 2500; x_wconf 90' lang='lat' dir='ltr'>tribuenda</span> <span class='ocrx_word' id='word_1_130' title='bbox 1247 2444 1320 2500; x_wconf 90' lang='lat' dir='ltr'>sunt</span> <span class='ocrx_word' id='word_1_131' title='bbox 1334 2456 1429 2520; x_wconf 91' lang='lat' dir='ltr'>quam</span> <span class='ocrx_word' id='word_1_132' title='bbox 1451 2444 1593 2503; x_wconf 88' lang='lat' dir='ltr'>naturae.</span> <span class='ocrx_word' id='word_1_133' title='bbox 1627 2437 1670 2501; x_wconf 79' lang='lat' dir='ltr'>X.</span> <span class='ocrx_word' id='word_1_134' title='bbox 1684 2436 1771 2514; x_wconf 82' lang='lat' dir='ltr'>Quid</span> 
     </span>
     <span class='ocr_line' id='line_1_14' title="bbox 438 2528 1771 2617; baseline -0.005 -15"><span class='ocrx_word' id='word_1_135' title='bbox 438 2533 622 2602; x_wconf 85' lang='lat' dir='ltr'>Chalcidico</span> <span class='ocrx_word' id='word_1_136' title='bbox 643 2532 764 2614; x_wconf 82' lang='lat' dir='ltr'>Euripo</span> <span class='ocrx_word' id='word_1_137' title='bbox 784 2531 817 2594; x_wconf 91' lang='lat' dir='ltr'>in</span> <span class='ocrx_word' id='word_1_138' title='bbox 840 2538 928 2594; x_wconf 89' lang='lat' dir='ltr'>motu</span> <span class='ocrx_word' id='word_1_139' title='bbox 949 2528 1126 2593; x_wconf 86' lang='lat' dir='ltr'>identidem</span> <span class='ocrx_word' id='word_1_140' title='bbox 1147 2530 1376 2613; x_wconf 88' lang='lat' dir='ltr'>reciprocando</span> <span class='ocrx_word' id='word_1_141' title='bbox 1392 2539 1485 2617; x_wconf 90' lang='lat' dir='ltr'>putas</span> <span class='ocrx_word' id='word_1_142' title='bbox 1501 2528 1569 2598; x_wconf 88' lang='lat' dir='ltr'>lieri</span> <span class='ocrx_word' id='word_1_143' title='bbox 1584 2551 1679 2616; x_wconf 90' lang='lat' dir='ltr'>posse</span> <span class='ocrx_word' id='word_1_144' title='bbox 1693 2551 1771 2598; x_wconf 91' lang='lat' dir='ltr'>con·</span> 
     </span>
     <span class='ocr_line' id='line_1_15' title="bbox 437 2622 1632 2710; baseline -0.004 -15"><span class='ocrx_word' id='word_1_145' title='bbox 437 2630 587 2703; x_wconf 87' lang='lat' dir='ltr'>stantius,</span> <span class='ocrx_word' id='word_1_146' title='bbox 610 2626 688 2710; x_wconf 89' lang='lat' dir='ltr'>qnid</span> <span class='ocrx_word' id='word_1_147' title='bbox 709 2624 790 2689; x_wconf 84' lang='lat' dir='ltr'>freto</span> <span class='ocrx_word' id='word_1_148' title='bbox 813 2623 989 2700; x_wconf 88' lang='lat' dir='ltr'>Siciliensi,</span> <span class='ocrx_word' id='word_1_149' title='bbox 1012 2624 1090 2709; x_wconf 91' lang='lat' dir='ltr'>quid</span> <span class='ocrx_word' id='word_1_150' title='bbox 1112 2622 1233 2688; x_wconf 88' lang='lat' dir='ltr'>Oceani</span> <span class='ocrx_word' id='word_1_151' title='bbox 1253 2623 1379 2690; x_wconf 80' lang='lat' dir='ltr'>fervore</span> <span class='ocrx_word' id='word_1_152' title='bbox 1402 2625 1465 2689; x_wconf 93' lang='lat' dir='ltr'>illis</span> <span class='ocrx_word' id='word_1_153' title='bbox 1486 2625 1520 2689; x_wconf 93' lang='lat' dir='ltr'>in</span> <span class='ocrx_word' id='word_1_154' title='bbox 1541 2626 1632 2701; x_wconf 88' lang='lat' dir='ltr'>locis,</span> 
     </span>
     <span class='ocr_line' id='line_1_16' title="bbox 400 2717 1609 2803; baseline 0 -22"><span class='ocrx_word' id='word_1_155' title='bbox 400 2732 429 2782; x_wconf 82' lang='lat' dir='ltr'>te</span> <span class='ocrx_word' id='word_1_156' title='bbox 584 2721 783 2802; x_wconf 85' lang='lat' dir='ltr'>Europam</span> <span class='ocrx_word' id='word_1_157' title='bbox 804 2718 1052 2803; x_wconf 79' lang='lat' dir='ltr'>Libyamque</span> <span class='ocrx_word' id='word_1_158' title='bbox 1072 2737 1195 2800; x_wconf 88' lang='lat' dir='ltr'>rapax</span> <span class='ocrx_word' id='word_1_159' title='bbox 1215 2718 1282 2782; x_wconf 90' lang='lat' dir='ltr'>ubi</span> <span class='ocrx_word' id='word_1_160' title='bbox 1303 2718 1458 2783; x_wconf 85' lang='lat' dir='ltr'>dividit</span> <span class='ocrx_word' id='word_1_161' title='bbox 1477 2717 1609 2785; x_wconf 82' lang='lat' dir='ltr'>undat</span> 
     </span>
     <span class='ocr_line' id='line_1_17' title="bbox 439 2813 1770 2898; baseline -0.001 -16"><span class='ocrx_word' id='word_1_162' title='bbox 439 2818 550 2898; x_wconf 80' lang='lat' dir='ltr'>Qutdt</span> <span class='ocrx_word' id='word_1_163' title='bbox 578 2822 685 2880; x_wconf 88' lang='lat' dir='ltr'>aestus</span> <span class='ocrx_word' id='word_1_164' title='bbox 712 2813 860 2877; x_wconf 82' lang='lat' dir='ltr'>maritimi</span> <span class='ocrx_word' id='word_1_165' title='bbox 889 2813 940 2878; x_wconf 80' lang='lat' dir='ltr'>sel</span> <span class='ocrx_word' id='word_1_166' title='bbox 961 2813 1189 2897; x_wconf 85' lang='lat' dir='ltr'>Hispanienses</span> <span class='ocrx_word' id='word_1_167' title='bbox 1211 2813 1261 2877; x_wconf 85' lang='lat' dir='ltr'>vel</span> <span class='ocrx_word' id='word_1_168' title='bbox 1283 2813 1455 2877; x_wconf 88' lang='lat' dir='ltr'>Britannici</span> <span class='ocrx_word' id='word_1_169' title='bbox 1477 2832 1652 2898; x_wconf 89' lang='lat' dir='ltr'>corumque</span> <span class='ocrx_word' id='word_1_170' title='bbox 1674 2816 1770 2882; x_wconf 72' lang='lat' dir='ltr'>mnis</span> 
     </span>
     <span class='ocr_line' id='line_1_18' title="bbox 439 2903 1772 2996; baseline -0.003 -17"><span class='ocrx_word' id='word_1_171' title='bbox 439 2911 635 2996; x_wconf 88' lang='lat' dir='ltr'>temporibus</span> <span class='ocrx_word' id='word_1_172' title='bbox 656 2907 707 2973; x_wconf 80' lang='lat' dir='ltr'>vel</span> <span class='ocrx_word' id='word_1_173' title='bbox 728 2926 874 2972; x_wconf 88' lang='lat' dir='ltr'>accessus</span> <span class='ocrx_word' id='word_1_174' title='bbox 895 2906 947 2971; x_wconf 80' lang='lat' dir='ltr'>vel</span> <span class='ocrx_word' id='word_1_175' title='bbox 967 2925 1113 2970; x_wconf 87' lang='lat' dir='ltr'>recessus</span> <span class='ocrx_word' id='word_1_176' title='bbox 1136 2907 1205 2971; x_wconf 93' lang='lat' dir='ltr'>sine</span> <span class='ocrx_word' id='word_1_177' title='bbox 1227 2907 1288 2970; x_wconf 92' lang='lat' dir='ltr'>deo</span> <span class='ocrx_word' id='word_1_178' title='bbox 1310 2903 1384 2970; x_wconf 85' lang='lat' dir='ltr'>lieri·</span> <span class='ocrx_word' id='word_1_179' title='bbox 1400 2927 1465 2972; x_wconf 90' lang='lat' dir='ltr'>non</span> <span class='ocrx_word' id='word_1_180' title='bbox 1485 2911 1647 2994; x_wconf 81' lang='lat' dir='ltr'>possuntt</span> <span class='ocrx_word' id='word_1_181' title='bbox 1679 2910 1772 2988; x_wconf 83' lang='lat' dir='ltr'>Vide,</span> 
     </span>
     <span class='ocr_line' id='line_1_19' title="bbox 439 3000 1770 3093; baseline -0.002 -22"><span class='ocrx_word' id='word_1_182' title='bbox 439 3026 570 3093; x_wconf 85' lang='lat' dir='ltr'>quaeso,</span> <span class='ocrx_word' id='word_1_183' title='bbox 592 3003 620 3067; x_wconf 92' lang='lat' dir='ltr'>si</span> <span class='ocrx_word' id='word_1_184' title='bbox 642 3002 746 3067; x_wconf 91' lang='lat' dir='ltr'>omnis</span> <span class='ocrx_word' id='word_1_185' title='bbox 767 3008 873 3066; x_wconf 87' lang='lat' dir='ltr'>motus</span> <span class='ocrx_word' id='word_1_186' title='bbox 892 3000 1078 3083; x_wconf 86' lang='lat' dir='ltr'>omniaque,</span> <span class='ocrx_word' id='word_1_187' title='bbox 1103 3020 1186 3083; x_wconf 87' lang='lat' dir='ltr'>quae</span> <span class='ocrx_word' id='word_1_188' title='bbox 1202 3002 1293 3065; x_wconf 87' lang='lat' dir='ltr'>sertis</span> <span class='ocrx_word' id='word_1_189' title='bbox 1308 3003 1503 3085; x_wconf 88' lang='lat' dir='ltr'>temporibus</span> <span class='ocrx_word' id='word_1_190' title='bbox 1517 3003 1662 3069; x_wconf 87' lang='lat' dir='ltr'>ordinem</span> <span class='ocrx_word' id='word_1_191' title='bbox 1675 3024 1770 3069; x_wconf 85' lang='lat' dir='ltr'>snum</span> 
     </span>
     <span class='ocr_line' id='line_1_20' title="bbox 437 3094 1772 3181; baseline -0.004 -14"><span class='ocrx_word' id='word_1_192' title='bbox 437 3105 642 3174; x_wconf 82' lang='lat' dir='ltr'>conservant,</span> <span class='ocrx_word' id='word_1_193' title='bbox 662 3097 770 3162; x_wconf 84' lang='lat' dir='ltr'>divina</span> <span class='ocrx_word' id='word_1_194' title='bbox 791 3096 940 3171; x_wconf 91' lang='lat' dir='ltr'>dicimus,</span> <span class='ocrx_word' id='word_1_195' title='bbox 960 3114 1003 3158; x_wconf 91' lang='lat' dir='ltr'>ne</span> <span class='ocrx_word' id='word_1_196' title='bbox 1025 3095 1176 3159; x_wconf 88' lang='lat' dir='ltr'>tertianas</span> <span class='ocrx_word' id='word_1_197' title='bbox 1198 3114 1327 3179; x_wconf 87' lang='lat' dir='ltr'>quoque</span> <span class='ocrx_word' id='word_1_198' title='bbox 1351 3094 1455 3160; x_wconf 80' lang='lat' dir='ltr'>febres</span> <span class='ocrx_word' id='word_1_199' title='bbox 1477 3103 1511 3161; x_wconf 91' lang='lat' dir='ltr'>et</span> <span class='ocrx_word' id='word_1_200' title='bbox 1532 3104 1703 3181; x_wconf 77' lang='lat' dir='ltr'>quartam</span> <span class='ocrx_word' id='word_1_201' title='bbox 1723 3097 1772 3163; x_wconf 90' lang='lat' dir='ltr'>di-</span> 
     </span>
     <span class='ocr_line' id='line_1_21' title="bbox 399 3189 1771 3275; baseline 0.004 -20"><span class='ocrx_word' id='word_1_202' title='bbox 399 3197 527 3260; x_wconf 83' lang='lat' dir='ltr'>tarinas</span> <span class='ocrx_word' id='word_1_203' title='bbox 556 3213 627 3258; x_wconf 88' lang='lat' dir='ltr'>esse</span> <span class='ocrx_word' id='word_1_204' title='bbox 655 3189 825 3256; x_wconf 89' lang='lat' dir='ltr'>dicendum</span> <span class='ocrx_word' id='word_1_205' title='bbox 852 3189 909 3264; x_wconf 89' lang='lat' dir='ltr'>sit,</span> <span class='ocrx_word' id='word_1_206' title='bbox 938 3207 1071 3273; x_wconf 88' lang='lat' dir='ltr'>quarum</span> <span class='ocrx_word' id='word_1_207' title='bbox 1101 3190 1283 3252; x_wconf 81' lang='lat' dir='ltr'>revemicne</span> <span class='ocrx_word' id='word_1_208' title='bbox 1305 3196 1338 3253; x_wconf 90' lang='lat' dir='ltr'>et</span> <span class='ocrx_word' id='word_1_209' title='bbox 1362 3197 1449 3253; x_wconf 88' lang='lat' dir='ltr'>motu</span> <span class='ocrx_word' id='word_1_210' title='bbox 1471 3190 1550 3275; x_wconf 91' lang='lat' dir='ltr'>quid</span> <span class='ocrx_word' id='word_1_211' title='bbox 1571 3200 1679 3275; x_wconf 88' lang='lat' dir='ltr'>potest</span> <span class='ocrx_word' id='word_1_212' title='bbox 1699 3213 1771 3260; x_wconf 87' lang='lat' dir='ltr'>esse</span> 
     </span>
     <span class='ocr_line' id='line_1_22' title="bbox 437 3282 1771 3364; baseline -0.004 -8"><span class='ocrx_word' id='word_1_213' title='bbox 437 3288 659 3356; x_wconf 82' lang='lat' dir='ltr'>constantissi</span> <span class='ocrx_word' id='word_1_214' title='bbox 692 3284 755 3348; x_wconf 86' lang='lat' dir='ltr'>Sed</span> <span class='ocrx_word' id='word_1_215' title='bbox 777 3284 918 3348; x_wconf 88' lang='lat' dir='ltr'>omnium</span> <span class='ocrx_word' id='word_1_216' title='bbox 948 3284 1059 3347; x_wconf 91' lang='lat' dir='ltr'>talium</span> <span class='ocrx_word' id='word_1_217' title='bbox 1081 3302 1187 3348; x_wconf 89' lang='lat' dir='ltr'>rerum</span> <span class='ocrx_word' id='word_1_218' title='bbox 1209 3283 1290 3347; x_wconf 90' lang='lat' dir='ltr'>ratio</span> <span class='ocrx_word' id='word_1_219' title='bbox 1313 3282 1474 3346; x_wconf 91' lang='lat' dir='ltr'>reddenda</span> <span class='ocrx_word' id='word_1_220' title='bbox 1495 3292 1553 3349; x_wconf 83' lang='lat' dir='ltr'>est</span> <span class='ocrx_word' id='word_1_221' title='bbox 1597 3282 1650 3350; x_wconf 75' lang='grc'>25.</span> <span class='ocrx_word' id='word_1_222' title='bbox 1673 3285 1771 3364; x_wconf 82' lang='lat' dir='ltr'>Quod</span> 
     </span>
     <span class='ocr_line' id='line_1_23' title="bbox 437 3377 1772 3463; baseline -0.003 -13"><span class='ocrx_word' id='word_1_223' title='bbox 437 3404 495 3450; x_wconf 81' lang='lat' dir='ltr'>vos</span> <span class='ocrx_word' id='word_1_224' title='bbox 517 3403 588 3446; x_wconf 89' lang='lat' dir='ltr'>cnm</span> <span class='ocrx_word' id='word_1_225' title='bbox 609 3380 715 3445; x_wconf 83' lang='lat' dir='ltr'>fecere</span> <span class='ocrx_word' id='word_1_226' title='bbox 737 3398 801 3443; x_wconf 93' lang='lat' dir='ltr'>non</span> <span class='ocrx_word' id='word_1_227' title='bbox 826 3377 969 3463; x_wconf 89' lang='lat' dir='ltr'>potestis,</span> <span class='ocrx_word' id='word_1_228' title='bbox 991 3383 1152 3461; x_wconf 87' lang='lat' dir='ltr'>tamquam</span> <span class='ocrx_word' id='word_1_229' title='bbox 1172 3377 1207 3440; x_wconf 91' lang='lat' dir='ltr'>in</span> <span class='ocrx_word' id='word_1_230' title='bbox 1228 3396 1315 3440; x_wconf 88' lang='lat' dir='ltr'>aram</span> <span class='ocrx_word' id='word_1_231' title='bbox 1336 3377 1507 3461; x_wconf 73' lang='lat' dir='ltr'>confugitis</span> <span class='ocrx_word' id='word_1_232' title='bbox 1530 3377 1570 3443; x_wconf 92' lang='lat' dir='ltr'>ad</span> <span class='ocrx_word' id='word_1_233' title='bbox 1592 3379 1698 3445; x_wconf 73' lang='lat' dir='ltr'>deuna</span> <span class='ocrx_word' id='word_1_234' title='bbox 1730 3382 1772 3447; x_wconf 83' lang='lat' dir='ltr'>itt</span> 
     </span>
     <span class='ocr_line' id='line_1_24' title="bbox 439 3469 1772 3563; baseline -0.002 -20"><span class='ocrx_word' id='word_1_235' title='bbox 439 3478 635 3563; x_wconf 73' lang='lat' dir='ltr'>Chrysippus</span> <span class='ocrx_word' id='word_1_236' title='bbox 662 3474 720 3539; x_wconf 89' lang='lat' dir='ltr'>tibi</span> <span class='ocrx_word' id='word_1_237' title='bbox 747 3480 838 3537; x_wconf 90' lang='lat' dir='ltr'>acute</span> <span class='ocrx_word' id='word_1_238' title='bbox 867 3470 973 3536; x_wconf 88' lang='lat' dir='ltr'>dicere</span> <span class='ocrx_word' id='word_1_239' title='bbox 1001 3471 1187 3545; x_wconf 80' lang='lat' dir='ltr'>videbatur,</span> <span class='ocrx_word' id='word_1_240' title='bbox 1218 3471 1314 3534; x_wconf 92' lang='lat' dir='ltr'>homo</span> <span class='ocrx_word' id='word_1_241' title='bbox 1344 3472 1414 3535; x_wconf 88' lang='lat' dir='ltr'>sine</span> <span class='ocrx_word' id='word_1_242' title='bbox 1441 3469 1538 3537; x_wconf 91' lang='lat' dir='ltr'>dubio</span> <span class='ocrx_word' id='word_1_243' title='bbox 1569 3482 1717 3540; x_wconf 85' lang='lat' dir='ltr'>versutus</span> <span class='ocrx_word' id='word_1_244' title='bbox 1738 3482 1772 3541; x_wconf 89' lang='lat' dir='ltr'>et</span> 
     </span>
     <span class='ocr_line' id='line_1_25' title="bbox 438 3563 1770 3650; baseline -0.001 -14"><span class='ocrx_word' id='word_1_245' title='bbox 438 3570 572 3636; x_wconf 88' lang='lat' dir='ltr'>callidus</span> <span class='ocrx_word' id='word_1_246' title='bbox 589 3606 629 3619; x_wconf 92' lang='lat'><em>-</em></span> <span class='ocrx_word' id='word_1_247' title='bbox 646 3573 789 3632; x_wconf 82' lang='lat' dir='ltr'>verantes</span> <span class='ocrx_word' id='word_1_248' title='bbox 811 3584 868 3629; x_wconf 91' lang='lat' dir='ltr'>eos</span> <span class='ocrx_word' id='word_1_249' title='bbox 882 3563 1023 3650; x_wconf 90' lang='lat' dir='ltr'>appello,</span> <span class='ocrx_word' id='word_1_250' title='bbox 1046 3583 1183 3649; x_wconf 90' lang='lat' dir='ltr'>quorum</span> <span class='ocrx_word' id='word_1_251' title='bbox 1198 3566 1343 3631; x_wconf 87' lang='lat' dir='ltr'>celeriter</span> <span class='ocrx_word' id='word_1_252' title='bbox 1357 3586 1446 3631; x_wconf 88' lang='lat' dir='ltr'>mens</span> <span class='ocrx_word' id='word_1_253' title='bbox 1461 3575 1617 3643; x_wconf 85' lang='lat' dir='ltr'>versatur,-</span> <span class='ocrx_word' id='word_1_254' title='bbox 1636 3569 1770 3635; x_wconf 84' lang='lat' dir='ltr'>callidos</span> 
     </span>
     <span class='ocr_line' id='line_1_26' title="bbox 399 3659 1771 3747; baseline 0.004 -23"><span class='ocrx_word' id='word_1_255' title='bbox 399 3673 561 3740; x_wconf 69' lang='lat' dir='ltr'>mantem,</span> <span class='ocrx_word' id='word_1_256' title='bbox 583 3681 734 3747; x_wconf 90' lang='lat' dir='ltr'>quorum,</span> <span class='ocrx_word' id='word_1_257' title='bbox 755 3667 917 3741; x_wconf 89' lang='lat' dir='ltr'>tamquam</span> <span class='ocrx_word' id='word_1_258' title='bbox 939 3678 1052 3723; x_wconf 93' lang='lat' dir='ltr'>manus</span> <span class='ocrx_word' id='word_1_259' title='bbox 1074 3678 1186 3742; x_wconf 91' lang='lat' dir='ltr'>opere,</span> <span class='ocrx_word' id='word_1_260' title='bbox 1208 3660 1254 3723; x_wconf 90' lang='lat' dir='ltr'>sic</span> <span class='ocrx_word' id='word_1_261' title='bbox 1276 3659 1401 3724; x_wconf 88' lang='lat' dir='ltr'>animus</span> <span class='ocrx_word' id='word_1_262' title='bbox 1423 3681 1484 3725; x_wconf 91' lang='lat' dir='ltr'>nsu</span> <span class='ocrx_word' id='word_1_263' title='bbox 1506 3661 1673 3728; x_wconf 89' lang='lat' dir='ltr'>concalluit</span> <span class='ocrx_word' id='word_1_264' title='bbox 1687 3665 1771 3730; x_wconf 87' lang='lat' dir='ltr'>-is</span> 
     </span>
     <span class='ocr_line' id='line_1_27' title="bbox 438 3749 1772 3842; baseline 0 -20"><span class='ocrx_word' id='word_1_265' title='bbox 438 3758 550 3842; x_wconf 90' lang='lat' dir='ltr'>igitur,</span> <span class='ocrx_word' id='word_1_266' title='bbox 574 3756 601 3820; x_wconf 91' lang='lat' dir='ltr'>si</span> <span class='ocrx_word' id='word_1_267' title='bbox 623 3753 745 3839; x_wconf 91' lang='lat' dir='ltr'>aliquid</span> <span class='ocrx_word' id='word_1_268' title='bbox 767 3760 830 3828; x_wconf 90' lang='lat' dir='ltr'>est,</span> <span class='ocrx_word' id='word_1_269' title='bbox 854 3753 974 3840; x_wconf 76' lang='lat' dir='ltr'>inquit,</span> <span class='ocrx_word' id='word_1_270' title='bbox 997 3754 1083 3838; x_wconf 88' lang='lat' dir='ltr'>quod</span> <span class='ocrx_word' id='word_1_271' title='bbox 1105 3754 1202 3817; x_wconf 93' lang='lat' dir='ltr'>bomo</span> <span class='ocrx_word' id='word_1_272' title='bbox 1217 3749 1343 3818; x_wconf 83' lang='lat' dir='ltr'>efficere</span> <span class='ocrx_word' id='word_1_273' title='bbox 1359 3774 1422 3819; x_wconf 93' lang='lat' dir='ltr'>noo</span> <span class='ocrx_word' id='word_1_274' title='bbox 1439 3756 1557 3839; x_wconf 91' lang='lat' dir='ltr'>possit,</span> <span class='ocrx_word' id='word_1_275' title='bbox 1580 3758 1635 3841; x_wconf 93' lang='lat' dir='ltr'>qui</span> <span class='ocrx_word' id='word_1_276' title='bbox 1652 3757 1686 3820; x_wconf 94' lang='lat' dir='ltr'>id</span> <span class='ocrx_word' id='word_1_277' title='bbox 1701 3757 1772 3823; x_wconf 82' lang='lat' dir='ltr'>cili·</span> 
     </span>
     <span class='ocr_line' id='line_1_28' title="bbox 439 3847 1771 3931; baseline 0.001 -15"><span class='ocrx_word' id='word_1_278' title='bbox 439 3854 500 3927; x_wconf 88' lang='lat' dir='ltr'>cit,</span> <span class='ocrx_word' id='word_1_279' title='bbox 522 3849 636 3915; x_wconf 89' lang='lat' dir='ltr'>melior</span> <span class='ocrx_word' id='word_1_280' title='bbox 657 3857 705 3912; x_wconf 89' lang='lat' dir='ltr'>est</span> <span class='ocrx_word' id='word_1_281' title='bbox 727 3848 874 3925; x_wconf 83' lang='lat' dir='ltr'>bomine3</span> <span class='ocrx_word' id='word_1_282' title='bbox 898 3847 993 3913; x_wconf 92' lang='lat' dir='ltr'>bomo</span> <span class='ocrx_word' id='word_1_283' title='bbox 1014 3853 1120 3911; x_wconf 91' lang='lat' dir='ltr'>antem</span> <span class='ocrx_word' id='word_1_284' title='bbox 1135 3847 1227 3922; x_wconf 88' lang='lat' dir='ltr'>baec,</span> <span class='ocrx_word' id='word_1_285' title='bbox 1251 3867 1333 3931; x_wconf 90' lang='lat' dir='ltr'>qnae</span> <span class='ocrx_word' id='word_1_286' title='bbox 1348 3849 1381 3913; x_wconf 91' lang='lat' dir='ltr'>in</span> <span class='ocrx_word' id='word_1_287' title='bbox 1398 3849 1516 3913; x_wconf 89' lang='lat' dir='ltr'>mundo</span> <span class='ocrx_word' id='word_1_288' title='bbox 1532 3859 1624 3927; x_wconf 90' lang='lat' dir='ltr'>sont,</span> <span class='ocrx_word' id='word_1_289' title='bbox 1646 3849 1771 3917; x_wconf 82' lang='lat' dir='ltr'>efficere</span> 
     </span>
     <span class='ocr_line' id='line_1_29' title="bbox 438 3940 1774 4029; baseline -0.001 -18"><span class='ocrx_word' id='word_1_290' title='bbox 438 3966 504 4011; x_wconf 92' lang='lat' dir='ltr'>noo</span> <span class='ocrx_word' id='word_1_291' title='bbox 524 3951 651 4029; x_wconf 84' lang='lat' dir='ltr'>potest:</span> <span class='ocrx_word' id='word_1_292' title='bbox 682 3943 736 4027; x_wconf 91' lang='lat' dir='ltr'>qui</span> <span class='ocrx_word' id='word_1_293' title='bbox 757 3944 861 4025; x_wconf 89' lang='lat' dir='ltr'>potuit</span> <span class='ocrx_word' id='word_1_294' title='bbox 882 3942 994 4024; x_wconf 89' lang='lat' dir='ltr'>igitur,</span> <span class='ocrx_word' id='word_1_295' title='bbox 1021 3942 1048 4004; x_wconf 94' lang='lat' dir='ltr'>is</span> <span class='ocrx_word' id='word_1_296' title='bbox 1070 3947 1211 4024; x_wconf 86' lang='lat' dir='ltr'>praestat</span> <span class='ocrx_word' id='word_1_297' title='bbox 1230 3940 1363 4008; x_wconf 91' lang='lat' dir='ltr'>homini.</span> <span class='ocrx_word' id='word_1_298' title='bbox 1399 3944 1528 4008; x_wconf 86' lang='lat' dir='ltr'>Homini</span> <span class='ocrx_word' id='word_1_299' title='bbox 1550 3953 1656 4009; x_wconf 90' lang='lat' dir='ltr'>autem</span> <span class='ocrx_word' id='word_1_300' title='bbox 1678 3964 1774 4029; x_wconf 85' lang='lat' dir='ltr'>prae·</span> 
     </span>
     <span class='ocr_line' id='line_1_30' title="bbox 439 4034 1772 4126; baseline -0.001 -21"><span class='ocrx_word' id='word_1_301' title='bbox 439 4049 522 4105; x_wconf 87' lang='lat' dir='ltr'>stare</span> <span class='ocrx_word' id='word_1_302' title='bbox 544 4037 617 4122; x_wconf 91' lang='lat' dir='ltr'>quis</span> <span class='ocrx_word' id='word_1_303' title='bbox 638 4036 739 4121; x_wconf 88' lang='lat' dir='ltr'>possit</span> <span class='ocrx_word' id='word_1_304' title='bbox 761 4036 822 4100; x_wconf 88' lang='lat' dir='ltr'>nisi</span> <span class='ocrx_word' id='word_1_305' title='bbox 845 4035 949 4098; x_wconf 80' lang='lat' dir='ltr'>deust</span> <span class='ocrx_word' id='word_1_306' title='bbox 973 4042 1022 4099; x_wconf 92' lang='lat' dir='ltr'>est</span> <span class='ocrx_word' id='word_1_307' title='bbox 1043 4035 1141 4117; x_wconf 91' lang='lat' dir='ltr'>igitur</span> <span class='ocrx_word' id='word_1_308' title='bbox 1163 4034 1252 4098; x_wconf 91' lang='lat' dir='ltr'>deos.</span> <span class='ocrx_word' id='word_1_309' title='bbox 1288 4037 1374 4101; x_wconf 85' lang='lat' dir='ltr'>Haeo</span> <span class='ocrx_word' id='word_1_310' title='bbox 1397 4037 1504 4102; x_wconf 86' lang='lat' dir='ltr'>omnia</span> <span class='ocrx_word' id='word_1_311' title='bbox 1525 4040 1558 4102; x_wconf 90' lang='lat' dir='ltr'>in</span> <span class='ocrx_word' id='word_1_312' title='bbox 1578 4038 1691 4104; x_wconf 89' lang='lat' dir='ltr'>eodem</span> <span class='ocrx_word' id='word_1_313' title='bbox 1707 4059 1772 4126; x_wconf 91' lang='lat' dir='ltr'>quc</span> 
     </span>
     <span class='ocr_line' id='line_1_31' title="bbox 400 4126 1773 4219; baseline 0.004 -26"><span class='ocrx_word' id='word_1_314' title='bbox 400 4134 493 4197; x_wconf 82' lang='lat' dir='ltr'>scilla</span> <span class='ocrx_word' id='word_1_315' title='bbox 516 4133 649 4195; x_wconf 87' lang='lat' dir='ltr'>Zenonis</span> <span class='ocrx_word' id='word_1_316' title='bbox 673 4137 976 4196; x_wconf 88' lang='lat' dir='ltr'>errore.rersantnr.</span> <span class='ocrx_word' id='word_1_317' title='bbox 1019 4126 1071 4191; x_wconf 73' lang='lat'>26.</span> <span class='ocrx_word' id='word_1_318' title='bbox 1095 4130 1181 4204; x_wconf 90' lang='lat' dir='ltr'>Quid</span> <span class='ocrx_word' id='word_1_319' title='bbox 1204 4130 1288 4193; x_wconf 90' lang='lat' dir='ltr'>enim</span> <span class='ocrx_word' id='word_1_320' title='bbox 1310 4131 1352 4195; x_wconf 90' lang='lat' dir='ltr'>sit</span> <span class='ocrx_word' id='word_1_321' title='bbox 1372 4132 1501 4209; x_wconf 88' lang='lat' dir='ltr'>melius,</span> <span class='ocrx_word' id='word_1_322' title='bbox 1532 4134 1608 4218; x_wconf 91' lang='lat' dir='ltr'>quid</span> <span class='ocrx_word' id='word_1_323' title='bbox 1630 4141 1773 4219; x_wconf 89' lang='lat' dir='ltr'>praesta·</span> 
     </span>
     <span class='ocr_line' id='line_1_32' title="bbox 439 4222 1773 4309; baseline 0.001 -17"><span class='ocrx_word' id='word_1_324' title='bbox 439 4226 552 4302; x_wconf 87' lang='lat' dir='ltr'>bilius,</span> <span class='ocrx_word' id='word_1_325' title='bbox 577 4222 654 4309; x_wconf 92' lang='lat' dir='ltr'>quid</span> <span class='ocrx_word' id='word_1_326' title='bbox 676 4223 758 4288; x_wconf 90' lang='lat' dir='ltr'>inter</span> <span class='ocrx_word' id='word_1_327' title='bbox 780 4232 922 4288; x_wconf 89' lang='lat' dir='ltr'>naturam</span> <span class='ocrx_word' id='word_1_328' title='bbox 947 4229 979 4286; x_wconf 90' lang='lat' dir='ltr'>et</span> <span class='ocrx_word' id='word_1_329' title='bbox 998 4224 1153 4286; x_wconf 89' lang='lat' dir='ltr'>rationem</span> <span class='ocrx_word' id='word_1_330' title='bbox 1173 4223 1312 4299; x_wconf 91' lang='lat' dir='ltr'>intersit,</span> <span class='ocrx_word' id='word_1_331' title='bbox 1335 4244 1398 4289; x_wconf 92' lang='lat' dir='ltr'>non</span> <span class='ocrx_word' id='word_1_332' title='bbox 1414 4226 1630 4309; x_wconf 76' lang='lat' dir='ltr'>distinguitur.</span> <span class='ocrx_word' id='word_1_333' title='bbox 1668 4230 1773 4294; x_wconf 90' lang='lat' dir='ltr'>ldem·</span> 
     </span>
     <span class='ocr_line' id='line_1_33' title="bbox 439 4316 1773 4408; baseline 0.001 -22"><span class='ocrx_word' id='word_1_334' title='bbox 439 4342 516 4408; x_wconf 90' lang='lat' dir='ltr'>que,</span> <span class='ocrx_word' id='word_1_335' title='bbox 539 4322 566 4384; x_wconf 92' lang='lat' dir='ltr'>si</span> <span class='ocrx_word' id='word_1_336' title='bbox 588 4321 639 4383; x_wconf 89' lang='lat' dir='ltr'>dei</span> <span class='ocrx_word' id='word_1_337' title='bbox 661 4339 726 4382; x_wconf 89' lang='lat' dir='ltr'>non</span> <span class='ocrx_word' id='word_1_338' title='bbox 749 4318 827 4392; x_wconf 89' lang='lat' dir='ltr'>sint,</span> <span class='ocrx_word' id='word_1_339' title='bbox 850 4324 945 4400; x_wconf 91' lang='lat' dir='ltr'>negat</span> <span class='ocrx_word' id='word_1_340' title='bbox 966 4337 1036 4380; x_wconf 90' lang='lat' dir='ltr'>esse</span> <span class='ocrx_word' id='word_1_341' title='bbox 1058 4316 1092 4380; x_wconf 94' lang='lat' dir='ltr'>in</span> <span class='ocrx_word' id='word_1_342' title='bbox 1115 4318 1201 4380; x_wconf 92' lang='lat' dir='ltr'>omni</span> <span class='ocrx_word' id='word_1_343' title='bbox 1224 4324 1335 4381; x_wconf 89' lang='lat' dir='ltr'>natura</span> <span class='ocrx_word' id='word_1_344' title='bbox 1358 4320 1531 4404; x_wconf 89' lang='lat' dir='ltr'>quicquam</span> <span class='ocrx_word' id='word_1_345' title='bbox 1553 4322 1683 4387; x_wconf 90' lang='lat' dir='ltr'>homine</span> <span class='ocrx_word' id='word_1_346' title='bbox 1706 4343 1773 4388; x_wconf 90' lang='lat' dir='ltr'>me·</span> 
     </span>
     <span class='ocr_line' id='line_1_34' title="bbox 438 4407 1771 4502; baseline 0.003 -25"><span class='ocrx_word' id='word_1_347' title='bbox 438 4415 517 4489; x_wconf 81' lang='lat' dir='ltr'>lius3</span> <span class='ocrx_word' id='word_1_348' title='bbox 545 4413 577 4476; x_wconf 91' lang='lat' dir='ltr'>id</span> <span class='ocrx_word' id='word_1_349' title='bbox 606 4420 711 4477; x_wconf 89' lang='lat' dir='ltr'>autern</span> <span class='ocrx_word' id='word_1_350' title='bbox 739 4421 852 4496; x_wconf 88' lang='lat' dir='ltr'>putare</span> <span class='ocrx_word' id='word_1_351' title='bbox 874 4431 1064 4496; x_wconf 88' lang='lat' dir='ltr'>quemquam</span> <span class='ocrx_word' id='word_1_352' title='bbox 1094 4410 1255 4474; x_wconf 90' lang='lat' dir='ltr'>bominem</span> <span class='ocrx_word' id='word_1_353' title='bbox 1287 4407 1379 4496; x_wconf 91' lang='lat' dir='ltr'>[nibil</span> <span class='ocrx_word' id='word_1_354' title='bbox 1398 4413 1528 4490; x_wconf 88' lang='lat' dir='ltr'>bomine</span> <span class='ocrx_word' id='word_1_355' title='bbox 1550 4435 1621 4480; x_wconf 89' lang='lat' dir='ltr'>esse</span> <span class='ocrx_word' id='word_1_356' title='bbox 1643 4412 1771 4502; x_wconf 88' lang='lat' dir='ltr'>melius]</span> 
     </span>
     <span class='ocr_line' id='line_1_35' title="bbox 440 4506 1772 4594; baseline 0.001 -21"><span class='ocrx_word' id='word_1_357' title='bbox 440 4527 580 4574; x_wconf 89' lang='lat' dir='ltr'>summae</span> <span class='ocrx_word' id='word_1_358' title='bbox 613 4506 819 4589; x_wconf 79' lang='lat' dir='ltr'>adrogantiae</span> <span class='ocrx_word' id='word_1_359' title='bbox 847 4513 954 4570; x_wconf 91' lang='lat' dir='ltr'>censet</span> <span class='ocrx_word' id='word_1_360' title='bbox 981 4525 1061 4569; x_wconf 89' lang='lat' dir='ltr'>esse.</span> <span class='ocrx_word' id='word_1_361' title='bbox 1099 4506 1147 4569; x_wconf 91' lang='lat' dir='ltr'>Sit</span> <span class='ocrx_word' id='word_1_362' title='bbox 1176 4525 1252 4569; x_wconf 90' lang='lat' dir='ltr'>sane</span> <span class='ocrx_word' id='word_1_363' title='bbox 1273 4506 1456 4588; x_wconf 87' lang='lat' dir='ltr'>adrogantis</span> <span class='ocrx_word' id='word_1_364' title='bbox 1478 4508 1579 4591; x_wconf 90' lang='lat' dir='ltr'>pluris</span> <span class='ocrx_word' id='word_1_365' title='bbox 1601 4530 1636 4572; x_wconf 88' lang='lat' dir='ltr'>se</span> <span class='ocrx_word' id='word_1_366' title='bbox 1657 4518 1772 4594; x_wconf 89' lang='lat' dir='ltr'>putare</span> 
     </span>
     <span class='ocr_line' id='line_1_36' title="bbox 402 4600 1772 4686; baseline 0.001 -22"><span class='ocrx_word' id='word_1_367' title='bbox 402 4617 537 4686; x_wconf 77' lang='lat' dir='ltr'>aequam</span> <span class='ocrx_word' id='word_1_368' title='bbox 559 4600 729 4676; x_wconf 79' lang='lat' dir='ltr'>mnndum3</span> <span class='ocrx_word' id='word_1_369' title='bbox 751 4609 783 4663; x_wconf 92' lang='lat' dir='ltr'>at</span> <span class='ocrx_word' id='word_1_370' title='bbox 803 4600 884 4663; x_wconf 91' lang='lat' dir='ltr'>illud</span> <span class='ocrx_word' id='word_1_371' title='bbox 905 4621 968 4664; x_wconf 89' lang='lat' dir='ltr'>non</span> <span class='ocrx_word' id='word_1_372' title='bbox 991 4600 1087 4663; x_wconf 92' lang='lat' dir='ltr'>modo</span> <span class='ocrx_word' id='word_1_373' title='bbox 1102 4619 1168 4662; x_wconf 91' lang='lat' dir='ltr'>non</span> <span class='ocrx_word' id='word_1_374' title='bbox 1183 4600 1378 4682; x_wconf 87' lang='lat' dir='ltr'>adrogantis,</span> <span class='ocrx_word' id='word_1_375' title='bbox 1401 4602 1458 4665; x_wconf 90' lang='lat' dir='ltr'>sed</span> <span class='ocrx_word' id='word_1_376' title='bbox 1473 4604 1580 4683; x_wconf 91' lang='lat' dir='ltr'>potins</span> <span class='ocrx_word' id='word_1_377' title='bbox 1594 4603 1772 4685; x_wconf 89' lang='lat' dir='ltr'>prudentis,</span> 
     </span>
     <span class='ocr_line' id='line_1_37' title="bbox 440 4694 1774 4778; baseline 0.003 -19"><span class='ocrx_word' id='word_1_378' title='bbox 440 4697 626 4778; x_wconf 75' lang='lat' dir='ltr'>intellegere</span> <span class='ocrx_word' id='word_1_379' title='bbox 648 4715 683 4758; x_wconf 87' lang='lat' dir='ltr'>se</span> <span class='ocrx_word' id='word_1_380' title='bbox 704 4694 821 4758; x_wconf 91' lang='lat' dir='ltr'>habere</span> <span class='ocrx_word' id='word_1_381' title='bbox 843 4714 970 4758; x_wconf 90' lang='lat' dir='ltr'>sensum</span> <span class='ocrx_word' id='word_1_382' title='bbox 992 4704 1024 4758; x_wconf 92' lang='lat' dir='ltr'>et</span> <span class='ocrx_word' id='word_1_383' title='bbox 1045 4696 1218 4769; x_wconf 89' lang='lat' dir='ltr'>rationem,</span> <span class='ocrx_word' id='word_1_384' title='bbox 1240 4695 1319 4760; x_wconf 89' lang='lat' dir='ltr'>haec</span> <span class='ocrx_word' id='word_1_385' title='bbox 1341 4694 1451 4761; x_wconf 92' lang='lat' dir='ltr'>eadem</span> <span class='ocrx_word' id='word_1_386' title='bbox 1466 4697 1616 4761; x_wconf 88' lang='lat' dir='ltr'>Orionem</span> <span class='ocrx_word' id='word_1_387' title='bbox 1632 4707 1664 4761; x_wconf 92' lang='lat' dir='ltr'>et</span> <span class='ocrx_word' id='word_1_388' title='bbox 1679 4697 1774 4763; x_wconf 89' lang='lat' dir='ltr'>Cani·</span> 
     </span>
    </p>
   </div>
   <div class='ocr_carea' id='block_1_3' title="bbox 440 4970 1774 5931">
    <p class='ocr_par' dir='ltr' id='par_1_3' title="bbox 440 4970 1774 5931">
     <span class='ocr_line' id='line_1_38' title="bbox 504 4970 1773 5041; baseline 0.002 -14"><span class='ocrx_word' id='word_1_389' title='bbox 504 4978 530 5027; x_wconf 75' lang='lat'>2.</span> <span class='ocrx_word' id='word_1_390' title='bbox 547 4976 738 5041; x_wconf 59' lang='lat' dir='ltr'>fidicineamm</span> <span class='ocrx_word' id='word_1_391' title='bbox 754 4970 941 5039; x_wconf 61' lang='grc' dir='ltr'>μιὶίιιίιιισιιιιῖι</span> <span class='ocrx_word' id='word_1_392' title='bbox 954 5001 981 5010; x_wconf 96' lang='grc'><strong>-</strong></span> <span class='ocrx_word' id='word_1_393' title='bbox 1001 4975 1024 5026; x_wconf 83' lang='grc'>3.</span> <span class='ocrx_word' id='word_1_394' title='bbox 1038 4974 1177 5024; x_wconf 83' lang='lat' dir='ltr'>etiamom.</span> <span class='ocrx_word' id='word_1_395' title='bbox 1191 4975 1211 5024; x_wconf 87' lang='grc' dir='ltr'>Ρ</span> <span class='ocrx_word' id='word_1_396' title='bbox 1225 5001 1252 5013; x_wconf 87' lang='lat'>·-</span> <span class='ocrx_word' id='word_1_397' title='bbox 1265 4973 1533 5026; x_wconf 74' lang='lat' dir='ltr'>tubbtnentttcv:</span> <span class='ocrx_word' id='word_1_398' title='bbox 1552 4976 1677 5028; x_wconf 75' lang='lat' dir='ltr'>tibicinem</span> <span class='ocrx_word' id='word_1_399' title='bbox 1693 4977 1773 5029; x_wconf 82' lang='lat' dir='ltr'>EPO</span> 
     </span>
     <span class='ocr_line' id='line_1_39' title="bbox 442 5048 1772 5113; baseline 0.002 -11"><span class='ocrx_word' id='word_1_400' title='bbox 442 5079 470 5090; x_wconf 94' lang='lat'>-</span> <span class='ocrx_word' id='word_1_401' title='bbox 489 5054 514 5102; x_wconf 80' lang='lat' dir='ltr'>b.</span> <span class='ocrx_word' id='word_1_402' title='bbox 532 5065 563 5102; x_wconf 87' lang='lat' dir='ltr'>nc</span> <span class='ocrx_word' id='word_1_403' title='bbox 579 5050 740 5102; x_wconf 83' lang='lat' dir='ltr'>Lambinus:</span> <span class='ocrx_word' id='word_1_404' title='bbox 765 5064 810 5099; x_wconf 86' lang='lat' dir='ltr'>nec</span> <span class='ocrx_word' id='word_1_405' title='bbox 826 5048 878 5102; x_wconf 75' lang='lat' dir='ltr'>th</span> <span class='ocrx_word' id='word_1_406' title='bbox 898 5076 925 5088; x_wconf 91' lang='lat'><em>-</em></span> <span class='ocrx_word' id='word_1_407' title='bbox 948 5050 974 5103; x_wconf 79' lang='lat' dir='ltr'>l.</span> <span class='ocrx_word' id='word_1_408' title='bbox 992 5049 1062 5099; x_wconf 83' lang='lat' dir='ltr'>nobis</span> <span class='ocrx_word' id='word_1_409' title='bbox 1077 5050 1215 5099; x_wconf 68' lang='lat' dir='ltr'>salmariam</span> <span class='ocrx_word' id='word_1_410' title='bbox 1232 5050 1252 5101; x_wconf 92' lang='grc'>0</span> <span class='ocrx_word' id='word_1_411' title='bbox 1271 5076 1298 5086; x_wconf 94' lang='grc'><strong>-</strong></span> <span class='ocrx_word' id='word_1_412' title='bbox 1325 5051 1365 5099; x_wconf 73' lang='lat' dir='ltr'>lb.</span> <span class='ocrx_word' id='word_1_413' title='bbox 1384 5050 1473 5101; x_wconf 87' lang='lat' dir='ltr'>babent</span> <span class='ocrx_word' id='word_1_414' title='bbox 1490 5064 1543 5102; x_wconf 92' lang='lat' dir='ltr'>om.</span> <span class='ocrx_word' id='word_1_415' title='bbox 1563 5050 1595 5102; x_wconf 71' lang='grc' dir='ltr'>Ψ</span> <span class='ocrx_word' id='word_1_416' title='bbox 1611 5053 1713 5113; x_wconf 85' lang='lat' dir='ltr'>(babent</span> <span class='ocrx_word' id='word_1_417' title='bbox 1728 5052 1772 5105; x_wconf 83' lang='lat' dir='ltr'>vel</span> 
     </span>
     <span class='ocr_line' id='line_1_40' title="bbox 440 5122 1774 5194; baseline 0.002 -15"><span class='ocrx_word' id='word_1_418' title='bbox 440 5132 544 5179; x_wconf 73' lang='lat' dir='ltr'>meant</span> <span class='ocrx_word' id='word_1_419' title='bbox 561 5139 596 5176; x_wconf 92' lang='grc' dir='ltr'>ιιι.</span> <span class='ocrx_word' id='word_1_420' title='bbox 615 5139 672 5177; x_wconf 85' lang='lat' dir='ltr'>sec.</span> <span class='ocrx_word' id='word_1_421' title='bbox 691 5127 716 5175; x_wconf 87' lang='lat' dir='ltr'>in</span> <span class='ocrx_word' id='word_1_422' title='bbox 735 5125 828 5190; x_wconf 71' lang='lat' dir='ltr'>marg.)</span> <span class='ocrx_word' id='word_1_423' title='bbox 849 5154 874 5163; x_wconf 94' lang='lat'>-</span> <span class='ocrx_word' id='word_1_424' title='bbox 895 5126 936 5177; x_wconf 82' lang='lat' dir='ltr'>ll.</span> <span class='ocrx_word' id='word_1_425' title='bbox 953 5125 1070 5176; x_wconf 83' lang='lat' dir='ltr'>stilicenri</span> <span class='ocrx_word' id='word_1_426' title='bbox 1087 5125 1165 5183; x_wconf 81' lang='lat' dir='ltr'><strong>AV¹;</strong></span> <span class='ocrx_word' id='word_1_427' title='bbox 1182 5126 1318 5175; x_wconf 66' lang='lat' dir='ltr'>acumem</span> <span class='ocrx_word' id='word_1_428' title='bbox 1333 5122 1366 5173; x_wconf 87' lang='lat' dir='ltr'>V¹</span> <span class='ocrx_word' id='word_1_429' title='bbox 1380 5151 1404 5163; x_wconf 94' lang='lat'>-</span> <span class='ocrx_word' id='word_1_430' title='bbox 1425 5126 1527 5188; x_wconf 71' lang='lat' dir='ltr'>{eruore</span> <span class='ocrx_word' id='word_1_431' title='bbox 1543 5140 1612 5180; x_wconf 87' lang='lat' dir='ltr'>corr.</span> <span class='ocrx_word' id='word_1_432' title='bbox 1626 5142 1657 5180; x_wconf 79' lang='lat' dir='ltr'>ex</span> <span class='ocrx_word' id='word_1_433' title='bbox 1674 5130 1774 5194; x_wconf 63' lang='lat' dir='ltr'>[erbam</span> 
     </span>
     <span class='ocr_line' id='line_1_41' title="bbox 441 5199 1770 5263; baseline 0.002 -11"><span class='ocrx_word' id='word_1_434' title='bbox 441 5202 494 5253; x_wconf 75' lang='lat' dir='ltr'>AV</span> <span class='ocrx_word' id='word_1_435' title='bbox 517 5227 545 5238; x_wconf 93' lang='lat'><em>-</em></span> <span class='ocrx_word' id='word_1_436' title='bbox 570 5203 610 5251; x_wconf 83' lang='lat' dir='ltr'>lb.</span> <span class='ocrx_word' id='word_1_437' title='bbox 629 5200 763 5263; x_wconf 79' lang='lat' dir='ltr'>tibiamque</span> <span class='ocrx_word' id='word_1_438' title='bbox 780 5200 887 5251; x_wconf 80' lang='lat' dir='ltr'>ABCE</span> <span class='ocrx_word' id='word_1_439' title='bbox 907 5226 935 5238; x_wconf 94' lang='lat'><em>-</em></span> <span class='ocrx_word' id='word_1_440' title='bbox 963 5201 1002 5251; x_wconf 84' lang='grc'>46.</span> <span class='ocrx_word' id='word_1_441' title='bbox 1022 5200 1168 5251; x_wconf 79' lang='lat' dir='ltr'>brittannici</span> <span class='ocrx_word' id='word_1_442' title='bbox 1189 5199 1297 5259; x_wconf 78' lang='lat' dir='ltr'>slt²v;</span> <span class='ocrx_word' id='word_1_443' title='bbox 1323 5201 1451 5252; x_wconf 60' lang='lat' dir='ltr'>innanti</span> <span class='ocrx_word' id='word_1_444' title='bbox 1468 5201 1543 5261; x_wconf 81' lang='lat' dir='ltr'>B¹E3</span> <span class='ocrx_word' id='word_1_445' title='bbox 1566 5202 1721 5254; x_wconf 83' lang='lat' dir='ltr'>britanicic</span> <span class='ocrx_word' id='word_1_446' title='bbox 1742 5230 1770 5241; x_wconf 93' lang='lat'><em>-</em></span> 
     </span>
     <span class='ocr_line' id='line_1_42' title="bbox 442 5272 1774 5341; baseline 0.002 -14"><span class='ocrx_word' id='word_1_447' title='bbox 442 5278 482 5329; x_wconf 83' lang='lat' dir='ltr'>tt.</span> <span class='ocrx_word' id='word_1_448' title='bbox 500 5291 550 5327; x_wconf 88' lang='lat' dir='ltr'>non</span> <span class='ocrx_word' id='word_1_449' title='bbox 567 5272 613 5326; x_wconf 79' lang='lat'>13¹:</span> <span class='ocrx_word' id='word_1_450' title='bbox 631 5288 712 5325; x_wconf 87' lang='lat' dir='ltr'>nonne</span> <span class='ocrx_word' id='word_1_451' title='bbox 728 5273 936 5326; x_wconf 78' lang='lat' dir='ltr'><strong>AB¹CEPVO</strong></span> <span class='ocrx_word' id='word_1_452' title='bbox 955 5301 981 5310; x_wconf 95' lang='lat'>-</span> <span class='ocrx_word' id='word_1_453' title='bbox 1002 5275 1041 5325; x_wconf 77' lang='lat'>⁴8.</span> <span class='ocrx_word' id='word_1_454' title='bbox 1060 5288 1125 5338; x_wconf 78' lang='lat' dir='ltr'>quae</span> <span class='ocrx_word' id='word_1_455' title='bbox 1142 5289 1195 5327; x_wconf 93' lang='lat' dir='ltr'>om.</span> <span class='ocrx_word' id='word_1_456' title='bbox 1215 5277 1264 5326; x_wconf 82' lang='lat' dir='ltr'>GE</span> <span class='ocrx_word' id='word_1_457' title='bbox 1284 5303 1311 5312; x_wconf 97' lang='lat'><em>-</em></span> <span class='ocrx_word' id='word_1_458' title='bbox 1331 5278 1371 5326; x_wconf 82' lang='grc'>49.</span> <span class='ocrx_word' id='word_1_459' title='bbox 1385 5278 1653 5340; x_wconf 78' lang='lat' dir='ltr'>qaoqncbamblnus:</span> <span class='ocrx_word' id='word_1_460' title='bbox 1672 5279 1774 5341; x_wconf 77' lang='lat' dir='ltr'>quiden</span> 
     </span>
     <span class='ocr_line' id='line_1_43' title="bbox 441 5346 1770 5412; baseline 0.002 -9"><span class='ocrx_word' id='word_1_461' title='bbox 441 5349 481 5409; x_wconf 79' lang='lat' dir='ltr'>a;</span> <span class='ocrx_word' id='word_1_462' title='bbox 500 5352 559 5400; x_wconf 80' lang='lat' dir='ltr'>lions</span> <span class='ocrx_word' id='word_1_463' title='bbox 576 5351 703 5403; x_wconf 87' lang='lat' dir='ltr'>lloretus.</span> <span class='ocrx_word' id='word_1_464' title='bbox 723 5376 752 5387; x_wconf 97' lang='lat'>-</span> <span class='ocrx_word' id='word_1_465' title='bbox 771 5351 872 5400; x_wconf 81' lang='lat' dir='ltr'>diuinas</span> <span class='ocrx_word' id='word_1_466' title='bbox 888 5363 955 5400; x_wconf 87' lang='lat' dir='ltr'>corr.</span> <span class='ocrx_word' id='word_1_467' title='bbox 975 5363 1008 5399; x_wconf 83' lang='lat' dir='ltr'>ex</span> <span class='ocrx_word' id='word_1_468' title='bbox 1025 5350 1118 5401; x_wconf 72' lang='lat' dir='ltr'>diuinis</span> <span class='ocrx_word' id='word_1_469' title='bbox 1134 5354 1155 5402; x_wconf 80' lang='grc' dir='ltr'>Α</span> <span class='ocrx_word' id='word_1_470' title='bbox 1174 5377 1201 5388; x_wconf 97' lang='grc'>-</span> <span class='ocrx_word' id='word_1_471' title='bbox 1221 5352 1261 5402; x_wconf 78' lang='lat' dir='ltr'>tt.</span> <span class='ocrx_word' id='word_1_472' title='bbox 1280 5346 1373 5401; x_wconf 72' lang='lat' dir='ltr'>mamb</span> <span class='ocrx_word' id='word_1_473' title='bbox 1387 5357 1425 5412; x_wconf 79' lang='lat' dir='ltr'>A;</span> <span class='ocrx_word' id='word_1_474' title='bbox 1445 5366 1554 5403; x_wconf 85' lang='lat' dir='ltr'>cranam</span> <span class='ocrx_word' id='word_1_475' title='bbox 1571 5367 1641 5404; x_wconf 88' lang='lat' dir='ltr'>corr.</span> <span class='ocrx_word' id='word_1_476' title='bbox 1656 5366 1693 5404; x_wconf 91' lang='lat' dir='ltr'>m.</span> <span class='ocrx_word' id='word_1_477' title='bbox 1712 5366 1770 5406; x_wconf 86' lang='lat' dir='ltr'>sec.</span> 
     </span>
     <span class='ocr_line' id='line_1_44' title="bbox 441 5424 1771 5491; baseline 0.002 -15"><span class='ocrx_word' id='word_1_478' title='bbox 441 5428 467 5477; x_wconf 90' lang='lat' dir='ltr'>in</span> <span class='ocrx_word' id='word_1_479' title='bbox 485 5439 591 5476; x_wconf 66' lang='lat' dir='ltr'>menam</span> <span class='ocrx_word' id='word_1_480' title='bbox 609 5426 648 5485; x_wconf 85' lang='lat' dir='ltr'>V;</span> <span class='ocrx_word' id='word_1_481' title='bbox 666 5439 742 5477; x_wconf 70' lang='lat' dir='ltr'>mam</span> <span class='ocrx_word' id='word_1_482' title='bbox 758 5430 802 5475; x_wconf 79' lang='lat' dir='ltr'>ast</span> <span class='ocrx_word' id='word_1_483' title='bbox 819 5426 838 5476; x_wconf 84' lang='grc' dir='ltr'>Ρ</span> <span class='ocrx_word' id='word_1_484' title='bbox 858 5451 884 5461; x_wconf 94' lang='grc'>-</span> <span class='ocrx_word' id='word_1_485' title='bbox 903 5425 1048 5488; x_wconf 75' lang='lat' dir='ltr'>confugistis</span> <span class='ocrx_word' id='word_1_486' title='bbox 1064 5424 1096 5477; x_wconf 80' lang='lat' dir='ltr'>a.</span> <span class='ocrx_word' id='word_1_487' title='bbox 1116 5424 1155 5476; x_wconf 83' lang='lat' dir='ltr'>Cf.</span> <span class='ocrx_word' id='word_1_488' title='bbox 1174 5427 1183 5475; x_wconf 96' lang='lat' dir='ltr'>l</span> <span class='ocrx_word' id='word_1_489' title='bbox 1202 5426 1217 5490; x_wconf 72' lang='grc'>5</span> <span class='ocrx_word' id='word_1_490' title='bbox 1234 5425 1275 5476; x_wconf 74' lang='lat' dir='ltr'>bd.</span> <span class='ocrx_word' id='word_1_491' title='bbox 1290 5451 1317 5462; x_wconf 91' lang='lat'><em>-</em></span> <span class='ocrx_word' id='word_1_492' title='bbox 1336 5427 1377 5478; x_wconf 73' lang='lat' dir='ltr'>il.</span> <span class='ocrx_word' id='word_1_493' title='bbox 1396 5427 1505 5478; x_wconf 80' lang='lat' dir='ltr'>Callidus</span> <span class='ocrx_word' id='word_1_494' title='bbox 1520 5429 1641 5479; x_wconf 73' lang='lat' dir='ltr'>dicarant</span> <span class='ocrx_word' id='word_1_495' title='bbox 1656 5429 1771 5491; x_wconf 70' lang='lat' dir='ltr'>quidun,</span> 
     </span>
     <span class='ocr_line' id='line_1_45' title="bbox 441 5502 1773 5569; baseline 0.002 -18"><span class='ocrx_word' id='word_1_496' title='bbox 441 5516 550 5569; x_wconf 72' lang='lat' dir='ltr'>quonam</span> <span class='ocrx_word' id='word_1_497' title='bbox 566 5508 696 5565; x_wconf 65' lang='lat' dir='ltr'>nmquam</span> <span class='ocrx_word' id='word_1_498' title='bbox 711 5513 802 5551; x_wconf 79' lang='lat' dir='ltr'>manas</span> <span class='ocrx_word' id='word_1_499' title='bbox 817 5513 899 5564; x_wconf 81' lang='lat' dir='ltr'>opere,</span> <span class='ocrx_word' id='word_1_500' title='bbox 915 5502 951 5549; x_wconf 81' lang='lat' dir='ltr'>sic</span> <span class='ocrx_word' id='word_1_501' title='bbox 967 5502 1067 5550; x_wconf 83' lang='lat' dir='ltr'>animas</span> <span class='ocrx_word' id='word_1_502' title='bbox 1076 5514 1124 5551; x_wconf 81' lang='lat' dir='ltr'>usn</span> <span class='ocrx_word' id='word_1_503' title='bbox 1135 5502 1297 5552; x_wconf 81' lang='lat' dir='ltr'>concciluerit</span> <span class='ocrx_word' id='word_1_504' title='bbox 1314 5504 1506 5554; x_wconf 87' lang='lat' dir='ltr'>Grammaticus</span> <span class='ocrx_word' id='word_1_505' title='bbox 1523 5503 1668 5568; x_wconf 86' lang='lat' dir='ltr'>degenere</span> <span class='ocrx_word' id='word_1_506' title='bbox 1684 5503 1773 5554; x_wconf 90' lang='lat' dir='ltr'>nomi-</span> 
     </span>
     <span class='ocr_line' id='line_1_46' title="bbox 441 5576 1772 5642; baseline 0.002 -14"><span class='ocrx_word' id='word_1_507' title='bbox 441 5590 507 5628; x_wconf 89' lang='lat' dir='ltr'>num</span> <span class='ocrx_word' id='word_1_508' title='bbox 524 5590 551 5627; x_wconf 93' lang='lat' dir='ltr'>n.</span> <span class='ocrx_word' id='word_1_509' title='bbox 564 5576 605 5627; x_wconf 86' lang='lat' dir='ltr'>cs.</span> <span class='ocrx_word' id='word_1_510' title='bbox 625 5601 651 5611; x_wconf 88' lang='lat'><em>—</em></span> <span class='ocrx_word' id='word_1_511' title='bbox 671 5578 713 5628; x_wconf 78' lang='lat'>25.</span> <span class='ocrx_word' id='word_1_512' title='bbox 733 5588 840 5639; x_wconf 77' lang='lat' dir='ltr'>quormn</span> <span class='ocrx_word' id='word_1_513' title='bbox 851 5602 888 5612; x_wconf 92' lang='lat'>-·</span> <span class='ocrx_word' id='word_1_514' title='bbox 898 5576 1022 5625; x_wconf 69' lang='lat' dir='ltr'>maisit</span> <span class='ocrx_word' id='word_1_515' title='bbox 1038 5577 1138 5627; x_wconf 85' lang='lat' dir='ltr'>Nonius</span> <span class='ocrx_word' id='word_1_516' title='bbox 1156 5590 1182 5641; x_wconf 91' lang='lat' dir='ltr'>p.</span> <span class='ocrx_word' id='word_1_517' title='bbox 1196 5576 1237 5626; x_wconf 85' lang='grc'>90,</span> <span class='ocrx_word' id='word_1_518' title='bbox 1258 5600 1285 5613; x_wconf 92' lang='grc'><strong>-</strong></span> <span class='ocrx_word' id='word_1_519' title='bbox 1304 5578 1437 5630; x_wconf 70' lang='lat' dir='ltr'>emoluit.</span> <span class='ocrx_word' id='word_1_520' title='bbox 1456 5580 1501 5629; x_wconf 83' lang='lat' dir='ltr'>iiis</span> <span class='ocrx_word' id='word_1_521' title='bbox 1515 5580 1535 5629; x_wconf 85' lang='lat' dir='ltr'>it</span> <span class='ocrx_word' id='word_1_522' title='bbox 1550 5604 1577 5616; x_wconf 92' lang='lat'><em>-</em></span> <span class='ocrx_word' id='word_1_523' title='bbox 1596 5578 1638 5628; x_wconf 72' lang='lat' dir='ltr'>tt.</span> <span class='ocrx_word' id='word_1_524' title='bbox 1651 5578 1772 5642; x_wconf 78' lang='lat' dir='ltr'>inquidh</span> 
     </span>
     <span class='ocr_line' id='line_1_47' title="bbox 445 5650 1770 5718; baseline 0.003 -17"><span class='ocrx_word' id='word_1_525' title='bbox 445 5679 473 5693; x_wconf 90' lang='lat'>-</span> <span class='ocrx_word' id='word_1_526' title='bbox 491 5653 535 5716; x_wconf 80' lang='lat' dir='ltr'>qut</span> <span class='ocrx_word' id='word_1_527' title='bbox 556 5652 583 5702; x_wconf 84' lang='lat' dir='ltr'>td</span> <span class='ocrx_word' id='word_1_528' title='bbox 602 5664 672 5703; x_wconf 88' lang='lat' dir='ltr'>corr.</span> <span class='ocrx_word' id='word_1_529' title='bbox 691 5664 723 5702; x_wconf 85' lang='lat' dir='ltr'>er</span> <span class='ocrx_word' id='word_1_530' title='bbox 749 5650 811 5713; x_wconf 77' lang='lat' dir='ltr'>qaid</span> <span class='ocrx_word' id='word_1_531' title='bbox 835 5654 873 5708; x_wconf 78' lang='lat' dir='ltr'>A;</span> <span class='ocrx_word' id='word_1_532' title='bbox 900 5651 960 5712; x_wconf 79' lang='lat' dir='ltr'>quid</span> <span class='ocrx_word' id='word_1_533' title='bbox 977 5652 1012 5711; x_wconf 87' lang='grc' dir='ltr'>Ρ;</span> <span class='ocrx_word' id='word_1_534' title='bbox 1040 5651 1159 5714; x_wconf 78' lang='lat' dir='ltr'>quicquid</span> <span class='ocrx_word' id='word_1_535' title='bbox 1178 5652 1205 5702; x_wconf 87' lang='lat' dir='ltr'>id</span> <span class='ocrx_word' id='word_1_536' title='bbox 1225 5654 1259 5713; x_wconf 85' lang='lat' dir='ltr'>(in</span> <span class='ocrx_word' id='word_1_537' title='bbox 1278 5656 1379 5716; x_wconf 81' lang='lat' dir='ltr'>rasura)</span> <span class='ocrx_word' id='word_1_538' title='bbox 1398 5654 1420 5702; x_wconf 84' lang='lat' dir='ltr'>V</span> <span class='ocrx_word' id='word_1_539' title='bbox 1440 5681 1467 5693; x_wconf 93' lang='lat'><em>-</em></span> <span class='ocrx_word' id='word_1_540' title='bbox 1492 5654 1534 5705; x_wconf 75' lang='lat'>28.</span> <span class='ocrx_word' id='word_1_541' title='bbox 1552 5654 1721 5718; x_wconf 70' lang='lat' dir='ltr'>tgbsnbislt</span> <span class='ocrx_word' id='word_1_542' title='bbox 1743 5679 1770 5692; x_wconf 92' lang='lat'>-</span> 
     </span>
     <span class='ocr_line' id='line_1_48' title="bbox 441 5725 1774 5794; baseline 0 -16"><span class='ocrx_word' id='word_1_543' title='bbox 441 5729 542 5778; x_wconf 72' lang='lat' dir='ltr'>basuini.</span> <span class='ocrx_word' id='word_1_544' title='bbox 560 5727 654 5779; x_wconf 80' lang='lat' dir='ltr'>bomini</span> <span class='ocrx_word' id='word_1_545' title='bbox 671 5739 740 5778; x_wconf 92' lang='lat' dir='ltr'>corr.</span> <span class='ocrx_word' id='word_1_546' title='bbox 759 5739 791 5776; x_wconf 84' lang='lat' dir='ltr'>er</span> <span class='ocrx_word' id='word_1_547' title='bbox 808 5725 920 5775; x_wconf 84' lang='lat' dir='ltr'>bominis.</span> <span class='ocrx_word' id='word_1_548' title='bbox 939 5726 1044 5776; x_wconf 83' lang='lat' dir='ltr'>bominis</span> <span class='ocrx_word' id='word_1_549' title='bbox 1055 5728 1085 5787; x_wconf 63' lang='grc' dir='ltr'>νς</span> <span class='ocrx_word' id='word_1_550' title='bbox 1104 5728 1197 5776; x_wconf 71' lang='lat' dir='ltr'>bonoim</span> <span class='ocrx_word' id='word_1_551' title='bbox 1213 5728 1311 5779; x_wconf 85' lang='lat' dir='ltr'>bomine</span> <span class='ocrx_word' id='word_1_552' title='bbox 1327 5731 1346 5779; x_wconf 87' lang='grc' dir='ltr'><strong>Β</strong></span> <span class='ocrx_word' id='word_1_553' title='bbox 1361 5756 1387 5766; x_wconf 91' lang='grc'>-</span> <span class='ocrx_word' id='word_1_554' title='bbox 1406 5730 1447 5780; x_wconf 76' lang='lat' dir='ltr'>dl.</span> <span class='ocrx_word' id='word_1_555' title='bbox 1465 5730 1578 5792; x_wconf 63' lang='lat' dir='ltr'>wnnqsc</span> <span class='ocrx_word' id='word_1_556' title='bbox 1594 5728 1687 5779; x_wconf 71' lang='lat' dir='ltr'>set*</span> <span class='ocrx_word' id='word_1_557' title='bbox 1703 5730 1774 5794; x_wconf 78' lang='lat' dir='ltr'>(post</span> 
     </span>
     <span class='ocr_line' id='line_1_49' title="bbox 443 5799 1773 5867; baseline 0.002 -13"><span class='ocrx_word' id='word_1_558' title='bbox 443 5814 548 5854; x_wconf 85' lang='lat' dir='ltr'>erasnm</span> <span class='ocrx_word' id='word_1_559' title='bbox 565 5800 680 5853; x_wconf 85' lang='lat' dir='ltr'>litteram</span> <span class='ocrx_word' id='word_1_560' title='bbox 696 5804 742 5864; x_wconf 74' lang='lat' dir='ltr'>At:</span> <span class='ocrx_word' id='word_1_561' title='bbox 765 5801 890 5862; x_wconf 76' lang='lat' dir='ltr'>eidemque</span> <span class='ocrx_word' id='word_1_562' title='bbox 907 5799 1025 5853; x_wconf 78' lang='lat' dir='ltr'>Bcev¹</span> <span class='ocrx_word' id='word_1_563' title='bbox 1044 5826 1071 5839; x_wconf 92' lang='lat'>-</span> <span class='ocrx_word' id='word_1_564' title='bbox 1097 5801 1137 5851; x_wconf 67' lang='lat'>32.</span> <span class='ocrx_word' id='word_1_565' title='bbox 1155 5803 1191 5854; x_wconf 90' lang='lat' dir='ltr'>dii</span> <span class='ocrx_word' id='word_1_566' title='bbox 1209 5804 1243 5864; x_wconf 80' lang='lat' dir='ltr'>(in</span> <span class='ocrx_word' id='word_1_567' title='bbox 1261 5804 1361 5867; x_wconf 79' lang='lat' dir='ltr'>rasura)</span> <span class='ocrx_word' id='word_1_568' title='bbox 1379 5805 1400 5853; x_wconf 83' lang='lat' dir='ltr'>il</span> <span class='ocrx_word' id='word_1_569' title='bbox 1420 5831 1448 5841; x_wconf 97' lang='lat'><em>-</em></span> <span class='ocrx_word' id='word_1_570' title='bbox 1471 5804 1512 5855; x_wconf 79' lang='grc'>33.</span> <span class='ocrx_word' id='word_1_571' title='bbox 1530 5803 1593 5854; x_wconf 83' lang='lat' dir='ltr'>nibil</span> <span class='ocrx_word' id='word_1_572' title='bbox 1606 5803 1706 5855; x_wconf 62' lang='lat' dir='ltr'>minine</span> <span class='ocrx_word' id='word_1_573' title='bbox 1720 5816 1773 5856; x_wconf 81' lang='lat' dir='ltr'>casa</span> 
     </span>
     <span class='ocr_line' id='line_1_50' title="bbox 442 5874 1773 5931; baseline 0.002 -4"><span class='ocrx_word' id='word_1_574' title='bbox 442 5876 530 5927; x_wconf 75' lang='lat' dir='ltr'>netim</span> <span class='ocrx_word' id='word_1_575' title='bbox 545 5877 649 5928; x_wconf 84' lang='lat' dir='ltr'>bavisic</span> <span class='ocrx_word' id='word_1_576' title='bbox 666 5879 775 5928; x_wconf 84' lang='lat' dir='ltr'>auctore</span> <span class='ocrx_word' id='word_1_577' title='bbox 792 5874 898 5929; x_wconf 87' lang='lat' dir='ltr'>seclusi.</span> <span class='ocrx_word' id='word_1_578' title='bbox 919 5903 947 5914; x_wconf 98' lang='lat'>-</span> <span class='ocrx_word' id='word_1_579' title='bbox 964 5876 1005 5929; x_wconf 74' lang='lat' dir='ltr'>ab.</span> <span class='ocrx_word' id='word_1_580' title='bbox 1023 5880 1052 5927; x_wconf 91' lang='lat' dir='ltr'>at</span> <span class='ocrx_word' id='word_1_581' title='bbox 1067 5889 1137 5927; x_wconf 87' lang='lat' dir='ltr'>corr.</span> <span class='ocrx_word' id='word_1_582' title='bbox 1157 5890 1193 5930; x_wconf 91' lang='lat' dir='ltr'>m.</span> <span class='ocrx_word' id='word_1_583' title='bbox 1211 5891 1266 5930; x_wconf 89' lang='lat' dir='ltr'>sec.</span> <span class='ocrx_word' id='word_1_584' title='bbox 1283 5892 1316 5931; x_wconf 86' lang='lat' dir='ltr'>er</span> <span class='ocrx_word' id='word_1_585' title='bbox 1333 5879 1368 5931; x_wconf 86' lang='lat' dir='ltr'>ad</span> <span class='ocrx_word' id='word_1_586' title='bbox 1384 5877 1447 5928; x_wconf 85' lang='lat' dir='ltr'>V·</span> <span class='ocrx_word' id='word_1_587' title='bbox 1465 5877 1507 5931; x_wconf 82' lang='grc'>36.</span> <span class='ocrx_word' id='word_1_588' title='bbox 1525 5879 1637 5931; x_wconf 69' lang='lat' dir='ltr'>manno</span> <span class='ocrx_word' id='word_1_589' title='bbox 1651 5878 1688 5929; x_wconf 87' lang='lat' dir='ltr'>tt:</span> <span class='ocrx_word' id='word_1_590' title='bbox 1708 5890 1773 5930; x_wconf 84' lang='lat' dir='ltr'>ora·</span> 
     </span>
    </p>
   </div>
   <div class='ocr_carea' id='block_1_4' title="bbox 0 0 2180 7459">
    <p class='ocr_par' dir='ltr' id='par_1_4' title="bbox 0 0 2180 7459">
     <span class='ocr_line' id='line_1_51' title="bbox 0 0 2180 7459; baseline 0 0"><span class='ocrx_word' id='word_1_591' title='bbox 0 0 2180 7459; x_wconf 95' lang='lat' dir='ltr'> </span> 
     </span>
    </p>
   </div>
  </div>
 </body>
</html>
