4342 7459
446 1237 509 1304 ldd
732 1243 786 1308 llll
807 1244 964 1310 FINIBUS
985 1246 1183 1312 nouorum
1204 1248 1257 1311 ET
1279 1246 1478 1312 uasorum

446 1420 551 1486 neret,
573 1430 657 1485 Quor>
678 1432 748 1478 srvs
770 1433 905 1479 vrnrvrs
928 1423 983 1479 aut
1002 1437 1190 1481 rsnrcrrsrs
1212 1427 1320 1501 posset
1341 1406 1461 1492 dicere,
1494 1417 1521 1480 si
1543 1436 1647 1500 neque
1668 1418 1769 1481 virtus

444 1508 479 1570 in
506 1508 572 1571 ullo
600 1508 662 1571 nisi
688 1509 721 1571 in
752 1511 893 1593 sapiente
915 1532 974 1574 nec
994 1512 1130 1575 felicitas
1151 1532 1224 1576 vere
1247 1511 1309 1575 dici
1332 1515 1460 1594 potest‘l
1494 1511 1582 1586 Quae
1605 1519 1653 1574 est
1674 1511 1771 1594 igitur

444 1603 505 1666 ista
526 1602 743 1686 philosophia,
766 1624 848 1687 quae
870 1607 1028 1669 commoni
1051 1627 1138 1670 more
1160 1607 1193 1669 in
1214 1605 1283 1669 foro
1306 1606 1463 1689 loquitur,
1490 1606 1524 1666 in
1547 1603 1664 1667 libellis
1686 1609 1769 1668 suot

445 1696 627 1778 praesertim
655 1717 741 1773 cum,
772 1699 857 1781 quod
891 1700 938 1762 illi
969 1701 1036 1764 suis
1056 1700 1163 1763 verbis
1185 1700 1378 1783 significent,
1407 1701 1440 1762 in
1461 1720 1501 1764 eo
1523 1700 1603 1762 nihil
1625 1708 1769 1774 novetur,

421 1790 575 1856 oeaedem
596 1811 647 1854 res
669 1801 817 1856 maneant
838 1793 901 1856 alio
924 1794 1029 1858 modo.
1065 1792 1116 1856 23.
1136 1794 1221 1869 Quid
1243 1794 1328 1857 enirn
1350 1795 1496 1868 interest,
1519 1794 1659 1869 divitias,
1682 1814 1770 1878 opes,

443 1883 657 1949 ualetudinem
686 1886 877 1952 benedicas
902 1908 984 1952 anne
1006 1890 1200 1972 praeposita,
1230 1909 1302 1950 cum
1325 1888 1394 1963 ille,
1417 1889 1472 1972 qui
1495 1888 1555 1951 ista
1577 1888 1661 1951 bona
1683 1888 1769 1963 dicit,

443 1978 544 2043 nihilo
576 1979 648 2063 plus
677 1979 716 2044 iis
745 1982 862 2045 tribuat
886 2003 979 2066 quam
1010 1990 1061 2057 tu,
1095 1983 1148 2066 qni
1174 1982 1285 2045 eadam
1307 1982 1360 2044 illa
1391 1981 1570 2066 pmeposita
1602 1983 1770 2045 nominas?

444 2074 555 2155 ltaque
587 2074 683 2137 homo
718 2075 750 2138 in
784 2076 893 2160 primis
926 2077 1084 2160 ingenuus
1118 2084 1150 2139 ct
1180 2077 1299 2159 gravis,
1328 2076 1442 2159 dignus
1474 2076 1529 2139 illa
1558 2075 1769 2139 familiaritate

444 2167 600 2250 Scipionis
629 2174 662 2231 et
691 2169 808 2245 Laelii,
837 2170 1021 2245 Panaetius,
1049 2192 1120 2235 cum
1148 2172 1188 2234 ad
1217 2169 1256 2244 0.
1278 2170 1476 2233 Tuberonem
1507 2169 1546 2231 de
1575 2169 1685 2232 dolore
1713 2188 1770 2252 pa·

407 2260 551 2327 sotiendo
574 2261 739 2338 scriberet,
768 2264 854 2347 quod
877 2283 947 2327 esse
970 2271 1064 2347 caput
1085 2262 1237 2337 debebat,
1267 2263 1293 2326 si
1316 2264 1443 2345 probari
1465 2273 1590 2348 posset,
1612 2283 1767 2347 nusquam

443 2356 561 2438 posuit,
584 2376 648 2419 non
670 2376 740 2421 esse
762 2359 879 2422 malum
902 2358 1060 2433 dolorem,
1082 2358 1138 2421 sed
1161 2357 1239 2441 quid
1261 2365 1346 2421 esset
1367 2365 1398 2420 et
1420 2358 1528 2441 quale,
1551 2364 1768 2440 quantumque

442 2448 474 2510 in
503 2468 542 2511 eo
572 2455 658 2512 esset
684 2450 795 2525 alieni,
825 2451 942 2515 deinde
968 2471 1050 2535 quae
1077 2453 1156 2515 ratic
1179 2460 1262 2516 esset
1282 2452 1477 2535 perferendi:
1508 2452 1599 2515 cuius
1621 2450 1766 2535 quidem,

443 2543 593 2624 quoniam
616 2544 741 2608 Stoicus
767 2546 842 2620 iuit,
878 2546 1035 2610 sententia
1056 2544 1266 2607 condemnata
1292 2545 1372 2608 mihi
1394 2544 1520 2608 videtur
1540 2564 1610 2608 esse
1630 2546 1767 2608 inanitas

442 2636 504 2699 ista
524 2638 699 2702 verborum.

405 2748 433 2795 44
525 2732 566 2793 X.
588 2729 639 2794 bl.
663 2732 725 2796 Sed
751 2741 788 2796 ut
808 2734 937 2817 pmpius
959 2733 999 2797 ad
1022 2752 1076 2807 ea,
1100 2734 1188 2809 Cato,
1210 2733 1375 2809 accedam,
1398 2754 1479 2817 quae
1499 2754 1517 2798 a
1538 2742 1569 2797 te
1584 2733 1767 2806 dictasunt,

441 2827 581 2908 pressius
611 2846 739 2909 agamus
762 2846 877 2909 eaque,
907 2846 989 2910 quae
1011 2828 1107 2890 modo
1130 2825 1255 2902 dixisti,
1284 2849 1355 2891 cum
1378 2829 1417 2891 iis
1440 2827 1655 2899 conseramus,
1686 2844 1767 2910 quae

440 2921 503 2983 tuis
531 2930 700 3003 antepono.
746 2921 837 2996 Quae
860 2928 932 2988 sunt
953 2921 1049 3003 igitur
1071 2921 1250 2984 communia
1272 2922 1361 2985 vobis
1384 2942 1454 2985 cuns
1476 2922 1632 3004 antiquis,
1660 2919 1700 2983 iis
1722 2919 1768 2982 sic

440 3020 565 3076 utamur
587 3015 677 3097 quasi
700 3016 873 3088 concessis,
897 3034 979 3098 quae
1001 3015 1034 3077 in
1050 3015 1299 3078 controversiam
1315 3016 1460 3090 veniunt,
1483 3014 1522 3077 de
1537 3014 1587 3088 iis,
1610 3014 1636 3076 si
1651 3013 1766 3096 placet,

440 3106 640 3170 disseramus.
682 3108 759 3171 llihi
786 3129 877 3183 varo,
906 3109 1027 3191 inquit,
1058 3108 1162 3191 placet
1183 3110 1233 3191 agi
1255 3109 1403 3172 subtilius
1425 3118 1471 3184 et,
1499 3117 1535 3172 nt
1555 3109 1624 3191 ipse
1647 3107 1766 3180 dixisti,

402 3204 589 3284 repressius.
633 3203 724 3278 Quae
752 3204 837 3266 enim
859 3203 962 3266 adhuc
984 3203 1156 3286 protulisti,
1187 3203 1350 3286 popularia
1374 3210 1462 3278 sunt,
1485 3222 1543 3285 ego
1567 3208 1765 3264 automata

440 3294 632 3378 elegantiora
655 3296 811 3360 desidero.
847 3299 980 3361 hmene
996 3301 1051 3361 tut
1074 3297 1214 3380 inquam,
1236 3299 1291 3359 sed
1312 3296 1416 3360 tamen
1433 3297 1595 3369 eniteret,
1618 3295 1765 3360 siminus

440 3390 538 3452 multa
559 3389 635 3452 mihi
657 3399 840 3466 occurrent,
869 3411 932 3454 non
961 3389 1077 3472 fugiam
1101 3391 1162 3452 ista
1183 3390 1360 3472 popularia.
1403 3387 1455 3451 25.
1479 3390 1540 3453 Sed
1563 3390 1701 3471 positum
1725 3388 1766 3450 eit

438 3482 573 3564 primum
609 3491 732 3546 nosmet
760 3485 848 3566 ipsos
878 3483 1112 3547 commendatos
1142 3502 1211 3546 esse
1240 3484 1332 3546 nobis
1363 3484 1559 3566 primamque
1588 3502 1630 3546 ex
1655 3488 1765 3545 natura

438 3573 520 3637 hanc
541 3575 657 3640 habere
679 3578 920 3660 appetitionem,
942 3586 979 3640 ut
1000 3596 1221 3639 conservemus
1237 3583 1360 3639 nosmet
1383 3576 1479 3658 ipsos.
1514 3575 1584 3638 Hoc
1600 3575 1763 3639 convenit:

400 3669 584 3749 assequitur
604 3669 701 3746 illud,
722 3679 759 3734 ut
779 3671 1065 3734 animadvertamus
1088 3672 1142 3753 qui
1166 3671 1264 3733 simus
1286 3670 1363 3754 ipsi,
1385 3677 1420 3732 nt
1441 3670 1626 3753 nosquales
1641 3676 1766 3752 oportet

438 3780 508 3824 esse
530 3781 699 3827 servamus.
736 3765 851 3828 Sumus
872 3765 969 3847 igitur
989 3765 1152 3828 homines:
1175 3765 1342 3828 exanimo
1366 3771 1546 3827 constamus
1568 3770 1599 3826 et
1620 3782 1763 3845 corpore,

438 3873 520 3938 quae
542 3863 616 3918 sunt
637 3857 798 3921 cuiusdam
822 3858 925 3933 modi,
952 3879 1075 3942 nosque
1098 3865 1235 3941 oportet,
1257 3866 1293 3921 ut
1314 3859 1413 3942 prima
1434 3856 1587 3941 appetitio
1611 3856 1763 3919 naturalis

437 3948 589 4032 postulat,
621 3951 700 4014 haec
730 3951 861 4034 diligere
888 3953 1144 4036 constituereque
1175 3972 1215 4015 ex
1240 3953 1290 4016 his
1320 3951 1413 4016 linem
1435 3953 1525 4015 illum
1547 3952 1662 4015 summi
1685 3951 1761 4014 boni

438 4050 534 4125 atque
555 4044 675 4107 ultimi:
698 4066 808 4128 quem,
830 4048 856 4109 si
880 4048 978 4129 prima
993 4065 1066 4109 vera
1081 4053 1172 4121 sunt,
1195 4048 1239 4110 ita
1254 4046 1402 4110 constitui
1417 4066 1548 4109 necesse
1564 4053 1629 4120 est,
1653 4064 1760 4108 earum

401 4152 556 4210 soterum,
587 4157 668 4220 quae
696 4142 758 4203 sint
785 4141 957 4203 secundum
991 4149 1150 4213 naturam,
1180 4160 1273 4222 quam
1298 4140 1432 4224 plurima
1454 4146 1486 4202 et
1508 4159 1602 4222 quarn
1625 4140 1762 4201 maxima

437 4229 578 4313 adipisci.
621 4228 672 4295 26.
701 4233 795 4297 Hunc
824 4235 919 4317 igitur
946 4230 1039 4297 linem
1070 4234 1116 4296 illi
1148 4242 1333 4310 tenuerunt,
1363 4235 1514 4317 quodque
1536 4253 1595 4315 eqo
1619 4230 1761 4314 pluribus

436 4323 556 4397 verbis,
587 4324 633 4387 illi
661 4326 804 4402 brevius,
832 4327 1006 4391 secundum
1033 4334 1177 4391 naturam
1198 4329 1318 4404 uivere,
1348 4328 1409 4391 hoc
1431 4329 1470 4391 iis
1492 4328 1646 4390 bonorum
1672 4324 1761 4387 vide·

437 4414 531 4479 batur
550 4427 736 4482 orhemum.

520 4513 575 4574 Xl.
598 4514 664 4595 Age
685 4534 769 4577 nunc
790 4515 841 4578 isti
858 4516 990 4580 doceant
1003 4517 1053 4580 vel
1069 4524 1103 4581 tu
1119 4517 1283 4600 potius-
1297 4517 1368 4599 quis
1384 4515 1468 4578 enirn
1484 4514 1545 4577 ista
1560 4512 1693 4576 meliust
1712 4548 1760 4587 -,

399 4619 573 4689 sequanam
596 4608 690 4671 modo
712 4610 751 4672 ab
779 4610 879 4672 isdem
907 4610 1070 4694 principiis
1099 4610 1231 4694 proiecti
1254 4610 1396 4673 efficiatis
1426 4617 1462 4673 ut
1488 4608 1621 4671 honeste
1643 4607 1759 4683 rivere,

435 4700 469 4762 id
498 4709 546 4764 est
573 4703 657 4766 enim
684 4706 734 4768 vel
764 4725 781 4768 e
814 4705 929 4767 virtute
962 4704 1013 4766 vel
1044 4714 1174 4768 naturae
1208 4711 1419 4786 congruenter
1445 4704 1569 4776 vivere,
1603 4721 1760 4764 summum

435 4794 553 4859 bonum
583 4798 623 4862 sit
653 4806 686 4861 et
713 4816 850 4883 quonam
881 4798 974 4861 modo
1002 4807 1056 4862 aut
1084 4818 1147 4881 quo
1177 4798 1248 4861 loco
1278 4818 1393 4881 corpus
1423 4797 1527 4861 subito
1557 4794 1761 4859 deserueritis

436 4892 606 4976 omniaque
637 4912 691 4968 ea,
729 4912 827 4978 quae,
860 4893 1033 4956 secundum
1062 4899 1205 4955 naturam
1236 4910 1307 4954 cum
1337 4891 1419 4965 sint,
1457 4890 1562 4954 absint
1598 4908 1617 4951 a
1653 4896 1761 4952 nostm

499 5192 524 5241 2.
542 5191 569 5240 44
585 5191 652 5241 44444
668 5192 717 5242 ΒΕ
739 5215 767 5228 ·-
790 5192 838 5242 4444
852 5193 998 5255 suplantet}
1018 5218 1044 5227 —
1068 5193 1092 5243 3.
1110 5190 1196 5240 44444444
1211 5190 1276 5240 BD:
1294 5188 1372 5239 libello
1390 5189 1439 5239 CO
1458 5214 1485 5223 -
1509 5187 1534 5239 l.
1553 5189 1592 5238 sut
1607 5188 1689 5238 berhta
1709 5187 1759 5238 BE

436 5291 464 5303 -
482 5271 586 5316 nwetur
601 5268 629 5317 Ρ.
648 5265 745 5317 Faber:
769 5273 884 5318 mouetur
900 5268 963 5325 BE;
980 5273 1113 5317 4444444444
1129 5267 1158 5315 G.
1178 5264 1254 5325 Quod
1271 5265 1296 5313 ln
1315 5261 1447 5326 plerisque
1466 5262 1544 5312 codd.
1564 5262 1669 5312 additur
1686 5261 1757 5325 glos·

434 5354 509 5392 sema
520 5342 550 5391 da
560 5341 619 5404 tpstr
633 5341 705 5392 rebus
720 5342 781 5391 44444
796 5348 906 5393 mutetur
918 5356 970 5393 orn.
984 5343 1045 5403 Gll,
1064 5340 1203 5392 seclusito
1220 5366 1246 5375 -
1265 5340 1289 5389 6.
1303 5338 1393 5387 bonam
1410 5339 1434 5387 d.
1447 5338 1495 5387 BE
1509 5363 1537 5373 -
1555 5339 1580 5389 7.
1599 5338 1636 5403 444]
1655 5338 1692 5387 hta
1708 5339 1758 5389 440

436 5444 464 5456 -
483 5417 507 5468 9.
520 5422 543 5467 44
559 5416 645 5479 boetis]
662 5417 772 5467 44444444
792 5444 816 5454 -
837 5418 866 5479 Q.
880 5418 1007 5468 omli·
1028 5416 1068 5466 444.
1084 5414 1238 5478 possith-
1258 5414 1298 5463 ll.
1317 5418 1340 5464 et
1356 5413 1442 5464 om.B
1458 5438 1486 5451 -
1506 5412 1545 5462 44.
1558 5419 1617 5464 44444
1633 5415 1697 5464 Bu:
1717 5415 1759 5463 tn·

434 5492 566 5542 44444440.
586 5491 625 5543 Cl.
638 5505 664 5556 p.
678 5493 735 5553 ssa,
748 5493 810 5542 8.-
827 5492 976 5556 perferendo
993 5492 1012 5543 Ε
1028 5518 1052 5528 -
1073 5492 1113 5542 43.
1128 5490 1253 5554 quonium]
1272 5489 1379 5549 quaml}
1400 5515 1423 5527 -
1446 5487 1486 5538 44.
1504 5488 1615 5539 inanitas
1631 5488 1696 5538 BG:
1715 5489 1759 5538 44-

433 5568 543 5617 44444444
558 5568 650 5618 4440-
669 5569 709 5618 45.
727 5581 744 5616 o
761 5567 791 5633 tc]
809 5567 959 5617 4444444-
980 5567 1020 5616 46.
1038 5566 1237 5630 4444444140-
1259 5564 1299 5614 44.
1317 5562 1584 5628 vobtslncbtsltll-
1603 5561 1757 5625 enmono

436 5666 463 5677 -
482 5641 523 5691 444.
541 5644 638 5693 tuom
657 5643 676 5692 B
696 5670 722 5677 -
742 5642 782 5693 20.
800 5647 927 5692 auom.
945 5642 964 5691 B
984 5668 1011 5677 -
1030 5641 1071 5690 22.
1089 5640 1169 5690 mutto
1184 5639 1258 5688 micbt
1275 5638 1307 5686 B:
1325 5638 1386 5687 mibi
1401 5639 1482 5688 multu
1497 5639 1550 5689 lllO
1564 5663 1591 5675 -
1610 5639 1651 5688 25.
1670 5642 1697 5686 ut
1713 5650 1759 5687 nos

435 5716 496 5777 (non
512 5722 535 5766 44
550 5719 603 5780 nos)
620 5718 700 5769 etiam
717 5718 736 5768 E
752 5744 778 5754 -
797 5718 838 5767 27.
854 5717 940 5779 primo
953 5717 1043 5778 pottcto
1059 5717 1149 5766 BE·
1169 5715 1208 5765 ³0.
1227 5726 1304 5775 quam
1318 5714 1430 5776 plurimo
1440 5741 1477 5752 --
1487 5714 1621 5764 4444444444
1636 5717 1758 5762 noturmu

435 5801 489 5839 om.
508 5789 528 5838 B
548 5817 574 5828 -
593 5791 633 5841 ³2.
651 5794 746 5854 444444,
763 5792 808 5842 hoc
824 5782 1003 5854 Wesenberg}
1026 5792 1117 5841 444444.
1136 5788 1187 5838 4444
1205 5789 1225 5837 0
1242 5813 1269 5823 -
1290 5787 1329 5853 444]
1347 5789 1384 5837 bis
1400 5789 1480 5839 BDO
1500 5816 1527 5825 -
1544 5787 1675 5837 utdcbotur
1690 5786 1756 5836 We·

436 5863 564 5928 senberg:
581 5868 696 5918 videatur
711 5868 799 5927 BDG;
817 5867 915 5917 oidstw
931 5866 1008 5916 cuo
1023 5891 1050 5902 -
1069 5863 1109 5917 34.
1129 5864 1209 5915 utos
1228 5889 1253 5901 -
1272 5863 1314 5914 35.
1331 5863 1430 5925 busdam
1446 5865 1481 5925 B;
1500 5863 1620 5915 4444444440
1633 5889 1660 5900 -
1680 5860 1720 5912 34.
1733 5866 1756 5911 ot

435 5939 752 6005 WMWWD·
