4342 7459
452 1240 513 1307 tto
736 1245 790 1309 bu
811 1246 968 1309 I'INIBUS
990 1246 1186 1312 BONORUM
1207 1248 1260 1311 ΕΤ
1282 1248 1483 1313 Mantinon

452 1434 547 1499 quam
574 1414 621 1478 rei
649 1413 793 1499 publicae
816 1422 943 1478 nostrae
964 1416 1098 1498 profuit,
1126 1436 1191 1479 non
1214 1417 1301 1480 odiit
1330 1418 1401 1501 quis
1423 1419 1514 1480 huius
1533 1417 1620 1481 urbis
1643 1438 1770 1482 conser-

451 1517 589 1573 vatorem
614 1508 765 1583 Codrum,
795 1509 867 1593 quis
888 1510 1055 1573 Erechthei
1079 1508 1158 1573 filias
1181 1530 1246 1572 non
1268 1512 1404 1574 maxime
1426 1512 1553 1574 laudati
1581 1512 1632 1575 cui
1654 1511 1770 1574 Tubuli

450 1624 565 1668 nomen
596 1603 669 1666 odio
692 1623 754 1665 non
779 1606 850 1666 estt
879 1605 950 1687 quis
972 1604 1142 1667 Aristidem
1165 1624 1228 1667 non
1251 1612 1409 1667 mortuum
1432 1605 1556 1688 diligiti
1585 1609 1633 1669 An
1656 1607 1771 1670 obliui-

450 1698 579 1771 scimur,
602 1705 721 1778 quanto
744 1717 839 1782 opere
861 1700 892 1760 in
913 1697 1072 1761 audiendo
1088 1698 1285 1781 legendoque
1301 1719 1499 1772 moveamur,
1522 1721 1592 1763 cum
1608 1701 1676 1783 pie,
1698 1720 1769 1763 cnm

425 1792 561 1864 tamice,
584 1810 654 1853 cum
677 1811 789 1874 magno
811 1793 916 1854 animo
939 1792 1059 1875 aliquid
1075 1792 1191 1855 factum
1208 1793 1450 1874 cognoscimus?
1486 1790 1537 1854 63.
1554 1793 1638 1868 Quid
1657 1794 1770 1877 loquor

448 1885 487 1948 de
517 1886 623 1960 nobis,
653 1887 707 1970 qui
737 1884 776 1948 ad
800 1885 925 1947 laudem
948 1893 979 1947 et
1001 1885 1041 1948 ad
1063 1885 1161 1948 decus
1184 1880 1265 1958 nati,
1297 1887 1450 1968 suscepti,
1476 1888 1610 1950 instituti
1638 1888 1769 1950 snmns‘l

448 1978 510 2054 Qui
533 1979 684 2043 clamores
706 1980 791 2061 vulgi
820 1985 915 2062 atque
943 1980 1159 2062 imperitorum
1189 1982 1366 2043 excitantur
1390 1980 1422 2041 in
1442 1980 1590 2055 theatris,
1620 2000 1692 2043 cum
1714 1977 1769 2040 illa

447 2072 609 2136 dicuntur:

893 2144 987 2251 'Ego
1009 2188 1090 2230 sum
1114 2168 1285 2232 Orestes.

409 2271 436 2317 to
446 2266 618 2342 contraque
640 2261 679 2323 ab
702 2262 815 2335 altero,

613 2354 729 2417 Immo
752 2355 952 2418 enimvero
976 2374 1049 2437 ego
1072 2375 1171 2425 sum,
1194 2354 1374 2436 inquam,
1397 2354 1581 2417 Orestesl

447 2446 522 2510 Cum
552 2454 658 2510 antem
687 2448 780 2510 etiam
809 2449 913 2511 exitus
942 2448 980 2509 ab
1009 2457 1145 2531 utroque
1168 2445 1258 2509 datur
1279 2448 1466 2511 conturbato
1488 2448 1667 2529 errantique
1689 2449 1766 2530 regi,

444 2542 565 2604 amno
588 2561 684 2624 ergo
705 2562 780 2605 una
802 2542 993 2604 necarier
1014 2560 1226 2624 precamur,
1250 2542 1396 2623 quotiens
1411 2541 1471 2604 hoc
1486 2544 1605 2624 agitur,
1627 2560 1767 2623 ecquan-

445 2633 526 2698 done
549 2636 611 2698 nisi
632 2635 894 2699 admirationibus
916 2635 1082 2697 maximis?
1105 2635 1203 2696 Nemo
1226 2641 1274 2695 est
1294 2634 1402 2715 igitur,
1425 2636 1502 2717 quio
1523 2636 1605 2699 hanc
1627 2635 1766 2698 allectio-

406 2743 515 2790 tonem
541 2729 638 2792 animi
660 2729 773 2812 probet
794 2736 889 2812 atque
912 2727 1033 2801 landet,
1056 2748 1119 2811 qua
1140 2747 1205 2789 non
1228 2725 1320 2789 modo
1335 2728 1462 2791 'utilitas
1484 2728 1571 2790 nulla
1594 2728 1765 2812 quaeritur,

443 2820 500 2884 sed
523 2831 630 2885 contra
651 2823 820 2886 utilitatem
843 2823 937 2885 etlam
960 2829 1167 2884 conservatur
1187 2820 1276 2883 fides.
1312 2816 1362 2882 oi.
1386 2822 1515 2884 Talibus
1531 2822 1686 2905 exemplis
1701 2842 1764 2884 non

441 2914 534 2979 fictae
565 2917 667 2979 solum
696 2915 835 2990 fabulae,
866 2935 973 2978 verum
1002 2918 1096 2978 etiam
1126 2914 1276 2978 historiae
1305 2916 1440 2982 refertae
1462 2926 1550 2990 sunt,
1581 2917 1764 3000 etquidem

397 3000 400 3004 ’
442 3011 578 3073 maxime
607 3016 744 3073 nostrae.
787 3011 851 3072 Nos
880 3009 963 3071 enim
993 3009 1031 3072 ad
1055 3028 1143 3071 sacra
1166 3007 1259 3071 Idaea
1282 3010 1467 3094 accipienda
1488 3010 1639 3093 optimum
1662 3013 1763 3074 virum

441 3102 633 3187 delegimus,
662 3124 720 3166 nos
749 3110 867 3166 tutores
895 3103 1022 3184 regibus
1049 3103 1206 3175 misimus,
1234 3105 1333 3166 nostri
1356 3097 1559 3186 imperatores
1581 3123 1640 3186 pro
1662 3104 1763 3169 solute

403 3198 559 3281 stpatiiae
582 3218 638 3261 suu
661 3199 764 3280 capita
787 3203 956 3270 voverunt,
986 3197 1085 3259 nostri
1108 3196 1255 3259 consules
1276 3217 1381 3278 regem
1405 3197 1654 3259 inimicissimum
1676 3217 1764 3261 moe·

441 3290 534 3355 nibus
556 3292 617 3355 iam
641 3292 945 3374 appropinquantem
967 3296 1171 3364 monuerunt,
1193 3309 1211 3352 a
1234 3309 1356 3353 veneno
1370 3298 1414 3353 -ut
1435 3299 1578 3365 caveret,
1600 3299 1707 3355 nostra
1728 3293 1762 3355 iu

439 3385 627 3467 republica
656 3392 688 3447 et
719 3404 800 3468 qnae
831 3384 975 3467 pervim
1004 3383 1144 3446 oblatum
1174 3391 1313 3467 stuprum
1336 3384 1510 3447 voluntaria
1539 3391 1639 3447 morte
1660 3385 1763 3449 lueret

439 3477 567 3540 inventa
588 3485 636 3540 est
659 3485 689 3540 et
711 3479 765 3560 qui
783 3474 878 3539 filiam
895 3476 1101 3549 interficeret,
1123 3496 1162 3538 ne
1178 3484 1390 3559 stupraretur:
1413 3496 1495 3561 qnae
1510 3478 1639 3560 quidem
1655 3480 1761 3542 omnia

440 3577 472 3633 et
492 3570 731 3635 innumerabilia
754 3577 917 3653 praeterea
938 3570 1009 3652 quis
1032 3576 1080 3632 est
1102 3569 1179 3652 quin
1201 3569 1364 3652 intellegat
1385 3578 1416 3633 et
1437 3588 1507 3645 eos,
1539 3572 1595 3653 qui
1617 3572 1759 3645 feceriut,

401 3664 602 3747 indignitatis
624 3664 791 3746 splendore
814 3662 924 3725 ductos
947 3663 1147 3725 immemores
1168 3662 1267 3725 fuisse
1289 3662 1460 3726 utilitatum
1482 3682 1610 3727 suarum
1627 3685 1760 3749 nosque,

439 3778 509 3821 cum
532 3778 570 3821 ea
591 3758 769 3833 laudemus,
790 3757 877 3819 nulla
898 3756 958 3818 alia
980 3776 1014 3819 re
1036 3757 1097 3819 nisi
1120 3756 1284 3819 honestate
1306 3758 1402 3819 ducit

523 3852 640 3915 xxnt.
670 3851 793 3926 Quibus
821 3849 915 3913 rebus
941 3850 1077 3913 breviter
1108 3850 1260 3932 expositis
1282 3885 1323 3897 -
1345 3871 1403 3914 nec
1426 3851 1509 3914 enirn
1532 3872 1601 3915 sum
1625 3854 1760 3934 copiam,

439 3966 532 4031 quam
553 3946 656 4031 potul,
679 3945 754 4030 qnia
776 3944 932 4007 dubitatio
955 3944 987 4006 in
1010 3964 1044 4006 re
1066 3944 1154 4007 nulla
1176 3951 1257 4017 erat,
1280 3953 1463 4028 persecutus
1477 3978 1537 4021 —,
1561 3947 1617 4010 sed
1639 3947 1689 4009 bis
1710 3966 1761 4009 re·

438 4042 498 4104 bus
520 4039 716 4105 concluditur
743 4038 885 4121 prolecto
908 4044 941 4100 et
962 4038 1092 4101 virtutes
1115 4058 1223 4101 omnes
1245 4047 1277 4100 et
1298 4038 1463 4101 honestum
1485 4038 1582 4112 illud,
1611 4038 1697 4122 quod
1720 4059 1760 4101 ex

400 4137 476 4199 sniis
499 4138 600 4199 oritur
621 4143 654 4199 et
673 4134 707 4196 iu
728 4133 792 4196 illis
813 4132 940 4205 haeret,
971 4153 1027 4214 per
1052 4152 1086 4194 se
1109 4152 1177 4194 esse
1200 4131 1422 4214 expetendum.
1466 4129 1517 4194 65.
1539 4133 1576 4194 lu
1599 4133 1684 4195 omni
1705 4152 1760 4195 au·

438 4236 500 4293 tem
528 4230 679 4304 honesto,
709 4227 748 4290 de
776 4247 839 4312 quo
869 4226 1040 4309 loquimur,
1070 4225 1146 4289 nihil
1169 4234 1218 4289 est
1241 4234 1304 4287 tam
1327 4225 1449 4288 illustre
1471 4245 1530 4288 nec
1553 4226 1641 4309 quod
1664 4225 1760 4289 latins

437 4329 544 4405 puteat
572 4322 874 4406 quamconinnctio
903 4322 984 4383 inter
1011 4320 1156 4383 homines
1178 4319 1338 4382 homiuum
1362 4328 1394 4382 et
1417 4320 1507 4403 quasi
1531 4322 1685 4404 quaedam
1709 4340 1760 4383 so-

438 4418 534 4481 cietas
563 4425 594 4480 et
622 4415 865 4480 communicatio
888 4414 1056 4477 utilitatum
1080 4423 1111 4477 et
1132 4416 1200 4495 ipsa
1222 4413 1335 4476 caritas
1357 4414 1481 4496 generis
1502 4414 1648 4488 humaui,
1675 4434 1758 4497 quae

438 4518 511 4574 nata
533 4530 558 4587 ,a
584 4510 686 4595 primo
709 4518 794 4583 satu,
824 4529 887 4592 quo
909 4528 927 4570 a
948 4508 1199 4591 procreatoribus
1222 4506 1286 4568 nati
1310 4506 1483 4589 diliguntur
1506 4514 1536 4569 et
1557 4513 1623 4569 tota
1646 4506 1758 4570 domus

400 4605 586 4688 seconingio
617 4612 648 4666 et
672 4606 770 4687 stiipe
793 4603 1008 4684 coniungitur,
1039 4602 1137 4684 serpit
1159 4600 1276 4663 sensim
1291 4600 1399 4675 torn,
1428 4600 1670 4683 cognationibus
1692 4601 1759 4684 pri·

437 4717 538 4772 mum,
561 4707 625 4761 tnm
648 4694 870 4771 affinitatibus,
893 4694 1007 4757 deiude
1028 4695 1188 4769 amicitiis,
1210 4702 1284 4777 post
1305 4694 1532 4769 vicinitatibus,
1556 4702 1620 4757 tnm
1636 4694 1758 4758 cluibus

503 4960 525 5007 t.
544 4959 599 5018 qun
615 4970 669 5007 om.
687 4957 707 5007 E
733 4984 759 4994 -
783 4956 856 5005 buius
876 4955 1020 5019 Madvigius
1041 4957 1074 5016 tin
1093 4955 1269 5016 adnotatione)
1288 4954 1346 5005 coll.
1366 4955 1380 5018 5
1398 4954 1430 5005 et
1448 4958 1475 5005 et
1491 4955 1537 5005 88:
1561 4968 1614 5006 om.
1633 4955 1712 5006 codd.
1731 4958 1759 5007 et

436 5033 489 5082 Mo
504 5059 529 5068 -
548 5033 614 5082 orbis
630 5035 692 5096 (non
704 5030 792 5092 uubis)
811 5032 891 5081 etiam
908 5032 928 5081 E
988 5032 1012 5079 ².
1032 5032 1118 5080 nectet
1135 5031 1224 5080 ΒΕ-
1244 5029 1267 5080 l.
1282 5031 1431 5092 legendoque
1448 5028 1526 5079 codd.
1539 5028 1639 5093 alluunt
1655 5033 1683 5080 et
1694 5029 1755 5081 edd.

435 5107 646 5170 untiqutssimue:
666 5108 692 5155 in
708 5106 856 5169 nuendoque
872 5106 933 5162 BO;
956 5104 998 5169 [in]
1017 5106 1165 5168 legendoque
1182 5105 1206 5153 M
1227 5132 1253 5142 -
1271 5107 1296 5155 o.
1315 5105 1417 5165 aliquod
1434 5105 1513 5153 MCE
1533 5131 1559 5141 -
1582 5104 1670 5166 loquor
1686 5106 1757 5156 Mor-

435 5183 601 5243 gonsternius
619 5184 645 5230 et
661 5181 830 5232 Matthiaeus:
854 5180 945 5242 honor
962 5178 1040 5230 codd.
1059 5182 1086 5228 et
1103 5182 1123 5229 0
1142 5205 1166 5213 -
1194 5181 1218 5229 o.
1236 5186 1260 5229 et
1276 5180 1317 5241 ou]
1336 5181 1379 5240 oui
1396 5180 1464 5228 adB
1484 5206 1510 5214 —
1533 5180 1557 5228 7.
1576 5180 1757 5241 inperatonnn

434 5256 482 5305 BE
502 5280 528 5292 -
549 5256 588 5305 43.
608 5256 680 5306 umbo
696 5258 728 5306 B:
747 5255 861 5320 †ambos
877 5257 897 5304 0
915 5282 943 5292 -
961 5269 1014 5304 nna
1030 5256 1144 5305 nmasier
1161 5253 1318 5317 Madvigius:
1342 5267 1532 5317 sunaneganum
1549 5256 1604 5316 (stc)
1623 5254 1685 5313 BE;
1704 5267 1757 5303 unu

432 5331 515 5380 vinee
531 5331 551 5380 0
570 5356 596 5366 -
615 5332 668 5392 boc]
685 5330 724 5378 bic
740 5331 759 5379 B
779 5354 805 5366 -
831 5331 989 5391 ecquandone
1006 5331 1139 5380 Davisins:
1161 5336 1184 5378 et
1201 5330 1300 5391 qnando
1317 5342 1348 5377 ne
1365 5331 1425 5388 (non
1442 5330 1479 5389 ue)
1498 5328 1561 5386 ΒΕ;
1585 5330 1757 5390 ecquandone

433 5404 476 5455 alii
493 5405 571 5455 codd.
591 5432 618 5441 -
638 5405 678 5457 tt.
697 5406 757 5467 quun
775 5408 835 5466 (non
853 5406 902 5467 quii
921 5406 984 5454 BE:
1003 5406 1046 5467 qui
1062 5419 1112 5454 non
1129 5405 1212 5455 ceteri
1229 5402 1307 5453 codd.
1323 5430 1349 5439 —
1369 5403 1408 5452 to.
1428 5402 1525 5452 iatine
1536 5403 1691 5464 --resertae
1701 5404 1757 5453 Mo·

434 5481 492 5530 nius
515 5492 540 5544 p.
559 5479 615 5529 309.
637 5506 663 5514 -
688 5480 728 5529 ti.
746 5479 840 5543 uerum]
862 5481 903 5529 sed
923 5481 1021 5529 Nonius
1044 5506 1070 5514 —
1096 5479 1201 5543 quiden]
1220 5478 1280 5539 qnid
1301 5478 1348 5526 BE
1369 5505 1395 5513 -
1420 5477 1459 5527 ⁴9.
1477 5475 1576 5540 regibus
1591 5477 1702 5526 misimur
1719 5477 1752 5526 B:

432 5555 544 5604 anteimus
559 5553 656 5618 regibus
672 5555 692 5603 0
712 5580 739 5591 -
759 5555 799 5603 20.
818 5559 940 5603 nonerunt
956 5554 1036 5603 BE-
1054 5567 1138 5617 regem
1154 5566 1207 5603 om.
1222 5553 1240 5601 B
1255 5577 1281 5586 -
1301 5552 1341 5601 ti.
1361 5556 1383 5600 et
1400 5563 1465 5611 quae
1476 5551 1620 5600 Vtctorlus:
1639 5550 1755 5600 Lucretia

432 5635 456 5679 et
472 5643 537 5691 quae
548 5628 625 5679 codd.
641 5655 667 5666 -
683 5642 731 5691 per
745 5628 804 5691 uim]
821 5630 891 5689 pium
908 5629 926 5677 Β
941 5654 967 5663 -
987 5628 1027 5677 ΕΒ.
1044 5628 1124 5689 fitium
1139 5628 1285 5691 {seruent
1298 5626 1329 5674 Β;
1349 5627 1494 5689 interficeret
1509 5624 1588 5687 μὸαηι
1600 5626 1620 5675 0
1634 5651 1661 5660 -
1680 5623 1753 5689 quas]

432 5716 463 5751 ne
479 5703 497 5751 Β
518 5730 544 5740 -
562 5702 603 5753 il.
623 5705 683 5766 puin
699 5701 858 5764 Madvigius:
882 5703 924 5763 qut
940 5703 974 5759 Β;
998 5705 1040 5764 qui
1056 5717 1106 5752 non
1123 5704 1143 5752 0
1164 5730 1190 5738 -
1209 5703 1249 5751 26.
1268 5713 1296 5750 re
1312 5714 1364 5751 om.
1384 5702 1403 5750 B
1422 5705 1484 5763 (non
1501 5700 1529 5760 Ε)
1550 5726 1577 5736 -
1602 5699 1668 5749 ducti
1684 5698 1751 5748 Β-

431 5778 481 5828 27:
491 5778 596 5829 menn
611 5778 729 5841 expandis
745 5778 778 5826 B:
797 5777 915 5839 expositu
931 5776 1036 5827 henim
1052 5779 1072 5827 0
1086 5803 1113 5813 -
1132 5778 1173 5827 ΕΒ,
1191 5791 1224 5826 eur
1240 5777 1284 5836 bns
1300 5777 1381 5825 oritur
1397 5781 1420 5825 et
1437 5779 1463 5825 in
1479 5775 1528 5824 Illis
1544 5775 1578 5823 B:
1597 5788 1631 5824 ear
1646 5774 1683 5823 bis
1698 5774 1753 5822 oir-

431 5852 733 5904 tuttbuseoeorituretin
749 5853 857 5902 Μιθ-
877 5851 918 5901 30.
937 5852 1028 5917 auen]
1046 5854 1111 5903 evim
1127 5852 1217 5902 Bc-
1237 5849 1278 5902 3⁴.
1296 5864 1340 5901 nec
1357 5863 1410 5901 om.
1429 5851 1448 5899 Β
1469 5876 1495 5886 -
1514 5847 1554 5899 dl.
1574 5849 1631 5915 quo]
1650 5846 1752 5912 puodli

315 5989 317 5994 η
433 5951 460 5963 -
479 5927 520 5978 36.
538 5928 631 5995 unu]
649 5930 735 5981 unde
750 5941 807 5979 suin
824 5926 874 5994 (vel
892 5929 951 5991 tuen)
969 5927 998 5977 Β.
