4342 7459
842 1696 886 1788 ll.
913 1696 1057 1787 TULLII
1083 1694 1314 1789 CICERONIS

534 1922 1063 2017 TUSCULANARUM
1093 1924 1620 2016 DlSPUTATIONUM

925 2157 979 2220 ai)
1000 2157 1042 2221 hl.
1064 2157 1230 2221 BRUTUM

856 2366 1011 2440 nnana
1032 2366 1291 2464 Quaeras

507 2835 532 2897 1.
560 2830 591 2897 l.
625 2833 703 2897 Cum
732 2834 838 2897 multis
868 2835 946 2898 locis
970 2841 1156 2913 *nostrorum
1188 2834 1351 2896 hominum
1379 2832 1509 2914 ingenia
1534 2832 1740 2917 virtutesque,

413 2930 520 3004 Brute,
551 2928 639 2992 soleo
672 2929 796 3002 mirari,
830 2935 896 2992 tum
925 2931 1062 2992 maxime
1091 2928 1192 2991 iniis
1221 2926 1348 3001 studiis,
1371 2946 1453 3010 quae
1475 2946 1546 2990 sero
1568 2923 1741 2989 admodum

414 3023 556 3106 expetita
583 3022 617 3082 in
646 3021 727 3084 hano
757 3022 914 3085 civitatem
937 3043 954 3084 e
977 3023 1106 3085 Graecia
1129 3021 1366 3084 transtulerunt.
1404 3022 1481 3082 Nam
1504 3040 1574 3083 cum
1598 3040 1617 3083 a
1636 3021 1740 3102 primo

413 3117 499 3180 urbis
522 3125 595 3179 ortn
618 3116 714 3198 regiis
736 3116 900 3189 institutis,
927 3118 1041 3198 partim
1064 3115 1158 3178 etiam
1180 3114 1319 3197 legibus,
1341 3113 1499 3195 auspicia,
1522 3113 1741 3187 caerimoniae,

413 3210 551 3284 comitia,
573 3209 826 3293 provocationes,
849 3218 973 3292 patrum
990 3210 1167 3283 consilium,
1187 3209 1329 3291 equitum
1345 3207 1551 3290 peditumque
1565 3205 1766 3289 discriptio,l

414 3311 478 3367 tota
501 3323 553 3366 res
576 3303 721 3365 militaris
751 3303 900 3365 divinitus
930 3310 1015 3364 esset
1041 3305 1227 3376 constituta,
1254 3308 1320 3364 tum
1345 3301 1525 3384 progressio
1546 3299 1742 3363 admirabilis

414 3396 674 3480 incredibilisque
696 3417 807 3460 cursus
830 3395 870 3459 ad
893 3416 1018 3459 omnem
1041 3395 1261 3459 excellentiam
1284 3395 1384 3459 factus
1407 3402 1456 3458 est
1470 3395 1632 3459 dominatu
1654 3394 1742 3475 regio

415 3489 599 3575 republica
621 3490 762 3553 liberata.
797 3493 861 3552 Nec
882 3510 957 3552 vero
980 3490 1032 3553 hic
1054 3490 1142 3553 locus
1165 3499 1226 3564 est,
1248 3498 1283 3552 ut
1305 3489 1344 3552 de
1364 3489 1503 3552 moribus
1525 3487 1742 3570 institutisque

413 3586 569 3648 maiorum
592 3592 624 3647 et
646 3584 812 3666 disciplina
834 3603 870 3646 ac
884 3584 1112 3665 temperatione
1128 3583 1265 3647 civitatis
1280 3583 1463 3667 loquamur}
1486 3582 1556 3645 aliis
1572 3583 1648 3644 haec
1662 3580 1742 3643 locis

414 3679 488 3742 satis
512 3686 659 3742 accurate
681 3697 700 3739 a
723 3677 814 3739 nobis
837 3676 920 3739 dicta
941 3687 1014 3741 sunt
1035 3679 1237 3760 maximeque
1259 3678 1292 3739 in
1318 3677 1357 3739 iis
1380 3696 1437 3739 sex
1465 3676 1568 3750 libris,
1599 3695 1680 3760 quos
1703 3675 1780 3736 de⁴⁰

413 3772 599 3856 republica
622 3772 814 3854 scripsimus.
859 3767 889 3832 Ξ.
912 3772 980 3834 Hoc
1002 3780 1108 3835 autem
1133 3771 1204 3835 loco
1227 3771 1440 3834 consideranti
1461 3770 1538 3834 mihi
1561 3770 1665 3834 studia
1686 3769 1744 3831 do-

415 3866 532 3929 ctrinae
555 3865 656 3928 multa
677 3884 754 3927 sane
777 3873 946 3927 occurrunt
967 3886 1023 3928 cur
1045 3886 1081 3928 ea
1105 3885 1234 3950 quoque
1256 3866 1406 3928 arcessita
1427 3864 1555 3926 aliunde
1572 3884 1677 3947 neque
1693 3883 1744 3926 so·

415 3957 478 4022 lum
506 3959 665 4041 expetita,
695 3957 751 4021 sed
779 3959 872 4020 etiam
902 3967 1088 4022 conservata
1111 3967 1142 4021 et
1163 3959 1246 4022 culta
1269 3957 1443 4022 videantur.
1475 3959 1552 4021 Erat
1572 3958 1656 4020 enim
1678 3957 1743 4020 illis

416 4072 514 4134 mene
536 4053 572 4114 in
594 4059 766 4135 conspectu
790 4054 960 4135 praestanti
984 4053 1139 4134 sapientia
1155 4060 1186 4115 et
1203 4051 1366 4115 nobilitate
1381 4051 1592 4134 Pythagoras,
1614 4050 1669 4133 qui
1683 4050 1744 4112 fuit

414 4146 445 4207 in
468 4145 558 4209 ltalia
581 4146 777 4227 temporibus
800 4145 916 4219 isdem,
939 4147 1054 4229 quibus
1076 4148 1111 4207 L.
1133 4148 1248 4208 Brutus
1271 4145 1402 4227 patriam
1424 4142 1582 4217 liberavit,
1603 4144 1780 4228 praecia-⁴⁶

413 4260 464 4301 rus
486 4247 598 4301 auctor
620 4239 793 4301 nobilitatis
811 4246 894 4301 tuae.
928 4240 1124 4322 Pythagorae
1139 4248 1245 4302 autem
1261 4238 1405 4301 doctrina
1420 4259 1491 4300 cum
1506 4238 1601 4319 longe
1617 4238 1743 4320 lateque

413 4334 538 4406 flueret,
569 4333 803 4414 permanavisse
835 4333 912 4396 mihi
934 4334 1060 4396 videtur
1088 4334 1120 4395 in
1145 4333 1226 4395 hanc
1249 4332 1425 4406 civitatem,
1454 4333 1552 4415 idque
1574 4353 1645 4396 cum
1668 4352 1743 4395 con·

413 4427 530 4491 iectura
559 4424 725 4509 probabile
757 4436 819 4500 est,
848 4437 913 4490 tum
944 4428 1133 4510 quibusdam
1164 4427 1257 4489 etiam
1281 4426 1424 4508 vestigiis
1451 4426 1617 4488 indicatur.
1663 4426 1742 4501 Quis

414 4523 493 4586 enim
516 4528 566 4584 est
589 4522 643 4602 qui
674 4530 778 4603 putet,
808 4543 880 4584 cum
903 4524 1028 4584 lloreret
1049 4521 1081 4582 in
1104 4521 1193 4583 ltalia
1214 4520 1344 4582 Graecia
1366 4520 1603 4603 potentissumis
1625 4528 1656 4583 et
1678 4540 1743 4582 ma·

414 4618 505 4681 rimis
530 4615 676 4687 urbibus,
699 4634 736 4677 ea
759 4634 841 4696 quae
864 4634 977 4697 magna
1000 4614 1085 4676 dicta
1108 4623 1173 4687 est,
1195 4614 1226 4676 in
1248 4614 1351 4696 iisque
1366 4614 1501 4695 primum
1515 4614 1614 4696 ipsius
1629 4614 1779 4700 Pytha-²⁰

414 4730 524 4792 gorae,
557 4709 673 4771 deinde
702 4717 811 4790 postea
841 4707 1112 4791 Pythagoreorum
1141 4716 1262 4770 tanturn
1291 4725 1407 4768 nomen
1433 4715 1532 4780 esset,
1563 4718 1741 4773 nostrorum

413 4801 575 4868 bominum
602 4801 643 4864 ad
675 4821 784 4863 eorum
814 4802 1009 4864 doctissimas
1035 4820 1130 4863 voces
1160 4819 1252 4863 aures
1281 4800 1401 4862 clausas
1427 4800 1554 4863 luisset
1600 4798 1630 4863 3.
1656 4802 1741 4877 Quin

413 4899 506 4962 etiam
529 4896 666 4959 arbitror
688 4903 818 4977 propter
839 4895 1110 4978 Pythagoreorum
1132 4894 1372 4956 admirationem
1395 4896 1527 4957 Numam
1546 4915 1674 4978 quoqne
1694 4916 1743 4957 re-

412 5013 481 5075 gem
508 4991 741 5074 Pythagoreum
773 5010 790 5051 a
817 4989 1046 5072 posterioribus
1075 4988 1299 5051 existimatum.
1343 4989 1421 5049 Nam
1449 5008 1520 5050 cum
1547 4989 1741 5071 Pythagorae

411 5084 611 5167 disciplinam
636 5090 668 5145 et
688 5083 833 5145 instituta
855 5091 1083 5164 cognoscerent
1104 5082 1252 5165 regisque
1275 5081 1343 5144 eius
1360 5082 1549 5163 aequitatem
1564 5090 1596 5145 et
1617 5085 1781 5165 sapien-2⁵

411 5178 488 5240 tiam
510 5196 530 5240 a
551 5176 722 5238 maioribus
745 5176 812 5238 suis
834 5177 1048 5258 accepissent,
1074 5182 1193 5238 aetates
1215 5182 1322 5238 autem
1345 5183 1376 5238 et
1398 5183 1542 5258 tempora
1562 5177 1743 5258 ignorarent

476 5419 505 5456 ι.
523 5419 605 5456 romu
627 5418 757 5457 crcnaours
780 5420 971 5458 ruscuaasaaur
993 5420 1064 5457 crana
1085 5419 1195 5467 cumros
1217 5420 1311 5457 racrrrr
1334 5408 1398 5467 GB;
1424 5407 1450 5457 in
1474 5409 1630 5472 uninqoe
1647 5420 1742 5458 versus

408 5482 488 5532 vacui
513 5479 597 5530 relicti
624 5486 685 5532 sunt
710 5483 743 5531 ad
765 5482 868 5533 titulum
892 5486 920 5532 et
943 5483 1043 5532 initium
1067 5482 1126 5532 libri
1143 5482 1358 5547 exprimendum,
1385 5484 1460 5533 cuius
1477 5482 1575 5533 desunt
1593 5485 1640 5533 tria
1658 5482 1741 5532 verba

407 5558 495 5623 prima
512 5569 570 5605 mou
585 5556 671 5605 mettis
687 5556 755 5605 iocis.
777 5585 803 5593 -
821 5558 845 5605 2.
865 5558 891 5605 io
907 5556 944 5604 his
962 5557 1011 5605 CO
1030 5582 1057 5592 -
1082 5557 1107 5607 i.
1125 5558 1200 5621 regiis
1217 5570 1286 5607 corr.
1306 5570 1338 5607 ex
1356 5559 1467 5621 graegiis
1483 5558 1503 5607 a
1522 5583 1549 5593 ·-
1571 5560 1596 5609 b.
1615 5559 1741 5621 discriptio

407 5633 474 5681 GR:
493 5631 626 5691 ascriptio
643 5631 672 5679 0.
692 5630 731 5681 Cl.
751 5632 790 5680 Fr.
810 5630 957 5680 Buecheler
974 5631 1040 5681 blus.
1059 5631 1142 5680 Rhan.
1161 5633 1190 5681 N.
1210 5632 1236 5680 S.
1254 5632 1311 5681 xiii
1328 5645 1354 5695 p.
1373 5632 1421 5682 600
1438 5644 1498 5695 sqq.
1515 5660 1541 5669 -
1560 5633 1583 5683 6.
1602 5646 1653 5684 csso
1670 5646 1739 5684 corr.

407 5707 433 5755 in
457 5707 559 5755 omitt
584 5731 611 5739 -
639 5711 698 5754 tanc
720 5706 738 5753 B
763 5732 789 5741 ·-
817 5707 1032 5767 8.rasp.C-
1061 5705 1234 5756 idiotice
1262 5732 1288 5742 -
1314 5707 1450 5755 insanos
1472 5701 1530 5756 GR¹
1554 5733 1581 5742 -
1607 5707 1743 5771 thpococ

406 5792 480 5830 oorr.
493 5781 519 5828 in
535 5792 597 5842 pene
613 5780 633 5828 u
653 5805 680 5815 -
699 5782 836 5843 sapientiae
851 5780 981 5830 nobilitate
997 5780 1150 5843 Madvigius.
1168 5805 1194 5815 -
1214 5779 1253 5829 49.
1272 5781 1388 5844 groecioo
1406 5781 1424 5830 C
1439 5804 1466 5816 -
1485 5779 1526 5831 2⁰.
1544 5782 1630 5845 hisque
1648 5783 1698 5833 CO
1712 5808 1739 5820 -

406 5854 450 5904 rt.
467 5858 683 5917 putaueram
700 5855 721 5904 (i
739 5879 766 5891 -
785 5855 826 5906 2⁶.
845 5861 868 5906 ct
884 5857 1054 5908 comitatae
1074 5881 1101 5894 -
1120 5855 1161 5907 26.
1179 5859 1249 5907 oetas
1265 5856 1309 5908 Ra,
