4342 7459
416 1215 479 1282 996
971 1214 1184 1280 CICERONIS

417 1373 582 1453 Siciliaque
601 1373 767 1452 viguisset,
788 1372 869 1432 hunc
890 1370 1048 1446 extitisse,
1069 1369 1122 1449 qui
1135 1367 1218 1430 illam
1231 1377 1404 1431 renovaret.
1426 1370 1569 1444 Quicum
1582 1387 1632 1431 me
1642 1371 1674 1432 in
1688 1370 1743 1433 (li-

417 1466 517 1529 liciam
546 1465 809 1545 profisciscentem
837 1463 951 1543 Ephesi
983 1463 1246 1542 exspectavisset‚
1277 1463 1404 1524 Romam
1436 1481 1475 1523 ex
1501 1461 1656 1542 legatione
1674 1465 1743 1544 ipse

419 1561 594 1638 decedens,
625 1560 824 1640 venissetque
854 1557 963 1619 ecdem
992 1557 1143 1638 llytilenis
1172 1557 1232 1617 mei
1266 1556 1420 1619 salutandi
1450 1568 1482 1619 et
1509 1557 1629 1619 visendi
1650 1575 1745 1619 causa

420 1656 599 1735 Cratippus,
621 1651 893 1737 Pep'pateticorum
913 1652 1068 1729 omnium,
1090 1668 1169 1729 quos
1189 1649 1315 1731 quidem
1337 1670 1394 1732 ego
1414 1652 1581 1728 audierim,
1609 1669 1679 1712 meo
1698 1651 1746 1712 iu·

394 1745 498 1810 ldicio
524 1747 611 1810 laeile
635 1747 798 1827 princeps,
831 1744 1023 1826 perlibenter
1043 1755 1074 1806 et
1092 1744 1245 1823 Nigidium
1266 1745 1327 1806 vidi
1348 1755 1380 1807 et
1398 1745 1528 1825 cognovi
1553 1745 1745 1824 Cratippum.

418 1849 463 1904 Ac
492 1844 624 1922 primum
653 1838 778 1920 quidem
808 1847 931 1919 tempus
961 1838 1154 1900 salutationis
1179 1839 1210 1899 in
1232 1840 1464 1920 percontatione
1484 1839 1746 1918 consumpsimus.

949 1933 966 1968 ἱ
1207 1934 1223 1968 ἦ

1078 1976 1094 2009 l

492 2032 530 2088 11.
564 2026 644 2103 Quid
674 2034 722 2089 est
751 2025 835 2106 quod
864 2042 989 2105 semper
1018 2026 1058 2086 sit
1085 2043 1192 2104 neque
1209 2025 1304 2087 ullum
1324 2023 1439 2088 habeat
1458 2033 1580 2103 ortum,
1611 2035 1643 2110 et
1662 2024 1748 2106 quod

417 2124 558 2202 gignatur
577 2139 635 2182 nec
656 2138 802 2200 umquam
822 2121 883 2180 siti
903 2121 1039 2192 Quorum
1059 2119 1191 2181 alterum
1210 2118 1419 2198 intellegentia
1433 2127 1465 2180 et
1478 2120 1597 2182 ratione
1611 2136 1748 2200 conpre-

418 2216 580 2292 henditur,
602 2213 686 2294 quod
708 2233 803 2276 unum
822 2224 916 2295 atque
936 2212 1020 2275 idem
1039 2230 1167 2293 semper
1186 2211 1253 2277 'esti
1276 2215 1423 2291 alterum,
1452 2213 1537 2295 quod
1557 2214 1658 2276 adfert
1676 2214 1748 2294 opi-

380 2312 542 2371 itnionem
562 2328 675 2371 sensus
690 2309 814 2370 rationis
829 2326 956 2389 expers,
980 2307 1063 2388 quod
1078 2317 1175 2370 totum
1189 2309 1346 2389 opinabile
1360 2317 1419 2386 est,
1440 2307 1472 2370 id
1492 2309 1626 2389 gignitur
1645 2317 1677 2370 et
1695 2309 1747 2369 in-

419 2405 489 2465 terit
516 2420 575 2464 nec
605 2420 751 2481 umquam
781 2420 853 2464 esse
876 2420 950 2464 vere
976 2410 1090 2481 potest.
1131 2403 1230 2465 Omne
1259 2411 1378 2480 autem,
1409 2400 1493 2482 quod
1520 2403 1671 2481 gignitur,
1706 2420 1749 2463 ex

417 2497 519 2577 aliqua
549 2514 643 2557 causa
672 2496 753 2574 gigni
783 2513 916 2556 necesse
945 2505 1008 2571 est,
1038 2495 1158 2557 nullius
1182 2498 1263 2557 enim
1291 2497 1336 2557 rei
1364 2513 1457 2558 causa
1478 2505 1596 2558 remota
1616 2496 1746 2575 reperiri

417 2593 501 2670 origo
521 2597 632 2670 potest.
674 2591 824 2662 Quocirca
843 2592 870 2651 si
887 2590 930 2666 is,
950 2591 1005 2669 qui
1016 2589 1143 2669 aliquod
1156 2609 1269 2655 munus
1283 2592 1407 2653 elficere
1420 2590 1562 2668 molitur,
1584 2609 1653 2653 eam
1667 2608 1746 2670 spe·

418 2687 514 2762 ciem,
539 2701 619 2763 quae
646 2701 771 2763 semper
800 2682 910 2745 eadem
930 2693 995 2760 est,
1026 2684 1197 2746 intuebitur
1215 2695 1310 2765 atque
1329 2684 1362 2746 id
1381 2685 1442 2747 sibi
1462 2692 1617 2765 proponet
1637 2701 1749 2745 exem-

381 2779 502 2860 ilplar,
523 2775 718 2857 praeclarum
738 2794 817 2856 opus
837 2776 950 2838 efficiat
968 2795 1101 2839 necesse
1121 2788 1182 2839 est:
1205 2779 1254 2838 sin
1273 2787 1377 2840 autem
1398 2798 1485 2855 eam,
1507 2795 1588 2858 quac
1602 2777 1747 2857 gignitur,

412 2889 587 2950 ¹numquam
612 2869 713 2947 illam,
741 2888 835 2950 quam
855 2879 998 2950 expetet,
1025 2871 1284 2951 pulchritudinem
1307 2882 1527 2953 consequetur.
1568 2871 1672 2934 Omne
1688 2872 1749 2952 igi-

419 2975 469 3027 tur
487 2963 606 3026 caelum
628 2999 662 3010 -
683 2965 749 3025 sive
768 2963 903 3024 mundus
917 2965 983 3026 sive
997 2982 1059 3051 quo
1074 2963 1135 3026 alio
1148 2965 1298 3028 vocabulo
1313 2966 1438 3047 gaudet,
1453 2967 1511 3028 hoc
1526 2986 1544 3030 a
1558 2954 1649 3028 nobis
1662 2983 1748 3027 nun-

419 3065 551 3138 cupatus
571 3059 611 3118 sit
624 3077 676 3117 -:
695 3055 735 3117 de
760 3074 822 3135 quo
835 3056 868 3116 ld
881 3058 1015 3136 primum
1030 3056 1275 3136 consideremus,
1291 3059 1375 3140 quod
1393 3061 1543 3141 principio
1557 3061 1648 3123 estin
1664 3061 1748 3122 omni

419 3152 602 3232 quaestione
621 3149 899 3229 considerandum,
920 3167 1087 3229 semperne
1107 3152 1214 3231 luerit,
1235 3152 1319 3214 nullo
1338 3162 1506 3233 generatus
1527 3162 1613 3231 ortu,
1633 3171 1674 3216 an
1692 3171 1747 3214 or-

380 3253 468 3308 sotus
489 3246 528 3306 sit
545 3246 585 3307 ab
601 3243 704 3324 aliquo
725 3244 874 3323 temporis
894 3244 1077 3324 principatu.
1120 3244 1216 3307 Ortus
1235 3254 1298 3324 est,
1321 3245 1446 3327 quando
1466 3245 1593 3327 quidem
1608 3246 1747 3309 cernitur

420 3349 451 3401 et
471 3340 603 3417 tangitur
621 3345 653 3398 et
672 3345 721 3398 est
740 3336 877 3417 undique
897 3345 1098 3418 corporatus;
1126 3340 1227 3400 omnia
1247 3348 1350 3401 autem
1370 3339 1442 3402 talia
1461 3357 1589 3402 sensum
1608 3347 1745 3415 morant,

419 3450 594 3512 sensusque
614 3432 767 3494 moventia
786 3449 867 3511 quae
888 3440 978 3510 sunt,
1000 3430 1110 3494 eadem
1131 3433 1162 3492 in
1175 3434 1351 3513 opinatione
1371 3432 1551 3506 considunt,
1583 3450 1664 3517 qnae
1689 3450 1744 3493 or-

419 3536 484 3589 tum
502 3525 620 3588 habere
638 3524 785 3604 gignique
806 3522 957 3600 diximus,
976 3524 1051 3587 nihil
1070 3518 1275 3606 autem'gigni
1294 3545 1390 3610 posse
1409 3527 1477 3590 sine
1497 3530 1609 3591 causis.
1642 3529 1745 3606 Atque
1768 3552 1770 3561 ·

419 3620 503 3682 illum
525 3617 652 3701 quidem
671 3619 760 3698 quasi
780 3628 943 3700 parentem
961 3621 1053 3683 buius
1071 3621 1281 3685 universitatis
1299 3622 1440 3685 invenire
1460 3619 1583 3685 difficile
1603 3629 1648 3700 et,
1667 3639 1745 3684 cum

483 4023 1744 4089 i.reaocaret(t-i.prafiaiaaenteABG-esneiAG-eapectaciaeatssiiv-

418 4100 669 4155 urminati
688 4125 714 4136 -
738 4093 959 4149 B.decedeirev¹:
983 4099 1744 4163 mnemv1,naeaneensnuuc-untmtqancorr.

419 4190 451 4226 ex
473 4177 570 4226 amiate
591 4187 655 4236 quae
676 4175 710 4233 B;
735 4175 841 4224 mntem
861 4175 927 4236 qaod
952 4177 972 4226 G
1000 4202 1027 4212 —
1052 4176 1180 4238 tintinnis
1202 4178 1236 4226 G:
1263 4176 1393 4238 mptpienta
1414 4175 1480 4237 BV,
1506 4175 1623 4226 mitilenis
1643 4174 1697 4225 AF.
1716 4199 1743 4211 -

417 4252 467 4301 mei
483 4250 548 4299 GV:
574 4263 613 4300 me
638 4251 722 4312 (erasa
745 4249 771 4299 in
798 4248 850 4298 ilne
876 4247 970 4310 littera)
995 4252 1016 4300 A
1042 4253 1070 4300 et
1095 4251 1161 4308 [sine
1185 4251 1286 4313 rasura)
1309 4250 1361 4300 ei:
1381 4275 1408 4285 -
1436 4249 1461 4301 4.
1480 4251 1608 4313 crotippno
1624 4261 1693 4300 corr.
1712 4261 1746 4298 ax

417 4327 550 4390 pratippas
566 4325 623 4387 BV,
641 4329 777 4386 crotpppno
792 4325 827 4383 A,
852 4324 967 4386 craupan
982 4325 1017 4383 ῦς
1038 4324 1160 4375 similiter
1175 4339 1200 4376 v.
1219 4327 1244 4380 h.
1274 4351 1301 4362 -
1318 4327 1432 4389 paripate
1447 4324 1469 4373 v
1492 4323 1619 4390 (reliquae
1641 4323 1745 4374 litterae

418 4413 511 4451 erasae
528 4404 591 4452 eunt
607 4404 635 4450 et
651 4411 785 4463 superscr.
804 4413 840 4449 m.
859 4402 951 4449 vetere
967 4399 1084 4462 ticoram)
1103 4425 1130 4436 -
1150 4402 1175 4451 5.
1193 4401 1299 4464 copnoai
1314 4402 1456 4464 cratippinn
1473 4400 1525 4452 CE
1540 4403 1573 4452 G:
1598 4399 1746 4462 chotippm

418 4475 524 4539 cognovi
549 4476 569 4524 0
597 4501 623 4510 -
651 4473 675 4522 6.
700 4470 908 4522 admonentium
931 4475 1135 4534 peratnctotione
1151 4479 1172 4524 A
1189 4473 1291 4538 (ultima
1309 4473 1393 4526 littera
1411 4476 1437 4527 in
1455 4476 1518 4537 raa.)
1536 4475 1568 4525 li:
1587 4473 1747 4524 mantionis

418 4551 445 4599 in
469 4550 678 4610 percunctaturus
696 4547 803 4608 B¹GV;
827 4547 989 4597 eaimhonie
1009 4548 1036 4596 in
1053 4550 1271 4610 macerationes
1286 4548 1327 4609 B²;
1353 4549 1557 4610 montanitae,
1576 4549 1702 4612 reliqum
1717 4549 1746 4598 in

415 4623 603 4685 percontatione
620 4623 639 4671 0
660 4649 686 4659 -
705 4624 768 4672 Post
783 4624 980 4684 commpeiaaae
996 4624 1022 4672 in
1040 4623 1060 4672 B
1078 4629 1120 4674 eat
1136 4621 1228 4674 lacuna
1250 4627 1329 4677 totius
1340 4625 1397 4678 lere
1409 4627 1520 4693 paginae
1532 4624 1628 4677 additia
1639 4623 1740 4675 verbis:

418 4701 458 4749 hic
479 4703 515 4749 eat
537 4699 644 4761 deioetas
664 4704 693 4748 at
709 4699 785 4748 etiam
800 4698 905 4748 hahetur
921 4699 948 4748 in
963 4697 1104 4759 eaemplori
1119 4703 1207 4748 vetere.
1242 4697 1347 4749 Nullum
1365 4699 1475 4750 lacunae
1493 4698 1619 4752 indicium
1645 4698 1746 4750 habeut

418 4772 546 4823 ABGV.
571 4775 695 4823 »Praeter
717 4775 821 4836 partam
844 4772 945 4824 exordii
970 4772 1137 4824 ciceroniani
1160 4771 1347 4824 desiderantur
1362 4775 1462 4825 Timaei
1479 4773 1603 4824 Platonici
1621 4772 1745 4824 undecim

418 4849 530 4912 paginae
558 4860 572 4897 a
599 4859 659 4911 pag.
686 4847 726 4896 47.
754 4857 840 4910 nsque
864 4847 899 4897 ad
928 4861 954 4911 p.
989 4848 1031 4897 tt.
1063 4847 1107 4898 ed.
1135 4849 1241 4913 steph,
1277 4860 1329 4913 qua
1355 4847 1620 4912 exeuntelagontur
1646 4847 1744 4897 verba:

418 4916 497 4974 ἔστιν
513 4914 566 4974 οὖν
581 4918 617 4988 δὴ
635 4915 694 4971 κατ’
712 4916 786 4986 ἐμὴν
801 4917 890 4986 δόξαν
907 4916 1021 4994 πρῶτον
1036 4920 1194 4994 διαιρετέον
1209 4919 1284 4977 τάδε.
1321 4925 1385 4974 iiiuc
1396 4924 1488 4988 incipit
1503 4920 1618 4974 tulliane
1631 4920 1745 4973 Platonis

419 5001 529 5050 oratio«
548 4998 592 5047 On.
614 5023 640 5035 ·-
671 4997 695 5046 l.
720 4998 786 5059 Qaid
806 5003 843 5049 est
864 5001 930 5061 qaod
943 5026 958 5038 ·
971 5026 986 5038 ·
1003 5000 1112 5050 raiano
1126 5012 1218 5062 eapers
1233 4999 1315 5050 hahet
1336 5001 1461 5051 Boethius
1478 4998 1511 5049 ed
1528 4999 1624 5064 Topica
1640 5010 1668 5063 p.
1686 4997 1744 5060 349,

419 5075 452 5127 ts
474 5072 518 5124 ed.
543 5073 607 5122 Bait.
634 5098 661 5106 -
686 5069 777 5122 taba
799 5073 938 5125 Boethius:
967 5074 1039 5125 hahet
1066 5074 1085 5124 C
1111 5073 1164 5124 BG
1188 5101 1214 5111 -
1241 5075 1266 5125 8.
1292 5073 1468 5137 inuiliaentioe
1492 5073 1591 5123 rohone
1610 5071 1745 5124 Boethius.

422 5176 449 5186 -
476 5150 500 5199 a.
526 5153 602 5210 atque
625 5147 689 5196 wem
712 5159 808 5209 semper
833 5148 931 5200 CEG:
949 5149 1298 5212 semperatqoeidemo-
1328 5149 1435 5198 altmar
1456 5147 1522 5209 qaod
1544 5147 1627 5210 odiat
1647 5147 1746 5210 opinio-

419 5239 476 5276 nem
491 5223 697 5276 emanationis
712 5235 802 5285 erpere
818 5224 949 5275 AGEV:
968 5224 1077 5275 aiteram
1094 5225 1199 5287 (celans
1217 5223 1331 5284 omissis)
1349 5223 1383 5280 u;
1410 5222 1518 5272 aitewm
1539 5224 1614 5285 offan
1634 5221 1746 5284 opinioni

421 5314 504 5350 masaa
526 5299 633 5349 rationis
656 5310 747 5359 expers
761 5298 897 5354 Boethius,
917 5299 1025 5348 oitm
1041 5298 1152 5361 minent
1162 5311 1247 5349 scama
1262 5297 1370 5347 rationis
1386 5310 1475 5360 erpere
1490 5298 1565 5359 offen
1582 5296 1614 5356 O,
1637 5296 1745 5346 altem

421 5374 536 5436 omnim
553 5370 817 5436 (comprehenditur),
845 5383 923 5435 quom
944 5374 1019 5435 affert
1042 5384 1127 5422 uotae
1140 5372 1248 5423 amicale
1263 5385 1355 5435 eapert
1377 5373 1437 5424 Car.
1457 5373 1497 5423 Fr.
1516 5373 1693 5423 hermannus.
1713 5397 1742 5408 -

420 5452 460 5500 ts.
479 5454 576 5499 renota
593 5442 624 5497 A⁸
639 5447 666 5497 in
683 5460 736 5497 ras.
756 5473 784 5482 -
804 5446 844 5497 43.
863 5448 907 5508 qai
924 5450 947 5497 et
963 5445 1066 5510 atiqw
1082 5444 1137 5494 GV
1156 5470 1183 5481 -
1206 5446 1246 5498 44.
1270 5447 1356 5498 eadem
1372 5451 1408 5496 eat
1428 5448 1448 5496 A
1468 5447 1487 5496 Β
1508 5445 1554 5510 (eet
1581 5443 1742 5510 superseri:

419 5524 505 5575 wdem
530 5529 592 5581 tom.
616 5522 660 5586 eet)
685 5523 752 5583 GV,
778 5528 813 5574 att
836 5523 923 5574 eadem
943 5521 995 5572 EO
1021 5548 1048 5558 -
1077 5521 1160 5584 adque
1186 5533 1256 5571 corr.
1285 5521 1313 5571 in
1340 5523 1459 5586 atqaeii
1490 5547 1516 5558 -
1546 5521 1572 5570 id
1599 5517 1763 5582 B¹BGV;'

419 5612 477 5650 eam
503 5603 536 5649 A²
561 5600 597 5662 (in
622 5599 723 5660 rasura)
751 5598 782 5648 B*
810 5624 836 5634 —
858 5599 977 5662 proponit
1001 5595 1084 5647 CBG
1112 5621 1138 5633 -
1166 5596 1281 5658 conopia
1312 5595 1389 5657 B¹V,
1420 5595 1533 5658 οωοοιρὶο
1561 5596 1589 5646 et
1614 5593 1745 5658 wmrplar

421 5686 489 5724 corr.
510 5674 528 5722 B
549 5700 575 5708 -
595 5674 636 5724 ts.
654 5672 868 5742 eomABliV¹z
887 5671 1000 5723 eaGV²
1018 5696 1044 5706 -
1070 5671 1110 5721 to.
1128 5668 1583 5722 anortmntanahhlliill-
1601 5668 1643 5720 2⁰.
1670 5672 1744 5719 estat

421 5749 522 5812 quondo
549 5745 579 5798 B¹
605 5774 631 5783 -
659 5749 700 5797 ii.
723 5747 787 5796 totio
811 5759 880 5797 corr.
910 5758 942 5796 ex
970 5746 1059 5796 aiiaB
1091 5773 1116 5782 -
1146 5742 1744 5811 ae.nnnapoeCEe:nnino0-conai·

420 5826 481 5878 dant
498 5825 596 5877 CBG:
624 5823 760 5873 amsiatant
776 5821 814 5887 (in
831 5832 915 5886 marg.
933 5832 948 5872 a
964 5821 1067 5873 recenti
1082 5832 1119 5872 m.
1138 5820 1168 5887 VJ
1180 5820 1210 5873 0.
