4342 7459
507 1337 510 1344 ,
548 1242 871 1311 ιιιιιιιιιιιοιιιιιι
890 1243 1058 1311 rosana
1079 1246 1147 1311 un.
1169 1248 1193 1311 ι.
1217 1247 1290 1313 cn.
1312 1248 1418 1312 1-n.
1439 1245 1486 1332 §s
1507 1244 1613 1311 t-n.
1705 1233 1748 1305 nr

421 1414 597 1479 amicorum
619 1421 724 1478 estse
746 1415 917 1479 visentium
938 1415 1035 1499 longo
1057 1416 1240 1491 intervallo,
1263 1416 1303 1480 ad
1325 1437 1415 1481 suam
1429 1417 1537 1483 sillam
1551 1416 1747 1479 reduximus.

420 1506 451 1572 2.
474 1509 534 1572 llic
558 1529 657 1593 pauca
678 1510 800 1593 primo,
822 1519 919 1593 atque
934 1506 995 1595 [ea]
1019 1511 1277 1592 percontantibus
1293 1511 1401 1585 nobis,
1423 1511 1537 1595 ecquid
1552 1511 1633 1574 torte
1648 1509 1748 1571 Roma

421 1602 515 1676 novi,
536 1603 676 1665 Atticus:
699 1602 817 1666 Omitte
839 1604 916 1678 ista,
940 1624 1021 1688 quae
1042 1623 1102 1666 nec
1124 1606 1303 1687 percontari
1319 1626 1376 1669 nec
1392 1605 1502 1669 audire
1518 1605 1587 1668 sine
1603 1602 1748 1666 molestia

420 1704 608 1780 possumus,
636 1716 775 1780 quaeso,
801 1698 918 1781 inquit,
947 1707 978 1762 et
1001 1719 1118 1783 quaere
1140 1700 1262 1781 potius,
1293 1699 1407 1783 ecquid
1436 1700 1503 1783 ipse
1532 1699 1624 1773 novi;
1653 1696 1749 1760 silent

421 1792 507 1855 euim
536 1790 656 1854 diutius
678 1793 788 1856 Musae
810 1794 961 1856 Varronis
984 1814 1076 1876 quam
1100 1792 1259 1867 solebant,
1289 1814 1347 1856 nec
1369 1802 1475 1856 tamen
1496 1794 1591 1855 istum
1613 1801 1770 1865 cessares

421 1884 477 1948 sed
506 1885 609 1948 celare
633 1905 715 1968 quae
743 1887 861 1949 scribat
882 1888 1040 1950 existimo.
1082 1887 1212 1950 Minime
1240 1908 1332 1962 vero,
1363 1887 1467 1970 inquit
1495 1886 1568 1959 itte3
1595 1886 1748 1968 intempe-

419 1979 518 2042 rantis
541 1979 626 2041 enim
648 1979 785 2042 arbitror
806 2001 876 2043 esse
898 1980 1038 2044 scribere
1057 1982 1144 2064 quod
1167 1982 1319 2045 occultari
1341 1981 1434 2045 velit:
1466 1980 1521 2043 sed
1543 1979 1645 2042 habeo
1667 1998 1747 2060 opus

419 2092 565 2153 magnum
595 2073 629 2134 in
659 2073 804 2136 manibus
835 2073 931 2158 idque
960 2075 1023 2137 iam
1054 2075 1194 2158 pridem:
1225 2076 1264 2138 ad
1292 2076 1376 2138 bunc
1399 2075 1481 2138 enim
1507 2074 1611 2156 ipsum
1633 2106 1675 2119 -
1696 2092 1747 2135 me

419 2174 524 2229 autem
549 2165 674 2229 dicebat
695 2201 736 2214 -
760 2170 915 2251 quaedam
938 2169 1076 2242 institui,
1100 2189 1180 2252 quae
1199 2177 1231 2232 et
1245 2178 1318 2232 sunt
1334 2189 1445 2249 magna
1460 2188 1537 2230 saue
1552 2175 1584 2230 et
1598 2166 1748 2230 limantur

419 2278 510 2323 ame
534 2259 674 2341 politius.
719 2258 748 2322 3.
770 2262 811 2324 Et
840 2282 916 2344 ego:
947 2265 1011 2325 Ista
1038 2263 1182 2345 quidem,
1213 2265 1359 2346 inquam,
1387 2263 1503 2335 Varro,
1530 2263 1591 2325 iam
1615 2261 1670 2323 diu
1691 2271 1784 2322 ex-to

418 2361 582 2435 spectans,
604 2374 670 2416 non
692 2356 796 2419 audeo
817 2365 920 2419 umen
937 2357 1094 2439 tlagitare:
1118 2357 1224 2419 audivi
1240 2357 1324 2419 enim
1340 2376 1357 2418 e
1373 2356 1494 2419 Libone
1510 2364 1634 2429 nostro,
1656 2353 1746 2418 cuius

417 2446 500 2510 nosti
531 2447 670 2510 studium
700 2483 743 2494 -
763 2449 842 2512 nihil
866 2452 950 2513 enim
973 2451 1040 2513 eius
1063 2450 1149 2513 modi
1172 2452 1272 2514 celare
1294 2470 1461 2533 possumus
1482 2481 1541 2525 -,
1570 2469 1634 2513 nou
1654 2455 1686 2509 te
1708 2466 1746 2510 ea

417 2541 641 2613 intermittere,
663 2543 720 2605 sed
744 2547 921 2607 accuratius
943 2554 1075 2608 tractare
1098 2565 1157 2608 uec
1179 2547 1218 2608 de
1242 2545 1385 2607 manibus
1407 2563 1557 2628 umquam
1574 2543 1746 2625 deponere.

417 2636 498 2699 lllud
529 2644 635 2698 autem
665 2637 742 2699 mibi
765 2638 920 2700 antehoc
942 2646 1067 2721 tempus
1090 2660 1261 2722 numquam
1283 2640 1316 2701 iu
1338 2646 1475 2701 mentem
1497 2638 1585 2701 venit
1605 2657 1622 2699 a
1644 2643 1675 2699 te
1697 2655 1747 2697 re·

417 2731 563 2813 quirere:
594 2728 651 2792 sed
681 2751 782 2805 nunc,
811 2740 920 2814 postea
949 2753 1043 2817 qnam
1073 2754 1144 2797 sum
1175 2735 1335 2817 ingressus
1365 2751 1507 2805 reseas,
1540 2750 1619 2813 quas
1641 2737 1783 2793 tecumts

417 2824 512 2887 simul
535 2824 650 2897 didici,
674 2826 824 2888 mandare
847 2827 1051 2890 monimentis
1072 2827 1369 2911 philosophiamque
1391 2834 1528 2889 veterem
1551 2824 1638 2886 illam
1652 2843 1671 2885 a
1687 2822 1746 2884 So·

416 2925 501 2979 crate
522 2925 622 2981 ortam
646 2920 767 2982 Latinis
796 2921 908 2983 litteris
936 2922 1122 2996 inlustrare,
1147 2942 1264 3005 quaero
1287 2920 1364 3004 quid
1387 2921 1428 2983 sit
1450 2940 1523 2993 cur,
1553 2938 1623 2981 cum
1646 2916 1744 2980 multa

416 3011 552 3084 scribas,
575 3010 636 3076 hoc
659 3033 759 3095 genus
782 3016 1024 3096 praetermittas,
1047 3017 1230 3100 praesertim
1254 3036 1325 3078 cum
1348 3022 1379 3077 et
1401 3014 1522 3097 ipsein
1545 3032 1584 3075 ιο
1606 3010 1744 3075 excellas

416 3112 447 3166 et
468 3104 501 3166 id
524 3105 662 3169 studium
686 3115 816 3190 totaque
839 3128 877 3171 ea
898 3128 949 3171 res
971 3108 1066 3191 longe
1082 3111 1195 3173 ceteris
1209 3102 1241 3172 et
1260 3107 1374 3171 studiis
1391 3116 1422 3170 et
1436 3108 1553 3170 artibus
1568 3103 1743 3169 antecedat.

499 3199 540 3260 ll.
563 3195 593 3259 l.
616 3202 694 3264 Tum
718 3201 789 3263 ille:
819 3202 896 3263 Rem
924 3221 944 3265 a
972 3222 1021 3264 me
1044 3223 1139 3286 saepe
1161 3204 1365 3265 deliberatam
1388 3209 1420 3265 et
1441 3202 1572 3263 multum
1595 3201 1780 3281 agitatamro

416 3293 564 3374 requiris.
611 3294 722 3378 ltaque
751 3315 816 3357 non
843 3296 1004 3358 haesitans
1026 3297 1243 3379 respondebo,
1273 3296 1329 3360 sed
1352 3316 1390 3360 ea
1411 3296 1530 3368 dicam,
1563 3292 1743 3378 quaemihi

417 3394 490 3448 sunt
513 3386 547 3448 in
568 3397 733 3471 promptu,
755 3389 843 3471 quod
866 3390 926 3452 ista
949 3391 1018 3472 ipsa
1041 3390 1080 3453 de
1103 3412 1137 3453 re
1160 3390 1310 3465 multum,
1331 3399 1366 3453 ut
1382 3389 1459 3464 dixi,
1482 3398 1513 3452 et
1528 3388 1582 3451 diu
1598 3386 1743 3469 cogitavi.

416 3482 492 3543 Nam
515 3503 588 3544 cum
611 3482 847 3567 philosophiam
868 3485 1005 3547 viderem
1022 3483 1262 3567 diligentissime
1277 3484 1403 3548 Graecis
1418 3484 1530 3547 litteris
1545 3482 1743 3565 explicatam,

416 3576 613 3651 existimavi,
644 3578 670 3639 si
703 3579 758 3660 qui
788 3578 827 3641 de
851 3579 967 3641 nostris
990 3578 1059 3641 eius
1081 3578 1188 3642 studio
1211 3586 1410 3652 tenerentur,
1437 3578 1464 3640 si
1485 3586 1592 3640 essent
1614 3576 1742 3639 Graecis

416 3668 567 3732 doctrinis
590 3671 723 3744 eruditi,
748 3672 865 3735 Graeca
889 3672 993 3755 potius
1016 3692 1109 3755 quam
1133 3682 1242 3736 nostra
1265 3672 1416 3735 lecturos:
1439 3672 1488 3734 sin
1510 3692 1527 3734 a
1550 3671 1780 3734 Graecorumrs

415 3764 533 3827 artibus
556 3773 589 3827 et
611 3765 786 3849 disciplinis
809 3766 1028 3839 abborrerent,
1051 3787 1092 3828 ne
1114 3767 1192 3830 haec
1216 3767 1344 3850 quidem
1366 3773 1545 3839 curaturos,
1568 3784 1650 3849 quae
1672 3765 1742 3827 sine

415 3857 594 3920 eruditione
617 3858 736 3921 Graeca
760 3859 900 3940 intellegi
925 3879 987 3921 non
1009 3870 1161 3943 possunt:
1184 3862 1294 3945 itaque
1317 3881 1353 3924 ea
1376 3861 1462 3922 nolui
1486 3862 1637 3935 scribere,
1660 3878 1742 3943 quae

415 3970 470 4014 nec
492 3951 612 4016 indocti
635 3953 819 4034 intellegere
842 3961 972 4035 possent
994 3975 1053 4017 nec
1069 3955 1154 4018 docti
1171 3956 1276 4036 legere
1291 3962 1444 4018 curarent.
1477 3952 1507 4016 5.
1523 3954 1620 4017 Vides
1636 3961 1741 4017 autem

414 4044 478 4128 ipse
500 4079 543 4091 -
565 4046 703 4109 didicisti
727 4048 812 4110 enim
836 4047 947 4110 eadem
970 4083 1011 4092 —
1031 4069 1095 4111 non
1118 4069 1212 4132 posse
1235 4071 1292 4113 uos
1314 4049 1460 4112 hmutinii
1483 4056 1538 4111 aut
1559 4049 1676 4112 Rabirii
1700 4048 1742 4110 si·

414 4139 503 4201 miles
527 4159 616 4211 esse,
639 4142 694 4222 qui
718 4141 807 4203 nulla
829 4150 896 4204 arte
922 4142 1062 4205 adbibita
1084 4145 1124 4207 de
1147 4145 1240 4207 rebus
1264 4151 1336 4206 ante
1360 4143 1468 4205 oculos
1491 4144 1603 4224 positis
1620 4143 1779 4224 vulgariae

413 4251 556 4296 sermone
580 4232 758 4317 disputant:
791 4236 870 4297 nibil
895 4236 1063 4308 definiunt,
1092 4238 1169 4299 nibil
1192 4239 1386 4320 partiuntur,
1410 4236 1491 4298 nibil
1512 4243 1584 4320 apta
1606 4236 1741 4298 interro·

474 4515 497 4560 t.
516 4518 552 4560 est
573 4526 599 4561 se
615 4514 745 4561 visentium
762 4515 836 4577 longo
854 4515 988 4564 Davisius:
1013 4522 1061 4574 est,
1082 4516 1143 4564 satis
1158 4529 1213 4564 eum
1230 4516 1303 4578 tango
1321 4516 1393 4565 C0r
1412 4543 1437 4552 -
1462 4518 1485 4565 i.
1504 4531 1535 4565 ea
1552 4517 1617 4566 CO:
1643 4530 1696 4566 om.
1716 4531 1738 4578 r,

412 4587 478 4637 unde
497 4601 546 4637 uos
565 4588 733 4647 inclusimus,
753 4594 780 4638 ut
799 4592 851 4639 iam
869 4590 975 4640 [iurand
994 4590 1074 4641 voluit
1094 4618 1118 4626 -
1144 4592 1362 4651 percunctantibus
1378 4593 1427 4641 PV
1445 4594 1472 4640 et
1489 4593 1528 4641 sic
1545 4606 1653 4654 semper
1671 4618 1697 4627 -
1717 4598 1740 4640 et

410 4665 505 4725 siquid
522 4664 628 4713 anr
642 4691 668 4700 -
687 4678 774 4714 rmnae
787 4668 806 4712 G
819 4692 845 4701 —
865 4666 888 4715 3.
902 4668 996 4715 Atticas
1012 4673 1095 4715 autem
1108 4665 1198 4715 humb.
1214 4693 1240 4702 —
1259 4665 1283 4716 l.
1303 4672 1325 4714 et
1342 4680 1421 4728 quare
1438 4668 1530 4727 GPV,
1550 4673 1573 4717 et
1590 4681 1666 4729 quero
1684 4682 1736 4715 r-

411 4744 431 4785 et
447 4740 509 4798 qaid
526 4739 546 4787 C
557 4752 571 4786 r
590 4764 616 4773 -
631 4740 665 4795 ,5,
689 4741 808 4789 Varronis
826 4743 1026 4800 quam·sotebant
1043 4756 1097 4792 om.
1117 4742 1137 4787 V
1157 4769 1183 4776 -
1207 4744 1281 4790 istam
1297 4756 1350 4791 om.
1370 4758 1396 4799 r¹
1415 4745 1497 4803 ipsam
1514 4743 1532 4791 E
1552 4769 1579 4778 -
1603 4745 1627 4792 6.
1647 4743 1740 4791 lliero·

411 4826 507 4874 nymus
530 4814 556 4861 in
580 4814 696 4877 Rufinam
719 4814 763 4864 lib.
785 4818 808 4874 l,
832 4814 880 4865 col.
901 4816 948 4866 3l9
971 4818 1062 4866 alleri:
1088 4818 1274 4878 intemperantis
1289 4831 1339 4867 esse
1356 4819 1469 4867 arbitror
1483 4819 1590 4867 scribere
1606 4820 1740 4879 quicquum

410 4890 473 4948 quad
489 4890 618 4938 occultare
634 4892 694 4939 celis
711 4893 777 4951 (reiis
795 4894 873 4940 etium
893 4893 961 4940 coni.
976 4890 1099 4953 Wallseri.
1115 4918 1141 4928 -
1162 4894 1186 4941 Ἰ.
1205 4906 1327 4955 magnum
1344 4907 1405 4955 opas
1422 4896 1483 4942 G-
1502 4893 1526 4942 8.
1545 4895 1618 4954 idque
1635 4894 1737 4942 Christ:

410 4978 455 5024 qtae
470 4965 527 5021 Vr¹
554 4979 619 5026 quae
636 4969 699 5023 Gi.
722 4970 763 5029 qai
788 4970 820 5024 Ρ,
845 4983 892 5028 qao
911 4969 942 5024 li,
967 4968 1027 5028 quio
1049 4969 1159 5024 Dorias:
1184 4969 1249 5029 qaod
1267 4970 1295 5024 O,
1315 4969 1353 5017 sic
1371 4969 1548 5030 distinguens:
1572 4970 1599 5016 in
1615 4968 1738 5027 monibus,

410 5043 474 5099 quod
495 5043 548 5089 iam
569 5044 667 5102 pridem
692 5044 726 5089 ad
742 5045 806 5091 lianc
823 5045 902 5103 ipsum
921 5047 972 5091 cet.
993 5069 1019 5076 -
1045 5045 1110 5090 enim
1128 5046 1160 5089 G:
1185 5057 1240 5091 eaor
1258 5044 1372 5100 APVr‚
1397 5043 1468 5107 quod
1487 5044 1506 5092 0
1524 5056 1585 5092 cum
1604 5044 1695 5092 Guieto
1713 5046 1739 5092 et

409 5116 533 5164 wolbero
552 5116 658 5164 deterit.
680 5143 706 5151 -
733 5120 770 5164 tt.
790 5123 872 5165 tumea
893 5131 946 5166 our.
966 5121 984 5165 G
1007 5144 1030 5153 -
1056 5118 1177 5165 ettatona
1193 5118 1215 5164 V
1234 5143 1260 5153 -
1285 5119 1325 5167 te.
1344 5119 1409 5166 enim
1426 5121 1461 5166 G:
1486 5132 1541 5166 eum
1559 5119 1650 5172 APV;
1674 5120 1739 5166 enim

408 5204 462 5239 m
480 5190 654 5253 probabiliter
672 5193 771 5243 Christ.
793 5207 854 5241 curn
872 5196 905 5241 sit
923 5194 1066 5241 sententia:
1088 5205 1148 5241 curu
1167 5196 1268 5242 tantum
1281 5195 1314 5241 sit
1327 5193 1431 5243 Libonis
1443 5192 1572 5251 studium,
1592 5191 1653 5242 nihil
1666 5206 1737 5251 eum,

408 5266 428 5312 si
446 5266 510 5327 quid
529 5279 579 5327 ego
596 5270 641 5314 aut
660 5272 686 5314 iu
701 5271 860 5325 tractantes,
882 5267 968 5317 celare
986 5280 1138 5329 possumus.
1153 5293 1179 5302 -
1199 5267 1256 5331 non]
1275 5269 1296 5315 si
1312 5268 1332 5313 V
1346 5294 1371 5301 —
1393 5267 1558 5317 tiroconii
1575 5280 1588 5315 r
1603 5293 1627 5303 —
1650 5269 1689 5316 45,
1703 5272 1739 5315 te-

407 5352 462 5385 cum
480 5354 533 5388 οιιι.
555 5343 574 5389 G
591 5366 616 5375 -
640 5342 677 5388 to.
694 5342 875 5401 philosophiam
892 5357 944 5391 r-
966 5344 1004 5390 ti.
1019 5344 1078 5402 qaid
1095 5342 1134 5405 sit]
1153 5343 1251 5403 quidem
1268 5356 1281 5389 r
1296 5368 1322 5377 -
1342 5356 1388 5389 car
1404 5356 1452 5391 non
1469 5344 1548 5390 moda
1560 5342 1580 5388 V
1595 5369 1622 5376 -
1644 5343 1680 5390 ⁴8.
1695 5344 1740 5389 troc

407 5428 483 5475 amas
500 5418 534 5462 G:
553 5429 632 5476 penus
648 5418 692 5463 boc
709 5418 840 5465 APVOr
859 5444 884 5452 -
907 5419 945 5467 to.
964 5423 987 5465 et
1005 5420 1065 5465 ante
1084 5418 1109 5463 id
1127 5430 1179 5465 orn.
1194 5431 1207 5464 r
1228 5444 1252 5453 -
1272 5430 1302 5465 ea
1319 5430 1362 5465 ars
1379 5418 1398 5465 E
1414 5444 1438 5451 -
1458 5424 1480 5465 et
1498 5417 1569 5465 rubas
1585 5415 1694 5477 Bentley
1710 5442 1736 5453 -

408 5490 537 5537 weceiiat
556 5489 647 5538 lamb.
665 5517 691 5526 -
712 5491 750 5538 20.
764 5504 836 5551 saepe
851 5505 903 5541 orn,
919 5495 937 5539 G
955 5520 978 5527 -
1001 5494 1040 5539 st.
1055 5494 1109 5540 dico
1122 5493 1142 5539 V
1158 5517 1183 5527 -
1204 5494 1245 5540 sed
1261 5506 1292 5540 ea
1303 5519 1339 5529 -·
1351 5494 1459 5554 cogitavi
1476 5493 1563 5555 spuria
1582 5490 1740 5540 videbantur

409 5564 567 5621 Goerenzio,
587 5566 652 5625 qaod
670 5568 716 5614 isto
729 5569 886 5629 --copitaoi
903 5570 1042 5617 Schuetzio
1057 5594 1082 5602 -
1105 5569 1143 5615 22.
1163 5570 1211 5616 ista
1229 5581 1281 5616 om.
1297 5582 1309 5616 r
1328 5593 1354 5603 -
1375 5574 1397 5616 et
1415 5581 1468 5616 om.
1483 5582 1495 5616 r
1515 5594 1540 5602 -
1560 5567 1600 5615 tc.
1619 5568 1695 5614 hocG
1710 5592 1737 5602 ·-

410 5639 449 5686 it.
465 5645 562 5698 possent
577 5640 622 5687 PV
637 5666 663 5674 -
683 5653 713 5689 eo
725 5642 830 5690 seribere
842 5644 910 5690 notai
923 5657 935 5691 r
951 5670 975 5678 —
990 5645 1030 5691 as.
1047 5648 1133 5704 patent
1144 5644 1172 5699 G,
1192 5642 1238 5689 sed
1253 5644 1277 5690 in
1291 5655 1373 5704 marg.
1388 5641 1420 5691 al.
1436 5657 1470 5691 m.
1481 5648 1579 5703 possent
1591 5669 1623 5677 —
1634 5642 1674 5690 aa.
1689 5642 1740 5701 ipse

411 5713 526 5770 (didicisti
536 5715 602 5762 enim
614 5717 709 5777 eadem)
722 5717 820 5766 Christ:
842 5721 927 5767 eodem
938 5720 989 5779 ipse
1001 5720 1107 5766 didicisti
1119 5720 1183 5767 enim
1195 5719 1240 5767 CO
1249 5732 1272 5772 r;
1292 5720 1376 5766 eadem
1388 5720 1453 5766 enirn
1470 5720 1520 5778 ipse
1537 5717 1642 5764 didicisti
1661 5717 1736 5772 Dav.;

412 5792 495 5850 possis
514 5791 608 5839 etiem:
627 5794 695 5840 eides
711 5800 809 5850 autem;
833 5796 883 5842 did.
903 5796 967 5841 enim
985 5795 1069 5842 eodem
1087 5795 1137 5855 ipse
1157 5822 1181 5828 -
1204 5795 1327 5854 amasonii
1345 5795 1379 5851 C,
1405 5795 1429 5842 T.
1449 5793 1539 5841 Fannii
1556 5805 1579 5843 r;
1601 5793 1739 5852 Amafinius

413 5865 490 5913 borno
502 5865 598 5914 dicitur
610 5869 633 5915 in
646 5867 750 5917 Tuscol.
770 5869 810 5927 tv,
825 5868 856 5930 ἓξ
869 5871 883 5917 s
896 5872 922 5918 et
934 5870 948 5916 7
961 5870 1019 5929 (nisi
1032 5869 1103 5931 quod
1117 5869 1131 5932 ἓ
1144 5870 1158 5917 6
1177 5868 1235 5917 libri
1247 5870 1338 5932 optimi
1351 5869 1479 5930 Amifinias
1496 5866 1602 5927 babent>
1616 5870 1641 5916 et
1653 5868 1679 5917 in
1692 5880 1734 5931 ep.

413 5938 444 5987 sd
457 5940 527 5991 Fam.
541 5941 596 6002 llV,
607 5943 646 5997 ts.
659 5944 713 5992 ὶ-
728 5943 825 5992 raberti
838 5947 892 5992 G·
906 5944 946 5993 st.
960 5944 1098 6007 liupatoni,
1112 5946 1173 5993 nihii
1183 5946 1232 5994 0-
1247 5946 1371 6009 diffiniunt
1383 5943 1474 5995 APVr
1485 5966 1511 5979 -
1526 5948 1616 6005 aperta
1627 5958 1677 5992 r-
1688 5957 1734 5993 ar-
