4342 7459
759 1281 827 1346 sn.
842 1283 880 1345 11.
911 1282 1137 1349 onus-x.
1168 1281 1377 1367 asae-se.
1667 1273 1730 1351 eoa

412 1460 483 1504 eum
505 1439 625 1504 institia
645 1438 854 1523 prudentiam.
897 1443 974 1506 Nam
996 1443 1089 1507 eliis
1112 1441 1205 1507 fidem
1226 1442 1389 1520 babemus,
1411 1465 1493 1529 quos
1514 1445 1587 1529 plus
1606 1445 1731 1511 intelle·

410 1555 486 1617 gere
514 1555 608 1619 quam
636 1552 695 1596 nos
724 1534 913 1597 arbitramur
940 1556 1084 1619 quosque
1114 1545 1145 1600 et
1173 1536 1278 1601 futura
1305 1538 1486 1621 prospicere
1508 1539 1666 1605 credimur
1686 1547 1730 1616 et,

410 1648 482 1693 cum
505 1649 556 1693 res
577 1636 687 1711 agatur
707 1626 740 1689 iu
764 1627 997 1713 discrimenque
1019 1639 1147 1694 rentum
1169 1632 1223 1707 sit,
1251 1632 1400 1715 expedire
1421 1651 1488 1695 rem
1509 1641 1541 1696 et
1562 1633 1729 1697 eonsilium

410 1741 452 1784 ex
474 1730 616 1805 tempore
639 1740 750 1804 capere
772 1740 883 1803 posse:
904 1722 986 1786 hanc
1007 1724 1092 1786 eninr
1115 1725 1222 1788 utilem
1243 1724 1388 1790 homines
1410 1725 1590 1790 existimant
1605 1745 1731 1791 veram-

410 1835 473 1900 que
497 1815 706 1898 prudentiam.
755 1815 848 1879 luetis
870 1824 976 1880 autem
1001 1813 1156 1901 [cllidis]
1179 1817 1376 1894 liomiuibus,
1405 1819 1437 1882 id
1460 1828 1509 1884 est
1529 1820 1621 1885 bonis
1642 1821 1752 1897 vines

409 1910 453 1972 ita
474 1907 552 1972 lidos
573 1908 715 1982 habetur,
738 1917 773 1972 ut
795 1908 881 1972 nulla
903 1911 945 1974 sit
964 1912 996 1973 in
1019 1911 1057 1974 iis
1079 1909 1198 1975 fraudis
1219 1913 1416 1996 iniuriaeque
1439 1914 1583 1997 suspitio.
1618 1914 1729 1997 Itaque

408 2003 459 2067 bis
481 2003 614 2068 salutm
636 2011 792 2077 nostram,
814 2002 864 2066 his
887 2002 1042 2079 fortunas,
1065 2005 1114 2067 bis
1137 2004 1254 2069 liberos
1275 2007 1452 2071 rectissime
1474 2007 1627 2071 committi
1647 2007 1729 2072 arbi·

408 2106 537 2160 tramur.
589 2093 640 2158 34.
674 2096 794 2159 Harum
825 2097 921 2179 igitur
952 2098 1085 2161 duarum
1112 2099 1151 2161 ad
1181 2095 1274 2161 fidem
1303 2098 1479 2163 faciendam
1507 2099 1629 2164 iustitia
1656 2100 1729 2184 plus

408 2190 518 2274 pollet,
539 2191 657 2274 quippe
679 2210 751 2252 cum
773 2210 811 2254 ea
832 2190 900 2253 sina
921 2191 1089 2274 prudentia
1109 2192 1185 2256 satis
1198 2191 1316 2256 babeat
1329 2193 1540 2269 auctoritatis,
1562 2195 1729 2278 prudentia

408 2284 477 2347 sine
504 2284 622 2346 iustitia
652 2284 729 2346 nibil
757 2284 839 2348 valet
864 2282 905 2346 ad
926 2282 1103 2348 faciendam
1126 2285 1231 2349 fidem.
1278 2285 1349 2363 Quo
1371 2286 1454 2349 eninr
1477 2287 1550 2370 quis
1571 2287 1765 2351 versutiores

408 2387 441 2441 et
472 2377 637 2452 callidior,
669 2376 731 2440 hoc
763 2377 895 2441 invisior
926 2385 959 2441 et
990 2379 1168 2461 suspectior
1199 2379 1338 2443 detracta
1368 2380 1519 2462 opinione
1552 2379 1728 2462 probitatis.

408 2470 510 2547 Quam
539 2470 667 2534 obrem
696 2471 931 2552 intellegentiae
958 2472 1079 2535 iustitia
1107 2472 1277 2535 coniuncta
1304 2465 1457 2556 quiantum
1485 2471 1571 2535 volet
1599 2471 1729 2536 babebit

407 2564 446 2627 ad
469 2563 645 2627 faciendam
667 2564 762 2627 fidem
785 2565 916 2627 virium:
938 2565 1057 2629 iustitia
1079 2565 1147 2628 siue
1169 2563 1337 2649 prudentia
1358 2564 1491 2628 multum
1505 2565 1636 2649 poterit,
1657 2564 1728 2628 sine

407 2655 1728 2741 mmmmMmmmXfflMmmmmmmn

407 2771 478 2814 cnm
507 2752 590 2815 inter
618 2770 728 2814 omnes
756 2750 963 2835 philosophos
992 2761 1115 2815 constet
1139 2772 1158 2816 a
1187 2771 1302 2836 meque
1323 2752 1393 2835 ipao
1414 2770 1510 2835 saepe
1531 2750 1765 2834 disputatoriae

407 2846 458 2920 sit,
480 2845 535 2928 qui
557 2863 651 2908 unam
673 2845 815 2919 baberet,
837 2864 946 2908 omnes
968 2844 1084 2909 babere
1105 2846 1248 2919 virtutes,
1268 2864 1354 2908 nune
1375 2845 1420 2908 ita
1440 2846 1615 2928 seiungam,
1636 2846 1727 2928 quasi

407 2939 508 3021 possit
529 2939 714 3022 quisquam,
745 2939 886 3021 quinon
909 2937 993 3002 idem
1016 2937 1154 3022 prudens
1175 2940 1233 3014 sit,
1260 2939 1363 3002 iustus
1392 2958 1481 3015 esse,
1506 2939 1571 3002 alia
1592 2946 1640 3002 est
1659 2937 1727 3014 illa,

407 3052 478 3095 cum
499 3033 616 3095 veritas
637 3032 706 3114 ipsa
728 3032 853 3095 limatur
880 3032 913 3094 in
937 3032 1166 3116 disputatione,
1196 3032 1368 3106 subtilitas,
1396 3032 1477 3108 alia,
1505 3051 1576 3095 cnm
1597 3032 1638 3095 ad
1659 3032 1728 3117 opi·

407 3126 535 3189 nionem
557 3144 755 3189 communem
777 3126 879 3188 omnis
901 3125 1156 3189 accommodatur
1177 3126 1287 3190 oratio.
1330 3124 1433 3201 Quam
1451 3127 1493 3189 ob
1513 3145 1594 3201 rem,
1609 3133 1646 3189 ut
1660 3124 1728 3189 rol·

407 3239 482 3302 qus,
503 3220 547 3281 ita
569 3238 627 3282 nos
647 3216 709 3281 boc
732 3218 804 3281 loco
827 3218 994 3301 loquimur,
1016 3227 1052 3283 ut
1073 3221 1154 3283 alios
1174 3218 1282 3294 fortes,
1303 3219 1384 3284 alios
1405 3217 1490 3284 viros
1510 3220 1623 3295 bonos,
1645 3218 1763 3285 aliona

406 3313 579 3396 prudentes
608 3332 679 3375 essa
702 3309 853 3376 dicamus.
896 3312 1105 3396 Popularibus
1127 3314 1210 3376 enim
1233 3312 1337 3376 verbis
1360 3321 1408 3376 est
1429 3311 1585 3396 agendum
1607 3321 1640 3376 et
1660 3312 1728 3377 usi-

406 3407 496 3481 tatis,
524 3427 595 3470 cum
624 3405 785 3488 loquimur
815 3404 854 3467 de
883 3406 1034 3488 opinione
1061 3406 1224 3489 populari,
1257 3406 1355 3489 idque
1387 3406 1499 3469 eodem
1527 3406 1622 3470 modo
1651 3405 1728 3471 iecit

406 3500 584 3565 Panaetius.
628 3499 691 3562 Sed
713 3497 753 3562 ad
776 3501 974 3583 propositum
996 3507 1200 3563 revertamur.
1250 3496 1302 3561 36.
1329 3500 1406 3564 Erat
1426 3500 1524 3581 igitur
1549 3520 1591 3564 ex
1611 3499 1651 3563 iis
1671 3499 1728 3563 tri·

407 3595 483 3669 bus,
511 3612 593 3677 quae
620 3593 661 3656 ad
691 3592 825 3675 gloriam
851 3594 1059 3677 pertinerent,
1092 3591 1151 3657 boc
1178 3594 1323 3668 tertium,
1354 3602 1390 3656 ut
1416 3611 1487 3656 cum
1516 3592 1728 3657 admiratione

407 3686 571 3751 bominum
593 3687 716 3750 bonore
742 3687 782 3749 ab
809 3687 848 3750 iis
871 3686 957 3770 digni
980 3685 1202 3752 iudicaremur.
1243 3687 1448 3751 Admirantur
1467 3687 1567 3771 igitur
1588 3705 1765 3757 commu-n

407 3782 490 3845 niter
519 3780 566 3843 illi
597 3779 727 3864 quidem
755 3783 877 3856 omnia,
904 3800 1122 3865 quaemagna
1144 3789 1177 3844 et
1196 3790 1322 3865 praeter
1342 3781 1526 3866 opinionem
1549 3800 1638 3846 snam
1659 3780 1729 3845 ani·

407 3874 657 3949 madverterunt,
684 3875 853 3958 separatim
882 3884 988 3938 autem
1018 3875 1051 3937 in
1072 3875 1223 3957 siugulis,
1254 3875 1282 3939 si
1305 3875 1501 3959 perspiciunt
1520 3895 1580 3940 uec
1601 3874 1730 3959 opinata

408 3968 563 4052 quaedam
584 3968 678 4031 bona.
724 3970 834 4053 ltaque
862 3989 918 4032 aos
945 3970 1029 4032 viros
1056 3968 1236 4051 suspiciunt
1256 3969 1474 4051 maxumisque
1495 3968 1638 4033 ecferunt
1659 3969 1729 4033 lau·

408 4062 514 4136 dibus,
545 4062 578 4125 in
602 4062 717 4146 quibus
739 4065 931 4127 existumant
953 4083 986 4126 se
1010 4063 1203 4126 excellentes
1226 4060 1378 4146 quasdam
1406 4070 1438 4126 et
1459 4062 1635 4146 singulares
1656 4081 1730 4146 per·

408 4156 528 4239 spicere
550 4155 701 4231 virtutes,
731 4155 911 4237 despiciunt
936 4164 1041 4219 autem
1065 4175 1119 4219 eos
1148 4164 1181 4218 et
1208 4163 1427 4229 contemnunt,
1455 4156 1488 4219 in
1510 4156 1626 4240 quibus
1647 4155 1767 4220 nibilao

408 4250 541 4324 rirtutis,
563 4249 644 4313 nibil
665 4250 771 4325 animi,
793 4249 874 4313 nibil
892 4268 1062 4313 nervorum
1085 4256 1205 4332 putant.
1247 4250 1318 4311 Non
1342 4248 1427 4312 enim
1449 4267 1560 4313 omnes
1581 4269 1637 4313 cos
1655 4268 1730 4313 con·

407 4351 567 4416 temnunt,
598 4342 637 4405 de
660 4343 776 4427 quibus
799 4343 879 4406 male
902 4343 1104 4406 existumant.
1146 4344 1226 4405 Nam
1248 4361 1328 4426 qnos
1349 4342 1527 4427 improbos,
1548 4343 1730 4421 maledicos,

408 4433 627 4500 fraudulentos
649 4445 762 4521 putant
783 4445 816 4500 et
836 4435 875 4500 ad
898 4435 1074 4501 faciendam
1096 4436 1246 4500 iniuriam
1259 4437 1438 4511 instructos,
1454 4456 1510 4500 eos
1524 4444 1731 4502 contemnunt

475 4709 499 4759 4.
518 4708 565 4758 tiis
582 4706 854 4768 lt,btsa,ttjae-
873 4704 1730 4770 3.opotaarattndtscstoasnusntasnstto-b.outena]enirnn

408 4811 441 4822 -
456 4789 481 4834 et
495 4784 552 4848 ndis
573 4780 625 4833 del.
645 4779 807 4832 fasciolatus
829 4784 856 4831 et
872 4782 980 4842 Peerce,
1005 4794 1054 4844 ego
1071 4780 1178 4833 seclusi.
1200 4806 1228 4818 -
1250 4780 1274 4831 8.
1292 4779 1339 4844 aa]
1356 4784 1448 4831 nomo
1471 4805 1499 4817 -
1521 4780 1558 4847 ut]
1575 4781 1627 4832 sio
1647 4808 1675 4820 -
1699 4783 1731 4836 444

408 4871 498 4910 oms
525 4884 550 4895 -
579 4858 606 4906 tn
622 4858 660 4907 tis
677 4858 756 4916 itsb,
780 4858 806 4905 in
823 4856 902 4919 bitae
930 4882 956 4893 -
984 4857 1088 4919 mantio
1103 4869 1133 4908 a:
1158 4855 1397 4918 mutuantibus
1421 4882 1448 4892 —
1473 4855 1497 4906 4.
1515 4856 1610 4908 comitti
1627 4856 1683 4921 (lttl.
1701 4858 1732 4910 stt

408 4946 463 4985 sec.
478 4934 522 4994 m.)
541 4933 578 4988 444
597 4933 782 4984 committereb
802 4958 829 4969 -
849 4932 889 4982 40.
907 4931 992 4982 uuest
1008 4943 1045 4982 eo
1066 4958 1093 4968 -
1112 4933 1153 4982 tt.
1171 4932 1307 4994 semodios
1323 4936 1366 4981 eu.
1384 4932 1539 4983 neowan
1557 4957 1584 4970 -
1604 4933 1732 4985 48444444-

407 5008 509 5072 itqentio
524 5007 620 5057 iusticie
636 5019 652 5057 a
671 5034 697 5043 —
721 5007 872 5057 coiunch
892 5032 919 5043 -
942 5007 1042 5056 soban
1065 5032 1093 5042 -
1122 5005 1161 5055 43.
1179 5007 1296 5056 strumo
1319 5030 1347 5041 -
1370 5005 1466 5055 iustitia
1481 5006 1732 5070 mandentia·-

406 5083 497 5133 oatebit
514 5083 650 5145 prudentia
669 5081 806 5132 adtecticia
830 5084 857 5132 et
879 5079 958 5132 tuttlis
981 5080 1084 5129 censuit
1106 5081 1246 5139 Pesrctus3
1273 5078 1333 5130 vide
1355 5082 1446 5129 tamen
1468 5091 1502 5129 ne
1519 5080 1582 5131 satis
1599 5082 1633 5132 stt
1647 5081 1730 5134 verbs

407 5160 503 5208 4444444444
519 5157 572 5207 aine
584 5158 721 5219 mantio
736 5157 842 5206 insuunt
855 5158 948 5219 poterit
970 5152 1075 5214 delere,
1100 5165 1169 5217 qnae
1191 5166 1255 5204 sane
1278 5153 1313 5203 ad
1333 5165 1410 5215 quarn
1426 5152 1457 5202 ob
1471 5166 1526 5203 rem
1542 5155 1651 5206 minime
1668 5158 1730 5220 apta

407 5236 477 5284 sunt.
497 5257 524 5268 -
551 5233 648 5280 lautitia
663 5233 730 5281 enirn
745 5233 798 5280 atne
821 5233 900 5291 (4444444
917 5231 1062 5293 superscr.)
1078 5230 1095 5281 b
1123 5253 1150 5265 -
1177 5227 1217 5279 44.
1236 5229 1387 5278 comnotus
1403 5227 1450 5278 bll
1477 5252 1505 5264 -
1533 5227 1573 5279 48.
1590 5229 1731 5282 nomana

408 5321 477 5357 corr.
496 5309 521 5357 in
539 5306 678 5355 sablimitas
694 5305 730 5362 44;
748 5304 862 5355 subtilia
882 5330 908 5342 -
934 5304 974 5354 49.
992 5304 1077 5352 aratio
1094 5301 1127 5353 44ι
1145 5329 1172 5340 -
1196 5308 1225 5353 ut
1241 5302 1331 5353 onali
1350 5328 1377 5339 -
1401 5302 1442 5353 40.
1461 5302 1591 5365 bamur
1607 5317 1622 5356 a
1641 5331 1669 5343 -
1686 5306 1728 5359 44.

407 5380 636 5445 loquamurliab3
663 5380 824 5441 bquenrare
852 5406 879 5416 -
907 5381 1055 5430 consotios
1083 5406 1110 5416 -
1137 5379 1379 5431 abaciacum
1398 5380 1463 5441 att,
1489 5378 1730 5443 eabtjstribss03

407 5458 535 5507 extribus
551 5456 610 5507 abo
631 5481 664 5490 -
687 5453 729 5504 at.
746 5455 897 5516 pertinerent
914 5455 947 5503 C:
965 5456 1088 5517 partium
1105 5453 1156 5505 olii.
1181 5452 1431 5518 (Erravllorelllus.)
1447 5480 1480 5492 -
1505 5453 1730 5504 ammiratione·-

408 5534 579 5582 ommbantur
596 5530 652 5587 BH,
671 5528 742 5592 quod
761 5542 813 5579 non
831 5528 944 5594 amplius
961 5530 1068 5581 notabo.
1090 5556 1117 5567 -
1136 5530 1176 5580 88.
1190 5530 1223 5579 ab
1238 5530 1276 5579 bia
1292 5530 1392 5587 blinb,
1412 5528 1444 5578 ob
1458 5529 1506 5591 bb'r
1522 5540 1537 5578 e
1557 5553 1585 5565 -
1602 5526 1730 5579 somn

407 5621 464 5658 cun
480 5607 713 5656 animaduerterunt
729 5617 761 5664 ar
782 5617 854 5655 suam
870 5606 1074 5656 animwaertont
1091 5616 1106 5654 e
1130 5621 1161 5640 -·
1181 5605 1223 5656 48.
1241 5606 1375 5668 itoqaen
1386 5604 1501 5655 temdus
1517 5604 1616 5654 Nonius
1631 5614 1658 5666 p.
1668 5602 1727 5655 tat.

411 5710 438 5721 -
456 5683 566 5745 «serant
582 5679 697 5729 laudibus
718 5679 831 5729 Nonius:
852 5681 959 5743 efferunt
973 5679 1089 5730 4444444444
1110 5679 1214 5739 bilem
1241 5679 1356 5730 iaudibasa
1371 5680 1507 5742 afferma
1528 5704 1562 5716 -
1586 5676 1627 5727 30.
1645 5677 1730 5741 deapt-

409 5757 477 5807 ciont
493 5760 577 5805 uatem
593 5767 633 5803 eoa
649 5759 672 5802 et
688 5754 861 5816 condenseat,
877 5757 906 5805 in
923 5755 1011 5818 qasibss
1021 5780 1057 5792 --
1066 5760 1159 5818 potem
1174 5755 1273 5805 Nouius
1288 5769 1314 5819 p.
1324 5754 1382 5805 288.
1402 5779 1427 5788 -
1450 5766 1491 5804 eoa
1506 5757 1729 5817 mmmm

409 5834 513 5882 tne-
532 5830 970 5892 as.neraoraanmepasoste-
989 5826 1441 5895 tasnoiediocrctsnotettcosaltt.
1460 5853 1488 5865 -
1507 5826 1729 5889 atramenta

409 5907 476 5957 e-
500 5917 541 5954 eoa
556 5910 713 5955 mentuunt
729 5905 828 5967 4444444444
842 5908 998 5968 mutuum,
1015 5906 1057 5957 aed
1076 5906 1182 5970 susp:
1199 5918 1241 5957 eoa
1255 5906 1324 5955 baud
1339 5907 1497 5956 maumam
1511 5902 1618 5967 caldana,
1634 5902 1724 5967 sariba

409 5977 1650 6046 mmmmqatmnsquaqsanmdorwanonmtemstqstdnnmdladvts.
