4342 7459
716 1250 784 1315 Lm.
799 1251 824 1314 Ι.
854 1250 928 1314 Car.
943 1250 1204 1318 xxm-xxv.
1225 1249 1272 1336 §8
1293 1247 1442 1316 79-86.
1680 1244 1743 1313 663

417 1410 531 1475 leviter
551 1419 749 1495 aegrotantes
771 1413 886 1476 leniter
906 1422 1031 1488 curant,
1059 1413 1255 1496 gravioribus
1282 1419 1387 1476 autem
1409 1411 1528 1476 morbis
1548 1409 1743 1494 periculosas

417 1506 597 1568 curationes
626 1515 658 1569 et
685 1508 839 1590 ancipites
861 1506 1011 1570 adhibere
1033 1514 1200 1588 coguntur.
1244 1504 1350 1581 Quare
1371 1504 1405 1566 in
1426 1505 1599 1589 tranquillo
1621 1510 1743 1587 tempe-

416 1607 530 1662 statem
551 1601 716 1663 adversam
738 1610 848 1684 optare
870 1600 1025 1664 dementis
1047 1609 1106 1673 est,
1128 1599 1298 1663 subvenire
1316 1606 1420 1662 autem
1437 1601 1613 1682 tempestati
1628 1600 1741 1683 quavis

415 1695 538 1757 ratione
561 1695 724 1776 sapientis,
746 1715 850 1778 eoque
871 1696 982 1777 magis,
1004 1697 1030 1758 si
1054 1695 1125 1777 plus
1145 1693 1322 1777 adipiscare
1336 1712 1371 1757 re
1385 1692 1542 1774 explicata
1556 1694 1631 1756 boni
1646 1711 1742 1776 quam

415 1787 601 1852 addubitata
623 1788 706 1851 mali.
742 1788 940 1852 Periculosae
962 1797 1066 1852 autem
1089 1807 1193 1850 rerum
1216 1786 1356 1848 actiones
1378 1785 1492 1867 partim
1514 1787 1555 1849 iis
1569 1790 1663 1859 ¹sunt,
1684 1785 1765 1867 quie

415 1902 470 1945 eas
492 1874 679 1966 suscipiunt,
701 1883 814 1965 partim
837 1883 882 1945 rei
905 1882 1058 1965 publicae.
1104 1883 1245 1960 ltemque
1267 1880 1320 1942 alii
1343 1880 1383 1942 de
1406 1880 1479 1954 vita,
1500 1879 1555 1944 alii
1578 1880 1618 1942 de
1640 1879 1742 1961 gloria

414 1983 449 2038 et
468 1975 690 2038 benevolentia
712 1974 828 2038 civium
851 1976 885 2037 in
907 1976 1076 2037 discrimen
1098 1982 1260 2038 vocantur.
1303 1974 1515 2056 Promptiores
1536 1974 1632 2056 igitur
1646 1974 1742 2037 delie-

416 2088 485 2132 mus
516 2088 586 2132 esse
614 2070 655 2132 ad
683 2076 792 2132 nostra
819 2069 960 2151 pericula
984 2088 1079 2151 quam
1102 2067 1143 2131 ad
1165 2068 1344 2129 eommunia
1366 2067 1579 2152 dimicareque
1602 2068 1741 2151 paratius

416 2163 456 2225 de
484 2162 608 2226 honore
636 2170 669 2225 et
698 2162 800 2244 gloria
831 2180 926 2245 quam
957 2162 996 2223 de
1025 2162 1138 2223 ceteris
1166 2159 1351 2223 commodis.
1402 2156 1452 2221 8l.
1484 2161 1605 2224 inventi
1634 2169 1741 2224 autern

416 2256 619 2329 multisunt,
651 2257 707 2338 qui
731 2275 794 2318 non
818 2254 911 2317 modo
933 2254 1119 2336 pecuniam,
1148 2253 1205 2317 sed
1235 2254 1328 2316 etiam
1352 2254 1448 2318 vitam
1469 2254 1662 2339 profundere
1685 2274 1779 2337 prore

415 2349 519 2431 patria
540 2350 641 2432 parati
665 2356 790 2423 essent,
820 2349 903 2412 idem
926 2347 1045 2430 gloriae
1066 2347 1217 2410 iacturam
1241 2367 1282 2410 ne
1304 2347 1464 2410 minimam
1487 2347 1614 2432 quidem
1636 2346 1741 2434 sapere

416 2442 555 2516 vellent,
586 2462 626 2505 ne
656 2462 691 2505 re
718 2442 844 2525 publiea
867 2441 995 2525 quidem
1019 2441 1217 2523 postulante,
1249 2447 1284 2504 ut
1307 2441 1536 2517 Callicratidas,
1564 2444 1638 2526 qui,
1669 2464 1741 2506 cum

417 2536 741 2598 lacedaemoniorum
771 2534 839 2596 dux
867 2534 981 2596 luisset
1008 2534 1277 2617 Peloponnesiaco
1311 2534 1395 2597 bello
1425 2535 1587 2619 multaque
1614 2536 1742 2600 lecisset

417 2628 553 2711 egregie,
576 2630 669 2692 vertit
689 2629 729 2691 ad
753 2637 929 2691 extremum
951 2628 1067 2701 omnia,
1090 2647 1160 2690 cum
1183 2628 1317 2692 consilio
1339 2648 1404 2691 non
1426 2629 1530 2710 paruit
1551 2649 1671 2702 eorum,
1686 2630 1742 2714 qui

415 2723 550 2785 classem
572 2724 612 2785 ab
635 2722 801 2805 Arginusis
829 2722 1051 2783 removendam
1080 2740 1140 2784 nec
1167 2741 1238 2784 cum
1260 2718 1507 2785 Atheniensibus
1529 2722 1742 2787 dimicandum
1751 2742 1780 2790 su

415 2816 577 2899 putabant.
622 2815 746 2891 Quibus
768 2816 823 2879 ille
845 2814 1010 2897 respondit
1024 2815 1293 2878 Lacedaemonios
1316 2816 1416 2880 classe
1438 2817 1493 2878 illa
1513 2818 1630 2880 amissa
1647 2818 1742 2881 aliam

414 2929 526 2994 parare
547 2930 652 2993 posse,
675 2929 709 2972 se
730 2909 840 2992 fugere
862 2910 931 2972 sine
953 2929 1011 2971 suo
1035 2909 1189 2972 dedecore
1212 2930 1276 2972 non
1299 2929 1404 2992 posse.
1446 2913 1550 2993 Atque
1571 2911 1650 2975 haec
1670 2912 1742 2995 qui·

415 3003 488 3067 dem
502 3002 761 3067 Lacedaemoniis
783 3004 876 3086 plaga
898 3003 1085 3076 mediocris,
1108 3003 1162 3065 illa
1184 3002 1349 3085 pestilera,
1372 3023 1451 3087 qua,
1473 3024 1544 3067 eum
1561 3004 1742 3069 Cleombro-

414 3105 467 3160 tus
494 3098 647 3161 invidiam
675 3098 789 3159 timens
813 3107 930 3160 temere
953 3118 1024 3159 cum
1046 3098 1264 3179 Epaminonda
1286 3098 1501 3174 conflixisset,
1530 3099 1742 3162 Lacedaemo-

418 3191 544 3255 niorum
567 3211 646 3273 opes
668 3197 865 3253 corruemnt.
910 3191 1036 3266 Quanto
1060 3189 1099 3265 Q.
1114 3192 1270 3254 Maximus
1291 3192 1423 3254 meliust
1453 3193 1493 3255 de
1515 3213 1579 3278 quo
1601 3194 1778 3259 Enniussto

585 3286 687 3348 Unus
715 3282 822 3348 homo
852 3284 964 3346 nobis
993 3284 1209 3347 cunctando
1238 3286 1416 3349 restituit
1444 3306 1532 3349 rem.
1566 3330 1570 3336 -

583 3381 753 3441 Noenum
781 3398 954 3441 rumores
984 3378 1154 3460 ponebat
1185 3386 1272 3442 ante
1300 3380 1474 3443 salutem.

584 3474 681 3555 Ergo
702 3480 868 3556 postque
890 3472 1084 3556 magisque
1106 3472 1176 3534 viri
1197 3492 1297 3536 nunc
1318 3474 1441 3556 gloria
1464 3475 1591 3539 claret.

416 3569 511 3645 Quod
533 3586 633 3651 genus
656 3565 808 3649 peccandi
831 3566 994 3628 vitandum
1016 3574 1064 3629 est
1085 3566 1180 3628 etiam
1203 3568 1235 3629 in
1257 3568 1353 3630 rebus
1375 3568 1514 3632 urbanis.
1553 3570 1634 3632 Sunt
1655 3570 1741 3632 enim

415 3665 470 3745 qui
493 3663 579 3747 quod
602 3661 759 3733 sentiunt,
788 3660 848 3723 etsi
878 3661 1029 3744 optimum
1052 3661 1109 3736 sit,
1139 3668 1244 3723 tamen
1266 3662 1403 3725 invidiae
1425 3672 1512 3726 metu
1533 3683 1599 3726 non
1620 3664 1778 3731 audentes

415 3757 530 3820 dicere.

498 3850 598 3912 XXV.
627 3844 679 3910 85.
712 3848 848 3911 Omnino
878 3849 933 3933 qui
961 3851 1009 3913 rei
1039 3850 1184 3931 publicae
1212 3849 1387 3932 praefuturi
1418 3858 1492 3914 sunt
1512 3851 1576 3915 duo
1598 3851 1740 3916 Platonis

414 3952 583 4029 praecepta
612 3950 757 4006 teneant:
788 3962 900 4017 unum,
931 3951 966 4006 ut
987 3944 1157 4006 utilitatem
1185 3944 1301 4006 cisium
1324 3946 1369 4008 sic
1391 3952 1555 4020 tueantur,
1585 3954 1620 4009 ut
1642 3965 1742 4030 quae·

413 4057 547 4120 eumque
569 4044 666 4119 agunt
686 4037 727 4098 ad
749 4056 818 4099 eam
841 4036 980 4099 relerant
1002 4035 1091 4099 obliti
1114 4037 1353 4100 commodorum
1375 4057 1517 4111 suorum,
1539 4040 1682 4114 alterurn,
1704 4046 1740 4105 ut

414 4139 513 4195 totum
541 4150 657 4212 corpus
691 4131 736 4192 rei
765 4131 910 4213 publicae
939 4138 1067 4203 curent,
1097 4151 1153 4203 ne,
1183 4130 1258 4192 dum
1287 4139 1408 4212 partem
1435 4133 1575 4213 aliquam
1602 4141 1777 4210 tuentur,tt

414 4225 552 4306 reliquas
575 4223 733 4286 deserant.
778 4227 814 4287 Ut
837 4225 918 4286 enim
943 4224 1051 4296 tutela,
1074 4224 1120 4287 sic
1142 4226 1323 4306 procuratio
1346 4226 1391 4287 rei
1413 4226 1557 4309 publicae
1573 4226 1611 4290 ad
1628 4247 1739 4290 eorum

412 4319 598 4390 utilitatem,
620 4320 675 4399 qui
698 4319 857 4380 commissi
879 4326 963 4391 sunt,
985 4338 1049 4380 non
1072 4318 1113 4381 ad
1136 4338 1257 4390 eorum,
1280 4320 1395 4400 quibus
1418 4322 1582 4384 commissa
1605 4329 1663 4394 est,
1685 4341 1740 4403 ge·

412 4411 511 4474 reuda
533 4420 590 4474 est
640 4413 703 4487 Qui
725 4420 830 4474 autern
853 4412 933 4494 parti
955 4412 1069 4475 civium
1094 4412 1280 4486 consulunt,
1308 4422 1428 4496 partem
1451 4414 1640 4496 neglegunt,
1671 4434 1738 4476 rem

411 4506 711 4590 perniciosissimam
742 4508 773 4568 in
801 4507 960 4569 civitatem
987 4506 1156 4580 inducunt,
1187 4506 1376 4569 seditionem
1405 4517 1501 4590 atque
1530 4507 1738 4570 discordiam:

412 4618 453 4661 ex
477 4620 540 4682 quo
564 4601 669 4662 evenit
691 4609 726 4662 ut
748 4600 802 4661 alii
825 4600 1006 4682 populares,
1029 4599 1083 4662 alii
1106 4600 1240 4663 studiosi
1262 4602 1372 4681 optimi
1392 4602 1548 4684 cuiusque
1563 4601 1776 4676 videantur,ae

412 4694 505 4776 pauci
533 4693 763 4756 universorum.
814 4690 866 4756 86.
895 4694 977 4757 lline
997 4693 1082 4777 apud
1105 4693 1308 4757 Atheniensis
1330 4714 1462 4777 magnae
1484 4694 1677 4772 discordiae,
1706 4697 1739 4759 in

478 4898 501 4946 t.
519 4897 680 4959 macionibus
699 4902 783 4945 satem
802 4896 895 4946 morbis
912 4899 1024 4959 periculo
1044 4899 1186 4947 curationes
1205 4903 1228 4948 et
1244 4898 1361 4959 ancipitis
1377 4898 1479 4962 adipere
1494 4904 1619 4962 coquntur
1638 4900 1738 4950 Nonius

410 4971 506 5037 past.
527 4998 554 5007 -
578 4972 601 5020 3.
621 4973 756 5021 aduersam
773 4973 799 5021 in
817 4985 899 5033 marg.
919 4973 935 5021 b
955 4998 981 5007 -
1005 4972 1029 5023 i.
1049 4987 1126 5035 quom
1142 4987 1171 5024 re
1186 4974 1334 5023 aduaticis
1352 4985 1366 5022 o
1384 5000 1416 5010 —
1438 4975 1462 5023 s.
1480 4973 1518 5022 Ais
1535 4975 1554 5023 C
1574 4999 1600 5008 —
1626 4973 1650 5021 7.
1669 4974 1739 5023 tient-

410 5046 557 5095 uolentiaC
578 5043 694 5108 (ubique)
714 5072 740 5082 -
760 5047 886 5097 inemo
905 5071 931 5081 -
951 5046 975 5095 8.
993 5052 1094 5107 portius
1111 5049 1129 5097 Β
1148 5072 1176 5085 -
1198 5049 1237 5099 tt).
1256 5051 1336 5097 citam
1352 5049 1427 5098 ctiam
1444 5060 1460 5097 o
1479 5074 1506 5084 -
1527 5050 1567 5098 tt.
1586 5048 1661 5097 iidem
1678 5060 1693 5098 o
1708 5072 1735 5084 -

413 5123 452 5171 ta.
471 5122 570 5183 quidem
587 5133 669 5170 omo
689 5147 715 5156 -
741 5120 793 5184 qui]
812 5119 844 5183 qni
861 5122 1012 5183 {quendolo
1036 5147 1062 5157 -
1090 5121 1129 5172 tl.
1148 5125 1223 5172 uertit
1241 5124 1275 5173 C:
1294 5126 1384 5174 euertit
1401 5121 1452 5172 alit.
1474 5149 1501 5160 -
1526 5125 1566 5173 ie.
1585 5123 1617 5172 ab
1633 5123 1738 5186 cmpt-

410 5198 511 5245 nasiso
532 5223 556 5231 -
576 5197 728 5244 remanendo
744 5208 759 5245 o
778 5221 805 5231 -
830 5197 871 5245 ⁴7.
890 5196 923 5260 se]
940 5195 984 5245 sed
1000 5196 1070 5246 Alio
1090 5222 1116 5232 -
1133 5203 1214 5258 posset
1231 5208 1246 5246 o
1264 5222 1292 5233 -
1318 5199 1417 5259 quidem
1434 5198 1463 5247 de
1478 5197 1687 5247 lacedemoniae
1708 5223 1735 5234 -

412 5270 603 5320 ramesmere
623 5282 757 5332 superscr.
777 5269 878 5320 scholio
902 5272 982 5331 stadt
1000 5283 1029 5325 e.
1055 5272 1251 5333 nsedioerissait
1273 5284 1288 5322 o
1315 5299 1342 5311 -
1370 5270 1503 5335 quonum
1527 5286 1574 5333 per
1590 5267 1641 5335 qni
1657 5268 1689 5322 Α*
1707 5297 1734 5309 -

410 5358 468 5395 meos
485 5346 515 5395 de
531 5344 655 5394 embronis
671 5346 795 5394 inuidiam
813 5356 827 5394 o
847 5372 874 5382 -
898 5347 938 5395 to.
958 5352 1052 5407 quanto
1069 5348 1262 5409 impensare.)
1278 5348 1406 5397 mammaea
1423 5349 1456 5407 B,
1480 5354 1598 5409 quantoe.
1611 5348 1739 5397 mammas

412 5422 464 5479 sb,
491 5426 633 5481 quantoque
648 5422 776 5468 munimus
792 5418 868 5478 A¹ll,
895 5425 1037 5482 quantoque
1055 5422 1083 5482 Q.
1102 5423 1230 5470 maximas
1246 5420 1285 5480 Αἱ
1312 5429 1415 5483 quanto.
1434 5423 1461 5473 C.
1478 5424 1612 5472 muniere
1640 5446 1666 5458 -
1693 5420 1735 5472 st.

410 5496 551 5544 sanciendo
567 5494 637 5542 nobis
659 5506 674 5543 o
705 5520 730 5529 -
766 5496 806 5544 Ἠ.
826 5496 939 5544 Noenum
954 5510 1068 5545 mmores
1081 5497 1189 5558 ponebat
1211 5498 1397 5548 Lachmanuus
1419 5497 1461 5556 tad
1480 5498 1583 5546 lucret.
1603 5497 1649 5555 tlt,
1664 5494 1734 5555 itit:

410 5572 466 5620 Non
484 5571 548 5619 enim
565 5582 679 5617 memores
693 5569 800 5630 ponebat
816 5571 899 5632 Cpo;
924 5572 980 5620 Non
995 5571 1101 5631 ponebat
1118 5574 1185 5621 enim
1201 5586 1315 5622 ramam
1331 5571 1384 5623 elii.
1408 5571 1472 5621 Vide
1490 5571 1525 5621 ad
1542 5583 1568 5634 p.
1579 5569 1657 5625 588.t
1674 5580 1735 5632 sqq.

413 5672 440 5682 -
459 5646 500 5695 23.
516 5645 627 5707 postque]
638 5650 724 5704 postea
741 5656 756 5693 o
775 5669 800 5703 -,
820 5646 901 5707 mcpis
918 5644 966 5707 qai
985 5647 1066 5705 lleh3
1084 5647 1168 5710 mapis
1183 5651 1314 5712 manisque
1331 5661 1346 5698 o
1365 5674 1391 5685 -
1414 5649 1455 5697 to.
1474 5649 1519 5696 etsi
1536 5647 1570 5696 C:
1589 5647 1666 5694 etiem
1681 5645 1735 5695 sie

413 5745 440 5756 -
459 5719 578 5768 obtimum
593 5720 637 5768 Ab
657 5745 683 5754 -
703 5721 746 5767 etsi
757 5721 900 5780 optimumst
916 5720 1042 5772 Halmius.
1064 5748 1090 5757 -
1110 5724 1220 5772 osdecm
1237 5725 1380 5774 Ernestius.
1401 5746 1429 5759 -
1448 5723 1488 5773 30.
1501 5720 1737 5785 connumerantes

410 5808 471 5846 o-
490 5796 570 5845 nec:
597 5809 641 5844 nec
658 5792 709 5843 elii.
739 5820 764 5828 -
792 5801 942 5845 eseontaro
970 5822 996 5831 -
1024 5797 1065 5847 32.
1083 5803 1120 5847 est
1138 5800 1360 5860 (posteommisscl
1383 5797 1445 5847 add.
1465 5798 1498 5849 C:
1523 5809 1612 5847 omo
1637 5820 1664 5831 -
1692 5794 1734 5845 di.

404 5871 606 5933 peniciosomo
634 5896 660 5905 -
687 5869 877 5931 seditionemque
893 5872 1005 5933 etqueA
1034 5897 1061 5909 -
1089 5871 1130 5922 35.
1148 5874 1269 5935 emurque
1284 5874 1352 5925 cama
1367 5873 1504 5924 aidecnstw
1519 5883 1534 5925 e
1552 5898 1585 5912 -
1605 5871 1646 5923 dt.
1665 5872 1737 5926 atte-

409 5945 501 5997 sonsa
517 5946 577 5997 An:
596 5946 748 5997 athenienses
764 5946 900 5998 Blleoe.
