4342 7459
494 1252 557 1320 toi
941 1251 996 1317 DE
1017 1250 1190 1317 DEORUM
1209 1249 1373 1316 NATURA

492 1434 590 1500 saepe
610 1413 698 1478 usae
718 1412 838 1475 formae
861 1411 992 1475 deorum
1015 1414 1161 1496 quemvis
1182 1430 1248 1475 non
1269 1417 1325 1476 aut
1344 1409 1491 1475 hebetem
1513 1419 1570 1476 aut
1594 1411 1729 1496 impium
1751 1412 1830 1485 deos

492 1518 676 1596 praesentes
698 1528 768 1571 esse
791 1503 933 1571 confiteri
956 1515 1139 1590 coegerunt
1190 1509 1246 1570 iii.
1267 1504 1298 1570 7.
1321 1506 1556 1570 Praedictiones
1578 1526 1655 1571 vero
1679 1515 1712 1572 et
1733 1528 1829 1593 prae·
1929 1576 1933 1586 ,

492 1606 659 1669 sensiones
679 1621 785 1666 rerum
803 1599 978 1664 futurarum
994 1601 1072 1683 quid
1087 1601 1174 1665 aliud
1190 1603 1352 1665 declarant
1367 1601 1428 1663 nisi
1443 1600 1624 1665 hominibus
1639 1620 1677 1666 ea
1691 1602 1830 1678 ostendi,

492 1699 677 1771 monstrari,
702 1694 868 1781 portendi,
894 1694 1060 1778 praedici?
1090 1717 1131 1760 ex
1154 1717 1219 1780 quo
1241 1696 1296 1759 illa
1318 1704 1457 1770 ostenta,
1484 1702 1640 1771 monstra,
1668 1704 1831 1780 portenta,

467 1793 636 1879 sprodigia
651 1790 809 1854 dicuntur.
843 1789 938 1864 Quod
954 1792 980 1853 si
996 1811 1033 1853 ea
1047 1788 1118 1856 fieta
1135 1790 1294 1855 credimus
1309 1790 1437 1853 licentia
1452 1790 1645 1866 fabularum,
1669 1793 1829 1874 Mopsum,

490 1888 659 1960 Tiresiam,
681 1883 922 1968 Amphiaraum,
953 1884 1172 1959 Calchantem,
1199 1885 1372 1959 Helenum,
1396 1905 1478 1969 quos
1499 1891 1605 1948 tamen
1628 1905 1765 1969 augures
1787 1905 1829 1949 ne

488 1982 579 2067 ipsae
601 1981 729 2065 quidem
751 1977 877 2041 fabulae
899 1978 1128 2054 adscivissent,
1150 1981 1177 2043 si
1200 2001 1251 2043 res
1274 1981 1406 2043 omnino
1428 1978 1630 2063 repudiaret,
1651 2000 1693 2043 ne
1714 1978 1828 2045 domo·

487 2078 576 2142 sticis
598 2074 728 2159 quidem
752 2071 908 2155 exemplis
931 2074 1015 2137 docti
1039 2094 1157 2137 numen
1179 2075 1309 2138 deorum
1333 2074 1626 2157 conprobabimusl
1658 2073 1745 2138 llihil
1765 2093 1826 2138 nos

487 2172 522 2236 P.
546 2168 670 2234 Claudii
697 2167 782 2232 bello
811 2168 931 2230 Punico
956 2170 1058 2253 primo
1080 2171 1241 2233 temeritas
1263 2169 1420 2243 movebit,
1450 2168 1505 2252 qui
1528 2167 1621 2231 etiam
1642 2168 1825 2252 perideum

450 2265 566 2331 sodeos
594 2262 755 2337 inridens,
786 2281 857 2324 cum
888 2281 983 2327 mvsa
1011 2263 1135 2327 liberati
1158 2265 1238 2347 pulli
1260 2283 1324 2328 non
1347 2269 1564 2346 pascerentur,
1588 2262 1689 2347 morgi
1711 2281 1769 2326 eos
1791 2261 1826 2325 in

487 2378 604 2444 aquam
625 2356 735 2430 iussit,
762 2364 798 2419 nt
819 2355 978 2430 biberent,
1001 2359 1155 2439 quoniam
1177 2379 1248 2422 esse
1269 2358 1420 2421 nollentl
1454 2357 1517 2434 Qui
1539 2358 1623 2420 risus
1645 2355 1748 2421 classe
1768 2355 1825 2419 de·

486 2455 568 2519 victa
589 2451 702 2515 multas
717 2450 778 2533 ipsi
793 2449 951 2524 lacrimas,
973 2471 1119 2534 magnam
1134 2451 1254 2538 populo
1270 2454 1412 2515 humano
1429 2450 1553 2513 cladem
1568 2448 1681 2514 attulit.
1715 2447 1823 2526 Quidl

485 2549 608 2630 collega
630 2546 698 2608 eius
727 2544 838 2608 lunius
860 2544 974 2609 eodem
1000 2546 1085 2611 bello
1108 2568 1213 2612 nonne
1235 2552 1423 2629 tempestate
1446 2544 1579 2609 classem
1601 2544 1722 2618 amisit,
1751 2562 1824 2608 cum

486 2642 636 2727 auspiciis
657 2660 722 2703 non
744 2640 924 2724 paruisset?
956 2642 1067 2726 ltaque
1083 2640 1235 2705 Claudius
1256 2661 1275 2704 a
1298 2639 1419 2723 populo
1441 2637 1671 2702 condemnatus
1686 2645 1752 2713 cst,
1771 2638 1824 2701 ln·

447 2739 559 2802 tonius
589 2753 700 2798 necem
729 2733 789 2797 sibi
817 2734 887 2816 ipse
910 2736 1074 2799 conscivit.
1117 2733 1148 2798 8.
1173 2735 1206 2798 C.
1228 2735 1419 2798 Flaminium
1442 2732 1568 2797 Caelius
1589 2732 1746 2815 religione
1767 2750 1824 2796 ne-

484 2833 588 2917 gleota
603 2827 756 2893 cecidisse
773 2829 858 2911 apud
871 2831 1102 2893 Trasumenum
1117 2830 1228 2894 scribit
1242 2851 1312 2894 cum
1328 2847 1442 2911 magno
1458 2824 1666 2908 reipublicae
1681 2828 1822 2892 vnlnere.

484 2926 629 3003 Quorum
651 2923 751 2986 exitio
773 2923 916 3005 intellegi
938 2932 1060 3009 polest,
1083 2944 1195 2988 eorum
1218 2923 1359 3006 imperiis
1380 2942 1449 2985 rem
1470 2921 1629 3005 publicam
1650 2916 1822 3006 amplifice·

481 3028 561 3093 tam,
591 3019 646 3103 qui
675 3013 882 3100 religionibus
908 3019 1101 3101 paruissent.
1146 3019 1187 3081 El
1213 3020 1241 3081 si
1267 3015 1413 3079 conferre
1440 3014 1587 3078 volumus
1614 3022 1724 3079 nostm
1749 3034 1822 3079 cum

483 3114 641 3188 externis,
669 3110 783 3174 ceteris
810 3111 906 3174 rebus
933 3120 988 3176 aut
1012 3132 1105 3197 pares
1127 3121 1183 3177 aut
1204 3113 1299 3177 etiam
1320 3108 1488 3173 inferiores
1508 3105 1719 3190 reperiemur,
1749 3108 1823 3172 reli·

444 3210 592 3294 ugone,
622 3207 654 3269 id
677 3211 727 3267 est
748 3204 834 3266 cultu
858 3205 1006 3281 deorum,
1036 3207 1137 3272 multo
1160 3207 1352 3292 superiores.
1396 3202 1821 3266 timenutherensium

481 3302 554 3376 ille,
576 3318 641 3385 quo
662 3296 703 3360 ad
726 3298 981 3382 investigandum
1000 3321 1090 3363 suem
1105 3302 1252 3383 regiones
1267 3302 1379 3365 vineae
1397 3297 1593 3371 terminavit,
1615 3304 1821 3361 contemnen-

482 3396 542 3460 dus
564 3397 638 3460 esti
669 3389 856 3466 Crederem,
884 3394 945 3455 nisi
974 3396 1042 3458 eius
1065 3398 1199 3479 augurio
1223 3416 1282 3459 rex
1304 3394 1461 3457 Hostilius
1484 3392 1622 3454 maxima
1643 3390 1729 3454 bella
1749 3409 1821 3474 ger·

480 3491 585 3554 sisset
630 3486 693 3550 Sed
719 3485 922 3567 neglegentia
948 3488 1122 3552 nobilitatis
1144 3490 1270 3572 augurii
1292 3487 1461 3570 disciplina
1482 3485 1603 3548 omissa
1624 3483 1742 3548 veritam
1762 3502 1821 3548 au-

480 3584 652 3665 spiciorum
682 3588 786 3663 spreta
808 3587 873 3654 est,
904 3582 1024 3664 species
1048 3590 1169 3646 tantum
1192 3591 1326 3645 retenta,
1374 3584 1485 3665 ltaque
1507 3580 1665 3687 marsp'mac
1692 3578 1740 3641 rei
1761 3597 1821 3662 pu·

442 3672 583 3741 ssbiicae
604 3681 728 3757 partes,
757 3672 790 3734 in
818 3672 869 3734 his
890 3673 990 3749 belia,
1019 3676 1135 3758 quibus
1156 3677 1203 3739 rei
1225 3676 1373 3759 publicae
1395 3675 1481 3738 salus
1502 3679 1699 3747 continetur,
1721 3670 1818 3735 nullis

480 3768 630 3851 auspiciis
656 3767 931 3842 administrantur,
961 3769 1049 3833 nulla
1073 3772 1235 3854 peremnia
1263 3779 1445 3843 servantur,
1477 3767 1564 3831 nulla
1595 3786 1637 3830 ex
1665 3765 1821 3829 acumini·

479 3862 556 3938 bus,
578 3861 668 3926 nulla
689 3879 760 3929 cum
784 3860 843 3923 viri
859 3870 1026 3939 vocantur,
1049 3884 1091 3927 ex
1106 3886 1170 3947 quo
1186 3866 1219 3929 in
1234 3867 1396 3949 procinctu
1427 3868 1615 3926 testamenta
1643 3859 1819 3942 perierunt.

479 3957 562 4020 Tum
584 3956 669 4020 enim
694 3954 779 4017 bella
800 3974 910 4036 gerere
931 3959 1031 4021 nostri
1054 3956 1150 4022 duces
1171 3960 1345 4042 incipiunt,
1374 3978 1445 4021 cum
1468 3956 1610 4039 auspicia
1631 3960 1818 4038 posuerunt.
1884 4011 1887 4016 .

479 4046 532 4112 l0.
559 4051 601 4113 At
627 4069 702 4113 vero
728 4047 814 4130 apud
839 4051 974 4113 maiores
1002 4060 1090 4116 tanta
1118 4053 1281 4135 religionis
1313 4055 1361 4115 vis
1390 4051 1469 4126 tuit,
1498 4057 1533 4113 ut
1562 4048 1691 4133 quidam
1720 4048 1821 4131 impe·

441 4153 600 4210 soratores
629 4145 724 4207 etiam
755 4163 790 4206 se
816 4143 905 4226 ipsos
934 4143 983 4207 dis
1013 4147 1236 4210 inmortalibus
1259 4147 1360 4229 eapite
1383 4147 1487 4208 velato
1509 4143 1614 4206 verbis
1638 4144 1732 4206 certis
1760 4160 1819 4226 pro

479 4258 514 4302 re
542 4238 670 4322 publica
698 4238 899 4302 devoverent.
939 4240 1039 4304 hlulta
1069 4262 1110 4303 ex
1136 4241 1300 4324 Sibyllinis
1327 4239 1625 4312 vaticinationibus,
1658 4238 1757 4301 multa
1778 4256 1820 4300 ex

478 4333 681 4417 haruspicum
713 4333 876 4415 responsis
905 4353 1152 4397 commemorare
1183 4355 1329 4418 possum,
1365 4335 1481 4417 quibus
1514 4352 1551 4397 ea
1584 4328 1819 4405 confirmentur,

545 4541 570 4591 4.
588 4552 638 4588 non
656 4543 702 4587 aut
719 4538 857 4588 Davisius:
877 4544 923 4588 aul
938 4552 989 4588 non
1005 4538 1029 4591 ‘ll
1048 4566 1075 4575 -
1095 4541 1118 4588 4,
1137 4545 1279 4602 praesentes
1296 4552 1364 4588 corr.
1379 4551 1411 4587 ex
1428 4542 1574 4601 praesentas
1590 4539 1611 4587 A
1630 4562 1659 4573 -
1678 4536 1703 4587 3.
1722 4535 1819 4585 oliulA

480 4639 508 4653 -
527 4627 559 4665 eu
576 4612 635 4663 codv
655 4614 838 4664 Monacensis:
858 4627 889 4663 ea
906 4627 972 4677 quae
989 4617 1019 4676 ts.
1033 4618 1090 4678 que)
1106 4618 1154 4664 sint
1171 4614 1208 4670 ‘lt;
1226 4629 1257 4665 ea
1274 4629 1339 4677 quae
1354 4618 1444 4677 sutura
1455 4618 1513 4663 sunl
1525 4614 1553 4663 0.
1573 4612 1640 4662 Vide
1653 4613 1819 4662 Schoeman-

479 4703 545 4740 num
563 4690 673 4740 Dissert.
692 4691 725 4739 ill
743 4702 770 4754 p.
788 4689 804 4740 4
822 4701 863 4752 sq.
883 4716 910 4726 -
930 4694 1025 4741 ostendi
1043 4693 1077 4753 (di
1095 4692 1120 4740 in
1139 4704 1192 4741 ras.
1212 4705 1248 4741 nr.
1267 4693 1335 4750 sec.)
1353 4694 1373 4741 A
1394 4717 1421 4727 -
1445 4690 1470 4741 4.
1490 4691 1592 4738 orendo
1609 4687 1722 4751 (litterae
1739 4690 1756 4738 d
1772 4699 1820 4737 su-

478 4778 582 4829 perscr.
601 4770 617 4825 4)
635 4765 654 4814 Β
677 4790 702 4800 -
721 4764 745 4814 5.
765 4777 796 4813 ea
813 4778 882 4813 corr.
901 4778 933 4814 er
951 4769 1019 4816 aeA
1040 4790 1066 4803 -
1089 4780 1203 4829 mopsum
1220 4768 1355 4828 therasiam
1372 4769 1508 4830 arrrpraum
1525 4764 1680 4813 calchantem
1696 4763 1817 4814 acimum

480 4841 547 4903 Quos
563 4841 590 4890 in
607 4852 691 4902 marg.
712 4851 749 4888 m.
769 4851 824 4888 rec.
844 4837 926 4888 habet
942 4839 979 4893 B:
999 4841 1032 4891 ci.
1052 4855 1076 4890 v.
1092 4843 1132 4890 48.
1146 4868 1172 4877 -
1193 4844 1217 4892 6.
1237 4845 1372 4907 omflraum
1393 4845 1413 4892 A
1433 4867 1460 4877 -
1480 4841 1503 4889 7.
1525 4841 1686 4889 adstruissent
1704 4852 1772 4888 corr.
1792 4839 1819 4889 in

478 4916 641 4965 wasmont
657 4920 678 4964 A
698 4939 726 4951 -
745 4914 908 4975 repudiarent
926 4916 1005 4964 ABE
1025 4941 1051 4951 -
1072 4915 1096 4966 8.
1116 4917 1181 4966 docti
1198 4919 1226 4967 in
1242 4932 1333 4967 numen
1351 4919 1370 4968 C
1386 4944 1413 4953 -
1432 4914 1646 4977 comprobabimus
1662 4915 1739 4965 luc:
1757 4927 1819 4964 con·

475 4991 641 5053 prebauimus
652 4993 672 5038 A
684 5003 690 5045 ;
708 4990 923 5050 comprobavimus
934 4991 991 5040 13²ss
1006 5018 1033 5027 -
1047 4991 1072 5040 9.
1085 4992 1179 5040 claudii
1191 4994 1237 5042 11²:
1256 4995 1341 5043 claudi
1353 4991 1396 5050 13¹,
1414 4991 1479 5041 clodi
1490 4994 1510 5040 A
1522 4992 1554 5050 E,
1573 4990 1630 5039 dodi
1642 4990 1663 5040 C
1677 5014 1704 5025 -
1718 4991 1759 5039 44.
1770 5002 1819 5039 no-

478 5065 607 5116 isus-
626 5066 667 5114 ti.
685 5065 769 5112 multis
785 5066 857 5113 A¹-
873 5077 900 5126 p.
919 5066 948 5114 li.
967 5066 1068 5125 ABC;
1088 5067 1238 5129 reipublice
1255 5070 1315 5118 E-
1336 5069 1408 5131 Quid]
1428 5067 1472 5131 qui
1488 5065 1536 5125 A¹;
1554 5078 1604 5126 quo
1621 5070 1693 5115 A2-
1712 5063 1819 5114 ihelo-

478 5140 535 5189 dius
550 5140 624 5198 AE3
642 5139 731 5188 clodius
748 5139 767 5188 C
789 5164 815 5173 —
836 5140 876 5188 45.
895 5141 1003 5189 cenauit
1019 5144 1040 5191 A
1060 5166 1088 5176 -
1107 5143 1198 5192 cadius
1213 5144 1294 5195 ΑΒΕ
1315 5170 1342 5183 —
1360 5143 1472 5205 neclecta
1483 5143 1509 5205 (p
1522 5154 1554 5191 ex
1566 5136 1742 5199 correctione)
1754 5137 1773 5188 Β
1787 5162 1815 5175 -·

479 5215 521 5265 45.
539 5218 603 5277 aput
619 5213 669 5263 BE
689 5239 715 5249 —
738 5213 917 5263 Trasumenum
935 5228 999 5266 nos:
1019 5221 1164 5267 transumen
1182 5218 1280 5279 ABG,
1299 5215 1439 5267 transsumi
1458 5218 1492 5279 E,
1513 5216 1683 5265 Trasimenum
1699 5216 1729 5264 0.
1751 5211 1816 5264 vtde

477 5287 512 5340 ed
530 5303 569 5339 or.
589 5301 615 5352 p.
635 5288 729 5338 itoscio
746 5293 835 5338 Amor.
856 5289 870 5353 s
888 5290 929 5339 89.
945 5317 973 5327 -
993 5291 1033 5341 48.
1049 5294 1195 5354 paruissent
1210 5307 1326 5355 mopsnm
1342 5294 1462 5354 tyresium
1478 5293 1665 5354 amphiluraum
1680 5289 1817 5340 oldaia·

477 5370 526 5415 torn
545 5364 659 5414 belenum
680 5377 741 5424 quos
762 5371 785 5413 et
805 5366 826 5414 si
848 5365 945 5425 (verbis
965 5380 1128 5427 mopsum·-
1141 5382 1204 5431 quos
1221 5369 1323 5430 deletis)
1341 5369 1378 5427 133
1407 5368 1440 5418 ci.
1459 5382 1484 5418 v.
1503 5369 1528 5419 5.
1555 5394 1582 5404 -
1606 5367 1647 5415 20.
1665 5366 1727 5416 Anii
1746 5365 1767 5416 0
1787 5389 1815 5402 -

476 5441 550 5490 nauii
567 5441 594 5502 (ii
610 5440 636 5488 in
654 5438 717 5501 res.)
730 5440 749 5489 B
762 5466 790 5475 -
809 5441 851 5490 st.
870 5454 938 5490 suem
956 5456 1025 5492 corr.
1044 5456 1076 5492 ex
1094 5457 1168 5493 snam
1180 5446 1216 5504 Β;
1236 5445 1270 5493 ad
1286 5445 1486 5508 inoestipondam
1502 5455 1580 5492 uuum
1591 5441 1756 5491 sehueutus.
1775 5437 1814 5490 Cl.

477 5512 512 5565 ds
533 5514 646 5564 Divinal.
665 5514 676 5563 1
697 5513 770 5576 534.
790 5538 819 5551 -
841 5516 947 5565 relicuos
967 5519 1016 5575 A¹;
1042 5519 1175 5583 religiones
1197 5521 1304 5578 A²BC;
1332 5518 1497 5583 relipionisE
1520 5545 1549 5556 -
1570 5518 1611 5568 is.
1630 5516 1726 5567 meins
1744 5516 1767 5565 A
1785 5535 1812 5551 -

476 5588 925 5641 ti.reanaaA-nacinusoc
940 5594 1061 5643 -rsin
1078 5598 1179 5646 isA—
1199 5596 1240 5646 io.
1256 5597 1379 5659 perennio
1398 5595 1520 5646 ACE-
1539 5594 1677 5655 hinnitu,
1695 5590 1816 5643 suncini

477 5664 680 5715 Schoemannus
698 5663 767 5729 (coll.
787 5663 868 5715 Gellio
885 5667 915 5716 N.
934 5669 964 5717 A.
983 5668 1037 5741 ΧΥ,
1056 5670 1098 5731 27,
1118 5669 1133 5719 3
1151 5673 1177 5719 et
1194 5669 1301 5720 Sabidio
1319 5684 1361 5736 ap.
1375 5669 1463 5721 schol.
1478 5671 1575 5720 Veron.
1588 5669 1623 5718 ad
1634 5665 1733 5730 Vergil.
1745 5669 1812 5718 Aen.

477 5738 509 5799 X,
527 5739 602 5802 atti:
624 5740 689 5789 nulli
709 5742 759 5791 viri
780 5738 832 5793 uo
858 5767 884 5777 -
905 5743 1024 5804 procintu
1040 5744 1097 5810 (litt.
1116 5759 1130 5795 c
1146 5750 1291 5811 superscr.)
1309 5751 1330 5798 A
1351 5774 1377 5785 -
1403 5746 1601 5808 4444414444
1621 5772 1648 5783 -
1667 5743 1765 5808 apulis
1784 5765 1812 5779 ·-

477 5818 572 5865 num
588 5828 658 5866 corr,
677 5818 704 5867 m
721 5822 819 5867 annm
836 5818 855 5868 n
875 5840 902 5853 -
926 5818 1004 5881 suern
1021 5821 1040 5870 c
1061 5847 1088 5858 -
1107 5821 1148 5872 ao.
1166 5822 1315 5871 mortalibus
1332 5825 1353 5872 a
1374 5849 1401 5859 -
1419 5822 1459 5872 as.
1478 5801 1622 5873 moute
1638 5823 1784 5886 (superni.
1801 5829 1815 5868 ι

475 5887 547 5938 inter
561 5904 583 5939 a
600 5894 627 5940 et
642 5892 659 5953 l)
677 5894 713 5951 A;
736 5891 862 5942 4444444444
878 5893 924 5953 1³¹3
947 5906 981 5943 w
1003 5894 1125 5957 444444νηί4
1146 5895 1194 5958 3²,
1218 5912 1251 5951 eu
1269 5897 1390 5963 sybillinis
1407 5898 1454 5952 GE
1474 5920 1502 5935 ··
1520 5898 1561 5951 il.
1579 5897 1729 5962 nuperae
1744 5891 1810 5955 ΒΕῑ

476 5960 657 6028 umentem
673 5965 693 6018 c
712 5991 741 6005 -
758 5980 954 6024 cnmnnnorars
966 5983 1069 6034 penum
1085 5985 1140 6026 orn.
1157 5975 1199 6026 A1.
