4342 7459
715 1273 785 1336 nn.
806 1273 834 1335 1.
864 1272 938 1337 cn.
959 1262 1223 1337 xxrv-xxu.
1251 1252 1298 1356 §p
1320 1266 1456 1337 sl-rr.
1685 1249 1750 1336 Asi

413 1431 622 1495 ostracitae?
650 1431 729 1494 llam
752 1430 792 1494 de
814 1432 879 1495 vita
899 1432 992 1496 beata
1014 1433 1095 1495 nihil
1117 1451 1278 1516 repugno,
1302 1451 1397 1517 quam
1419 1439 1455 1497 tu
1476 1441 1517 1496 tre
1538 1431 1571 1495 in
1594 1431 1655 1498 deo
1676 1409 1750 1517 lp‘ui·

412 1524 484 1587 dem
506 1543 577 1588 esse
600 1543 725 1600 censes,
748 1527 809 1588 nisi
833 1526 925 1608 plane
948 1527 1014 1589 otio
1038 1521 1196 1609 langueat.
1230 1526 1293 1589 Sed
1309 1527 1363 1590 ubi
1379 1532 1428 1590 est
1442 1527 1584 1591 veritas?
1605 1523 1643 1589 ln
1658 1547 1750 1592 mun·

411 1617 476 1695 dls,
507 1619 621 1693 credo,
650 1620 952 1694 innumerabilibus,
982 1620 1130 1684 omnibus
1158 1619 1298 1684 minimis
1328 1628 1504 1704 temporum
1529 1621 1656 1705 punctis
1678 1611 1749 1686 aliis

412 1711 633 1786 nascentibus,
657 1712 727 1775 aliis
749 1712 947 1777 cadentibus.
983 1716 1031 1775 An
1053 1714 1088 1777 in
1109 1712 1282 1777 individuis
1297 1716 1493 1797 corpusculis
1509 1722 1573 1779 tam
1590 1713 1749 1798 praeclara

413 1822 511 1887 opera
534 1806 622 1869 nulla
642 1807 830 1893 moderante
852 1815 981 1881 natura,
1011 1805 1098 1869 nulla
1119 1807 1259 1880 ratione,
1286 1806 1506 1891 fingentibus?
1540 1807 1601 1871 Sed
1633 1805 1774 1873 oblitust

411 1897 612 1963 liberalitatis
634 1920 739 1974 meac,
762 1920 825 1985 qua
848 1907 953 1964 tecum
976 1900 1071 1983 paulo
1087 1907 1160 1964 ante
1175 1901 1220 1963 uti
1235 1919 1419 1984 coeperam,
1443 1901 1534 1984 plura
1548 1891 1751 1986 complector.

413 1990 591 2055 Concedam
621 1994 721 2076 igitur
742 2013 783 2056 ex
804 1994 978 2057 individuis
1001 2001 1146 2057 constare
1170 1996 1286 2058 omnia.
1324 1993 1411 2070 Quid
1432 1994 1474 2058 ad
1496 1988 1587 2059 remi
1617 1995 1752 2060 deorum

412 2086 496 2150 enim
525 2094 638 2149 natura
668 2089 841 2171 quaeritur.
885 2084 936 2149 68.
961 2088 1032 2150 Sint
1060 2107 1138 2151 sane
1168 2107 1208 2150 ex
1238 2090 1373 2152 atomis:
1403 2107 1467 2151 non
1493 2087 1592 2172 igitur
1612 2087 1752 2166 aeterni3

412 2171 606 2263 quodecim
630 2200 670 2243 ex
693 2181 825 2256 atomis,
848 2180 880 2243 id
903 2188 1013 2245 natum
1035 2181 1209 2265 aliquando
1232 2190 1299 2244 cst:
1322 2181 1350 2245 si
1371 2189 1495 2256 natum,
1516 2173 1595 2246 dulll
1611 2181 1663 2247 dei
1678 2177 1752 2270 adis

413 2288 509 2355 quam
531 2274 616 2349 nati,
638 2282 671 2337 et
692 2274 718 2337 si
742 2284 829 2338 ortus
852 2281 902 2337 est
924 2274 1072 2349 deorum,
1095 2274 1243 2338 interitus
1265 2275 1306 2338 sil
1320 2289 1453 2340 necesse
1468 2282 1532 2351 est,
1554 2283 1589 2341 ut
1603 2281 1638 2342 tu
1654 2269 1791 2361 paulod

411 2375 485 2430 ante
508 2368 548 2431 de
571 2369 711 2431 Platonis
733 2369 855 2432 mundo
878 2368 1073 2452 disputabas.
1110 2365 1170 2431 libi
1192 2368 1290 2451 igitur
1310 2367 1390 2446 illud
1411 2376 1551 2433 vestrum
1573 2363 1700 2434 beatum
1721 2373 1755 2433 ct

411 2469 592 2535 aeternnm,
622 2461 737 2546 quibus
765 2461 889 2526 duobus
919 2460 1025 2525 verbis
1052 2457 1238 2544 significatis
1267 2459 1391 2525 deum?
1421 2463 1508 2548 qdod
1532 2469 1604 2527 cdm
1626 2443 1753 2528 etllcsm

410 2553 525 2629 voltis,
548 2556 582 2618 in
605 2554 733 2620 dumeta
757 2557 940 2638 conrepitis.
977 2557 1024 2619 lta
1047 2554 1132 2619 enim
1156 2553 1298 2630 dicebas,
1320 2569 1385 2619 non
1408 2569 1521 2641 corpus
1539 2567 1609 2621 esse
1631 2555 1665 2621 lu
1681 2547 1753 2634 ddd,

411 2647 468 2711 sed
492 2649 583 2731 quasi
607 2663 741 2732 corpus,
764 2671 823 2713 nec
845 2650 1048 2733 sanguinem,
1071 2646 1127 2711 sed
1152 2656 1313 2732 umquam
1336 2649 1531 2733 cruminam.

496 2741 596 2804 XXV.
620 2740 671 2804 69.
703 2743 772 2807 Hoc
799 2763 955 2828 persaepe
982 2742 1100 2815 facitis,
1130 2749 1182 2816 ut,
1212 2749 1284 2805 curn
1313 2739 1437 2827 aliquid
1463 2757 1529 2809 non
1551 2743 1618 2808 veti
1649 2733 1791 2811 datad

412 2835 525 2900 dicatis
548 2846 581 2901 et
595 2837 735 2920 elingere
749 2837 1030 2920 reprehensionem
1045 2835 1170 2908 velitis,
1192 2834 1343 2899 adferatis
1358 2833 1400 2901 ali
1462 2835 1498 2914 d,
1520 2831 1613 2923 qnod
1624 2835 1753 2904 omnino

412 2949 454 2993 nc
475 2930 545 2993 lieri
569 2930 700 3013 quidem
720 2930 834 3014 possit,
857 2939 894 2994 ut
915 2931 1012 2993 satius
1034 2929 1132 2992 luerit
1151 2926 1233 2990 illnd
1248 2929 1368 3013 ipsum,
1413 2941 1511 3015 eqdo
1525 2925 1753 3019 amblpelldldt‘,

413 3023 588 3087 concedere
612 3039 707 3107 mam
729 3027 793 3087 tam
815 3024 1008 3106 inpudenter
1029 3022 1188 3086 resistere.
1222 3022 1317 3085 Velut
1337 3021 1509 3106 Epicurus,
1532 3027 1608 3089 cudi·
1620 3023 1753 3103 videret,

411 3117 439 3181 si
470 3118 567 3181 atomi
594 3116 756 3181 ferrentur
784 3118 817 3180 in
847 3117 953 3180 locum
981 3117 1163 3180 inferiorem
1192 3123 1308 3199 suopte
1337 3117 1494 3201 pondere,
1522 3107 1601 3183 nibil
1630 3112 1704 3185 toro·
1717 3121 1753 3184 iil

413 3219 523 3275 nostra
543 3217 720 3293 potestate,
742 3213 829 3295 qnod
853 3219 937 3275 esset
959 3227 1068 3274 aarum
1092 3216 1197 3272 motus
1219 3217 1323 3272 certos
1339 3217 1373 3273 et·
1384 3213 1598 3287 necessarius,
1620 3199 1791 3292 iuvenibl'o

356 3377 358 3379 v
413 3321 480 3389 quc
502 3303 598 3367 modo
621 3304 1028 3387 necessitatemell'ugeret,
1052 3300 1138 3387 quod
1154 3301 1303 3366 videlicet
1315 3295 1686 3389 Democtitdtttidgetatt
1707 3306 1754 3373 dit

412 3407 570 3474 mmum,
601 3415 673 3461 cam
703 3399 845 3483 pondere
874 3405 907 3462 et
934 3398 1089 3481 gravitate
1118 3396 1241 3460 directo
1268 3398 1407 3462 deorsus*
1430 3395 1565 3475 letatur,
1591 3398 1752 3466 decllr'tdi'e

412 3494 590 3577 paululum.
626 3490 679 3554 70.
700 3492 770 3556 Hoc
791 3490 896 3555 dicere
918 3492 1041 3575 turpius
1063 3497 1113 3553 est
1132 3509 1227 3574 quam
1248 3489 1344 3565 illud,
1367 3491 1554 3576 quodvult,
1575 3501 1643 3557 non
1654 3493 1752 3580 perte

411 3585 596 3652 defendere.
633 3586 721 3649 ldem
749 3586 826 3649 iacit
848 3594 957 3650 contra
981 3585 1181 3649 dialecticos:
1209 3583 1370 3669 atquibua
1389 3597 1462 3649 cnm
1483 3587 1638 3653 moltam
1656 3583 1701 3656 sil
1717 3589 1752 3656 ill

410 3680 557 3745 omnibus
574 3680 842 3754 diiunctionibus,
864 3680 1029 3764 inquibus
1050 3683 1117 3743 aut
1140 3680 1260 3743 etidm
1282 3681 1349 3744 aut
1370 3689 1445 3745 non
1467 3685 1649 3767 poneretul,
1671 3669 1789 3749 dicat

409 3787 481 3837 ram
507 3784 612 3839 utrum
634 3785 706 3838 csse
728 3790 857 3848 vemm,
887 3774 1053 3857 pertimuit
1078 3783 1138 3848 ne,
1167 3772 1200 3836 sl
1218 3783 1404 3851 concessum
1426 3782 1511 3840 esset
1537 3773 1751 3844 huiusmodi

409 3867 548 3952 aliquid,
571 3875 636 3932 sut
656 3869 767 3932 rivet
788 3881 878 3931 cras
901 3877 969 3932 adt
990 3886 1067 3931 non
1088 3865 1431 3950 riretllpicur‘ns,
1452 3861 1751 3939 amrmumdmst

409 3963 642 4037 necessarium,
663 3969 767 4027 totum
788 3962 850 4026 boc
871 3970 941 4025 aut
963 3963 1082 4025 etiam
1105 3965 1176 4025 aut
1194 3977 1275 4024 non
1291 3959 1421 4045 negotii
1433 3959 1748 4033 mecnecersarincl'e

411 4073 477 4138 quo
497 4056 578 4139 quid
601 4056 664 4120 dici
689 4058 791 4139 potuit
812 4055 985 4120 obtusius?
1018 4056 1178 4140 Urguebat
1198 4055 1356 4118 Arcesilas
1381 4053 1556 4135 Zenonem,
1585 4062 1657 4125 cnm
1678 4062 1749 4147 ipsll

409 4149 489 4213 laisa
519 4152 625 4213 omnia
654 4150 791 4223 diceret,
814 4168 896 4233 quae
918 4146 1067 4213 sensibus
1089 4150 1291 4223 viderentur,
1313 4149 1422 4213 Zenon
1444 4153 1550 4217 autem
1576 4163 1640 4217 don
1659 4153 1786 4220 nullast

411 4245 479 4307 visa
500 4264 572 4308 esse
593 4244 686 4319 laisa,
713 4264 779 4307 uon
802 4244 919 4306 omnia.
955 4243 1073 4305 Timuit
1098 4242 1256 4325 Epicurus
1277 4257 1335 4315 nc,
1366 4240 1399 4305 si¹
1415 4251 1516 4309 ddum
1537 4250 1643 4312 visum
1665 4256 1749 4313 essct

412 4335 541 4413 falsum,
563 4338 688 4401 nullum
711 4346 797 4403 esset
818 4358 944 4413 verum3
967 4338 1070 4401 omnis
1094 4357 1206 4401 sensus
1221 4335 1288 4399 veri
1304 4337 1438 4402 nuntios
1450 4337 1533 4405 dixit
1546 4352 1626 4405 esse.
1659 4333 1747 4408 llilill

410 4430 524 4495 boram
554 4432 651 4495 nimis
677 4433 809 4508 callide3
842 4431 1019 4514 graviorem
1046 4432 1131 4495 enim
1159 4431 1284 4514 plagam
1312 4431 1504 4516 accipiebat,
1531 4441 1567 4499 nt
1594 4437 1747 4503 leviorem

410 4526 590 4609 repelleret.
634 4520 685 4592 7l.
708 4528 798 4590 ld'cm
819 4527 895 4589 lacit
916 4528 947 4590 in
969 4537 1083 4590 natura
1105 4511 1255 4588 deornm:
1277 4521 1355 4588 datm·
1374 4525 1616 4593 individuorum¹
1635 4530 1748 4615 corpo*

410 4639 481 4682 rnm
504 4621 740 4684 concretionem
758 4620 855 4702 fugit,
875 4641 917 4683 ue
931 4623 1078 4685 interitus
1094 4628 1125 4683 et
1140 4618 1309 4701 dissipatio
1320 4627 1545 4704 consequatur,
1567 4623 1786 4708 nepotalem

410 4731 524 4799 corpus
546 4714 696 4788 omnm,
719 4715 775 4777 sed
798 4721 957 4797 tamquam
972 4733 1102 4799 corpus,
1125 4732 1185 4776 nec
1199 4712 1403 4794 sanguinem,
1426 4715 1483 4780 sed
1497 4721 1659 4801 tamquam
1674 4723 1747 4782 sad-⁴

411 4808 550 4889 guinem.
587 4803 706 4871 mlvi.-
725 4803 870 4871 Mirabile
893 4809 1031 4884 ridetur,
1055 4808 1141 4892 quod
1163 4825 1229 4869 non
1250 4807 1353 4869 rideat
1366 4805 1542 4892 barospex,
1564 4823 1635 4875 cum
1649 4810 1747 4876 baril-⁶

411 4901 532 4984 spicam
553 4901 686 4981 viderit:
708 4902 774 4965 boc·
792 4902 986 4977 mirabilius,
1009 4901 1175 4985 quadros
1196 4899 1281 4964 iuter
1293 4917 1351 4965 vor
1364 4901 1590 4967 risumtenere
1604 4897 1744 4987 possitllt.

476 5143 501 5193 2.
521 5144 571 5192 otto
588 5145 621 5204 A,
646 5144 700 5192 ocio
717 5143 751 5193 C:
777 5145 845 5205 optio
862 5145 939 5194 BEP
958 5170 985 5179 -
1010 5144 1034 5194 3.
1053 5144 1150 5193 cunctis
1165 5143 1275 5193 ACEl’
1295 5170 1322 5179 -
1346 5141 1371 5194 l.
1389 5143 1417 5193 ln
1433 5157 1487 5194 om.
1506 5146 1556 5197 BC
1578 5170 1604 5182 -
1627 5146 1651 5195 ll.
1670 5146 1744 5212 qnod]

410 5218 473 5281 octo
491 5213 514 5268 il
534 5245 560 5254 -
579 5218 657 5267 otorrd
673 5218 705 5267 att
722 5222 811 5268 natam
828 5220 870 5276 B¹;
889 5219 980 5268 atomis
995 5220 1035 5269 sit.
1053 5226 1143 5269 notum
1160 5220 1203 5279 1323
1226 5220 1317 5268 atomis
1332 5223 1449 5270 rmum
1466 5222 1485 5271 P
1505 5248 1531 5257 —
1550 5226 1586 5272 sat
1602 5221 1746 5272 Lambinus

411 5294 445 5356 (ln
463 5292 657 5355 adnotationel:
676 5295 708 5342 stt
725 5291 760 5350 ‘lit
781 5306 835 5344 om.
855 5295 885 5343 0.
909 5292 949 5346 Cl.
967 5294 1072 5357 bladvig
1089 5294 1122 5345 ad
1141 5294 1196 5345 Clc.
1209 5292 1244 5344 de
1262 5293 1316 5345 lin.
1332 5306 1358 5358 p.
1373 5292 1429 5345 lts.
1444 5321 1472 5332 -
1493 5295 1532 5346 43.
1551 5296 1665 5346 dumeto
1682 5293 1746 5346 1¹-

409 5368 544 5431 eoercpc'tia
559 5368 626 5418 BC:
652 5368 788 5431 conrcpstir
804 5370 855 5418 ΑΡ
878 5367 913 5431 (ct
928 5369 954 5418 in
971 5379 1024 5419 ras.
1043 5370 1088 5431 Ala
1112 5367 1281 5431 conspectas
1302 5394 1328 5404 -
1353 5368 1393 5419 ll.
1412 5374 1543 5433 remmam
1560 5367 1596 5421 ll:
1624 5369 1699 5435 pansi
1714 5369 1745 5422 0.

410 5441 450 5494 Cl.
470 5444 485 5508 3
503 5443 545 5493 7⁴.
566 5468 592 5479 ·-
620 5443 659 5494 48.
677 5443 744 5494 uclld
767 5445 832 5493 t>-
860 5443 900 5494 ts.
917 5444 1031 5506 [nentur
1051 5445 1120 5494 B¹C¹
1140 5469 1166 5481 -
1190 5442 1231 5494 22.
1251 5445 1353 5494 deorm
1368 5444 1489 5497 AREP:
1514 5442 1697 5496 coercendo
1717 5470 1745 5482 -

409 5516 451 5569 2³.
470 5520 595 5569 dicmtw
614 5519 673 5580 pior
698 5520 776 5580 (corr.
796 5519 821 5569 in
836 5519 920 5583 pctus)
937 5524 972 5570 stt
990 5522 1022 5576 Ρς
1047 5519 1171 5569 demetur
1187 5518 1245 5580 plus
1261 5524 1296 5568 eat
1312 5517 1365 5569 Ali
1380 5545 1413 5555 -
1435 5519 1476 5570 sc.
1495 5516 1692 5570 detomttoniboa
1709 5513 1745 5583 (ιζ

410 5592 616 5656 montcontour)
633 5593 755 5649 ARCl’;
775 5592 979 5643 Marcomons
996 5594 1045 5645 EO
1062 5621 1095 5631 -
1112 5596 1139 5643 to
1155 5594 1245 5658 quibus
1260 5604 1395 5658 superscr.
1414 5594 1440 5645 in
1454 5598 1476 5645 A
1489 5619 1516 5629 -
1536 5593 1645 5643 altem
1660 5587 1754 5642 noant

409 5662 449 5719 U:
469 5669 621 5718 cirenem
638 5668 700 5718 0-
719 5669 761 5718 26.
783 5673 948 5718 euctemon
965 5665 1004 5728 a,
1022 5681 1110 5718 verm
1126 5681 1177 5719 csse
1193 5669 1213 5719 0
1228 5693 1254 5704 -
1274 5670 1315 5719 27.
1334 5670 1452 5731 epicurus
1467 5676 1535 5719 trum
1547 5666 1603 5731 (lltt.
1616 5672 1645 5719 st
1662 5668 1688 5718 ln
1700 5671 1746 5718 rd-

409 5755 472 5794 sura
491 5748 518 5794 et
534 5757 668 5810 superscr.
688 5755 726 5795 m.
745 5756 801 5794 sec.
821 5742 912 5804 olm)
930 5745 951 5794 A
971 5769 997 5778 -
1015 5744 1072 5807 cert
1089 5742 1111 5796 c
1131 5772 1157 5781 -
1176 5745 1218 5794 lb.
1235 5743 1370 5809 patritii:
1390 5746 1500 5807 potsrto
1514 5771 1541 5781 -
1555 5745 1667 5807 opinatur
1682 5745 1701 5795 B
1715 5769 1744 5783 -

408 5816 576 5867 memo
596 5843 623 5853 -
648 5816 689 5868 so.
707 5817 809 5867 znoo
833 5842 860 5852 -
884 5816 925 5866 ar.
944 5819 1027 5868 naam
1047 5826 1108 5869 eser
1128 5818 1230 5883 summ.
1254 5818 1351 5869 smum
1373 5824 1433 5870 oser
1452 5818 1555 5881 ruam.
1573 5818 1670 5869 surum
1685 5809 1753 5870 eser·

406 5903 498 5941 aeram
514 5893 534 5942 c
555 5918 581 5927 —
601 5891 642 5942 33.
660 5893 735 5941 niorto
750 5891 839 5941 collide
856 5891 1075 5943 schoemannus:
1095 5891 1144 5942 nist
1160 5894 1249 5945 collide
1260 5893 1326 5952 CE;
1345 5894 1395 5944 rici
1410 5892 1485 5943 uode
1496 5893 1588 5955 ABP;
1606 5889 1657 5943 atii
1665 5890 1750 5945 cutm

407 5965 545 6026 orclatum
562 5966 612 6015 stet
630 5967 701 6018 coldo
717 5965 842 6018 alomna
860 5990 890 6003 ·-
908 5965 949 6018 448.
968 5968 1041 6032 qaod]
1060 5969 1137 6030 quam
1153 5963 1185 6019 44.
1750 5996 1754 6004 ·
