4342 7459
707 1242 844 1307 suu
875 1241 1201 1308 casnm-xxv.
1226 1236 1440 1326 §sas-ar.
1674 1237 1733 1305 444

406 1402 712 1486 menapiorum
734 1422 852 1466 annum
874 1400 1004 1478 bebeto,
1030 1403 1123 1467 cuius
1144 1401 1272 1487 quidem
1294 1402 1371 1467 enni
1392 1401 1537 1468 nondum
1557 1402 1738 1467 vicesimam

407 1506 529 1584 partem
552 1497 632 1561 scito
654 1517 726 1561 esse
748 1516 945 1561 conversam.

493 1591 609 1655 xxiii.
631 1587 683 1653 25.
707 1590 862 1666 Quocirca
884 1591 911 1654 si
933 1591 1069 1655 reditum
1092 1593 1126 1655 in
1147 1589 1232 1655 bunc
1253 1592 1358 1656 iocum
1373 1592 1608 1676 desperaveris,
1622 1591 1656 1653 in
1672 1608 1738 1672 quo

409 1686 517 1751 omnia
538 1692 613 1748 sunt
635 1686 757 1768 magnis
780 1694 812 1749 et
833 1685 1066 1767 praestantibus
1089 1685 1181 1759 viris,
1203 1685 1313 1771 quanti
1335 1687 1462 1750 tandem
1486 1694 1535 1749 est
1555 1685 1614 1748 ista
1634 1683 1738 1746 bomi-

408 1798 484 1845 num
507 1780 625 1863 gioria,
655 1799 739 1864 quae
760 1780 921 1863 pertinere
942 1780 997 1844 vix
1019 1779 1059 1843 ad
1081 1781 1176 1844 nnius
1197 1780 1272 1843 anni
1295 1789 1417 1863 partem
1439 1780 1588 1863 exiguam
1609 1780 1762 1861 potestti

408 1875 507 1958 igitur
527 1872 591 1936 aito
611 1881 757 1956 spectare
778 1873 807 1936 si
829 1874 917 1936 voice
939 1882 1035 1955 atque
1056 1875 1139 1936 banc
1160 1874 1269 1939 sedem
1290 1883 1324 1938 et
1343 1882 1504 1938 aeternam
1519 1871 1647 1936 domum
1662 1889 1738 1933 con·

407 1968 501 2042 tueri,
522 1987 629 2051 neque
651 1976 684 2030 te
706 1968 906 2031 sermonibus
927 1968 1014 2049 vuigi
1037 1967 1165 2030 dederis
1186 1988 1246 2031 nee
1267 1968 1300 2030 in
1322 1967 1472 2050 praemiis
1486 1965 1634 2030 humanis
1648 1983 1737 2049 spem

406 2061 555 2146 posueris
577 2080 683 2124 rerum
705 2069 850 2125 tuarum:
881 2062 948 2125 suis
970 2068 1002 2124 te
1023 2068 1150 2143 oportet
1170 2060 1337 2125 inlecebris
1359 2061 1430 2144 ipsa
1452 2060 1551 2124 virtus
1572 2060 1676 2124 trabat
1697 2060 1737 2123 ad

406 2175 518 2220 verum
539 2154 655 2229 decus,
676 2155 756 2240 quid
779 2155 819 2217 de
840 2162 872 2218 te
893 2155 949 2219 aiii
970 2154 1145 2237 loquantur
1164 2155 1226 2238 ipsi
1247 2153 1393 2228 videant,
1422 2153 1478 2218 sed
1500 2153 1671 2235 loquentur
1691 2160 1739 2215 ta-

407 2269 492 2315 men.
535 2249 647 2313 Sermo
669 2258 775 2314 autem
799 2250 901 2312 omnis
923 2248 978 2312 ilie
1000 2257 1032 2311 et
1052 2247 1208 2331 angustiis
1230 2248 1369 2331 cingitur
1389 2247 1429 2311 iis
1451 2247 1634 2331 regionum,
1658 2265 1738 2329 quas
1746 2254 1776 2301 40

406 2342 515 2416 vides,
543 2363 603 2406 nec
625 2359 775 2426 umquam
797 2344 838 2407 de
859 2343 926 2406 uilo
949 2343 1100 2424 perennis
1120 2340 1182 2405 fuit
1202 2350 1236 2407 et
1257 2343 1401 2406 obruitur
1420 2341 1586 2406 bominum
1607 2341 1738 2404 interitu

407 2447 442 2502 et
461 2437 623 2502 oblivione
645 2438 839 2520 posteritatis
860 2436 1068 2519 extinguitur.

493 2531 606 2594 XXIV.
630 2526 737 2612 (vul.)
765 2527 817 2592 26.
841 2529 930 2606 Quae
952 2550 1025 2594 cum
1047 2530 1196 2605 dixisset,
1217 2531 1285 2614 Ego
1308 2550 1394 2606 vero,
1416 2531 1559 2615 inquam,
1580 2528 1740 2603 Africano,

410 2625 438 2689 si
462 2623 592 2708 quidem
616 2623 845 2689 benemeritis
874 2623 915 2688 de
944 2624 1044 2709 patria
1071 2624 1164 2708 quasi
1192 2624 1283 2689 limes
1311 2625 1353 2688 ad
1382 2625 1462 2690 caeli
1491 2623 1612 2688 aditum
1641 2630 1740 2707 patet,

409 2738 603 2803 quamquam
640 2738 660 2782 4
689 2717 826 2802 pueritia
856 2718 999 2799 vestigiis
1026 2719 1189 2800 ingressus
1216 2718 1316 2801 patris
1344 2727 1376 2782 44
1404 2718 1468 2782 tuis
1496 2717 1604 2782 decori
1632 2723 1776 2781 vestroti

408 2831 475 2875 non
497 2807 602 2884 deiui,
622 2832 708 2876 nune
730 2819 836 2875 tamen
858 2819 947 2875 tanto
968 2813 1111 2895 praemio
1134 2813 1281 2896 exposito
1302 2813 1406 2877 enitar
1426 2813 1527 2877 multo
1548 2811 1740 2894 vigilantius.

408 2905 449 2970 Et
469 2904 541 2969 iiie:
574 2906 623 2967 Tu
645 2926 721 2970 vere
745 2906 864 2969 enitere
887 2912 920 2969 et
941 2904 986 2968 sic
1007 2906 1142 2981 habeto,
1163 2927 1227 2970 non
1249 2926 1319 2970 erse
1341 2913 1373 2969 te
1395 2906 1571 2979 mortalem,
1592 2904 1648 2969 sed
1672 2925 1741 2969 cor-

408 3019 469 3084 pus
489 2999 569 3063 boc:
591 3018 652 3061 nec
674 2999 759 3062 enim
782 3006 816 3061 tu
830 2999 858 3062 is
880 3018 925 3071 es,
948 3019 1044 3082 quem
1066 2999 1169 3063 forma
1190 3000 1251 3064 ista
1273 3000 1423 3074 declarat,
1444 3000 1502 3063 sed
1524 3019 1614 3063 mens
1635 3000 1741 3063 euius·

409 3112 472 3176 que
500 3094 528 3157 is
559 3101 609 3156 est
637 3094 794 3176 quisque,
825 3111 889 3155 non
920 3111 958 3155 ea
989 3089 1109 3175 figura,
1143 3114 1226 3176 quae
1257 3093 1354 3176 digito
1383 3093 1594 3157 demonstrari
1620 3099 1739 3174 potest.

409 3187 510 3249 licum
539 3195 571 3250 te
598 3186 695 3269 igitur
723 3186 804 3249 scito
827 3206 913 3261 esse,
941 3187 967 3250 si
991 3189 1121 3270 quidem
1144 3196 1192 3252 est
1215 3186 1310 3261 deus,
1341 3186 1397 3271 qui
1419 3189 1523 3272 viget,
1555 3186 1611 3270 qni
1633 3186 1778 3260 sentit,²⁰

412 3282 468 3365 qni
490 3280 646 3354 meminit,
669 3280 725 3363 qui
747 3280 905 3362 providet,
927 3279 982 3363 qui
1006 3288 1069 3342 tam
1093 3283 1174 3363 regit
1195 3291 1227 3346 et
1248 3280 1431 3346 moderetur
1452 3289 1484 3344 et
1502 3287 1609 3344 movet
1623 3280 1654 3344 id
1671 3301 1741 3344 cor·

409 3393 482 3457 pus,
505 3374 556 3437 cui
578 3373 777 3458 praepositus
800 3382 865 3447 est,
887 3393 981 3457 quam
1003 3374 1089 3437 bunc
1111 3374 1264 3437 mundum
1286 3374 1341 3439 ilie
1363 3375 1511 3457 princeps
1533 3376 1630 3438 deus:
1652 3383 1684 3438 et
1705 3382 1741 3437 ut

410 3466 564 3531 mundam
586 3488 628 3532 ex
650 3465 787 3552 quadam
810 3475 898 3552 parte
920 3468 1087 3532 mortalem
1109 3468 1178 3553 ipre
1200 3468 1279 3533 deus
1301 3476 1461 3544 aeternus,
1483 3468 1530 3533 sic
1546 3466 1657 3551 fragile
1672 3487 1741 3531 eor·

409 3582 470 3647 pus
491 3561 615 3625 animus
637 3561 848 3643 sempiternus
871 3567 985 3625 movet.
1477 3626 1482 3638 ,

495 3655 595 3719 XXV.
624 3651 676 3718 27.
704 3656 783 3719 Nam
805 3655 893 3740 quod
918 3675 1045 3739 semper
1064 3665 1210 3721 movetur
1236 3664 1401 3721 aeternum
1430 3664 1495 3732 est,
1523 3651 1608 3741 quod
1635 3661 1779 3718 autemut

412 3755 534 3813 metum
555 3748 658 3813 adfert
678 3747 774 3814 alicui
797 3748 949 3832 quodque
970 3750 1074 3834 ipsum
1095 3751 1233 3833 agitatur
1253 3750 1396 3823 aliunde,
1418 3748 1546 3834 qnando
1567 3746 1663 3814 finem
1684 3748 1742 3813 ba·

412 3841 467 3905 bet
488 3851 607 3917 motus,
628 3841 757 3906 vivendi
780 3839 876 3907 finem
897 3841 1012 3908 babeat
1032 3863 1165 3908 neeesse
1187 3851 1246 3909 est.
1289 3844 1397 3909 Seium
1419 3845 1517 3927 igitur
1538 3844 1626 3931 quod
1645 3844 1685 3908 de
1707 3863 1742 3910 44

411 3943 574 4012 movetur,
603 3936 680 4020 quia
706 3956 881 4020 numquam
909 3936 1065 4002 deseribu
1086 3958 1106 4003 a
1127 3958 1179 4014 se,
1210 3957 1383 4023 numquam
1405 3957 1446 4002 ne
1468 3939 1589 4004 mereri
1610 3937 1741 4024 quidem

411 4028 540 4094 desinit.
584 4029 671 4105 Quin
693 4029 788 4094 etiam
810 4030 943 4105 ceteris,
965 4051 1050 4115 quae
1071 4040 1256 4107 morentur,
1278 4031 1331 4096 bic
1352 4029 1442 4107 ioue,
1464 4032 1527 4098 boc
1548 4032 1741 4118 principium

411 4132 461 4191 444
482 4124 643 4189 movendi.
679 4123 841 4207 Principio
862 4133 970 4188 autem
991 4126 1080 4190 nnita
1102 4133 1151 4189 est
1172 4126 1280 4209 erigor
1301 4144 1376 4188 nam
1397 4145 1440 4189 ex
1461 4125 1618 4210 principio
1633 4127 1780 4190 orion-³⁰

409 4226 462 4282 tur
483 4220 607 4294 emnia,
636 4219 739 4301 ipsum
767 4226 873 4281 autem
895 4218 983 4282 nulla
1005 4238 1102 4282 exre
1124 4218 1186 4282 alia
1207 4217 1295 4281 nesci
1316 4225 1440 4300 potest:
1469 4238 1530 4283 nec
1552 4220 1637 4283 enim
1658 4228 1743 4284 esset

408 4311 441 4375 id
463 4312 674 4397 principium,
702 4311 789 4396 quod
817 4314 1001 4395 gigneretur
1026 4313 1174 4377 abundet
1202 4310 1290 4395 quod
1313 4311 1340 4375 si
1361 4331 1534 4396 numquam
1556 4313 1672 4388 oritur,
1700 4333 1741 4377 ne

409 4405 528 4469 occidit
562 4406 693 4489 quidem
721 4426 883 4490 umquam.
933 4408 1013 4470 Nam
1041 4406 1234 4491 principium
1262 4406 1454 4469 exstinctum
1483 4426 1543 4470 nec
1571 4407 1674 4489 ipsum
1701 4407 1742 4472 ab

411 4499 475 4563 aiio
497 4509 682 4564 renascetur
702 4520 762 4564 nee
784 4520 825 4562 ex
847 4519 882 4564 se
902 4500 989 4564 aliud
1011 4499 1145 4575 creabit,
1173 4500 1201 4564 si
1229 4498 1359 4583 quidem
1388 4518 1521 4563 necesse
1547 4507 1596 4564 est
1616 4518 1634 4563 4
1656 4501 1743 4584 prin-

414 4593 499 4679 cipio
523 4594 598 4657 oriri
621 4595 737 4658 omnia.
779 4595 828 4658 ita
855 4591 890 4658 iit
919 4602 955 4659 ut
975 4602 1080 4658 motus
1101 4593 1293 4678 principium
1315 4613 1356 4657 ex
1378 4613 1417 4658 ee
1440 4594 1496 4670 sit,
1527 4594 1614 4678 quod
1636 4594 1780 4678 ipsumts

477 4901 633 4956 4444444
662 4931 688 4941 -
716 4902 1242 4956 4444444444444.ε44444444444>4440
1270 4927 1296 4937 -
1323 4902 1740 4967 4444444-444444444440-

410 4976 436 5030 4.
454 4978 609 5043 44444444
631 4978 676 5032 tin.
704 5004 732 5017 -
760 4980 785 5032 6.
804 4980 987 5030 concumbi?
1013 5005 1041 5016 -
1069 4980 1094 5029 4.
1113 4976 1324 5029 4444444444ΞΡΤ
1344 5002 1371 5012 -
1396 4976 1420 5028 0.
1439 4981 1462 5028 te
1479 4978 1498 5028 44
1515 4978 1633 5043 supiin.
1654 5005 1680 5017 -
1700 4980 1741 5030 40.

409 5052 518 5104 uera:
537 5053 575 5103 444
592 5053 678 5116 eru,
696 5054 785 5105 omi·
811 5081 838 5092 -
867 5052 1086 5117 444444444440
1114 5079 1141 5090 -
1169 5049 1209 5102 ts.
1227 5050 1371 5114 4444444444
1388 5050 1409 5102 0
1427 5078 1455 5090 -
1480 5051 1519 5103 44.
1537 5052 1743 5104 mouson

411 5126 461 5178 444
478 5126 541 5179 444.
560 5130 642 5192 signis
659 5131 792 5195 transpos.
813 5156 840 5167 -
865 5130 906 5181 40.
922 5130 1016 5193 pauso
1032 5130 1052 5181 0
1070 5154 1098 5166 -
1117 5128 1167 5179 44444
1183 5139 1238 5177 om.
1251 5124 1282 5178 44ι
1299 5152 1326 5163 -
1347 5126 1385 5178 40.
1406 5127 1485 5191 tusto]
1502 5127 1546 5179 hic
1562 5127 1653 5179 deficit
1669 5129 1694 5180 44
1711 5154 1744 5167 -

410 5203 760 5267 4444444044444444440
787 5231 815 5242 -
843 5204 884 5255 44.
904 5202 1383 5265 4444444-·44444444444.44,44,4
1414 5229 1442 5241 -
1469 5205 1660 5257 444444444-
1686 5206 1744 5257 444

410 5288 471 5341 sup.
484 5274 530 5327 lin.
549 5279 611 5341 post
625 5280 759 5331 4444444444
774 5278 858 5330 babet
882 5302 911 5316 -
939 5279 980 5330 48.
998 5282 1065 5331 44444
1081 5279 1102 5329 44
1118 5279 1145 5329 in
1162 5290 1247 5342 marg.
1268 5304 1296 5317 ·-
1321 5278 1362 5330 40.
1379 5279 1402 5329 44
1417 5279 1505 5331 om.0
1523 5305 1551 5316 -
1569 5278 1744 5330 4444444444

410 5351 502 5401 -ru
521 5353 712 5417 sottoiptturb
732 5380 758 5391 -
777 5354 837 5404 44444
853 5353 950 5404 444440
969 5381 997 5391 -
1015 5351 1195 5417 4444444444
1215 5380 1242 5392 -
1266 5354 1309 5405 44.
1326 5354 1684 5405 mmm-morsuum
1701 5352 1740 5404 444

409 5426 824 5478 adunandum-morsuum
841 5428 928 5480 Ei‘l’
945 5430 972 5479 et
989 5429 1081 5489 bincr..
1108 5430 1204 5492 etipse
1218 5429 1510 5480 nieuw-mortuus
1525 5430 1571 5480 444
1596 5454 1624 5466 -
1651 5428 1692 5478 43.
1710 5441 1745 5479 eu

412 5499 562 5552 44444444.
591 5527 618 5536 -
644 5503 685 5554 td.
704 5504 772 5554 44444
788 5504 1069 5566 44444--44444444444
1085 5504 1192 5569 (4.804,
1205 5503 1229 5565 0)
1253 5504 1549 5567 biacr.11.t3‚tsqq.
1579 5529 1607 5541 -
1633 5503 1675 5553 be.
1693 5502 1745 5553 uii-

412 5575 492 5625 444444
509 5575 620 5634 44444,
643 5576 693 5628 444
711 5577 782 5629 444
799 5579 880 5629 iidem
898 5579 1000 5629 44444444
1025 5606 1053 5618 -
1080 5580 1122 5631 44.
1140 5579 1255 5630 4444444444·
1270 5580 1345 5641 tinem
1365 5580 1385 5629 Ρ
1411 5603 1440 5617 -
1467 5579 1497 5629 44
1512 5591 1537 5628 44
1552 5582 1667 5628 4444444444
1683 5578 1742 5629 EF:

413 5650 659 5712 neomutus,
685 5653 907 5712 4444444444ιῖ0,
934 5655 1239 5718 44444444444444444444
1260 5654 1340 5706 44444.
1370 5679 1397 5691 -
1425 5654 1617 5704 {dammi
1645 5677 1673 5698 .-
1701 5654 1743 5705 40.

411 5725 535 5789 444444444
550 5726 631 5777 44444.
648 5750 682 5765 -
697 5726 739 5778 40.
756 5740 791 5777 «a
808 5729 864 5780 rr:
883 5734 906 5779 44
922 5729 978 5789 ER,
996 5742 1010 5779 4
1026 5729 1108 5781 itaer.
1128 5754 1156 5767 -
1175 5730 1217 5780 34.
1232 5728 1321 5793 444444]
1338 5733 1442 5791 4444444
1458 5728 1478 5778 T
1497 5754 1524 5766 -
1543 5728 1583 5779 aa.
1601 5733 1747 5778 4444444444·

415 5800 444 5852 1²¹
462 5826 491 5838 -
509 5801 531 5850 44
546 5814 597 5850 uos
613 5803 697 5852 4444444
712 5803 793 5853 44444.
810 5829 844 5841 -
865 5816 910 5854 4444
926 5806 1015 5855 cecidit
1031 5805 1112 5856 codd.
1139 5830 1167 5842 -
1194 5803 1235 5856 34.
1253 5804 1405 5855 evecturi
1422 5805 1450 5852 44
1466 5803 1547 5854 44444.
1566 5802 1646 5854 4444.
1664 5801 1746 5868 pieri·

416 5888 470 5940 que
497 5902 525 5914 -
551 5876 593 5928 40.
610 5878 631 5928 u
647 5880 674 5929 in
689 5879 755 5930 4444
778 5879 806 5930 in
823 5891 892 5941 rau,
914 5881 941 5931 in
958 5891 1012 5945 quo
1028 5878 1127 5932 deinde
1145 5882 1267 5943 sequitur
1282 5885 1306 5931 44
1322 5891 1339 5928 4
1355 5891 1381 5929 44
1397 5882 1528 5940 4444444444,
1549 5876 1600 5929 444
1615 5878 1642 5929 in
1659 5891 1745 5943 mers.

416 5962 454 6001 m.
467 5962 490 6002 4.
508 5951 881 6017 quodipmoseuouetar
899 5978 926 5992 -
945 5955 1212 6019 444444444444444444
1229 5955 1261 6017 Ρς
1280 5950 1443 6019 4444444444
1460 5953 1565 6005 omit
