<?xml version="1.0" encoding="UTF-8"?>
<!DOCTYPE html PUBLIC "-//W3C//DTD XHTML 1.0 Transitional//EN"
    "http://www.w3.org/TR/xhtml1/DTD/xhtml1-transitional.dtd">
<html xmlns="http://www.w3.org/1999/xhtml" xml:lang="en" lang="en">
 <head>
  <title>
</title>
<meta http-equiv="Content-Type" content="text/html;charset=utf-8" />
  <meta name='ocr-system' content='tesseract 3.04.00' />
  <meta name='ocr-capabilities' content='ocr_page ocr_carea ocr_par ocr_line ocrx_word'/>
</head>
<body>
  <div class='ocr_page' id='page_1' title='image "./operaquaesupers00halmgoog/operaquaesupers00halmgoog_0060.png"; bbox 0 0 4342 7459; ppageno 0'>
   <div class='ocr_carea' id='block_1_1' title="bbox 441 1265 1360 1336">
    <p class='ocr_par' dir='ltr' id='par_1_1' title="bbox 441 1265 1360 1336">
     <span class='ocr_line' id='line_1_1' title="bbox 441 1265 1360 1336; baseline -0.001 -3"><span class='ocrx_word' id='word_1_1' title='bbox 441 1269 482 1333; x_wconf 87' lang='lat' dir='ltr'><strong>ll</strong></span> <span class='ocrx_word' id='word_1_2' title='bbox 837 1267 1159 1336; x_wconf 80' lang='lat' dir='ltr'><strong>acauutucouuu</strong></span> <span class='ocrx_word' id='word_1_3' title='bbox 1179 1265 1360 1333; x_wconf 80' lang='lat' dir='ltr'><strong>umouuu</strong></span> 
     </span>
    </p>
   </div>
   <div class='ocr_carea' id='block_1_2' title="bbox 399 1418 1763 4890">
    <p class='ocr_par' dir='ltr' id='par_1_2' title="bbox 399 1418 1763 4890">
     <span class='ocr_line' id='line_1_2' title="bbox 441 1418 1761 1506; baseline -0.005 -17"><span class='ocrx_word' id='word_1_4' title='bbox 441 1424 498 1490; x_wconf 92' lang='lat' dir='ltr'><strong>sed</strong></span> <span class='ocrx_word' id='word_1_5' title='bbox 529 1425 660 1506; x_wconf 87' lang='lat' dir='ltr'><strong>longum</strong></span> <span class='ocrx_word' id='word_1_6' title='bbox 693 1430 757 1487; x_wconf 91' lang='lat' dir='ltr'><strong>est:</strong></span> <span class='ocrx_word' id='word_1_7' title='bbox 790 1441 910 1505; x_wconf 81' lang='lat' dir='ltr'>quaero</span> <span class='ocrx_word' id='word_1_8' title='bbox 940 1427 1045 1485; x_wconf 90' lang='lat' dir='ltr'><strong>tamen</strong></span> <span class='ocrx_word' id='word_1_9' title='bbox 1072 1440 1169 1505; x_wconf 64' lang='lat' dir='ltr'><strong>mem</strong></span> <span class='ocrx_word' id='word_1_10' title='bbox 1195 1426 1354 1503; x_wconf 89' lang='lat' dir='ltr'><strong>sequatur.</strong></span> <span class='ocrx_word' id='word_1_11' title='bbox 1397 1418 1495 1502; x_wconf 86' lang='lat' dir='ltr'><strong>Finge</strong></span> <span class='ocrx_word' id='word_1_12' title='bbox 1516 1420 1654 1502; x_wconf 87' lang='lat' dir='ltr'><strong>aliquem</strong></span> <span class='ocrx_word' id='word_1_13' title='bbox 1675 1438 1761 1483; x_wconf 94' lang='lat' dir='ltr'><strong>nunc</strong></span> 
     </span>
     <span class='ocr_line' id='line_1_3' title="bbox 442 1513 1762 1601; baseline -0.005 -19"><span class='ocrx_word' id='word_1_14' title='bbox 442 1517 510 1582; x_wconf 88' lang='lat' dir='ltr'><strong>fieri</strong></span> <span class='ocrx_word' id='word_1_15' title='bbox 538 1518 732 1601; x_wconf 77' lang='lat' dir='ltr'><strong>sapientem,</strong></span> <span class='ocrx_word' id='word_1_16' title='bbox 759 1514 902 1580; x_wconf 89' lang='lat' dir='ltr'><strong>nondum</strong></span> <span class='ocrx_word' id='word_1_17' title='bbox 929 1535 1014 1579; x_wconf 90' lang='lat' dir='ltr'><strong>esse:</strong></span> <span class='ocrx_word' id='word_1_18' title='bbox 1045 1534 1139 1596; x_wconf 61' lang='lat' dir='ltr'><strong>mam</strong></span> <span class='ocrx_word' id='word_1_19' title='bbox 1168 1513 1368 1598; x_wconf 90' lang='lat' dir='ltr'><strong>potissimum</strong></span> <span class='ocrx_word' id='word_1_20' title='bbox 1396 1514 1583 1577; x_wconf 90' lang='lat' dir='ltr'><strong>sententiam</strong></span> <span class='ocrx_word' id='word_1_21' title='bbox 1612 1513 1708 1596; x_wconf 88' lang='lat' dir='ltr'><strong>eliget</strong></span> <span class='ocrx_word' id='word_1_22' title='bbox 1729 1521 1762 1576; x_wconf 90' lang='lat' dir='ltr'><strong>et</strong></span> 
     </span>
     <span class='ocr_line' id='line_1_4' title="bbox 442 1606 1761 1695; baseline -0.002 -20"><span class='ocrx_word' id='word_1_23' title='bbox 442 1611 661 1695; x_wconf 71' lang='lat' dir='ltr'><strong>disciplinam?</strong></span> <span class='ocrx_word' id='word_1_24' title='bbox 692 1610 752 1675; x_wconf 88' lang='lat' dir='ltr'><strong>etsi</strong></span> <span class='ocrx_word' id='word_1_25' title='bbox 775 1628 1008 1694; x_wconf 71' lang='lat' dir='ltr'><strong>quamcumque</strong></span> <span class='ocrx_word' id='word_1_26' title='bbox 1030 1608 1140 1691; x_wconf 89' lang='lat' dir='ltr'><strong>eliget,</strong></span> <span class='ocrx_word' id='word_1_27' title='bbox 1161 1606 1316 1689; x_wconf 90' lang='lat' dir='ltr'><strong>insipiens</strong></span> <span class='ocrx_word' id='word_1_28' title='bbox 1338 1607 1443 1691; x_wconf 89' lang='lat' dir='ltr'><strong>eliget.</strong></span> <span class='ocrx_word' id='word_1_29' title='bbox 1484 1606 1547 1670; x_wconf 85' lang='lat' dir='ltr'><strong>Sed</strong></span> <span class='ocrx_word' id='word_1_30' title='bbox 1570 1608 1612 1671; x_wconf 89' lang='lat' dir='ltr'><strong>sit</strong></span> <span class='ocrx_word' id='word_1_31' title='bbox 1632 1607 1761 1691; x_wconf 91' lang='lat' dir='ltr'><strong>ingenio</strong></span> 
     </span>
     <span class='ocr_line' id='line_1_5' title="bbox 440 1700 1761 1788; baseline -0.003 -21"><span class='ocrx_word' id='word_1_32' title='bbox 440 1705 564 1780; x_wconf 87' lang='lat' dir='ltr'><strong>divino,</strong></span> <span class='ocrx_word' id='word_1_33' title='bbox 593 1723 688 1788; x_wconf 91' lang='lat' dir='ltr'><strong>quem</strong></span> <span class='ocrx_word' id='word_1_34' title='bbox 715 1723 814 1767; x_wconf 92' lang='lat' dir='ltr'><strong>unum</strong></span> <span class='ocrx_word' id='word_1_35' title='bbox 835 1723 853 1767; x_wconf 91' lang='lat' dir='ltr'><strong>e</strong></span> <span class='ocrx_word' id='word_1_36' title='bbox 873 1704 1012 1788; x_wconf 78' lang='lat' dir='ltr'><strong>physicis</strong></span> <span class='ocrx_word' id='word_1_37' title='bbox 1033 1702 1231 1787; x_wconf 92' lang='lat' dir='ltr'><strong>potissimum</strong></span> <span class='ocrx_word' id='word_1_38' title='bbox 1252 1701 1417 1785; x_wconf 82' lang='lat' dir='ltr'><strong>prohabitt</strong></span> <span class='ocrx_word' id='word_1_39' title='bbox 1443 1720 1502 1764; x_wconf 90' lang='lat' dir='ltr'><strong>nec</strong></span> <span class='ocrx_word' id='word_1_40' title='bbox 1523 1700 1595 1784; x_wconf 92' lang='lat' dir='ltr'><strong>plus</strong></span> <span class='ocrx_word' id='word_1_41' title='bbox 1616 1720 1682 1763; x_wconf 92' lang='lat' dir='ltr'><strong>uuo</strong></span> <span class='ocrx_word' id='word_1_42' title='bbox 1703 1720 1761 1783; x_wconf 92' lang='lat' dir='ltr'><strong>pc·</strong></span> 
     </span>
     <span class='ocr_line' id='line_1_6' title="bbox 416 1794 1761 1882; baseline -0.004 -19"><span class='ocrx_word' id='word_1_43' title='bbox 416 1800 523 1863; x_wconf 79' lang='lat' dir='ltr'><strong>sterit</strong></span> <span class='ocrx_word' id='word_1_44' title='bbox 558 1799 628 1862; x_wconf 85' lang='lat' dir='ltr'><strong>Non</strong></span> <span class='ocrx_word' id='word_1_45' title='bbox 648 1817 825 1882; x_wconf 89' lang='lat' dir='ltr'><strong>persequor</strong></span> <span class='ocrx_word' id='word_1_46' title='bbox 846 1797 1049 1882; x_wconf 80' lang='lat' dir='ltr'><strong>quaestiones</strong></span> <span class='ocrx_word' id='word_1_47' title='bbox 1070 1794 1227 1858; x_wconf 88' lang='lat' dir='ltr'><strong>infinitas:</strong></span> <span class='ocrx_word' id='word_1_48' title='bbox 1254 1801 1375 1859; x_wconf 88' lang='lat' dir='ltr'><strong>tantum</strong></span> <span class='ocrx_word' id='word_1_49' title='bbox 1397 1794 1437 1860; x_wconf 93' lang='lat' dir='ltr'><strong>de</strong></span> <span class='ocrx_word' id='word_1_50' title='bbox 1458 1795 1623 1879; x_wconf 85' lang='lat' dir='ltr'><strong>principiis</strong></span> <span class='ocrx_word' id='word_1_51' title='bbox 1645 1815 1761 1870; x_wconf 92' lang='lat' dir='ltr'><strong>rerum,</strong></span> 
     </span>
     <span class='ocr_line' id='line_1_7' title="bbox 440 1889 1761 1977; baseline -0.004 -21"><span class='ocrx_word' id='word_1_52' title='bbox 440 1913 458 1956; x_wconf 94' lang='lat' dir='ltr'><strong>e</strong></span> <span class='ocrx_word' id='word_1_53' title='bbox 479 1892 597 1977; x_wconf 90' lang='lat' dir='ltr'><strong>quibus</strong></span> <span class='ocrx_word' id='word_1_54' title='bbox 618 1893 723 1956; x_wconf 86' lang='lat' dir='ltr'><strong>omnis</strong></span> <span class='ocrx_word' id='word_1_55' title='bbox 744 1897 906 1966; x_wconf 91' lang='lat' dir='ltr'><strong>constant,</strong></span> <span class='ocrx_word' id='word_1_56' title='bbox 927 1892 1091 1957; x_wconf 84' lang='lat' dir='ltr'><strong>videamus</strong></span> <span class='ocrx_word' id='word_1_57' title='bbox 1105 1910 1200 1974; x_wconf 92' lang='lat' dir='ltr'><strong>quern</strong></span> <span class='ocrx_word' id='word_1_58' title='bbox 1222 1889 1351 1972; x_wconf 76' lang='lat' dir='ltr'><strong>probet:</strong></span> <span class='ocrx_word' id='word_1_59' title='bbox 1373 1895 1422 1953; x_wconf 91' lang='lat' dir='ltr'><strong>est</strong></span> <span class='ocrx_word' id='word_1_60' title='bbox 1435 1890 1518 1953; x_wconf 90' lang='lat' dir='ltr'><strong>enim</strong></span> <span class='ocrx_word' id='word_1_61' title='bbox 1532 1890 1615 1953; x_wconf 91' lang='lat' dir='ltr'><strong>iuter</strong></span> <span class='ocrx_word' id='word_1_62' title='bbox 1628 1906 1761 1972; x_wconf 90' lang='lat' dir='ltr'><strong>magnos</strong></span> 
     </span>
     <span class='ocr_line' id='line_1_8' title="bbox 439 1986 916 2051; baseline -0.004 0"><span class='ocrx_word' id='word_1_63' title='bbox 439 1986 585 2051; x_wconf 90' lang='lat' dir='ltr'><strong>homines</strong></span> <span class='ocrx_word' id='word_1_64' title='bbox 606 2005 729 2050; x_wconf 92' lang='lat' dir='ltr'><strong>summa</strong></span> <span class='ocrx_word' id='word_1_65' title='bbox 749 1986 916 2049; x_wconf 88' lang='lat' dir='ltr'><strong>dissensio.</strong></span> 
     </span>
     <span class='ocr_line' id='line_1_9' title="bbox 524 2076 1761 2166; baseline 0.004 -22"><span class='ocrx_word' id='word_1_66' title='bbox 524 2080 688 2144; x_wconf 78' lang='lat' dir='ltr'><strong>XXXVII.</strong></span> <span class='ocrx_word' id='word_1_67' title='bbox 718 2076 790 2143; x_wconf 84' lang='grc'><strong>448.</strong></span> <span class='ocrx_word' id='word_1_68' title='bbox 818 2080 965 2163; x_wconf 83' lang='lat' dir='ltr'><strong>Princeps</strong></span> <span class='ocrx_word' id='word_1_69' title='bbox 992 2077 1123 2152; x_wconf 89' lang='lat' dir='ltr'><strong>Thales,</strong></span> <span class='ocrx_word' id='word_1_70' title='bbox 1151 2097 1234 2141; x_wconf 91' lang='lat' dir='ltr'><strong>unus</strong></span> <span class='ocrx_word' id='word_1_71' title='bbox 1256 2097 1273 2141; x_wconf 93' lang='lat' dir='ltr'><strong>e</strong></span> <span class='ocrx_word' id='word_1_72' title='bbox 1296 2084 1432 2162; x_wconf 89' lang='lat' dir='ltr'><strong>septem,</strong></span> <span class='ocrx_word' id='word_1_73' title='bbox 1465 2080 1517 2142; x_wconf 93' lang='lat' dir='ltr'><strong>cui</strong></span> <span class='ocrx_word' id='word_1_74' title='bbox 1538 2100 1596 2144; x_wconf 84' lang='lat' dir='ltr'><strong>sex</strong></span> <span class='ocrx_word' id='word_1_75' title='bbox 1616 2080 1761 2166; x_wconf 90' lang='lat' dir='ltr'><strong>reliquos</strong></span> 
     </span>
     <span class='ocr_line' id='line_1_10' title="bbox 440 2171 1763 2258; baseline 0.002 -19"><span class='ocrx_word' id='word_1_76' title='bbox 440 2175 634 2239; x_wconf 90' lang='lat' dir='ltr'><strong>concessisse</strong></span> <span class='ocrx_word' id='word_1_77' title='bbox 655 2176 772 2258; x_wconf 90' lang='lat' dir='ltr'><strong>primas</strong></span> <span class='ocrx_word' id='word_1_78' title='bbox 793 2171 918 2248; x_wconf 87' lang='lat' dir='ltr'><strong>ierunt,</strong></span> <span class='ocrx_word' id='word_1_79' title='bbox 949 2192 989 2235; x_wconf 85' lang='lat' dir='ltr'><strong>ex</strong></span> <span class='ocrx_word' id='word_1_80' title='bbox 1010 2192 1095 2255; x_wconf 90' lang='lat' dir='ltr'><strong>aqua</strong></span> <span class='ocrx_word' id='word_1_81' title='bbox 1116 2172 1196 2236; x_wconf 82' lang='lat' dir='ltr'><strong>dixit</strong></span> <span class='ocrx_word' id='word_1_82' title='bbox 1218 2178 1361 2235; x_wconf 74' lang='lat' dir='ltr'><strong>constare</strong></span> <span class='ocrx_word' id='word_1_83' title='bbox 1384 2173 1500 2236; x_wconf 91' lang='lat' dir='ltr'><strong>omnia.</strong></span> <span class='ocrx_word' id='word_1_84' title='bbox 1536 2174 1577 2238; x_wconf 78' lang='lat' dir='ltr'><strong>At</strong></span> <span class='ocrx_word' id='word_1_85' title='bbox 1597 2174 1657 2241; x_wconf 93' lang='lat' dir='ltr'><strong>hoc</strong></span> <span class='ocrx_word' id='word_1_86' title='bbox 1677 2180 1763 2242; x_wconf 80' lang='lat' dir='ltr'><strong>Ana·</strong></span> 
     </span>
     <span class='ocr_line' id='line_1_11' title="bbox 402 2266 1761 2351; baseline 0.004 -20"><span class='ocrx_word' id='word_1_87' title='bbox 402 2268 617 2341; x_wconf 66' lang='lat' dir='ltr'><strong>animandae,</strong></span> <span class='ocrx_word' id='word_1_88' title='bbox 645 2267 793 2351; x_wconf 85' lang='lat' dir='ltr'><strong>populari</strong></span> <span class='ocrx_word' id='word_1_89' title='bbox 823 2275 855 2331; x_wconf 94' lang='lat' dir='ltr'><strong>et</strong></span> <span class='ocrx_word' id='word_1_90' title='bbox 880 2266 980 2331; x_wconf 91' lang='lat' dir='ltr'><strong>sodali</strong></span> <span class='ocrx_word' id='word_1_91' title='bbox 1009 2286 1081 2341; x_wconf 92' lang='lat' dir='ltr'><strong>suo,</strong></span> <span class='ocrx_word' id='word_1_92' title='bbox 1116 2286 1180 2330; x_wconf 94' lang='lat' dir='ltr'><strong>non</strong></span> <span class='ocrx_word' id='word_1_93' title='bbox 1213 2267 1384 2350; x_wconf 82' lang='lat' dir='ltr'><strong>persuasit:</strong></span> <span class='ocrx_word' id='word_1_94' title='bbox 1415 2266 1443 2330; x_wconf 91' lang='lat' dir='ltr'><strong>is</strong></span> <span class='ocrx_word' id='word_1_95' title='bbox 1465 2268 1551 2332; x_wconf 93' lang='lat' dir='ltr'><strong>euim</strong></span> <span class='ocrx_word' id='word_1_96' title='bbox 1572 2269 1761 2336; x_wconf 89' lang='lat' dir='ltr'><strong>infinitatem</strong></span> 
     </span>
     <span class='ocr_line' id='line_1_12' title="bbox 439 2360 1762 2445; baseline 0.003 -19"><span class='ocrx_word' id='word_1_97' title='bbox 439 2370 569 2426; x_wconf 88' lang='lat' dir='ltr'><strong>naturae</strong></span> <span class='ocrx_word' id='word_1_98' title='bbox 592 2361 674 2426; x_wconf 83' lang='lat' dir='ltr'><strong>dixit</strong></span> <span class='ocrx_word' id='word_1_99' title='bbox 695 2380 782 2437; x_wconf 90' lang='lat' dir='ltr'><strong>esse,</strong></span> <span class='ocrx_word' id='word_1_100' title='bbox 802 2382 821 2424; x_wconf 92' lang='lat' dir='ltr'><strong>e</strong></span> <span class='ocrx_word' id='word_1_101' title='bbox 845 2381 910 2445; x_wconf 93' lang='lat' dir='ltr'><strong>qua</strong></span> <span class='ocrx_word' id='word_1_102' title='bbox 932 2361 1037 2424; x_wconf 89' lang='lat' dir='ltr'><strong>omnia</strong></span> <span class='ocrx_word' id='word_1_103' title='bbox 1058 2360 1272 2444; x_wconf 75' lang='lat' dir='ltr'><strong>gignerentur.</strong></span> <span class='ocrx_word' id='word_1_104' title='bbox 1315 2361 1390 2423; x_wconf 91' lang='lat' dir='ltr'><strong>Post</strong></span> <span class='ocrx_word' id='word_1_105' title='bbox 1410 2362 1478 2424; x_wconf 89' lang='lat' dir='ltr'><strong>eius</strong></span> <span class='ocrx_word' id='word_1_106' title='bbox 1500 2361 1624 2427; x_wconf 88' lang='lat' dir='ltr'><strong>auditor</strong></span> <span class='ocrx_word' id='word_1_107' title='bbox 1643 2365 1762 2430; x_wconf 82' lang='lat' dir='ltr'><strong>Anaxi·</strong></span> 
     </span>
     <span class='ocr_line' id='line_1_13' title="bbox 439 2453 1761 2544; baseline 0.002 -22"><span class='ocrx_word' id='word_1_108' title='bbox 439 2478 549 2522; x_wconf 91' lang='lat' dir='ltr'><strong>menes</strong></span> <span class='ocrx_word' id='word_1_109' title='bbox 577 2454 735 2520; x_wconf 89' lang='lat' dir='ltr'><strong>inlinitum</strong></span> <span class='ocrx_word' id='word_1_110' title='bbox 762 2461 850 2530; x_wconf 76' lang='lat' dir='ltr'><strong>abra,</strong></span> <span class='ocrx_word' id='word_1_111' title='bbox 878 2454 934 2518; x_wconf 91' lang='lat' dir='ltr'><strong>sed</strong></span> <span class='ocrx_word' id='word_1_112' title='bbox 965 2474 1019 2530; x_wconf 90' lang='lat' dir='ltr'><strong>ea,</strong></span> <span class='ocrx_word' id='word_1_113' title='bbox 1047 2474 1129 2538; x_wconf 91' lang='lat' dir='ltr'><strong>quae</strong></span> <span class='ocrx_word' id='word_1_114' title='bbox 1158 2474 1199 2517; x_wconf 85' lang='lat' dir='ltr'><strong>ex</strong></span> <span class='ocrx_word' id='word_1_115' title='bbox 1226 2473 1266 2516; x_wconf 92' lang='lat' dir='ltr'><strong>eo</strong></span> <span class='ocrx_word' id='word_1_116' title='bbox 1288 2462 1468 2530; x_wconf 89' lang='lat' dir='ltr'><strong>orerentur,</strong></span> <span class='ocrx_word' id='word_1_117' title='bbox 1501 2453 1645 2521; x_wconf 88' lang='lat' dir='ltr'><strong>delinita:</strong></span> <span class='ocrx_word' id='word_1_118' title='bbox 1675 2461 1761 2544; x_wconf 88' lang='lat' dir='ltr'><strong>gigni</strong></span> 
     </span>
     <span class='ocr_line' id='line_1_14' title="bbox 439 2548 1760 2634; baseline 0.002 -17"><span class='ocrx_word' id='word_1_119' title='bbox 439 2561 543 2617; x_wconf 89' lang='lat' dir='ltr'><strong>autem</strong></span> <span class='ocrx_word' id='word_1_120' title='bbox 566 2559 696 2625; x_wconf 90' lang='lat' dir='ltr'><strong>terram,</strong></span> <span class='ocrx_word' id='word_1_121' title='bbox 717 2569 851 2634; x_wconf 92' lang='lat' dir='ltr'><strong>aquam,</strong></span> <span class='ocrx_word' id='word_1_122' title='bbox 873 2549 995 2632; x_wconf 91' lang='lat' dir='ltr'><strong>ignem,</strong></span> <span class='ocrx_word' id='word_1_123' title='bbox 1017 2557 1085 2612; x_wconf 91' lang='lat' dir='ltr'><strong>tum</strong></span> <span class='ocrx_word' id='word_1_124' title='bbox 1107 2568 1148 2611; x_wconf 85' lang='lat' dir='ltr'><strong>ex</strong></span> <span class='ocrx_word' id='word_1_125' title='bbox 1168 2548 1220 2611; x_wconf 93' lang='lat' dir='ltr'><strong>his</strong></span> <span class='ocrx_word' id='word_1_126' title='bbox 1234 2549 1348 2611; x_wconf 91' lang='lat' dir='ltr'><strong>omnia.</strong></span> <span class='ocrx_word' id='word_1_127' title='bbox 1381 2550 1583 2632; x_wconf 75' lang='lat' dir='ltr'><strong>Anaxagoras</strong></span> <span class='ocrx_word' id='word_1_128' title='bbox 1598 2555 1760 2620; x_wconf 88' lang='lat' dir='ltr'><strong>materiam</strong></span> 
     </span>
     <span class='ocr_line' id='line_1_15' title="bbox 440 2642 1760 2730; baseline 0.002 -19"><span class='ocrx_word' id='word_1_129' title='bbox 440 2644 609 2721; x_wconf 84' lang='lat' dir='ltr'><strong>infinitam,</strong></span> <span class='ocrx_word' id='word_1_130' title='bbox 630 2645 687 2709; x_wconf 91' lang='lat' dir='ltr'><strong>sed</strong></span> <span class='ocrx_word' id='word_1_131' title='bbox 709 2664 750 2708; x_wconf 80' lang='lat' dir='ltr'><strong>ex</strong></span> <span class='ocrx_word' id='word_1_132' title='bbox 771 2664 809 2708; x_wconf 90' lang='lat' dir='ltr'><strong>ea</strong></span> <span class='ocrx_word' id='word_1_133' title='bbox 830 2644 1015 2727; x_wconf 89' lang='lat' dir='ltr'><strong>particulas,</strong></span> <span class='ocrx_word' id='word_1_134' title='bbox 1044 2643 1161 2707; x_wconf 90' lang='lat' dir='ltr'><strong>similes</strong></span> <span class='ocrx_word' id='word_1_135' title='bbox 1183 2642 1266 2706; x_wconf 88' lang='lat' dir='ltr'><strong>inter</strong></span> <span class='ocrx_word' id='word_1_136' title='bbox 1286 2662 1336 2718; x_wconf 92' lang='lat' dir='ltr'><strong>se,</strong></span> <span class='ocrx_word' id='word_1_137' title='bbox 1362 2644 1516 2720; x_wconf 77' lang='lat' dir='ltr'><strong>minutas:</strong></span> <span class='ocrx_word' id='word_1_138' title='bbox 1548 2664 1602 2709; x_wconf 89' lang='lat' dir='ltr'><strong>eas</strong></span> <span class='ocrx_word' id='word_1_139' title='bbox 1623 2647 1760 2730; x_wconf 91' lang='lat' dir='ltr'><strong>primum</strong></span> 
     </span>
     <span class='ocr_line' id='line_1_16' title="bbox 403 2735 1761 2825; baseline 0.003 -22"><span class='ocrx_word' id='word_1_140' title='bbox 403 2757 431 2804; x_wconf 81' lang='lat' dir='ltr'><strong>se</strong></span> <span class='ocrx_word' id='word_1_141' title='bbox 440 2740 603 2815; x_wconf 85' lang='lat' dir='ltr'><strong>confusas,</strong></span> <span class='ocrx_word' id='word_1_142' title='bbox 624 2745 737 2823; x_wconf 89' lang='lat' dir='ltr'><strong>postea</strong></span> <span class='ocrx_word' id='word_1_143' title='bbox 757 2738 790 2800; x_wconf 92' lang='lat' dir='ltr'><strong>in</strong></span> <span class='ocrx_word' id='word_1_144' title='bbox 813 2736 958 2802; x_wconf 89' lang='lat' dir='ltr'><strong>ordinem</strong></span> <span class='ocrx_word' id='word_1_145' title='bbox 972 2736 1124 2801; x_wconf 88' lang='lat' dir='ltr'><strong>adductas</strong></span> <span class='ocrx_word' id='word_1_146' title='bbox 1140 2744 1244 2800; x_wconf 90' lang='lat' dir='ltr'><strong>mente</strong></span> <span class='ocrx_word' id='word_1_147' title='bbox 1259 2735 1376 2800; x_wconf 81' lang='lat' dir='ltr'><strong>diviua.</strong></span> <span class='ocrx_word' id='word_1_148' title='bbox 1413 2737 1643 2821; x_wconf 90' lang='lat' dir='ltr'><strong>Xenophanes,</strong></span> <span class='ocrx_word' id='word_1_149' title='bbox 1665 2744 1761 2825; x_wconf 92' lang='lat' dir='ltr'><strong>paulo</strong></span> 
     </span>
     <span class='ocr_line' id='line_1_17' title="bbox 439 2830 1762 2917; baseline 0.002 -18"><span class='ocrx_word' id='word_1_150' title='bbox 439 2836 535 2899; x_wconf 91' lang='lat' dir='ltr'><strong>etiam</strong></span> <span class='ocrx_word' id='word_1_151' title='bbox 565 2833 738 2917; x_wconf 89' lang='lat' dir='ltr'><strong>antiquior,</strong></span> <span class='ocrx_word' id='word_1_152' title='bbox 766 2852 864 2897; x_wconf 92' lang='lat' dir='ltr'><strong>unum</strong></span> <span class='ocrx_word' id='word_1_153' title='bbox 886 2851 956 2896; x_wconf 90' lang='lat' dir='ltr'><strong>esse</strong></span> <span class='ocrx_word' id='word_1_154' title='bbox 978 2831 1086 2895; x_wconf 93' lang='lat' dir='ltr'><strong>omnia</strong></span> <span class='ocrx_word' id='word_1_155' title='bbox 1107 2850 1212 2913; x_wconf 90' lang='lat' dir='ltr'><strong>neque</strong></span> <span class='ocrx_word' id='word_1_156' title='bbox 1237 2830 1269 2893; x_wconf 93' lang='lat' dir='ltr'><strong>id</strong></span> <span class='ocrx_word' id='word_1_157' title='bbox 1292 2849 1362 2894; x_wconf 90' lang='lat' dir='ltr'><strong>esse</strong></span> <span class='ocrx_word' id='word_1_158' title='bbox 1383 2832 1553 2908; x_wconf 92' lang='lat' dir='ltr'><strong>mutabile,</strong></span> <span class='ocrx_word' id='word_1_159' title='bbox 1582 2841 1614 2898; x_wconf 89' lang='lat' dir='ltr'><strong>et</strong></span> <span class='ocrx_word' id='word_1_160' title='bbox 1636 2835 1668 2900; x_wconf 94' lang='lat' dir='ltr'><strong>id</strong></span> <span class='ocrx_word' id='word_1_161' title='bbox 1691 2857 1762 2902; x_wconf 90' lang='lat' dir='ltr'><strong>esse</strong></span> 
     </span>
     <span class='ocr_line' id='line_1_18' title="bbox 439 2924 1762 3011; baseline 0.002 -19"><span class='ocrx_word' id='word_1_162' title='bbox 439 2930 550 3003; x_wconf 90' lang='lat' dir='ltr'><strong>deum,</strong></span> <span class='ocrx_word' id='word_1_163' title='bbox 578 2946 684 3011; x_wconf 92' lang='lat' dir='ltr'><strong>neque</strong></span> <span class='ocrx_word' id='word_1_164' title='bbox 713 2934 823 2990; x_wconf 91' lang='lat' dir='ltr'><strong>natum</strong></span> <span class='ocrx_word' id='word_1_165' title='bbox 843 2944 993 3010; x_wconf 90' lang='lat' dir='ltr'><strong>umquam</strong></span> <span class='ocrx_word' id='word_1_166' title='bbox 1015 2931 1046 2988; x_wconf 94' lang='lat' dir='ltr'><strong>et</strong></span> <span class='ocrx_word' id='word_1_167' title='bbox 1067 2925 1309 3008; x_wconf 90' lang='lat' dir='ltr'><strong>sempiternum,</strong></span> <span class='ocrx_word' id='word_1_168' title='bbox 1338 2924 1524 3008; x_wconf 88' lang='lat' dir='ltr'><strong>conglobata</strong></span> <span class='ocrx_word' id='word_1_169' title='bbox 1544 2924 1652 3011; x_wconf 85' lang='lat' dir='ltr'><strong>ligura.</strong></span> <span class='ocrx_word' id='word_1_170' title='bbox 1688 2933 1762 2996; x_wconf 90' lang='lat' dir='ltr'><strong>Par-</strong></span> 
     </span>
     <span class='ocr_line' id='line_1_19' title="bbox 439 3018 1762 3110; baseline 0.003 -25"><span class='ocrx_word' id='word_1_171' title='bbox 439 3020 582 3086; x_wconf 91' lang='lat' dir='ltr'><strong>menides</strong></span> <span class='ocrx_word' id='word_1_172' title='bbox 610 3022 730 3104; x_wconf 92' lang='lat' dir='ltr'><strong>ignem,</strong></span> <span class='ocrx_word' id='word_1_173' title='bbox 759 3022 816 3105; x_wconf 92' lang='lat' dir='ltr'><strong>qui</strong></span> <span class='ocrx_word' id='word_1_174' title='bbox 844 3027 968 3084; x_wconf 84' lang='lat' dir='ltr'><strong>moveat</strong></span> <span class='ocrx_word' id='word_1_175' title='bbox 994 3027 1124 3093; x_wconf 90' lang='lat' dir='ltr'><strong>terram,</strong></span> <span class='ocrx_word' id='word_1_176' title='bbox 1155 3039 1238 3104; x_wconf 92' lang='lat' dir='ltr'><strong>quae</strong></span> <span class='ocrx_word' id='word_1_177' title='bbox 1264 3019 1303 3082; x_wconf 92' lang='lat' dir='ltr'><strong>ab</strong></span> <span class='ocrx_word' id='word_1_178' title='bbox 1325 3038 1364 3083; x_wconf 92' lang='lat' dir='ltr'><strong>eo</strong></span> <span class='ocrx_word' id='word_1_179' title='bbox 1386 3018 1555 3083; x_wconf 83' lang='lat' dir='ltr'><strong>formetur:</strong></span> <span class='ocrx_word' id='word_1_180' title='bbox 1583 3022 1762 3110; x_wconf 91' lang='lat' dir='ltr'><strong>Leucippus</strong></span> 
     </span>
     <span class='ocr_line' id='line_1_20' title="bbox 439 3112 1762 3199; baseline 0.005 -21"><span class='ocrx_word' id='word_1_181' title='bbox 439 3116 568 3199; x_wconf 89' lang='lat' dir='ltr'><strong>plenum</strong></span> <span class='ocrx_word' id='word_1_182' title='bbox 597 3123 630 3178; x_wconf 89' lang='lat' dir='ltr'><strong>et</strong></span> <span class='ocrx_word' id='word_1_183' title='bbox 657 3115 768 3178; x_wconf 87' lang='lat' dir='ltr'><strong>inane:</strong></span> <span class='ocrx_word' id='word_1_184' title='bbox 797 3114 997 3179; x_wconf 85' lang='lat' dir='ltr'><strong>Democritus</strong></span> <span class='ocrx_word' id='word_1_185' title='bbox 1026 3113 1101 3177; x_wconf 93' lang='lat' dir='ltr'><strong>huic</strong></span> <span class='ocrx_word' id='word_1_186' title='bbox 1129 3112 1162 3175; x_wconf 93' lang='lat' dir='ltr'><strong>iu</strong></span> <span class='ocrx_word' id='word_1_187' title='bbox 1185 3113 1248 3176; x_wconf 92' lang='lat' dir='ltr'><strong>hoc</strong></span> <span class='ocrx_word' id='word_1_188' title='bbox 1271 3113 1398 3188; x_wconf 91' lang='lat' dir='ltr'><strong>similis,</strong></span> <span class='ocrx_word' id='word_1_189' title='bbox 1426 3114 1556 3178; x_wconf 91' lang='lat' dir='ltr'><strong>uberior</strong></span> <span class='ocrx_word' id='word_1_190' title='bbox 1576 3115 1609 3178; x_wconf 94' lang='lat' dir='ltr'><strong>iu</strong></span> <span class='ocrx_word' id='word_1_191' title='bbox 1630 3120 1762 3183; x_wconf 89' lang='lat' dir='ltr'><strong>ceteris:</strong></span> 
     </span>
     <span class='ocr_line' id='line_1_21' title="bbox 402 3207 1759 3294; baseline 0.004 -21"><span class='ocrx_word' id='word_1_192' title='bbox 402 3209 646 3294; x_wconf 83' lang='lat' dir='ltr'><strong>toEmpcdocles</strong></span> <span class='ocrx_word' id='word_1_193' title='bbox 660 3208 739 3272; x_wconf 88' lang='lat' dir='ltr'><strong>haec</strong></span> <span class='ocrx_word' id='word_1_194' title='bbox 753 3208 937 3291; x_wconf 85' lang='lat' dir='ltr'><strong>pervolgata</strong></span> <span class='ocrx_word' id='word_1_195' title='bbox 951 3215 983 3272; x_wconf 88' lang='lat' dir='ltr'><strong>et</strong></span> <span class='ocrx_word' id='word_1_196' title='bbox 993 3214 1068 3271; x_wconf 88' lang='lat' dir='ltr'><strong>nota</strong></span> <span class='ocrx_word' id='word_1_197' title='bbox 1083 3216 1247 3290; x_wconf 90' lang='lat' dir='ltr'><strong>quattuor:</strong></span> <span class='ocrx_word' id='word_1_198' title='bbox 1270 3207 1449 3272; x_wconf 85' lang='lat' dir='ltr'><strong>Heraclitus</strong></span> <span class='ocrx_word' id='word_1_199' title='bbox 1464 3208 1589 3291; x_wconf 89' lang='lat' dir='ltr'><strong>ignem:</strong></span> <span class='ocrx_word' id='word_1_200' title='bbox 1611 3213 1759 3279; x_wconf 82' lang='lat' dir='ltr'><strong>Melissus</strong></span> 
     </span>
     <span class='ocr_line' id='line_1_22' title="bbox 437 3301 1763 3387; baseline 0.003 -19"><span class='ocrx_word' id='word_1_201' title='bbox 437 3304 515 3380; x_wconf 92' lang='lat' dir='ltr'><strong>hoc,</strong></span> <span class='ocrx_word' id='word_1_202' title='bbox 537 3303 624 3387; x_wconf 91' lang='lat' dir='ltr'><strong>quod</strong></span> <span class='ocrx_word' id='word_1_203' title='bbox 647 3310 730 3366; x_wconf 91' lang='lat' dir='ltr'><strong>esset</strong></span> <span class='ocrx_word' id='word_1_204' title='bbox 749 3302 907 3367; x_wconf 89' lang='lat' dir='ltr'><strong>infinitum</strong></span> <span class='ocrx_word' id='word_1_205' title='bbox 928 3310 961 3366; x_wconf 92' lang='lat' dir='ltr'><strong>et</strong></span> <span class='ocrx_word' id='word_1_206' title='bbox 980 3302 1179 3375; x_wconf 87' lang='lat' dir='ltr'><strong>inmutabile,</strong></span> <span class='ocrx_word' id='word_1_207' title='bbox 1201 3309 1233 3365; x_wconf 92' lang='lat' dir='ltr'><strong>et</strong></span> <span class='ocrx_word' id='word_1_208' title='bbox 1253 3301 1351 3365; x_wconf 84' lang='lat' dir='ltr'><strong>luisse</strong></span> <span class='ocrx_word' id='word_1_209' title='bbox 1366 3322 1490 3386; x_wconf 90' lang='lat' dir='ltr'><strong>semper</strong></span> <span class='ocrx_word' id='word_1_210' title='bbox 1512 3311 1543 3367; x_wconf 94' lang='lat' dir='ltr'><strong>et</strong></span> <span class='ocrx_word' id='word_1_211' title='bbox 1564 3304 1642 3370; x_wconf 83' lang='lat' dir='ltr'><strong>iore.</strong></span> <span class='ocrx_word' id='word_1_212' title='bbox 1673 3308 1763 3372; x_wconf 92' lang='lat' dir='ltr'><strong>Plato</strong></span> 
     </span>
     <span class='ocr_line' id='line_1_23' title="bbox 438 3395 1762 3479; baseline 0.002 -17"><span class='ocrx_word' id='word_1_213' title='bbox 438 3419 480 3462; x_wconf 83' lang='lat' dir='ltr'><strong>ex</strong></span> <span class='ocrx_word' id='word_1_214' title='bbox 507 3397 639 3463; x_wconf 86' lang='lat' dir='ltr'><strong>materia</strong></span> <span class='ocrx_word' id='word_1_215' title='bbox 666 3396 700 3459; x_wconf 92' lang='lat' dir='ltr'><strong>in</strong></span> <span class='ocrx_word' id='word_1_216' title='bbox 726 3416 761 3460; x_wconf 91' lang='lat' dir='ltr'><strong>se</strong></span> <span class='ocrx_word' id='word_1_217' title='bbox 791 3397 899 3460; x_wconf 90' lang='lat' dir='ltr'><strong>omnia</strong></span> <span class='ocrx_word' id='word_1_218' title='bbox 925 3396 1097 3479; x_wconf 89' lang='lat' dir='ltr'><strong>recipiente</strong></span> <span class='ocrx_word' id='word_1_219' title='bbox 1126 3395 1277 3460; x_wconf 91' lang='lat' dir='ltr'><strong>mundum</strong></span> <span class='ocrx_word' id='word_1_220' title='bbox 1299 3395 1417 3459; x_wconf 84' lang='lat' dir='ltr'><strong>sactum</strong></span> <span class='ocrx_word' id='word_1_221' title='bbox 1440 3415 1509 3461; x_wconf 89' lang='lat' dir='ltr'><strong>esse</strong></span> <span class='ocrx_word' id='word_1_222' title='bbox 1531 3408 1639 3463; x_wconf 88' lang='lat' dir='ltr'><strong>censet</strong></span> <span class='ocrx_word' id='word_1_223' title='bbox 1659 3420 1678 3463; x_wconf 92' lang='lat' dir='ltr'><strong>a</strong></span> <span class='ocrx_word' id='word_1_224' title='bbox 1700 3402 1762 3466; x_wconf 93' lang='lat' dir='ltr'><strong>deo</strong></span> 
     </span>
     <span class='ocr_line' id='line_1_24' title="bbox 438 3489 1762 3576; baseline 0.002 -20"><span class='ocrx_word' id='word_1_225' title='bbox 438 3493 675 3575; x_wconf 90' lang='lat' dir='ltr'><strong>sempiternum.</strong></span> <span class='ocrx_word' id='word_1_226' title='bbox 711 3489 900 3573; x_wconf 82' lang='lat' dir='ltr'><strong>Pythagorei</strong></span> <span class='ocrx_word' id='word_1_227' title='bbox 922 3510 963 3553; x_wconf 85' lang='lat' dir='ltr'><strong>ex</strong></span> <span class='ocrx_word' id='word_1_228' title='bbox 983 3490 1124 3553; x_wconf 90' lang='lat' dir='ltr'><strong>numeris</strong></span> <span class='ocrx_word' id='word_1_229' title='bbox 1139 3499 1173 3554; x_wconf 92' lang='lat' dir='ltr'><strong>et</strong></span> <span class='ocrx_word' id='word_1_230' title='bbox 1186 3489 1476 3558; x_wconf 85' lang='lat' dir='ltr'><strong>mathematicorum</strong></span> <span class='ocrx_word' id='word_1_231' title='bbox 1493 3492 1592 3556; x_wconf 91' lang='lat' dir='ltr'><strong>initiis</strong></span> <span class='ocrx_word' id='word_1_232' title='bbox 1607 3489 1762 3576; x_wconf 88' lang='lat' dir='ltr'><strong>pmticisci</strong></span> 
     </span>
     <span class='ocr_line' id='line_1_25' title="bbox 438 3581 1762 3671; baseline 0.001 -21"><span class='ocrx_word' id='word_1_233' title='bbox 438 3586 549 3650; x_wconf 87' lang='lat' dir='ltr'><strong>volunt</strong></span> <span class='ocrx_word' id='word_1_234' title='bbox 569 3583 684 3648; x_wconf 90' lang='lat' dir='ltr'><strong>omnia.</strong></span> <span class='ocrx_word' id='word_1_235' title='bbox 721 3583 769 3645; x_wconf 83' lang='lat' dir='ltr'><strong>Ex</strong></span> <span class='ocrx_word' id='word_1_236' title='bbox 789 3581 840 3647; x_wconf 92' lang='lat' dir='ltr'><strong>his</strong></span> <span class='ocrx_word' id='word_1_237' title='bbox 861 3584 959 3667; x_wconf 90' lang='lat' dir='ltr'><strong>eliget</strong></span> <span class='ocrx_word' id='word_1_238' title='bbox 979 3591 1085 3648; x_wconf 81' lang='lat' dir='ltr'><strong>vester</strong></span> <span class='ocrx_word' id='word_1_239' title='bbox 1099 3584 1226 3667; x_wconf 90' lang='lat' dir='ltr'><strong>sapiens</strong></span> <span class='ocrx_word' id='word_1_240' title='bbox 1241 3604 1339 3646; x_wconf 92' lang='lat' dir='ltr'><strong>unum</strong></span> <span class='ocrx_word' id='word_1_241' title='bbox 1354 3583 1511 3668; x_wconf 89' lang='lat' dir='ltr'><strong>aliquem,</strong></span> <span class='ocrx_word' id='word_1_242' title='bbox 1533 3586 1643 3661; x_wconf 92' lang='lat' dir='ltr'><strong>credo,</strong></span> <span class='ocrx_word' id='word_1_243' title='bbox 1665 3607 1762 3671; x_wconf 91' lang='lat' dir='ltr'><strong>quem</strong></span> 
     </span>
     <span class='ocr_line' id='line_1_26' title="bbox 400 3677 1762 3764; baseline 0.001 -21"><span class='ocrx_word' id='word_1_244' title='bbox 400 3687 606 3764; x_wconf 77' lang='lat' dir='ltr'><strong>assequatur:</strong></span> <span class='ocrx_word' id='word_1_245' title='bbox 628 3677 724 3741; x_wconf 89' lang='lat' dir='ltr'><strong>ceteri</strong></span> <span class='ocrx_word' id='word_1_246' title='bbox 743 3684 791 3739; x_wconf 92' lang='lat' dir='ltr'><strong>tot</strong></span> <span class='ocrx_word' id='word_1_247' title='bbox 806 3677 864 3740; x_wconf 82' lang='lat' dir='ltr'><strong>uiri</strong></span> <span class='ocrx_word' id='word_1_248' title='bbox 882 3686 914 3741; x_wconf 92' lang='lat' dir='ltr'><strong>et</strong></span> <span class='ocrx_word' id='word_1_249' title='bbox 931 3678 1010 3742; x_wconf 88' lang='lat' dir='ltr'><strong>tanti</strong></span> <span class='ocrx_word' id='word_1_250' title='bbox 1029 3677 1187 3760; x_wconf 91' lang='lat' dir='ltr'><strong>repudiati</strong></span> <span class='ocrx_word' id='word_1_251' title='bbox 1202 3677 1241 3739; x_wconf 88' lang='lat' dir='ltr'><strong>ab</strong></span> <span class='ocrx_word' id='word_1_252' title='bbox 1256 3697 1294 3740; x_wconf 91' lang='lat' dir='ltr'><strong>eo</strong></span> <span class='ocrx_word' id='word_1_253' title='bbox 1309 3677 1574 3763; x_wconf 88' lang='lat' dir='ltr'><strong>condemnatique</strong></span> <span class='ocrx_word' id='word_1_254' title='bbox 1589 3680 1762 3745; x_wconf 89' lang='lat' dir='ltr'><strong>discedent.</strong></span> 
     </span>
     <span class='ocr_line' id='line_1_27' title="bbox 439 3769 1763 3857; baseline 0.002 -22"><span class='ocrx_word' id='word_1_255' title='bbox 439 3769 510 3835; x_wconf 86' lang='grc'><strong>449.</strong></span> <span class='ocrx_word' id='word_1_256' title='bbox 534 3772 773 3855; x_wconf 90' lang='lat' dir='ltr'><strong>Quamcumque</strong></span> <span class='ocrx_word' id='word_1_257' title='bbox 795 3791 870 3836; x_wconf 81' lang='lat' dir='ltr'><strong>vero</strong></span> <span class='ocrx_word' id='word_1_258' title='bbox 892 3771 1082 3835; x_wconf 88' lang='lat' dir='ltr'><strong>seutentiam</strong></span> <span class='ocrx_word' id='word_1_259' title='bbox 1103 3771 1296 3855; x_wconf 86' lang='lat' dir='ltr'><strong>probaverit,</strong></span> <span class='ocrx_word' id='word_1_260' title='bbox 1319 3790 1387 3834; x_wconf 88' lang='lat' dir='ltr'><strong>eam</strong></span> <span class='ocrx_word' id='word_1_261' title='bbox 1409 3771 1455 3835; x_wconf 92' lang='lat' dir='ltr'><strong>sic</strong></span> <span class='ocrx_word' id='word_1_262' title='bbox 1477 3774 1584 3837; x_wconf 92' lang='lat' dir='ltr'><strong>auimo</strong></span> <span class='ocrx_word' id='word_1_263' title='bbox 1606 3794 1763 3857; x_wconf 89' lang='lat' dir='ltr'><strong>conpren-</strong></span> 
     </span>
     <span class='ocr_line' id='line_1_28' title="bbox 437 3865 1761 3949; baseline 0.002 -18"><span class='ocrx_word' id='word_1_264' title='bbox 437 3886 505 3931; x_wconf 91' lang='lat' dir='ltr'><strong>sam</strong></span> <span class='ocrx_word' id='word_1_265' title='bbox 525 3865 670 3941; x_wconf 89' lang='lat' dir='ltr'><strong>habebit,</strong></span> <span class='ocrx_word' id='word_1_266' title='bbox 699 3872 735 3929; x_wconf 88' lang='lat' dir='ltr'><strong>ut</strong></span> <span class='ocrx_word' id='word_1_267' title='bbox 756 3885 810 3942; x_wconf 91' lang='lat' dir='ltr'><strong>ea,</strong></span> <span class='ocrx_word' id='word_1_268' title='bbox 833 3885 915 3948; x_wconf 90' lang='lat' dir='ltr'><strong>quae</strong></span> <span class='ocrx_word' id='word_1_269' title='bbox 936 3865 1100 3941; x_wconf 75' lang='lat' dir='ltr'><strong>sensibus:</strong></span> <span class='ocrx_word' id='word_1_270' title='bbox 1126 3885 1185 3929; x_wconf 90' lang='lat' dir='ltr'><strong>nec</strong></span> <span class='ocrx_word' id='word_1_271' title='bbox 1206 3866 1306 3949; x_wconf 86' lang='lat' dir='ltr'><strong>magis</strong></span> <span class='ocrx_word' id='word_1_272' title='bbox 1327 3865 1518 3949; x_wconf 86' lang='lat' dir='ltr'><strong>adprobabit</strong></span> <span class='ocrx_word' id='word_1_273' title='bbox 1539 3888 1623 3931; x_wconf 93' lang='lat' dir='ltr'><strong>nunc</strong></span> <span class='ocrx_word' id='word_1_274' title='bbox 1644 3869 1761 3943; x_wconf 88' lang='lat' dir='ltr'><strong>lucere,</strong></span> 
     </span>
     <span class='ocr_line' id='line_1_29' title="bbox 438 3958 1763 4046; baseline 0.002 -23"><span class='ocrx_word' id='word_1_275' title='bbox 438 3980 548 4046; x_wconf 89' lang='lat' dir='ltr'><strong>quam,</strong></span> <span class='ocrx_word' id='word_1_276' title='bbox 571 3960 719 4043; x_wconf 89' lang='lat' dir='ltr'><strong>quoniam</strong></span> <span class='ocrx_word' id='word_1_277' title='bbox 742 3961 867 4024; x_wconf 89' lang='lat' dir='ltr'><strong>Stoicus</strong></span> <span class='ocrx_word' id='word_1_278' title='bbox 890 3967 952 4034; x_wconf 90' lang='lat' dir='ltr'><strong>est,</strong></span> <span class='ocrx_word' id='word_1_279' title='bbox 973 3959 1058 4023; x_wconf 93' lang='lat' dir='ltr'><strong>huuc</strong></span> <span class='ocrx_word' id='word_1_280' title='bbox 1078 3958 1232 4031; x_wconf 84' lang='lat' dir='ltr'><strong>muudum</strong></span> <span class='ocrx_word' id='word_1_281' title='bbox 1247 3978 1316 4023; x_wconf 91' lang='lat' dir='ltr'><strong>esse</strong></span> <span class='ocrx_word' id='word_1_282' title='bbox 1332 3960 1521 4041; x_wconf 90' lang='lat' dir='ltr'><strong>sapientem,</strong></span> <span class='ocrx_word' id='word_1_283' title='bbox 1543 3961 1659 4025; x_wconf 85' lang='lat' dir='ltr'><strong>hahere</strong></span> <span class='ocrx_word' id='word_1_284' title='bbox 1674 3983 1763 4026; x_wconf 90' lang='lat' dir='ltr'><strong>men·</strong></span> 
     </span>
     <span class='ocr_line' id='line_1_30' title="bbox 439 4052 1762 4138; baseline 0.001 -19"><span class='ocrx_word' id='word_1_285' title='bbox 439 4064 518 4130; x_wconf 90' lang='lat' dir='ltr'><strong>tem,</strong></span> <span class='ocrx_word' id='word_1_286' title='bbox 546 4072 629 4138; x_wconf 89' lang='lat' dir='ltr'><strong>quae</strong></span> <span class='ocrx_word' id='word_1_287' title='bbox 658 4061 690 4117; x_wconf 92' lang='lat' dir='ltr'><strong>et</strong></span> <span class='ocrx_word' id='word_1_288' title='bbox 715 4073 750 4118; x_wconf 92' lang='lat' dir='ltr'><strong>se</strong></span> <span class='ocrx_word' id='word_1_289' title='bbox 779 4060 811 4117; x_wconf 89' lang='lat' dir='ltr'><strong>et</strong></span> <span class='ocrx_word' id='word_1_290' title='bbox 834 4054 937 4137; x_wconf 92' lang='lat' dir='ltr'><strong>ipsum</strong></span> <span class='ocrx_word' id='word_1_291' title='bbox 958 4052 1110 4117; x_wconf 84' lang='lat' dir='ltr'><strong>fabricata</strong></span> <span class='ocrx_word' id='word_1_292' title='bbox 1130 4055 1187 4129; x_wconf 93' lang='lat' dir='ltr'><strong>sit,</strong></span> <span class='ocrx_word' id='word_1_293' title='bbox 1217 4061 1248 4116; x_wconf 94' lang='lat' dir='ltr'><strong>et</strong></span> <span class='ocrx_word' id='word_1_294' title='bbox 1270 4053 1375 4117; x_wconf 91' lang='lat' dir='ltr'><strong>omnia</strong></span> <span class='ocrx_word' id='word_1_295' title='bbox 1396 4054 1593 4130; x_wconf 89' lang='lat' dir='ltr'><strong>moderetur,</strong></span> <span class='ocrx_word' id='word_1_296' title='bbox 1621 4064 1762 4132; x_wconf 85' lang='lat' dir='ltr'><strong>moveat,</strong></span> 
     </span>
     <span class='ocr_line' id='line_1_31' title="bbox 399 4146 1761 4233; baseline 0.001 -22"><span class='ocrx_word' id='word_1_297' title='bbox 399 4155 535 4233; x_wconf 72' lang='lat' dir='ltr'><strong>aoregat.</strong></span> <span class='ocrx_word' id='word_1_298' title='bbox 570 4146 638 4210; x_wconf 87' lang='lat' dir='ltr'><strong>Erit</strong></span> <span class='ocrx_word' id='word_1_299' title='bbox 664 4147 695 4209; x_wconf 92' lang='lat' dir='ltr'><strong>ei</strong></span> <span class='ocrx_word' id='word_1_300' title='bbox 723 4166 909 4231; x_wconf 89' lang='lat' dir='ltr'><strong>persuasum</strong></span> <span class='ocrx_word' id='word_1_301' title='bbox 930 4147 1025 4210; x_wconf 85' lang='lat' dir='ltr'><strong>etism</strong></span> <span class='ocrx_word' id='word_1_302' title='bbox 1047 4147 1166 4222; x_wconf 90' lang='lat' dir='ltr'><strong>solem,</strong></span> <span class='ocrx_word' id='word_1_303' title='bbox 1195 4148 1320 4221; x_wconf 89' lang='lat' dir='ltr'><strong>lunam,</strong></span> <span class='ocrx_word' id='word_1_304' title='bbox 1351 4147 1458 4211; x_wconf 87' lang='lat' dir='ltr'><strong>stellas</strong></span> <span class='ocrx_word' id='word_1_305' title='bbox 1480 4168 1606 4223; x_wconf 91' lang='lat' dir='ltr'><strong>omnes,</strong></span> <span class='ocrx_word' id='word_1_306' title='bbox 1636 4156 1761 4226; x_wconf 90' lang='lat' dir='ltr'><strong>terram,</strong></span> 
     </span>
     <span class='ocr_line' id='line_1_32' title="bbox 438 4241 1763 4329; baseline 0 -22"><span class='ocrx_word' id='word_1_307' title='bbox 438 4263 523 4307; x_wconf 92' lang='lat' dir='ltr'><strong>mare</strong></span> <span class='ocrx_word' id='word_1_308' title='bbox 545 4241 622 4306; x_wconf 89' lang='lat' dir='ltr'><strong>deos</strong></span> <span class='ocrx_word' id='word_1_309' title='bbox 644 4261 730 4317; x_wconf 91' lang='lat' dir='ltr'><strong>esse,</strong></span> <span class='ocrx_word' id='word_1_310' title='bbox 752 4241 838 4326; x_wconf 92' lang='lat' dir='ltr'><strong>quod</strong></span> <span class='ocrx_word' id='word_1_311' title='bbox 854 4242 1009 4326; x_wconf 89' lang='lat' dir='ltr'><strong>quaedam</strong></span> <span class='ocrx_word' id='word_1_312' title='bbox 1030 4242 1177 4305; x_wconf 89' lang='lat' dir='ltr'><strong>animalis</strong></span> <span class='ocrx_word' id='word_1_313' title='bbox 1198 4242 1414 4325; x_wconf 87' lang='lat' dir='ltr'><strong>intellegentia</strong></span> <span class='ocrx_word' id='word_1_314' title='bbox 1435 4262 1492 4326; x_wconf 93' lang='lat' dir='ltr'><strong>per</strong></span> <span class='ocrx_word' id='word_1_315' title='bbox 1512 4243 1617 4306; x_wconf 88' lang='lat' dir='ltr'><strong>omnia</strong></span> <span class='ocrx_word' id='word_1_316' title='bbox 1631 4263 1668 4307; x_wconf 93' lang='lat' dir='ltr'><strong>ea</strong></span> <span class='ocrx_word' id='word_1_317' title='bbox 1690 4266 1763 4329; x_wconf 92' lang='lat' dir='ltr'><strong>per·</strong></span> 
     </span>
     <span class='ocr_line' id='line_1_33' title="bbox 439 4334 1760 4419; baseline 0.002 -19"><span class='ocrx_word' id='word_1_318' title='bbox 439 4343 544 4400; x_wconf 88' lang='lat' dir='ltr'><strong>manet</strong></span> <span class='ocrx_word' id='word_1_319' title='bbox 571 4342 603 4399; x_wconf 88' lang='lat' dir='ltr'><strong>et</strong></span> <span class='ocrx_word' id='word_1_320' title='bbox 630 4342 784 4399; x_wconf 87' lang='lat' dir='ltr'><strong>trauseat:</strong></span> <span class='ocrx_word' id='word_1_321' title='bbox 812 4334 880 4399; x_wconf 89' lang='lat' dir='ltr'><strong>lore</strong></span> <span class='ocrx_word' id='word_1_322' title='bbox 909 4341 1014 4399; x_wconf 91' lang='lat' dir='ltr'><strong>tamen</strong></span> <span class='ocrx_word' id='word_1_323' title='bbox 1043 4335 1214 4419; x_wconf 90' lang='lat' dir='ltr'><strong>aliquando</strong></span> <span class='ocrx_word' id='word_1_324' title='bbox 1236 4343 1272 4399; x_wconf 92' lang='lat' dir='ltr'><strong>ut</strong></span> <span class='ocrx_word' id='word_1_325' title='bbox 1294 4337 1396 4399; x_wconf 88' lang='lat' dir='ltr'><strong>omnis</strong></span> <span class='ocrx_word' id='word_1_326' title='bbox 1418 4335 1469 4399; x_wconf 90' lang='lat' dir='ltr'><strong>hic</strong></span> <span class='ocrx_word' id='word_1_327' title='bbox 1491 4338 1627 4401; x_wconf 91' lang='lat' dir='ltr'><strong>mundus</strong></span> <span class='ocrx_word' id='word_1_328' title='bbox 1648 4339 1760 4402; x_wconf 88' lang='lat' dir='ltr'><strong>ardore</strong></span> 
     </span>
     <span class='ocr_line' id='line_1_34' title="bbox 438 4432 599 4513; baseline -0.012 -18"><span class='ocrx_word' id='word_1_329' title='bbox 438 4432 599 4513; x_wconf 66' lang='lat' dir='ltr'><strong>detlngret.</strong></span> 
     </span>
     <span class='ocr_line' id='line_1_35' title="bbox 521 4523 1762 4608; baseline 0.005 -22"><span class='ocrx_word' id='word_1_330' title='bbox 521 4524 698 4587; x_wconf 85' lang='lat' dir='ltr'><strong>XXXVIII.</strong></span> <span class='ocrx_word' id='word_1_331' title='bbox 727 4523 798 4587; x_wconf 89' lang='lat' dir='ltr'><strong>Sint</strong></span> <span class='ocrx_word' id='word_1_332' title='bbox 819 4524 878 4587; x_wconf 91' lang='lat' dir='ltr'><strong>ista</strong></span> <span class='ocrx_word' id='word_1_333' title='bbox 899 4543 973 4587; x_wconf 83' lang='lat' dir='ltr'><strong>vera</strong></span> <span class='ocrx_word' id='word_1_334' title='bbox 993 4556 1036 4571; x_wconf 92' lang='lat'><em>-</em></span> <span class='ocrx_word' id='word_1_335' title='bbox 1057 4524 1147 4588; x_wconf 79' lang='lat' dir='ltr'><strong>vides</strong></span> <span class='ocrx_word' id='word_1_336' title='bbox 1170 4525 1255 4588; x_wconf 92' lang='lat' dir='ltr'><strong>euim</strong></span> <span class='ocrx_word' id='word_1_337' title='bbox 1276 4523 1339 4588; x_wconf 90' lang='lat' dir='ltr'><strong>iam</strong></span> <span class='ocrx_word' id='word_1_338' title='bbox 1362 4544 1413 4587; x_wconf 92' lang='lat' dir='ltr'><strong>me</strong></span> <span class='ocrx_word' id='word_1_339' title='bbox 1433 4523 1526 4587; x_wconf 81' lang='lat' dir='ltr'><strong>lateri</strong></span> <span class='ocrx_word' id='word_1_340' title='bbox 1547 4524 1667 4608; x_wconf 86' lang='lat' dir='ltr'><strong>aliquid</strong></span> <span class='ocrx_word' id='word_1_341' title='bbox 1690 4547 1762 4591; x_wconf 92' lang='lat' dir='ltr'><strong>esse</strong></span> 
     </span>
     <span class='ocr_line' id='line_1_36' title="bbox 400 4617 1761 4704; baseline 0.001 -23"><span class='ocrx_word' id='word_1_342' title='bbox 400 4619 504 4685; x_wconf 76' lang='lat' dir='ltr'><strong>:sveri</strong></span> <span class='ocrx_word' id='word_1_343' title='bbox 525 4650 584 4693; x_wconf 93' lang='lat'><strong>-,</strong></span> <span class='ocrx_word' id='word_1_344' title='bbox 607 4618 779 4704; x_wconf 91' lang='lat' dir='ltr'><strong>conprendi</strong></span> <span class='ocrx_word' id='word_1_345' title='bbox 801 4637 839 4682; x_wconf 91' lang='lat' dir='ltr'><strong>ea</strong></span> <span class='ocrx_word' id='word_1_346' title='bbox 860 4625 964 4682; x_wconf 91' lang='lat' dir='ltr'><strong>tamen</strong></span> <span class='ocrx_word' id='word_1_347' title='bbox 986 4626 1019 4681; x_wconf 89' lang='lat' dir='ltr'><strong>et</strong></span> <span class='ocrx_word' id='word_1_348' title='bbox 1039 4618 1159 4701; x_wconf 91' lang='lat' dir='ltr'><strong>percipi</strong></span> <span class='ocrx_word' id='word_1_349' title='bbox 1182 4637 1274 4700; x_wconf 88' lang='lat' dir='ltr'><strong>nego.</strong></span> <span class='ocrx_word' id='word_1_350' title='bbox 1312 4617 1390 4681; x_wconf 87' lang='lat' dir='ltr'><strong>Cum</strong></span> <span class='ocrx_word' id='word_1_351' title='bbox 1412 4619 1496 4681; x_wconf 90' lang='lat' dir='ltr'><strong>enirn</strong></span> <span class='ocrx_word' id='word_1_352' title='bbox 1511 4627 1583 4682; x_wconf 94' lang='lat' dir='ltr'><strong>tuus</strong></span> <span class='ocrx_word' id='word_1_353' title='bbox 1603 4619 1663 4681; x_wconf 90' lang='lat' dir='ltr'><strong>iste</strong></span> <span class='ocrx_word' id='word_1_354' title='bbox 1679 4619 1761 4683; x_wconf 90' lang='lat' dir='ltr'><strong>Stoi-</strong></span> 
     </span>
     <span class='ocr_line' id='line_1_37' title="bbox 438 4712 1761 4798; baseline 0.002 -21"><span class='ocrx_word' id='word_1_355' title='bbox 438 4734 493 4777; x_wconf 88' lang='lat' dir='ltr'><strong>cus</strong></span> <span class='ocrx_word' id='word_1_356' title='bbox 515 4713 641 4797; x_wconf 90' lang='lat' dir='ltr'><strong>sapiens</strong></span> <span class='ocrx_word' id='word_1_357' title='bbox 663 4713 840 4798; x_wconf 82' lang='lat' dir='ltr'><strong>syllabatim</strong></span> <span class='ocrx_word' id='word_1_358' title='bbox 862 4713 920 4776; x_wconf 93' lang='lat' dir='ltr'><strong>tibi</strong></span> <span class='ocrx_word' id='word_1_359' title='bbox 942 4712 1001 4777; x_wconf 89' lang='lat' dir='ltr'><strong>ista</strong></span> <span class='ocrx_word' id='word_1_360' title='bbox 1023 4712 1154 4787; x_wconf 84' lang='lat' dir='ltr'><strong>dixerit,</strong></span> <span class='ocrx_word' id='word_1_361' title='bbox 1181 4713 1288 4775; x_wconf 85' lang='lat' dir='ltr'><strong>veniet</strong></span> <span class='ocrx_word' id='word_1_362' title='bbox 1314 4713 1431 4775; x_wconf 87' lang='lat' dir='ltr'><strong>flumen</strong></span> <span class='ocrx_word' id='word_1_363' title='bbox 1453 4713 1606 4776; x_wconf 88' lang='lat' dir='ltr'><strong>orationis</strong></span> <span class='ocrx_word' id='word_1_364' title='bbox 1628 4732 1761 4779; x_wconf 89' lang='lat' dir='ltr'><strong>aureum</strong></span> 
     </span>
     <span class='ocr_line' id='line_1_38' title="bbox 437 4806 1760 4890; baseline 0.002 -19"><span class='ocrx_word' id='word_1_365' title='bbox 437 4806 572 4871; x_wconf 83' lang='lat' dir='ltr'><strong>lundens</strong></span> <span class='ocrx_word' id='word_1_366' title='bbox 600 4807 803 4883; x_wconf 79' lang='lat' dir='ltr'><strong>Aristoteles,</strong></span> <span class='ocrx_word' id='word_1_367' title='bbox 833 4808 890 4889; x_wconf 92' lang='lat' dir='ltr'><strong>qui</strong></span> <span class='ocrx_word' id='word_1_368' title='bbox 918 4806 1007 4870; x_wconf 91' lang='lat' dir='ltr'><strong>illum</strong></span> <span class='ocrx_word' id='word_1_369' title='bbox 1029 4806 1172 4890; x_wconf 88' lang='lat' dir='ltr'><strong>desipere</strong></span> <span class='ocrx_word' id='word_1_370' title='bbox 1194 4806 1295 4869; x_wconf 90' lang='lat' dir='ltr'><strong>dicat:</strong></span> <span class='ocrx_word' id='word_1_371' title='bbox 1325 4825 1429 4889; x_wconf 90' lang='lat' dir='ltr'><strong>neque</strong></span> <span class='ocrx_word' id='word_1_372' title='bbox 1455 4806 1540 4870; x_wconf 91' lang='lat' dir='ltr'><strong>enim</strong></span> <span class='ocrx_word' id='word_1_373' title='bbox 1563 4811 1667 4869; x_wconf 91' lang='lat' dir='ltr'><strong>ortum</strong></span> <span class='ocrx_word' id='word_1_374' title='bbox 1690 4827 1760 4873; x_wconf 86' lang='lat' dir='ltr'><strong>esse</strong></span> 
     </span>
    </p>
   </div>
   <div class='ocr_carea' id='block_1_3' title="bbox 435 5067 1762 6024">
    <p class='ocr_par' dir='ltr' id='par_1_3' title="bbox 435 5067 1762 6024">
     <span class='ocr_line' id='line_1_39' title="bbox 500 5067 1758 5132; baseline 0 -13"><span class='ocrx_word' id='word_1_375' title='bbox 500 5070 525 5119; x_wconf 92' lang='grc'><strong>2.</strong></span> <span class='ocrx_word' id='word_1_376' title='bbox 544 5081 595 5130; x_wconf 77' lang='lat' dir='ltr'><strong>quo</strong></span> <span class='ocrx_word' id='word_1_377' title='bbox 609 5074 660 5130; x_wconf 87' lang='lat' dir='ltr'><strong>pot.</strong></span> <span class='ocrx_word' id='word_1_378' title='bbox 678 5068 798 5119; x_wconf 68' lang='lat' dir='ltr'><strong>munio</strong></span> <span class='ocrx_word' id='word_1_379' title='bbox 818 5067 879 5119; x_wconf 75' lang='lat' dir='ltr'><strong>A’E</strong></span> <span class='ocrx_word' id='word_1_380' title='bbox 897 5094 924 5103; x_wconf 96' lang='lat'><em>-</em></span> <span class='ocrx_word' id='word_1_381' title='bbox 943 5068 1015 5132; x_wconf 77' lang='lat' dir='ltr'><strong>eliget</strong></span> <span class='ocrx_word' id='word_1_382' title='bbox 1030 5069 1139 5119; x_wconf 85' lang='lat' dir='ltr'><strong>Davies:</strong></span> <span class='ocrx_word' id='word_1_383' title='bbox 1158 5068 1245 5118; x_wconf 72' lang='lat' dir='ltr'><strong>celius</strong></span> <span class='ocrx_word' id='word_1_384' title='bbox 1261 5068 1333 5132; x_wconf 73' lang='lat' dir='ltr'><strong>eltpet</strong></span> <span class='ocrx_word' id='word_1_385' title='bbox 1349 5067 1427 5119; x_wconf 91' lang='lat' dir='ltr'><strong>codd.</strong></span> <span class='ocrx_word' id='word_1_386' title='bbox 1442 5068 1655 5131; x_wconf 71' lang='lat' dir='ltr'><strong>(mansionales</strong></span> <span class='ocrx_word' id='word_1_387' title='bbox 1670 5068 1701 5119; x_wconf 86' lang='lat' dir='ltr'><strong>el.</strong></span> <span class='ocrx_word' id='word_1_388' title='bbox 1714 5069 1758 5132; x_wconf 77' lang='lat' dir='ltr'><strong>B),</strong></span> 
     </span>
     <span class='ocr_line' id='line_1_40' title="bbox 436 5142 1760 5207; baseline 0.001 -14"><span class='ocrx_word' id='word_1_389' title='bbox 436 5144 542 5195; x_wconf 78' lang='lat' dir='ltr'><strong>uldetur</strong></span> <span class='ocrx_word' id='word_1_390' title='bbox 556 5146 643 5195; x_wconf 67' lang='lat' dir='ltr'><strong>medio</strong></span> <span class='ocrx_word' id='word_1_391' title='bbox 659 5144 727 5194; x_wconf 86' lang='lat' dir='ltr'><strong>inter</strong></span> <span class='ocrx_word' id='word_1_392' title='bbox 742 5156 768 5193; x_wconf 85' lang='lat' dir='ltr'><strong>m</strong></span> <span class='ocrx_word' id='word_1_393' title='bbox 784 5145 812 5195; x_wconf 87' lang='lat' dir='ltr'><strong>et</strong></span> <span class='ocrx_word' id='word_1_394' title='bbox 827 5142 859 5193; x_wconf 80' lang='lat' dir='ltr'><strong>eli</strong></span> <span class='ocrx_word' id='word_1_395' title='bbox 870 5156 903 5193; x_wconf 83' lang='lat' dir='ltr'><strong>er</strong></span> <span class='ocrx_word' id='word_1_396' title='bbox 914 5142 1090 5207; x_wconf 85' lang='lat' dir='ltr'><strong>dtttographia</strong></span> <span class='ocrx_word' id='word_1_397' title='bbox 1102 5144 1190 5193; x_wconf 88' lang='lat' dir='ltr'><strong>ortum</strong></span> <span class='ocrx_word' id='word_1_398' title='bbox 1203 5170 1231 5179; x_wconf 92' lang='lat'><em>-</em></span> <span class='ocrx_word' id='word_1_399' title='bbox 1250 5149 1272 5193; x_wconf 86' lang='lat' dir='ltr'><strong>ot</strong></span> <span class='ocrx_word' id='word_1_400' title='bbox 1287 5144 1403 5194; x_wconf 86' lang='lat' dir='ltr'><strong>Ernesti:</strong></span> <span class='ocrx_word' id='word_1_401' title='bbox 1423 5156 1476 5193; x_wconf 89' lang='lat' dir='ltr'><strong>om.</strong></span> <span class='ocrx_word' id='word_1_402' title='bbox 1490 5142 1568 5193; x_wconf 87' lang='lat' dir='ltr'><strong>codd.</strong></span> <span class='ocrx_word' id='word_1_403' title='bbox 1583 5169 1610 5178; x_wconf 96' lang='lat'><em>-</em></span> <span class='ocrx_word' id='word_1_404' title='bbox 1629 5142 1653 5193; x_wconf 89' lang='grc'><strong>3.</strong></span> <span class='ocrx_word' id='word_1_405' title='bbox 1667 5157 1760 5205; x_wconf 66' lang='lat' dir='ltr'><strong>wom-</strong></span> 
     </span>
     <span class='ocr_line' id='line_1_41' title="bbox 435 5213 1757 5284; baseline -0.002 -14"><span class='ocrx_word' id='word_1_406' title='bbox 435 5232 541 5283; x_wconf 82' lang='lat' dir='ltr'><strong>comque</strong></span> <span class='ocrx_word' id='word_1_407' title='bbox 559 5220 659 5284; x_wconf 73' lang='lat' dir='ltr'><strong>elegerit</strong></span> <span class='ocrx_word' id='word_1_408' title='bbox 679 5217 771 5269; x_wconf 76' lang='lat' dir='ltr'><strong>maloIt</strong></span> <span class='ocrx_word' id='word_1_409' title='bbox 791 5218 886 5269; x_wconf 84' lang='lat' dir='ltr'><strong>Davies</strong></span> <span class='ocrx_word' id='word_1_410' title='bbox 907 5215 966 5267; x_wconf 89' lang='lat' dir='ltr'><strong>coll.</strong></span> <span class='ocrx_word' id='word_1_411' title='bbox 985 5215 1001 5280; x_wconf 71' lang='grc'>5</span> <span class='ocrx_word' id='word_1_412' title='bbox 1018 5217 1066 5267; x_wconf 84' lang='grc'><strong>449</strong></span> <span class='ocrx_word' id='word_1_413' title='bbox 1083 5218 1118 5266; x_wconf 92' lang='lat' dir='ltr'><strong>iu.</strong></span> <span class='ocrx_word' id='word_1_414' title='bbox 1145 5244 1171 5253; x_wconf 93' lang='lat'><em>-</em></span> <span class='ocrx_word' id='word_1_415' title='bbox 1198 5215 1224 5268; x_wconf 89' lang='grc'><strong>4.</strong></span> <span class='ocrx_word' id='word_1_416' title='bbox 1240 5217 1400 5281; x_wconf 73' lang='lat' dir='ltr'><strong>probabimus</strong></span> <span class='ocrx_word' id='word_1_417' title='bbox 1417 5213 1476 5268; x_wconf 79' lang='lat' dir='ltr'><strong>AB²</strong></span> <span class='ocrx_word' id='word_1_418' title='bbox 1498 5244 1524 5255; x_wconf 93' lang='lat'><em>-</em></span> <span class='ocrx_word' id='word_1_419' title='bbox 1551 5232 1596 5269; x_wconf 84' lang='lat' dir='ltr'><strong>acc</strong></span> <span class='ocrx_word' id='word_1_420' title='bbox 1611 5218 1710 5270; x_wconf 83' lang='lat' dir='ltr'><strong>eoimb</strong></span> <span class='ocrx_word' id='word_1_421' title='bbox 1730 5246 1757 5257; x_wconf 92' lang='lat'><em>-</em></span> 
     </span>
     <span class='ocr_line' id='line_1_42' title="bbox 436 5288 1761 5357; baseline 0 -12"><span class='ocrx_word' id='word_1_422' title='bbox 436 5295 461 5346; x_wconf 85' lang='grc'><strong>9.</strong></span> <span class='ocrx_word' id='word_1_423' title='bbox 479 5295 625 5345; x_wconf 61' lang='lat' dir='ltr'><strong>consonasse</strong></span> <span class='ocrx_word' id='word_1_424' title='bbox 641 5295 723 5346; x_wconf 68' lang='grc' dir='ltr'><strong>ΑΕΘ</strong></span> <span class='ocrx_word' id='word_1_425' title='bbox 741 5322 769 5333; x_wconf 93' lang='grc'>-</span> <span class='ocrx_word' id='word_1_426' title='bbox 785 5294 883 5357; x_wconf 75' lang='lat' dir='ltr'><strong>primos</strong></span> <span class='ocrx_word' id='word_1_427' title='bbox 898 5292 970 5344; x_wconf 75' lang='lat'><strong>1³¹⁶:</strong></span> <span class='ocrx_word' id='word_1_428' title='bbox 987 5293 1083 5355; x_wconf 76' lang='lat' dir='ltr'><strong>primo:</strong></span> <span class='ocrx_word' id='word_1_429' title='bbox 1100 5288 1188 5343; x_wconf 83' lang='lat' dir='ltr'>AB²E</span> <span class='ocrx_word' id='word_1_430' title='bbox 1202 5318 1228 5328; x_wconf 92' lang='lat'><em>-</em></span> <span class='ocrx_word' id='word_1_431' title='bbox 1247 5293 1282 5343; x_wconf 83' lang='lat' dir='ltr'><strong>od</strong></span> <span class='ocrx_word' id='word_1_432' title='bbox 1297 5290 1378 5353; x_wconf 77' lang='lat' dir='ltr'><strong>A¹B¹;</strong></span> <span class='ocrx_word' id='word_1_433' title='bbox 1397 5293 1761 5355; x_wconf 70' lang='lat' dir='ltr'><strong>odlsiclboentnncitotem</strong></span> 
     </span>
     <span class='ocr_line' id='line_1_43' title="bbox 436 5364 1762 5435; baseline -0.001 -14"><span class='ocrx_word' id='word_1_434' title='bbox 436 5370 513 5421; x_wconf 84' lang='lat' dir='ltr'><strong>atlert</strong></span> <span class='ocrx_word' id='word_1_435' title='bbox 529 5371 628 5421; x_wconf 82' lang='lat' dir='ltr'><strong>Nonius</strong></span> <span class='ocrx_word' id='word_1_436' title='bbox 645 5384 671 5435; x_wconf 93' lang='lat' dir='ltr'><strong>p.</strong></span> <span class='ocrx_word' id='word_1_437' title='bbox 691 5370 746 5421; x_wconf 89' lang='grc'><strong>422.</strong></span> <span class='ocrx_word' id='word_1_438' title='bbox 767 5396 793 5407; x_wconf 91' lang='grc'><strong>-</strong></span> <span class='ocrx_word' id='word_1_439' title='bbox 813 5368 1004 5419; x_wconf 77' lang='lat' dir='ltr'><strong>oaontmoodro</strong></span> <span class='ocrx_word' id='word_1_440' title='bbox 1019 5364 1049 5418; x_wconf 77' lang='grc' dir='ltr'><strong>Βι</strong></span> <span class='ocrx_word' id='word_1_441' title='bbox 1068 5394 1095 5404; x_wconf 95' lang='grc'>-</span> <span class='ocrx_word' id='word_1_442' title='bbox 1120 5368 1160 5419; x_wconf 87' lang='grc'><strong>40.</strong></span> <span class='ocrx_word' id='word_1_443' title='bbox 1178 5368 1216 5418; x_wconf 79' lang='lat' dir='ltr'><strong>bt:</strong></span> <span class='ocrx_word' id='word_1_444' title='bbox 1232 5369 1252 5418; x_wconf 85' lang='grc' dir='ltr'><strong>Α</strong></span> <span class='ocrx_word' id='word_1_445' title='bbox 1273 5396 1299 5405; x_wconf 92' lang='grc'>-</span> <span class='ocrx_word' id='word_1_446' title='bbox 1323 5369 1363 5418; x_wconf 90' lang='grc'><strong>42.</strong></span> <span class='ocrx_word' id='word_1_447' title='bbox 1381 5373 1512 5419; x_wconf 63' lang='lat' dir='ltr'><strong>amatur</strong></span> <span class='ocrx_word' id='word_1_448' title='bbox 1527 5367 1610 5418; x_wconf 81' lang='lat' dir='ltr'><strong>A¹B¹z</strong></span> <span class='ocrx_word' id='word_1_449' title='bbox 1633 5369 1762 5420; x_wconf 79' lang='lat' dir='ltr'><strong>orirentur</strong></span> 
     </span>
     <span class='ocr_line' id='line_1_44' title="bbox 436 5442 1758 5504; baseline -0.002 -5"><span class='ocrx_word' id='word_1_450' title='bbox 436 5448 497 5499; x_wconf 91' lang='lat'><strong>0-</strong></span> <span class='ocrx_word' id='word_1_451' title='bbox 516 5446 556 5496; x_wconf 94' lang='grc'><strong>43.</strong></span> <span class='ocrx_word' id='word_1_452' title='bbox 574 5446 606 5495; x_wconf 82' lang='lat' dir='ltr'><strong>tt:</strong></span> <span class='ocrx_word' id='word_1_453' title='bbox 621 5446 671 5496; x_wconf 85' lang='grc' dir='ltr'><strong>ΑΒ</strong></span> <span class='ocrx_word' id='word_1_454' title='bbox 685 5471 712 5482; x_wconf 95' lang='grc'><strong>-</strong></span> <span class='ocrx_word' id='word_1_455' title='bbox 732 5442 772 5496; x_wconf 86' lang='grc'><strong>44.</strong></span> <span class='ocrx_word' id='word_1_456' title='bbox 790 5445 833 5495; x_wconf 79' lang='lat' dir='ltr'><strong>ssd</strong></span> <span class='ocrx_word' id='word_1_457' title='bbox 847 5457 881 5495; x_wconf 72' lang='lat' dir='ltr'><strong>sa</strong></span> <span class='ocrx_word' id='word_1_458' title='bbox 896 5444 1009 5494; x_wconf 76' lang='lat' dir='ltr'><strong>cohil:</strong></span> <span class='ocrx_word' id='word_1_459' title='bbox 1028 5444 1070 5494; x_wconf 83' lang='lat' dir='ltr'><strong>sed</strong></span> <span class='ocrx_word' id='word_1_460' title='bbox 1086 5447 1160 5504; x_wconf 85' lang='lat' dir='ltr'><strong>eoG.</strong></span> <span class='ocrx_word' id='word_1_461' title='bbox 1178 5445 1205 5494; x_wconf 87' lang='lat' dir='ltr'><strong>td</strong></span> <span class='ocrx_word' id='word_1_462' title='bbox 1220 5448 1256 5495; x_wconf 84' lang='lat' dir='ltr'><strong>est</strong></span> <span class='ocrx_word' id='word_1_463' title='bbox 1272 5445 1339 5495; x_wconf 89' lang='lat' dir='ltr'><strong>coni.</strong></span> <span class='ocrx_word' id='word_1_464' title='bbox 1353 5443 1445 5495; x_wconf 80' lang='lat' dir='ltr'><strong>hamb.</strong></span> <span class='ocrx_word' id='word_1_465' title='bbox 1460 5470 1486 5480; x_wconf 92' lang='lat'><em>-</em></span> <span class='ocrx_word' id='word_1_466' title='bbox 1507 5450 1530 5495; x_wconf 82' lang='lat' dir='ltr'><strong>et</strong></span> <span class='ocrx_word' id='word_1_467' title='bbox 1545 5445 1758 5496; x_wconf 70' lang='lat' dir='ltr'><strong>mlumoshamb.</strong></span> 
     </span>
     <span class='ocr_line' id='line_1_45' title="bbox 438 5519 1761 5585; baseline -0.002 -12"><span class='ocrx_word' id='word_1_468' title='bbox 438 5524 509 5573; x_wconf 76' lang='grc'><strong>-43,</strong></span> <span class='ocrx_word' id='word_1_469' title='bbox 528 5536 546 5572; x_wconf 90' lang='lat' dir='ltr'><strong>o</strong></span> <span class='ocrx_word' id='word_1_470' title='bbox 561 5520 673 5571; x_wconf 83' lang='lat' dir='ltr'><strong>menteO</strong></span> <span class='ocrx_word' id='word_1_471' title='bbox 689 5545 712 5556; x_wconf 97' lang='lat'>-</span> <span class='ocrx_word' id='word_1_472' title='bbox 732 5520 773 5570; x_wconf 85' lang='grc'><strong>46.</strong></span> <span class='ocrx_word' id='word_1_473' title='bbox 792 5532 843 5570; x_wconf 80' lang='lat' dir='ltr'><strong>esse</strong></span> <span class='ocrx_word' id='word_1_474' title='bbox 857 5532 948 5569; x_wconf 72' lang='lat' dir='ltr'><strong>oeneus</strong></span> <span class='ocrx_word' id='word_1_475' title='bbox 964 5519 1068 5569; x_wconf 65' lang='lat' dir='ltr'><strong>meent}</strong></span> <span class='ocrx_word' id='word_1_476' title='bbox 1082 5544 1108 5557; x_wconf 96' lang='lat'>-</span> <span class='ocrx_word' id='word_1_477' title='bbox 1130 5521 1170 5570; x_wconf 82' lang='grc'><strong>47.</strong></span> <span class='ocrx_word' id='word_1_478' title='bbox 1187 5532 1295 5582; x_wconf 82' lang='lat' dir='ltr'><strong>osquam</strong></span> <span class='ocrx_word' id='word_1_479' title='bbox 1311 5520 1428 5580; x_wconf 74' lang='lat' dir='ltr'><strong>auur,</strong></span> <span class='ocrx_word' id='word_1_480' title='bbox 1446 5521 1761 5585; x_wconf 77' lang='lat' dir='ltr'><strong>:mqoomqothuova</strong></span> 
     </span>
     <span class='ocr_line' id='line_1_46' title="bbox 439 5593 1757 5661; baseline -0.001 -14"><span class='ocrx_word' id='word_1_481' title='bbox 439 5625 466 5636; x_wconf 93' lang='lat'>-</span> <span class='ocrx_word' id='word_1_482' title='bbox 484 5603 508 5648; x_wconf 85' lang='lat' dir='ltr'><strong>et</strong></span> <span class='ocrx_word' id='word_1_483' title='bbox 522 5596 603 5661; x_wconf 73' lang='lat' dir='ltr'><strong>coegi.</strong></span> <span class='ocrx_word' id='word_1_484' title='bbox 622 5593 714 5645; x_wconf 80' lang='lat' dir='ltr'><strong>hamb.</strong></span> <span class='ocrx_word' id='word_1_485' title='bbox 734 5619 761 5630; x_wconf 94' lang='lat'>—</span> <span class='ocrx_word' id='word_1_486' title='bbox 780 5595 821 5646; x_wconf 85' lang='grc'><strong>20.</strong></span> <span class='ocrx_word' id='word_1_487' title='bbox 840 5598 950 5659; x_wconf 82' lang='lat' dir='ltr'><strong>quotuor</strong></span> <span class='ocrx_word' id='word_1_488' title='bbox 965 5593 1119 5646; x_wconf 79' lang='lat' dir='ltr'><strong>eraclith</strong></span> <span class='ocrx_word' id='word_1_489' title='bbox 1139 5621 1166 5631; x_wconf 94' lang='lat'><em>-</em></span> <span class='ocrx_word' id='word_1_490' title='bbox 1184 5596 1225 5645; x_wconf 84' lang='grc'><strong>22.</strong></span> <span class='ocrx_word' id='word_1_491' title='bbox 1242 5596 1385 5658; x_wconf 70' lang='grc' dir='ltr'><strong>νοοίρίσηιο.</strong></span> <span class='ocrx_word' id='word_1_492' title='bbox 1403 5595 1424 5645; x_wconf 79' lang='grc' dir='ltr'><strong>Α</strong></span> <span class='ocrx_word' id='word_1_493' title='bbox 1445 5622 1472 5631; x_wconf 90' lang='grc'>-</span> <span class='ocrx_word' id='word_1_494' title='bbox 1489 5596 1649 5659; x_wconf 67' lang='lat' dir='ltr'><strong>cousuetam</strong></span> <span class='ocrx_word' id='word_1_495' title='bbox 1664 5596 1711 5646; x_wconf 82' lang='lat' dir='ltr'><strong>uo</strong></span> <span class='ocrx_word' id='word_1_496' title='bbox 1730 5622 1757 5633; x_wconf 92' lang='lat'><em>-</em></span> 
     </span>
     <span class='ocr_line' id='line_1_47' title="bbox 435 5668 1758 5731; baseline -0.003 -7"><span class='ocrx_word' id='word_1_497' title='bbox 435 5673 476 5724; x_wconf 88' lang='grc'><strong>23.</strong></span> <span class='ocrx_word' id='word_1_498' title='bbox 495 5686 528 5724; x_wconf 80' lang='lat' dir='ltr'><strong>eo:</strong></span> <span class='ocrx_word' id='word_1_499' title='bbox 544 5674 578 5722; x_wconf 84' lang='lat' dir='ltr'><strong>G:</strong></span> <span class='ocrx_word' id='word_1_500' title='bbox 598 5682 652 5722; x_wconf 91' lang='lat' dir='ltr'><strong>om.</strong></span> <span class='ocrx_word' id='word_1_501' title='bbox 667 5670 758 5731; x_wconf 80' lang='grc' dir='ltr'><strong>ΑΒΕ,</strong></span> <span class='ocrx_word' id='word_1_502' title='bbox 777 5669 836 5721; x_wconf 82' lang='lat' dir='ltr'><strong>tort.</strong></span> <span class='ocrx_word' id='word_1_503' title='bbox 854 5683 872 5720; x_wconf 93' lang='lat' dir='ltr'><strong>o</strong></span> <span class='ocrx_word' id='word_1_504' title='bbox 887 5668 1020 5720; x_wconf 73' lang='lat' dir='ltr'><strong>intercidIt</strong></span> <span class='ocrx_word' id='word_1_505' title='bbox 1031 5695 1059 5705; x_wconf 89' lang='lat'><em>-</em></span> <span class='ocrx_word' id='word_1_506' title='bbox 1077 5684 1113 5720; x_wconf 81' lang='lat' dir='ltr'><strong>co</strong></span> <span class='ocrx_word' id='word_1_507' title='bbox 1129 5671 1155 5720; x_wconf 90' lang='lat' dir='ltr'><strong>tn</strong></span> <span class='ocrx_word' id='word_1_508' title='bbox 1172 5671 1282 5721; x_wconf 64' lang='lat' dir='ltr'><strong>comete</strong></span> <span class='ocrx_word' id='word_1_509' title='bbox 1298 5674 1318 5721; x_wconf 80' lang='grc' dir='ltr'><strong>Α</strong></span> <span class='ocrx_word' id='word_1_510' title='bbox 1336 5671 1362 5721; x_wconf 84' lang='lat' dir='ltr'><strong>ln</strong></span> <span class='ocrx_word' id='word_1_511' title='bbox 1380 5683 1433 5721; x_wconf 90' lang='lat' dir='ltr'><strong>ras.</strong></span> <span class='ocrx_word' id='word_1_512' title='bbox 1447 5670 1529 5722; x_wconf 89' lang='lat' dir='ltr'><strong>hahet</strong></span> <span class='ocrx_word' id='word_1_513' title='bbox 1543 5696 1569 5705; x_wconf 89' lang='lat'>-</span> <span class='ocrx_word' id='word_1_514' title='bbox 1589 5674 1612 5720; x_wconf 86' lang='lat' dir='ltr'><strong>st</strong></span> <span class='ocrx_word' id='word_1_515' title='bbox 1628 5683 1682 5721; x_wconf 92' lang='lat' dir='ltr'><strong>om.</strong></span> <span class='ocrx_word' id='word_1_516' title='bbox 1696 5672 1716 5720; x_wconf 86' lang='lat' dir='ltr'>G</span> <span class='ocrx_word' id='word_1_517' title='bbox 1731 5696 1758 5707; x_wconf 95' lang='lat'><em>-</em></span> 
     </span>
     <span class='ocr_line' id='line_1_48' title="bbox 436 5742 1757 5809; baseline -0.004 -11"><span class='ocrx_word' id='word_1_518' title='bbox 436 5747 477 5798; x_wconf 80' lang='grc'><strong>24.</strong></span> <span class='ocrx_word' id='word_1_519' title='bbox 495 5761 529 5799; x_wconf 71' lang='lat' dir='ltr'><strong>oa</strong></span> <span class='ocrx_word' id='word_1_520' title='bbox 544 5747 568 5797; x_wconf 78' lang='lat' dir='ltr'><strong>s&#39;s</strong></span> <span class='ocrx_word' id='word_1_521' title='bbox 582 5749 618 5809; x_wconf 75' lang='lat' dir='ltr'><strong>A,</strong></span> <span class='ocrx_word' id='word_1_522' title='bbox 644 5759 678 5797; x_wconf 77' lang='lat' dir='ltr'><strong>oo:</strong></span> <span class='ocrx_word' id='word_1_523' title='bbox 699 5744 746 5795; x_wconf 79' lang='lat' dir='ltr'><strong>biit</strong></span> <span class='ocrx_word' id='word_1_524' title='bbox 762 5745 781 5795; x_wconf 88' lang='lat' dir='ltr'>B</span> <span class='ocrx_word' id='word_1_525' title='bbox 807 5770 834 5780; x_wconf 92' lang='lat'>-</span> <span class='ocrx_word' id='word_1_526' title='bbox 860 5744 935 5809; x_wconf 78' lang='lat' dir='ltr'><strong>eleget</strong></span> <span class='ocrx_word' id='word_1_527' title='bbox 951 5742 982 5794; x_wconf 77' lang='lat' dir='ltr'><strong>A¹</strong></span> <span class='ocrx_word' id='word_1_528' title='bbox 1001 5770 1028 5780; x_wconf 91' lang='lat'><em>-</em></span> <span class='ocrx_word' id='word_1_529' title='bbox 1055 5745 1097 5796; x_wconf 76' lang='lat' dir='ltr'><strong>ib.</strong></span> <span class='ocrx_word' id='word_1_530' title='bbox 1116 5745 1242 5796; x_wconf 81' lang='lat' dir='ltr'><strong>disoedoat</strong></span> <span class='ocrx_word' id='word_1_531' title='bbox 1258 5747 1278 5795; x_wconf 88' lang='lat' dir='ltr'>G</span> <span class='ocrx_word' id='word_1_532' title='bbox 1303 5771 1329 5781; x_wconf 91' lang='lat'><em>-</em></span> <span class='ocrx_word' id='word_1_533' title='bbox 1352 5746 1393 5795; x_wconf 81' lang='lat'><strong>27.</strong></span> <span class='ocrx_word' id='word_1_534' title='bbox 1412 5759 1478 5795; x_wconf 78' lang='lat' dir='ltr'><strong>nanc</strong></span> <span class='ocrx_word' id='word_1_535' title='bbox 1494 5744 1526 5795; x_wconf 89' lang='lat' dir='ltr'><strong>h:</strong></span> <span class='ocrx_word' id='word_1_536' title='bbox 1554 5757 1614 5794; x_wconf 81' lang='lat' dir='ltr'><strong>oum</strong></span> <span class='ocrx_word' id='word_1_537' title='bbox 1631 5743 1709 5794; x_wconf 86' lang='lat' dir='ltr'><strong>codd.</strong></span> <span class='ocrx_word' id='word_1_538' title='bbox 1729 5770 1757 5780; x_wconf 90' lang='lat'><em>-</em></span> 
     </span>
     <span class='ocr_line' id='line_1_49' title="bbox 436 5818 1760 5885; baseline -0.001 -14"><span class='ocrx_word' id='word_1_539' title='bbox 436 5821 478 5872; x_wconf 84' lang='grc'><strong>29.</strong></span> <span class='ocrx_word' id='word_1_540' title='bbox 496 5821 638 5885; x_wconf 80' lang='lat' dir='ltr'><strong>qooseelt</strong></span> <span class='ocrx_word' id='word_1_541' title='bbox 658 5846 686 5858; x_wconf 90' lang='lat'><em>-</em></span> <span class='ocrx_word' id='word_1_542' title='bbox 704 5820 745 5871; x_wconf 86' lang='grc'><strong>30.</strong></span> <span class='ocrx_word' id='word_1_543' title='bbox 763 5820 856 5871; x_wconf 80' lang='lat' dir='ltr'><strong>stom</strong></span> <span class='ocrx_word' id='word_1_544' title='bbox 875 5818 895 5871; x_wconf 80' lang='grc' dir='ltr'><strong>Ε</strong></span> <span class='ocrx_word' id='word_1_545' title='bbox 913 5843 940 5855; x_wconf 92' lang='grc'>-</span> <span class='ocrx_word' id='word_1_546' title='bbox 959 5818 1000 5869; x_wconf 91' lang='grc'><strong>34.</strong></span> <span class='ocrx_word' id='word_1_547' title='bbox 1017 5825 1146 5882; x_wconf 74' lang='lat' dir='ltr'><strong>pennoso:</strong></span> <span class='ocrx_word' id='word_1_548' title='bbox 1162 5822 1223 5871; x_wconf 83' lang='lat' dir='ltr'><strong>Gv:</strong></span> <span class='ocrx_word' id='word_1_549' title='bbox 1239 5825 1348 5882; x_wconf 72' lang='lat' dir='ltr'><strong>permeet</strong></span> <span class='ocrx_word' id='word_1_550' title='bbox 1364 5820 1478 5884; x_wconf 73' lang='lat' dir='ltr'><strong>auur,</strong></span> <span class='ocrx_word' id='word_1_551' title='bbox 1496 5819 1543 5871; x_wconf 86' lang='lat' dir='ltr'><strong>scd</strong></span> <span class='ocrx_word' id='word_1_552' title='bbox 1560 5822 1716 5883; x_wconf 58' lang='lat' dir='ltr'><strong>spernent</strong></span> <span class='ocrx_word' id='word_1_553' title='bbox 1733 5821 1760 5870; x_wconf 87' lang='lat' dir='ltr'><strong>et</strong></span> 
     </span>
     <span class='ocr_line' id='line_1_50' title="bbox 438 5893 1759 5959; baseline -0.001 -11"><span class='ocrx_word' id='word_1_554' title='bbox 438 5900 557 5949; x_wconf 86' lang='lat' dir='ltr'><strong>extrema</strong></span> <span class='ocrx_word' id='word_1_555' title='bbox 573 5910 587 5947; x_wconf 86' lang='lat' dir='ltr'><strong>e</strong></span> <span class='ocrx_word' id='word_1_556' title='bbox 603 5897 630 5947; x_wconf 92' lang='lat' dir='ltr'><strong>in</strong></span> <span class='ocrx_word' id='word_1_557' title='bbox 646 5908 710 5957; x_wconf 75' lang='lat' dir='ltr'><strong>ras..</strong></span> <span class='ocrx_word' id='word_1_558' title='bbox 732 5896 760 5947; x_wconf 92' lang='lat' dir='ltr'><strong>lu</strong></span> <span class='ocrx_word' id='word_1_559' title='bbox 776 5895 796 5946; x_wconf 90' lang='lat' dir='ltr'>B</span> <span class='ocrx_word' id='word_1_560' title='bbox 812 5894 886 5959; x_wconf 92' lang='lat' dir='ltr'><strong>prior</strong></span> <span class='ocrx_word' id='word_1_561' title='bbox 900 5907 914 5945; x_wconf 87' lang='lat' dir='ltr'><strong>s</strong></span> <span class='ocrx_word' id='word_1_562' title='bbox 931 5894 958 5944; x_wconf 89' lang='lat' dir='ltr'><strong>ln</strong></span> <span class='ocrx_word' id='word_1_563' title='bbox 973 5893 1033 5959; x_wconf 80' lang='lat' dir='ltr'><strong>syll.</strong></span> <span class='ocrx_word' id='word_1_564' title='bbox 1050 5909 1090 5946; x_wconf 85' lang='lat' dir='ltr'><strong>me</strong></span> <span class='ocrx_word' id='word_1_565' title='bbox 1107 5898 1147 5947; x_wconf 88' lang='lat' dir='ltr'><strong>est</strong></span> <span class='ocrx_word' id='word_1_566' title='bbox 1170 5897 1196 5947; x_wconf 90' lang='lat' dir='ltr'><strong>iu</strong></span> <span class='ocrx_word' id='word_1_567' title='bbox 1213 5908 1265 5947; x_wconf 90' lang='lat' dir='ltr'><strong>rss.</strong></span> <span class='ocrx_word' id='word_1_568' title='bbox 1284 5894 1397 5947; x_wconf 87' lang='lat' dir='ltr'><strong>duarum</strong></span> <span class='ocrx_word' id='word_1_569' title='bbox 1413 5894 1559 5947; x_wconf 85' lang='lat' dir='ltr'><strong>litterarum</strong></span> <span class='ocrx_word' id='word_1_570' title='bbox 1579 5923 1606 5934; x_wconf 96' lang='lat'><em>-</em></span> <span class='ocrx_word' id='word_1_571' title='bbox 1628 5895 1669 5947; x_wconf 81' lang='grc'><strong>36.</strong></span> <span class='ocrx_word' id='word_1_572' title='bbox 1687 5896 1759 5947; x_wconf 81' lang='lat' dir='ltr'><strong>:illo-</strong></span> 
     </span>
     <span class='ocr_line' id='line_1_51' title="bbox 437 5969 1062 6024; baseline -0.005 0"><span class='ocrx_word' id='word_1_573' title='bbox 437 5972 515 6024; x_wconf 80' lang='lat' dir='ltr'><strong>bottas</strong></span> <span class='ocrx_word' id='word_1_574' title='bbox 530 5972 552 6023; x_wconf 85' lang='grc' dir='ltr'><strong>Α</strong></span> <span class='ocrx_word' id='word_1_575' title='bbox 571 5997 598 6009; x_wconf 96' lang='lat'>-</span> <span class='ocrx_word' id='word_1_576' title='bbox 616 5969 747 6023; x_wconf 74' lang='lat' dir='ltr'><strong>diotooeit</strong></span> <span class='ocrx_word' id='word_1_577' title='bbox 763 5969 872 6022; x_wconf 84' lang='lat' dir='ltr'><strong>Durand</strong></span> <span class='ocrx_word' id='word_1_578' title='bbox 889 5970 916 6021; x_wconf 91' lang='lat' dir='ltr'><strong>in</strong></span> <span class='ocrx_word' id='word_1_579' title='bbox 932 5982 988 6021; x_wconf 90' lang='lat' dir='ltr'><strong>cur.</strong></span> <span class='ocrx_word' id='word_1_580' title='bbox 1006 5982 1062 6022; x_wconf 89' lang='lat' dir='ltr'><strong>sec.</strong></span> 
     </span>
    </p>
   </div>
   <div class='ocr_carea' id='block_1_4' title="bbox 0 0 2177 7459">
    <p class='ocr_par' dir='ltr' id='par_1_4' title="bbox 0 0 2177 7459">
     <span class='ocr_line' id='line_1_52' title="bbox 0 0 2177 7459; baseline 0 0"><span class='ocrx_word' id='word_1_581' title='bbox 0 0 2177 7459; x_wconf 95' lang='lat' dir='ltr'><strong> </strong></span> 
     </span>
    </p>
   </div>
  </div>
 </body>
</html>
