4342 7459
432 1237 497 1305 332
758 1250 1081 1316 TUSCULANARUM
1102 1250 1431 1316 DISPUTATIONUM

434 1404 549 1469 roboro
572 1409 739 1472 existumo.
773 1410 830 1472 llla
852 1413 952 1486 enim,
974 1412 1000 1474 si
1024 1411 1118 1474 modo
1142 1421 1189 1474 est
1207 1410 1270 1474 ulla
1284 1412 1399 1486 virtus,
1421 1432 1515 1494 quam
1531 1411 1758 1477 dubitationem

435 1501 610 1565 avunculus
632 1511 722 1578 tuus,
744 1506 848 1578 Brute,
870 1506 1010 1579 sustulit,
1032 1507 1147 1581 omnia,
1170 1526 1251 1587 quac
1267 1506 1379 1569 cadere
1395 1507 1600 1569 inhominem
1617 1516 1758 1589 possunt,

436 1594 545 1658 subter
573 1618 608 1660 se
635 1597 731 1661 habet
762 1619 862 1682 eaque
890 1600 1069 1682 despiciens
1097 1621 1186 1664 casus
1209 1600 1381 1663 contemnit
1401 1600 1572 1674 humanos,
1603 1601 1759 1684 culpaque

436 1690 521 1751 omni
543 1710 654 1755 carens
681 1700 804 1776 praeter
830 1714 863 1756 se
893 1694 991 1776 ipsam
1019 1694 1097 1756 nihil
1120 1702 1226 1757 censet
1248 1692 1286 1756 ad
1310 1695 1534 1776 sepertinere.
1568 1695 1632 1757 Nos
1653 1703 1759 1758 autem

411 1782 542 1846 somnia
575 1786 707 1850 adversa
737 1808 808 1850 cum
842 1788 997 1851 venientia
1025 1798 1110 1874 metu
1140 1795 1292 1871 augentes
1321 1796 1386 1850 tum
1417 1807 1559 1851 maerore
1581 1788 1760 1869 praesentia

433 1894 540 1940 rerum
563 1888 705 1944 naturam
727 1902 821 1965 quam
845 1902 983 1945 errorem
1005 1891 1145 1945 nostrum
1169 1880 1317 1943 damnare
1340 1882 1504 1947 malumus.

521 1974 560 2036 11.
583 1972 614 2037 5.
647 1975 708 2038 Sed
736 1986 768 2038 et
794 1976 889 2038 buius
920 1975 1031 2057 culpae
1058 1984 1089 2038 et
1116 1986 1289 2039 ceterorum
1321 1976 1465 2038 vitiorum
1496 1986 1760 2060 peccatorumque

435 2075 617 2130 nostrorum
644 2068 745 2132 omnis
770 2090 789 2133 a
818 2069 1018 2154 philosophia
1047 2069 1181 2154 petenda
1210 2070 1363 2134 correctio
1386 2078 1444 2132 est.
1483 2069 1579 2134 Cuius
1599 2071 1632 2133 in
1655 2070 1760 2133 sinum

439 2180 510 2223 oum
539 2182 557 2224 a
584 2162 693 2245 primis
723 2164 916 2246 temporibus
938 2163 1050 2226 aetatis
1072 2172 1179 2226 nostra
1203 2164 1346 2225 voluntas
1369 2163 1574 2246 studiumque
1595 2185 1654 2226 nos
1678 2184 1763 2227 com·

402 2256 588 2337 sopulissct,
618 2256 666 2320 his
698 2258 892 2339 gravissimis
921 2258 1043 2321 casibus
1073 2258 1105 2320 iu
1134 2257 1270 2321 eundem
1301 2265 1439 2338 portum,
1471 2278 1511 2319 ex
1540 2278 1603 2339 quo
1637 2277 1762 2321 eramus

439 2349 572 2432 egressi,
596 2372 707 2434 magna
729 2352 833 2416 iactati
856 2359 1041 2435 tempestate
1063 2350 1272 2433 confugimus.
1307 2350 1334 2412 0
1358 2350 1440 2413 vitae
1463 2350 1667 2434 philosophia
1687 2351 1762 2424 dux,

438 2463 458 2506 o
477 2443 602 2506 virtutis
623 2445 801 2527 indagatrix
816 2445 1040 2528 expultrixque
1057 2446 1222 2507 vitiorum!
1247 2444 1323 2526 quid
1342 2465 1405 2507 non
1422 2446 1515 2508 modo
1531 2465 1600 2518 nos,
1622 2443 1678 2507 sed
1696 2465 1764 2508 om·

437 2536 514 2599 nino
538 2536 599 2599 vita
621 2538 782 2602 hominum
804 2539 872 2601 sine
894 2549 925 2601 te
948 2560 1017 2601 esse
1040 2539 1215 2620 potuisset?
1244 2540 1290 2599 Tu
1315 2538 1400 2601 urbis
1422 2540 1590 2621 peperisti,
1614 2549 1646 2602 tu
1669 2540 1764 2602 dissi·

438 2640 530 2713 patos
560 2631 706 2695 homines
739 2633 771 2694 in
802 2634 984 2696 societatem
1013 2633 1094 2695 vitae
1123 2632 1320 2705 convocasti,
1356 2642 1388 2693 tu
1419 2653 1473 2695 eos
1500 2634 1583 2695 inter·
1605 2654 1639 2697 se
1661 2634 1762 2716 primo

399 2735 428 2781 ⁴⁵
437 2724 623 2800 domiciliis,
645 2726 761 2789 deinde
783 2727 956 2807 coniugiis,
978 2737 1045 2790 tum
1068 2726 1241 2789 litterarum
1265 2735 1296 2786 et
1319 2746 1428 2789 vocum
1451 2729 1670 2790 communione
1692 2726 1764 2788 iun·

440 2818 530 2893 xisti,
551 2827 585 2881 tu
607 2821 765 2884 inventrix
789 2821 907 2903 legum,
930 2830 964 2884 tu
988 2823 1134 2904 magistra
1157 2841 1279 2883 morum
1302 2827 1333 2882 ot
1347 2819 1531 2903 disciplinae
1548 2819 1646 2883 luisti.
1668 2821 1715 2883 Ad
1732 2829 1764 2883 te

439 2911 653 2995 confugimus,
676 2935 695 2978 a
717 2924 747 2978 te
770 2937 862 3000 opem
885 2916 1037 3001 petimus,
1056 2915 1117 2977 tibi
1141 2935 1215 2988 uos,
1238 2923 1272 2977 ut
1293 2922 1385 2977 antea
1409 2932 1520 2995 magna
1536 2932 1577 2975 ex
1598 2922 1695 2995 parte,
1718 2914 1764 2977 sic

436 3025 523 3070 nunc
543 3010 670 3093 penitus
692 3018 836 3092 totosque
859 3009 1021 3072 tradimus.
1059 3011 1116 3072 Est
1137 3020 1240 3072 autem
1262 3028 1343 3070 unus
1365 3007 1432 3069 dies
1455 3006 1537 3070 bene
1560 3015 1591 3068 et
1612 3027 1652 3069 ex
1675 3027 1765 3090 prae·

439 3101 542 3183 ceptis
571 3102 634 3165 tuis
662 3111 749 3166 actus
777 3104 920 3187 peccanti
947 3104 1164 3167 inmortalitati
1187 3100 1440 3183 anteponendus.
1473 3100 1567 3162 Cuius
1590 3100 1686 3181 igitur
1708 3119 1765 3183 po-

400 3192 501 3255 sotius
523 3195 637 3277 opibus
661 3205 786 3258 utamur
807 3215 902 3279 quam
925 3196 998 3269 tuis,
1021 3218 1103 3281 quae
1120 3206 1151 3259 et
1167 3196 1248 3259 vitae
1270 3193 1529 3277 tranquillitatem
1549 3192 1660 3276 largita
1675 3193 1766 3257 uobis

440 3308 474 3351 es
496 3296 529 3351 et
549 3297 698 3351 termrem
721 3290 831 3352 mortis
853 3289 1035 3352 sustulisti?

442 3377 448 3385 ’
523 3380 554 3446 6.
575 3388 620 3446 Ac
643 3384 843 3468 philosophia
865 3386 992 3467 quidem
1016 3394 1136 3447 tantum
1159 3385 1248 3446 abest
1270 3394 1304 3445 ut
1326 3383 1458 3465 proinde
1481 3402 1517 3445 ac
1538 3382 1576 3444 de
1599 3381 1763 3444 hominum

438 3485 488 3541 est
509 3478 571 3540 vita
594 3480 705 3542 merita
728 3477 888 3552 laudetur,
912 3489 945 3541 ut
966 3498 985 3540 a
1006 3477 1169 3561 plerisque
1191 3477 1333 3558 neglecta
1355 3497 1374 3537 a
1396 3476 1502 3538 multis
1525 3478 1618 3538 ctiam
1641 3476 1766 3560 vitupe-

437 3580 533 3634 retur.
573 3572 758 3655 Vituperare
788 3572 954 3655 quisquam
984 3572 1066 3633 vitae
1089 3581 1251 3653 parentem
1274 3580 1305 3632 et
1331 3570 1390 3633 hoc
1414 3570 1583 3649 parricidio
1605 3590 1639 3633 se
1661 3572 1766 3654 inqui·

401 3673 515 3728 tiuare
548 3664 644 3729 audet
673 3677 705 3728 et
734 3675 795 3728 tam
826 3665 920 3748 impie
943 3665 1082 3747 ingratus
1105 3685 1189 3738 esse,
1222 3674 1257 3726 ut
1279 3685 1347 3727 earu
1369 3673 1512 3738 accuset,
1547 3685 1641 3747 quam
1665 3665 1766 3727 vereri

350 3794 354 3803 ·
440 3758 584 3831 deberet,
607 3759 701 3821 etiam
724 3760 750 3820 si
773 3760 877 3821 minus
899 3761 1062 3840 percipere
1085 3760 1262 3841 potuisset?
1293 3757 1371 3826 Sed,
1394 3766 1427 3819 ut
1449 3757 1578 3840 opinor,
1603 3756 1655 3819 bic
1677 3778 1766 3820 error

440 3850 571 3915 ethaeo
600 3851 797 3915 indoctorum
824 3853 936 3914 animis
959 3853 1059 3914 offusa
1081 3853 1182 3934 caligo
1204 3862 1268 3924 est,
1297 3850 1382 3932 quod
1405 3859 1468 3912 tum
1492 3851 1585 3932 louge
1607 3859 1692 3913 retro
1716 3872 1768 3914 re-

440 3946 563 4028 spicere
591 3965 654 4007 non
681 3954 814 4027 possunt
844 3966 901 4008 uec
932 3963 1003 4020 eos,
1032 3946 1187 4027 aquibus
1209 3948 1270 4008 vita
1294 3946 1456 4008 hominum
1480 3944 1634 4021 instructa
1656 3944 1767 4027 primis

441 4047 498 4113 est,
521 4037 619 4128 luisse
643 4039 850 4123 philosophos
871 4040 1072 4102 arbitrantur.

403 4141 432 4187 ³⁰
524 4133 578 4194 lll.
601 4130 631 4194 7.
654 4133 757 4209 Quam
780 4154 845 4195 rem
867 4133 1118 4214 antiquissimam
1141 4154 1210 4195 cum
1235 4130 1411 4204 uideamus,
1433 4151 1550 4192 nomen
1573 4142 1676 4194 tamen
1697 4152 1768 4195 esse

440 4223 626 4289 confitemur
648 4246 768 4288 recens.
803 4228 879 4289 Nam
902 4226 1091 4307 sapientiam
1106 4227 1234 4310 quidem
1250 4227 1349 4306 ipsam
1366 4226 1437 4306 quis
1453 4245 1568 4306 negare
1585 4234 1689 4307 potest
1705 4246 1767 4289 non

441 4322 535 4386 modo
558 4342 591 4383 re
613 4342 683 4383 esse
705 4321 883 4403 antiquam,
907 4340 1013 4383 verum
1037 4319 1131 4381 etiam
1156 4319 1305 4380 nomine?
1328 4337 1408 4400 quae
1425 4317 1598 4381 divinarum
1617 4320 1770 4382 bumana·

440 4435 571 4496 rumque
593 4434 711 4489 rerum,
739 4425 804 4477 tum
826 4415 988 4477 initiorum
1011 4432 1242 4493 causarumque
1265 4413 1416 4493 cuiusque
1440 4414 1484 4473 rei
1507 4415 1684 4494 cognitione
1706 4413 1769 4475 hoc

441 4506 682 4592 pulcherrimum
705 4528 821 4570 nomen
843 4508 925 4589 apud
946 4507 1094 4589 antiquos
1114 4506 1355 4588 adsequebatur.
1387 4506 1494 4587 ltaque
1512 4514 1545 4568 et
1559 4506 1629 4568 illos
1646 4514 1768 4587 septem

403 4596 510 4684 &tiqui
532 4620 551 4663 a
573 4600 700 4665 Graecis
722 4612 838 4680 σοφοί,
861 4602 1021 4683 sapientes
1043 4600 1192 4663 anostris
1209 4608 1240 4661 et
1255 4597 1452 4662 habebantur
1467 4610 1497 4662 et
1511 4597 1766 4683 nominabantur]

507 4817 530 4864 t.
548 4817 629 4865 uirtus
650 4814 721 4865 delet
742 4814 811 4864 Bekc
829 4812 846 4864 l.
865 4812 881 4862 l.
902 4827 927 4877 p.
948 4814 1002 4862 ⁴08.
1025 4839 1049 4847 -
1075 4814 1098 4861 1.
1118 4813 1215 4862 homine
1232 4815 1281 4862 Gli
1303 4840 1329 4849 -
1349 4815 1372 4862 o.
1392 4826 1448 4861 cum
1467 4805 1629 4874 Tregderus:
1649 4820 1702 4882 trau
1719 4816 1769 4866 CO

444 4918 470 4927 -
489 4891 512 4939 6.
532 4890 799 4940 rorum--molumus
815 4889 914 4938 Nonius
933 4901 957 4951 p.
976 4888 1032 4936 sir.
1055 4914 1081 4923 -
1101 4888 1224 4937 mmucrc
1240 4900 1294 4936 om.
1314 4885 1343 4936 G¹
1365 4914 1388 4922 -
1410 4889 1450 4936 tt.
1471 4887 1770 4950 Ocitcc--potuisrct?

443 4967 478 5016 Tu
493 4967 621 5015 inueniris
630 4991 644 5002 -
653 4990 667 5001 ·
677 4965 747 5026 fuisti
764 4964 914 5014 Lactantius
932 4963 974 5021 lll,
988 4960 1034 5018 13;
1053 4975 1068 5008 o
1084 4964 1151 5012 vitus
1162 4989 1174 4998 -
1185 4988 1199 4998 -
1210 4963 1389 5024 sepultusque
1405 4962 1523 5010 uitiorum
1541 4963 1689 5013 Priscianus
1702 4964 1768 5023 vul,

442 5042 466 5100 t,
484 5039 509 5090 i.
531 5067 557 5076 -
583 5041 621 5089 ti.
640 5041 756 5089 uirtusll
777 5066 803 5076 -
827 5039 1005 5098 excultrixque
1021 5038 1080 5085 Gli¹
1106 5064 1131 5072 -
1157 5037 1197 5087 st.
1217 5037 1386 5086 coursoccuirti
1405 5038 1422 5085 li
1444 5061 1470 5072 -
1497 5037 1536 5086 19.
1554 5039 1673 5097 peccandi
1691 5038 1720 5087 111
1740 5064 1766 5074 -

440 5114 683 5165 1041011161-
703 5116 743 5163 22.
761 5114 796 5163 Ac
813 5114 848 5163 C:
866 5114 974 5163 ,110-
993 5111 1033 5161 23.
1053 5113 1161 5161 neclecta
1179 5114 1238 5161 11-
1258 5113 1299 5163 it.
1314 5113 1480 5174 Quisquamne
1497 5114 1640 5172 uituperare
1655 5114 1769 5162 sitnon
1820 5140 1822 5145 -

441 5189 533 5239 oudam
549 5194 572 5238 ct
587 5216 602 5226 -
615 5214 628 5225 ·
645 5189 761 5252 ingratus
777 5190 849 5237 osec?
874 5187 1025 5236 Lactantius
1043 5187 1084 5245 lli,
1105 5184 1145 5235 ti.
1168 5213 1191 5221 -
1214 5188 1254 5237 18.
1271 5189 1361 5249 primis
1377 5193 1411 5236 est
1427 5188 1497 5237 Belo
1516 5186 1532 5236 Ι.
1551 5186 1568 5236 Ι.
1589 5201 1613 5251 p.
1634 5188 1693 5238 ⁴08:
1711 5190 1769 5250 psi-

398 5251 401 5257 *
440 5266 522 5314 miscet
538 5264 652 5312 corr.'in
668 5262 837 5324 primissime:
860 5263 938 5323 primi
954 5262 984 5308 sit
1002 5262 1035 5312 G:
1053 5257 1139 5321 primis
1154 5262 1236 5309 sitii:
1264 5262 1399 5321 primissit
1416 5262 1436 5310 O
1456 5287 1482 5295 —
1503 5260 1543 5311 33.
1562 5275 1769 5312 rerum--cnu-

439 5351 574 5398 sermoque
591 5338 617 5387 in
635 5350 717 5401 marg.
737 5351 751 5386 a
770 5351 805 5387 ru.
825 5350 878 5386 sec.
900 5336 981 5384 babet
999 5339 1019 5384 G
1039 5361 1064 5369 —
1093 5337 1211 5398 cuiusque
1228 5337 1260 5385 B:
1280 5337 1351 5383 cuius
1368 5336 1415 5384 Gli
1437 5363 1462 5371 -
1483 5336 1523 5385 35.
1543 5337 1604 5385 «Vix
1623 5336 1769 5388 credideris

441 5426 536 5464 omncs
559 5413 689 5476 patienter
713 5410 803 5461 tulisse
820 5411 902 5460 verba
921 5412 1011 5471 quin
1023 5410 1226 5459 nominabuntur.
1247 5411 1393 5460 Tulliumne
1412 5415 1463 5460 um
1483 5411 1609 5461 inluuiem
1627 5413 1721 5472 luisse,
1740 5417 1770 5463 ut

442 5489 557 5538 diceret:
575 5487 632 5535 illos
647 5493 750 5547 septam,
770 5487 812 5546 qui
829 5488 951 5547 supienter
968 5485 1122 5534 bobcboatur
1134 5490 1156 5533 et
1173 5485 1378 5543 nominabuntur,
1397 5487 1536 5546 occepimus
1552 5491 1574 5534 ct
1591 5486 1665 5546 tuisse
1681 5494 1703 5535 ct
1721 5487 1769 5536 bu-

441 5564 503 5613 otios
519 5576 567 5611 csso
583 5562 724 5624 supienter?
741 5560 841 5610 Deinde
860 5572 992 5619 quaenam
1011 5563 1052 5608 est
1069 5561 1117 5608 ista
1137 5559 1249 5607 eruditio
1267 5573 1280 5606 a
1300 5560 1407 5609 Graecis
1425 5558 1481 5609 illos
1493 5556 1607 5622 σοφοὺς
1620 5562 1768 5613 nominatos

442 5650 503 5689 esse
520 5638 670 5687 monentis?
688 5639 768 5687 Porro
785 5649 800 5683 a
819 5635 942 5683 Romanis
959 5635 1038 5683 etiam
1057 5635 1194 5684 Ciceronis
1211 5637 1296 5683 aetate
1315 5639 1419 5697 septem
1439 5634 1472 5685 illi
1490 5637 1624 5697 sapientes
1642 5636 1669 5683 ct
1686 5633 1768 5684 habiti

442 5716 469 5763 et
486 5713 611 5763 nominati
628 5715 702 5771 sunt,
721 5714 750 5760 ut
768 5714 873 5772 ternpus
891 5707 1076 5772 imperiectum
1095 5710 1275 5770 importunum
1288 5720 1347 5757 esse
1361 5708 1544 5769 intelligamus.
1563 5708 1683 5770 Denique
1696 5708 1766 5758 unda

442 5788 510 5837 baec
527 5786 609 5835 verba
627 5791 707 5850 petita
724 5788 776 5836 siut
793 5784 868 5834 tacite
887 5785 1058 5847 perspicitur:
1078 5797 1138 5832 nuru
1156 5785 1172 5845 s
1189 5786 1204 5832 8
1223 5784 1288 5832 haec
1306 5781 1430 5845 legimus:
1449 5798 1466 5831 o
1479 5783 1567 5843 quibus
1578 5783 1645 5831 ducti
1655 5782 1767 5845 deinceps

442 5876 541 5922 omncs,
559 5864 604 5922 oui
619 5863 646 5911 iu
661 5874 747 5911 cuum
763 5859 967 5921 contemplatione
982 5858 1064 5907 studia
1079 5858 1214 5919 ponebant,
1233 5858 1353 5919 sopientes
1370 5864 1392 5907 at
1403 5857 1556 5907 habebuntur
1566 5861 1589 5907 ct
1599 5857 1766 5905 uomiuobcn-
1824 5891 1833 5908 ,

444 5943 495 5998 tur,
513 5950 566 6001 quo
582 5935 641 5988 loco
659 5938 726 5988 baec
743 5934 826 5987 verba
842 5935 977 6000 aptissima
995 5946 1055 5985 esse
1072 5935 1170 5997 peleto
1189 5932 1270 5983 liure.
1289 5935 1392 5982 Sacris.
1414 5958 1441 5969 -
1459 5932 1599 5983 humantur
1614 5933 1673 5989 Gli.
