<?xml version="1.0" encoding="UTF-8"?>
<!DOCTYPE html PUBLIC "-//W3C//DTD XHTML 1.0 Transitional//EN"
    "http://www.w3.org/TR/xhtml1/DTD/xhtml1-transitional.dtd">
<html xmlns="http://www.w3.org/1999/xhtml" xml:lang="en" lang="en">
 <head>
  <title>
</title>
<meta http-equiv="Content-Type" content="text/html;charset=utf-8" />
  <meta name='ocr-system' content='tesseract 3.04.00' />
  <meta name='ocr-capabilities' content='ocr_page ocr_carea ocr_par ocr_line ocrx_word'/>
</head>
<body>
  <div class='ocr_page' id='page_1' title='image "./operaquaesupers00halmgoog/operaquaesupers00halmgoog_0554.png"; bbox 0 0 4342 7459; ppageno 0'>
   <div class='ocr_carea' id='block_1_1' title="bbox 440 1226 1268 1296">
    <p class='ocr_par' dir='ltr' id='par_1_1' title="bbox 440 1226 1268 1296">
     <span class='ocr_line' id='line_1_1' title="bbox 440 1226 1268 1296; baseline 0.004 -3"><span class='ocrx_word' id='word_1_1' title='bbox 440 1226 503 1294; x_wconf 74' lang='lat'><strong>538</strong></span> <span class='ocrx_word' id='word_1_2' title='bbox 924 1231 979 1293; x_wconf 85' lang='lat' dir='ltr'><strong>DE</strong></span> <span class='ocrx_word' id='word_1_3' title='bbox 1001 1231 1268 1296; x_wconf 76' lang='lat' dir='ltr'>DIVINATIONE</span> 
     </span>
    </p>
   </div>
   <div class='ocr_carea' id='block_1_2' title="bbox 415 1393 1772 2128">
    <p class='ocr_par' dir='ltr' id='par_1_2' title="bbox 415 1393 1772 2128">
     <span class='ocr_line' id='line_1_2' title="bbox 441 1393 1770 1477; baseline 0.002 -17"><span class='ocrx_word' id='word_1_4' title='bbox 441 1396 476 1460; x_wconf 91' lang='lat' dir='ltr'><strong>ni</strong></span> <span class='ocrx_word' id='word_1_5' title='bbox 497 1394 633 1470; x_wconf 72' lang='lat' dir='ltr'><strong>fecisset,</strong></span> <span class='ocrx_word' id='word_1_6' title='bbox 655 1415 720 1458; x_wconf 90' lang='lat' dir='ltr'><strong>ano</strong></span> <span class='ocrx_word' id='word_1_7' title='bbox 741 1394 774 1457; x_wconf 94' lang='lat' dir='ltr'><strong>in</strong></span> <span class='ocrx_word' id='word_1_8' title='bbox 797 1393 869 1458; x_wconf 90' lang='lat' dir='ltr'><strong>loco</strong></span> <span class='ocrx_word' id='word_1_9' title='bbox 891 1413 1002 1458; x_wconf 91' lang='lat' dir='ltr'><strong>omnes</strong></span> <span class='ocrx_word' id='word_1_10' title='bbox 1023 1394 1277 1458; x_wconf 80' lang='lat' dir='ltr'><strong>adversariorum</strong></span> <span class='ocrx_word' id='word_1_11' title='bbox 1292 1394 1405 1477; x_wconf 90' lang='lat' dir='ltr'><strong>copiae</strong></span> <span class='ocrx_word' id='word_1_12' title='bbox 1419 1394 1654 1459; x_wconf 82' lang='lat' dir='ltr'><strong>convenissent.</strong></span> <span class='ocrx_word' id='word_1_13' title='bbox 1683 1395 1770 1474; x_wconf 86' lang='lat' dir='ltr'><strong>Quid</strong></span> 
     </span>
     <span class='ocr_line' id='line_1_3' title="bbox 442 1489 1770 1572; baseline 0.002 -19"><span class='ocrx_word' id='word_1_14' title='bbox 442 1507 502 1572; x_wconf 85' lang='lat' dir='ltr'><strong>ego</strong></span> <span class='ocrx_word' id='word_1_15' title='bbox 524 1489 727 1572; x_wconf 75' lang='lat' dir='ltr'><strong>haruspicum</strong></span> <span class='ocrx_word' id='word_1_16' title='bbox 748 1508 900 1572; x_wconf 83' lang='lat' dir='ltr'><strong>responsa</strong></span> <span class='ocrx_word' id='word_1_17' title='bbox 923 1508 1167 1551; x_wconf 83' lang='lat' dir='ltr'><strong>commemorem</strong></span> <span class='ocrx_word' id='word_1_18' title='bbox 1196 1524 1237 1538; x_wconf 89' lang='lat'><em>-</em></span> <span class='ocrx_word' id='word_1_19' title='bbox 1265 1509 1397 1571; x_wconf 88' lang='lat' dir='ltr'><strong>possum</strong></span> <span class='ocrx_word' id='word_1_20' title='bbox 1419 1489 1568 1571; x_wconf 76' lang='lat' dir='ltr'><strong>equidem</strong></span> <span class='ocrx_word' id='word_1_21' title='bbox 1589 1490 1770 1556; x_wconf 91' lang='lat' dir='ltr'><strong>innumera·</strong></span> 
     </span>
     <span class='ocr_line' id='line_1_4' title="bbox 441 1581 1771 1667; baseline 0.003 -20"><span class='ocrx_word' id='word_1_22' title='bbox 441 1584 518 1648; x_wconf 81' lang='lat' dir='ltr'>bilia</span> <span class='ocrx_word' id='word_1_23' title='bbox 533 1618 590 1658; x_wconf 95' lang='lat'><strong>-,</strong></span> <span class='ocrx_word' id='word_1_24' title='bbox 607 1602 690 1667; x_wconf 91' lang='lat' dir='ltr'><strong>quae</strong></span> <span class='ocrx_word' id='word_1_25' title='bbox 711 1592 767 1647; x_wconf 86' lang='lat' dir='ltr'><strong>aut</strong></span> <span class='ocrx_word' id='word_1_26' title='bbox 788 1583 895 1646; x_wconf 92' lang='lat' dir='ltr'><strong>nullos</strong></span> <span class='ocrx_word' id='word_1_27' title='bbox 917 1582 1086 1646; x_wconf 87' lang='lat' dir='ltr'><strong>habuerint</strong></span> <span class='ocrx_word' id='word_1_28' title='bbox 1108 1584 1211 1647; x_wconf 78' lang='lat' dir='ltr'><strong>exitus</strong></span> <span class='ocrx_word' id='word_1_29' title='bbox 1232 1592 1288 1646; x_wconf 89' lang='lat' dir='ltr'><strong>ant</strong></span> <span class='ocrx_word' id='word_1_30' title='bbox 1310 1584 1505 1647; x_wconf 76' lang='lat' dir='ltr'><strong>contrarios?</strong></span> <span class='ocrx_word' id='word_1_31' title='bbox 1535 1581 1588 1645; x_wconf 84' lang='lat'><strong>53.</strong></span> <span class='ocrx_word' id='word_1_32' title='bbox 1604 1584 1771 1651; x_wconf 82' lang='lat' dir='ltr'><strong>Hoocirili</strong></span> 
     </span>
     <span class='ocr_line' id='line_1_5' title="bbox 440 1677 1771 1761; baseline 0 -19"><span class='ocrx_word' id='word_1_33' title='bbox 440 1679 542 1753; x_wconf 90' lang='lat' dir='ltr'><strong>bello,</strong></span> <span class='ocrx_word' id='word_1_34' title='bbox 572 1679 604 1741; x_wconf 96' lang='lat' dir='ltr'><strong>di</strong></span> <span class='ocrx_word' id='word_1_35' title='bbox 628 1677 832 1740; x_wconf 76' lang='lat' dir='ltr'><strong>inmortales!</strong></span> <span class='ocrx_word' id='word_1_36' title='bbox 868 1696 964 1761; x_wconf 84' lang='lat' dir='ltr'><strong>qnam</strong></span> <span class='ocrx_word' id='word_1_37' title='bbox 991 1677 1089 1741; x_wconf 89' lang='lat' dir='ltr'><strong>multe</strong></span> <span class='ocrx_word' id='word_1_38' title='bbox 1120 1677 1283 1741; x_wconf 90' lang='lat' dir='ltr'><strong>luseruntl</strong></span> <span class='ocrx_word' id='word_1_39' title='bbox 1319 1697 1402 1761; x_wconf 90' lang='lat' dir='ltr'><strong>quae</strong></span> <span class='ocrx_word' id='word_1_40' title='bbox 1432 1677 1524 1740; x_wconf 80' lang='lat' dir='ltr'><strong>nobie</strong></span> <span class='ocrx_word' id='word_1_41' title='bbox 1550 1678 1585 1740; x_wconf 91' lang='lat' dir='ltr'><strong>in</strong></span> <span class='ocrx_word' id='word_1_42' title='bbox 1606 1678 1771 1743; x_wconf 82' lang='lat' dir='ltr'><strong>Graeciam</strong></span> 
     </span>
     <span class='ocr_line' id='line_1_6' title="bbox 415 1771 1770 1856; baseline 0.001 -20"><span class='ocrx_word' id='word_1_43' title='bbox 415 1778 539 1837; x_wconf 82' lang='lat' dir='ltr'><strong>ultuma</strong></span> <span class='ocrx_word' id='word_1_44' title='bbox 567 1791 720 1855; x_wconf 87' lang='lat' dir='ltr'><strong>responsa</strong></span> <span class='ocrx_word' id='word_1_45' title='bbox 748 1771 951 1856; x_wconf 76' lang='lat' dir='ltr'><strong>haruspicum</strong></span> <span class='ocrx_word' id='word_1_46' title='bbox 980 1774 1075 1835; x_wconf 89' lang='lat' dir='ltr'><strong>missa</strong></span> <span class='ocrx_word' id='word_1_47' title='bbox 1099 1772 1189 1835; x_wconf 91' lang='lat' dir='ltr'><strong>suntl</strong></span> <span class='ocrx_word' id='word_1_48' title='bbox 1225 1790 1309 1855; x_wconf 87' lang='lat' dir='ltr'><strong>quae</strong></span> <span class='ocrx_word' id='word_1_49' title='bbox 1331 1771 1417 1834; x_wconf 90' lang='lat' dir='ltr'><strong>dicta</strong></span> <span class='ocrx_word' id='word_1_50' title='bbox 1438 1771 1606 1854; x_wconf 86' lang='lat' dir='ltr'><strong>Pompeiol</strong></span> <span class='ocrx_word' id='word_1_51' title='bbox 1643 1773 1770 1837; x_wconf 78' lang='lat' dir='ltr'><strong>Etenim</strong></span> 
     </span>
     <span class='ocr_line' id='line_1_7' title="bbox 439 1865 1770 1942; baseline 0.001 -13"><span class='ocrx_word' id='word_1_52' title='bbox 439 1867 494 1929; x_wconf 94' lang='lat' dir='ltr'><strong>ille</strong></span> <span class='ocrx_word' id='word_1_53' title='bbox 522 1866 693 1930; x_wconf 77' lang='lat' dir='ltr'><strong>admodum</strong></span> <span class='ocrx_word' id='word_1_54' title='bbox 724 1867 805 1930; x_wconf 80' lang='lat' dir='ltr'><strong>extis</strong></span> <span class='ocrx_word' id='word_1_55' title='bbox 834 1874 866 1929; x_wconf 90' lang='lat' dir='ltr'><strong>et</strong></span> <span class='ocrx_word' id='word_1_56' title='bbox 895 1867 1027 1929; x_wconf 87' lang='lat' dir='ltr'><strong>ostentis</strong></span> <span class='ocrx_word' id='word_1_57' title='bbox 1056 1867 1252 1929; x_wconf 87' lang='lat' dir='ltr'><strong>movebatur.</strong></span> <span class='ocrx_word' id='word_1_58' title='bbox 1296 1868 1366 1928; x_wconf 89' lang='lat' dir='ltr'><strong>Non</strong></span> <span class='ocrx_word' id='word_1_59' title='bbox 1396 1865 1484 1928; x_wconf 91' lang='lat' dir='ltr'><strong>lubet</strong></span> <span class='ocrx_word' id='word_1_60' title='bbox 1509 1885 1770 1942; x_wconf 79' lang='lat' dir='ltr'><strong>commemorare,</strong></span> 
     </span>
     <span class='ocr_line' id='line_1_8' title="bbox 438 1957 1772 2043; baseline 0.001 -20"><span class='ocrx_word' id='word_1_61' title='bbox 438 1979 498 2024; x_wconf 93' lang='lat' dir='ltr'><strong>nec</strong></span> <span class='ocrx_word' id='word_1_62' title='bbox 521 1981 596 2025; x_wconf 87' lang='lat' dir='ltr'><strong>sero</strong></span> <span class='ocrx_word' id='word_1_63' title='bbox 619 1980 747 2024; x_wconf 89' lang='lat' dir='ltr'><strong>necesse</strong></span> <span class='ocrx_word' id='word_1_64' title='bbox 769 1967 829 2035; x_wconf 89' lang='lat' dir='ltr'><strong>est,</strong></span> <span class='ocrx_word' id='word_1_65' title='bbox 852 1961 907 2024; x_wconf 86' lang='lat' dir='ltr'><strong>tibi</strong></span> <span class='ocrx_word' id='word_1_66' title='bbox 929 1963 1133 2043; x_wconf 88' lang='lat' dir='ltr'><strong>praesertim,</strong></span> <span class='ocrx_word' id='word_1_67' title='bbox 1150 1961 1205 2043; x_wconf 89' lang='lat' dir='ltr'><strong>qui</strong></span> <span class='ocrx_word' id='word_1_68' title='bbox 1221 1960 1404 2023; x_wconf 69' lang='lat' dir='ltr'><strong>interfuisti.</strong></span> <span class='ocrx_word' id='word_1_69' title='bbox 1433 1957 1527 2023; x_wconf 84' lang='lat' dir='ltr'><strong>Vides</strong></span> <span class='ocrx_word' id='word_1_70' title='bbox 1542 1968 1647 2024; x_wconf 89' lang='lat' dir='ltr'><strong>tamen</strong></span> <span class='ocrx_word' id='word_1_71' title='bbox 1662 1962 1772 2025; x_wconf 87' lang='lat' dir='ltr'><strong>omnia</strong></span> 
     </span>
     <span class='ocr_line' id='line_1_9' title="bbox 438 2052 1771 2128; baseline 0.002 -10"><span class='ocrx_word' id='word_1_72' title='bbox 438 2055 506 2118; x_wconf 84' lang='lat' dir='ltr'><strong>lere</strong></span> <span class='ocrx_word' id='word_1_73' title='bbox 527 2063 637 2120; x_wconf 88' lang='lat' dir='ltr'><strong>contra</strong></span> <span class='ocrx_word' id='word_1_74' title='bbox 658 2073 695 2120; x_wconf 91' lang='lat' dir='ltr'><strong>ac</strong></span> <span class='ocrx_word' id='word_1_75' title='bbox 718 2052 800 2118; x_wconf 91' lang='lat' dir='ltr'><strong>diota</strong></span> <span class='ocrx_word' id='word_1_76' title='bbox 822 2055 885 2118; x_wconf 91' lang='lat' dir='ltr'><strong>sint</strong></span> <span class='ocrx_word' id='word_1_77' title='bbox 907 2055 1061 2117; x_wconf 85' lang='lat' dir='ltr'><strong>evenisse.</strong></span> <span class='ocrx_word' id='word_1_78' title='bbox 1095 2054 1157 2117; x_wconf 88' lang='lat' dir='ltr'><strong>Sed</strong></span> <span class='ocrx_word' id='word_1_79' title='bbox 1180 2052 1258 2118; x_wconf 90' lang='lat' dir='ltr'><strong>baec</strong></span> <span class='ocrx_word' id='word_1_80' title='bbox 1279 2054 1452 2128; x_wconf 82' lang='lat' dir='ltr'><strong>hactenus3</strong></span> <span class='ocrx_word' id='word_1_81' title='bbox 1474 2074 1559 2118; x_wconf 90' lang='lat' dir='ltr'><strong>nunc</strong></span> <span class='ocrx_word' id='word_1_82' title='bbox 1581 2054 1622 2118; x_wconf 91' lang='lat' dir='ltr'><strong>ad</strong></span> <span class='ocrx_word' id='word_1_83' title='bbox 1645 2062 1771 2121; x_wconf 83' lang='lat' dir='ltr'><strong>ostenta</strong></span> 
     </span>
    </p>
   </div>
   <div class='ocr_carea' id='block_1_3' title="bbox 402 2167 1773 2610">
    <p class='ocr_par' dir='ltr' id='par_1_3' title="bbox 438 2167 614 2213">
     <span class='ocr_line' id='line_1_10' title="bbox 438 2167 614 2213; baseline 0 -2"><span class='ocrx_word' id='word_1_84' title='bbox 438 2167 614 2213; x_wconf 87' lang='lat' dir='ltr'><strong>veniamus.</strong></span> 
     </span>
    </p>

    <p class='ocr_par' dir='ltr' id='par_1_4' title="bbox 402 2216 1773 2610">
     <span class='ocr_line' id='line_1_11' title="bbox 402 2216 1772 2325; baseline 0.001 -19"><span class='ocrx_word' id='word_1_85' title='bbox 402 2261 431 2308; x_wconf 87' lang='lat' dir='ltr'><strong>to</strong></span> <span class='ocrx_word' id='word_1_86' title='bbox 523 2243 622 2306; x_wconf 82' lang='lat' dir='ltr'><strong>XXV.</strong></span> <span class='ocrx_word' id='word_1_87' title='bbox 644 2239 695 2307; x_wconf 85' lang='lat' dir='ltr'><strong>5t.</strong></span> <span class='ocrx_word' id='word_1_88' title='bbox 717 2244 815 2308; x_wconf 85' lang='lat' dir='ltr'><strong>Multa</strong></span> <span class='ocrx_word' id='word_1_89' title='bbox 837 2265 888 2307; x_wconf 91' lang='lat' dir='ltr'><strong>me</strong></span> <span class='ocrx_word' id='word_1_90' title='bbox 910 2216 1042 2307; x_wconf 61' lang='lat' dir='ltr'><strong>condole</strong></span> <span class='ocrx_word' id='word_1_91' title='bbox 1064 2262 1083 2306; x_wconf 94' lang='lat' dir='ltr'><strong>a</strong></span> <span class='ocrx_word' id='word_1_92' title='bbox 1106 2263 1156 2305; x_wconf 92' lang='lat' dir='ltr'><strong>me</strong></span> <span class='ocrx_word' id='word_1_93' title='bbox 1179 2244 1250 2325; x_wconf 90' lang='lat' dir='ltr'><strong>ipso</strong></span> <span class='ocrx_word' id='word_1_94' title='bbox 1273 2243 1388 2325; x_wconf 89' lang='lat' dir='ltr'><strong>scripta</strong></span> <span class='ocrx_word' id='word_1_95' title='bbox 1410 2242 1559 2317; x_wconf 78' lang='lat' dir='ltr'><strong>recitasti,</strong></span> <span class='ocrx_word' id='word_1_96' title='bbox 1581 2244 1682 2307; x_wconf 76' lang='lat' dir='ltr'><strong>nulta</strong></span> <span class='ocrx_word' id='word_1_97' title='bbox 1696 2252 1772 2307; x_wconf 88' lang='lat' dir='ltr'><strong>ante</strong></span> 
     </span>
     <span class='ocr_line' id='line_1_12' title="bbox 439 2336 1773 2411; baseline 0.001 -11"><span class='ocrx_word' id='word_1_98' title='bbox 439 2336 607 2401; x_wconf 85' lang='lat' dir='ltr'><strong>blarsicum</strong></span> <span class='ocrx_word' id='word_1_99' title='bbox 630 2339 748 2401; x_wconf 89' lang='lat' dir='ltr'><strong>bellurn</strong></span> <span class='ocrx_word' id='word_1_100' title='bbox 771 2358 790 2401; x_wconf 94' lang='lat' dir='ltr'><strong>a</strong></span> <span class='ocrx_word' id='word_1_101' title='bbox 812 2339 945 2401; x_wconf 79' lang='lat' dir='ltr'><strong>Sisenna</strong></span> <span class='ocrx_word' id='word_1_102' title='bbox 969 2339 1101 2402; x_wconf 90' lang='lat' dir='ltr'><strong>collecta</strong></span> <span class='ocrx_word' id='word_1_103' title='bbox 1122 2338 1266 2411; x_wconf 79' lang='lat' dir='ltr'><strong>attulisti,</strong></span> <span class='ocrx_word' id='word_1_104' title='bbox 1290 2338 1387 2399; x_wconf 88' lang='lat' dir='ltr'><strong>multe</strong></span> <span class='ocrx_word' id='word_1_105' title='bbox 1409 2345 1482 2400; x_wconf 92' lang='lat' dir='ltr'><strong>ante</strong></span> <span class='ocrx_word' id='word_1_106' title='bbox 1505 2338 1773 2402; x_wconf 87' lang='lat' dir='ltr'><strong>Lacedaemonio·</strong></span> 
     </span>
     <span class='ocr_line' id='line_1_13' title="bbox 439 2430 1772 2516; baseline 0.003 -23"><span class='ocrx_word' id='word_1_107' title='bbox 439 2450 508 2493; x_wconf 91' lang='lat' dir='ltr'><strong>rum</strong></span> <span class='ocrx_word' id='word_1_108' title='bbox 530 2431 644 2495; x_wconf 89' lang='lat' dir='ltr'><strong>malem</strong></span> <span class='ocrx_word' id='word_1_109' title='bbox 665 2452 803 2516; x_wconf 92' lang='lat' dir='ltr'><strong>pugnam</strong></span> <span class='ocrx_word' id='word_1_110' title='bbox 825 2433 859 2495; x_wconf 93' lang='lat' dir='ltr'><strong>in</strong></span> <span class='ocrx_word' id='word_1_111' title='bbox 881 2432 1026 2495; x_wconf 88' lang='lat' dir='ltr'><strong>Leuctris</strong></span> <span class='ocrx_word' id='word_1_112' title='bbox 1049 2430 1277 2495; x_wconf 88' lang='lat' dir='ltr'><strong>aCellistbene</strong></span> <span class='ocrx_word' id='word_1_113' title='bbox 1300 2438 1543 2494; x_wconf 89' lang='lat' dir='ltr'><strong>commemorata</strong></span> <span class='ocrx_word' id='word_1_114' title='bbox 1566 2431 1687 2495; x_wconf 72' lang='lat' dir='ltr'><strong>disisti.</strong></span> <span class='ocrx_word' id='word_1_115' title='bbox 1723 2435 1772 2497; x_wconf 87' lang='lat' dir='ltr'><strong>De</strong></span> 
     </span>
     <span class='ocr_line' id='line_1_14' title="bbox 439 2522 1773 2610; baseline 0.002 -22"><span class='ocrx_word' id='word_1_116' title='bbox 439 2526 556 2610; x_wconf 90' lang='lat' dir='ltr'><strong>quibus</strong></span> <span class='ocrx_word' id='word_1_117' title='bbox 577 2525 679 2589; x_wconf 88' lang='lat' dir='ltr'><strong>dicam</strong></span> <span class='ocrx_word' id='word_1_118' title='bbox 701 2529 849 2610; x_wconf 85' lang='lat' dir='ltr'><strong>equidem</strong></span> <span class='ocrx_word' id='word_1_119' title='bbox 865 2527 1016 2609; x_wconf 77' lang='lat' dir='ltr'><strong>singuiis,</strong></span> <span class='ocrx_word' id='word_1_120' title='bbox 1033 2524 1139 2609; x_wconf 89' lang='lat' dir='ltr'><strong>quoad</strong></span> <span class='ocrx_word' id='word_1_121' title='bbox 1155 2526 1329 2599; x_wconf 77' lang='lat' dir='ltr'><strong>videbitur3</strong></span> <span class='ocrx_word' id='word_1_122' title='bbox 1353 2522 1408 2587; x_wconf 89' lang='lat' dir='ltr'><strong>sed</strong></span> <span class='ocrx_word' id='word_1_123' title='bbox 1425 2523 1594 2588; x_wconf 89' lang='lat' dir='ltr'><strong>dicendum</strong></span> <span class='ocrx_word' id='word_1_124' title='bbox 1610 2526 1706 2590; x_wconf 85' lang='lat' dir='ltr'><strong>etlam</strong></span> <span class='ocrx_word' id='word_1_125' title='bbox 1722 2536 1773 2591; x_wconf 87' lang='lat' dir='ltr'><strong>est</strong></span> 
     </span>
    </p>
   </div>
   <div class='ocr_carea' id='block_1_4' title="bbox 392 2616 1773 4587">
    <p class='ocr_par' dir='ltr' id='par_1_5' title="bbox 392 2616 1773 4587">
     <span class='ocr_line' id='line_1_15' title="bbox 439 2616 1771 2704; baseline 0.003 -23"><span class='ocrx_word' id='word_1_126' title='bbox 439 2619 478 2682; x_wconf 93' lang='lat' dir='ltr'><strong>de</strong></span> <span class='ocrx_word' id='word_1_127' title='bbox 500 2620 667 2683; x_wconf 86' lang='lat' dir='ltr'><strong>universis.</strong></span> <span class='ocrx_word' id='word_1_128' title='bbox 710 2621 801 2696; x_wconf 87' lang='lat' dir='ltr'><strong>Quae</strong></span> <span class='ocrx_word' id='word_1_129' title='bbox 832 2629 881 2684; x_wconf 91' lang='lat' dir='ltr'><strong>est</strong></span> <span class='ocrx_word' id='word_1_130' title='bbox 909 2622 994 2684; x_wconf 87' lang='lat' dir='ltr'><strong>enini</strong></span> <span class='ocrx_word' id='word_1_131' title='bbox 1024 2620 1084 2682; x_wconf 88' lang='lat' dir='ltr'><strong>ista</strong></span> <span class='ocrx_word' id='word_1_132' title='bbox 1110 2640 1128 2683; x_wconf 93' lang='lat' dir='ltr'><strong>a</strong></span> <span class='ocrx_word' id='word_1_133' title='bbox 1155 2621 1224 2683; x_wconf 92' lang='lat' dir='ltr'><strong>deis</strong></span> <span class='ocrx_word' id='word_1_134' title='bbox 1246 2620 1389 2703; x_wconf 87' lang='lat' dir='ltr'><strong>profecta</strong></span> <span class='ocrx_word' id='word_1_135' title='bbox 1412 2616 1600 2701; x_wconf 82' lang='lat' dir='ltr'><strong>significatio</strong></span> <span class='ocrx_word' id='word_1_136' title='bbox 1622 2629 1654 2684; x_wconf 91' lang='lat' dir='ltr'><strong>et</strong></span> <span class='ocrx_word' id='word_1_137' title='bbox 1676 2622 1771 2704; x_wconf 84' lang='lat' dir='ltr'><strong>quasi</strong></span> 
     </span>
     <span class='ocr_line' id='line_1_16' title="bbox 392 2710 1771 2798; baseline 0 -19"><span class='ocrx_word' id='word_1_138' title='bbox 392 2717 430 2779; x_wconf 81' lang='lat' dir='ltr'><strong>&#39;ts</strong></span> <span class='ocrx_word' id='word_1_139' title='bbox 439 2714 636 2777; x_wconf 86' lang='lat' dir='ltr'><strong>denuntiatio</strong></span> <span class='ocrx_word' id='word_1_140' title='bbox 658 2716 892 2778; x_wconf 77' lang='lat' dir='ltr'><strong>calamitatuni</strong></span> <span class='ocrx_word' id='word_1_141' title='bbox 915 2715 992 2798; x_wconf 87' lang='lat' dir='ltr'><strong>quid</strong></span> <span class='ocrx_word' id='word_1_142' title='bbox 1015 2723 1121 2778; x_wconf 88' lang='lat' dir='ltr'><strong>eutem</strong></span> <span class='ocrx_word' id='word_1_143' title='bbox 1144 2715 1256 2777; x_wconf 88' lang='lat' dir='ltr'><strong>volunt</strong></span> <span class='ocrx_word' id='word_1_144' title='bbox 1279 2710 1339 2798; x_wconf 88' lang='lat' dir='ltr'><strong>[ea]</strong></span> <span class='ocrx_word' id='word_1_145' title='bbox 1364 2713 1396 2777; x_wconf 91' lang='lat' dir='ltr'><strong>di</strong></span> <span class='ocrx_word' id='word_1_146' title='bbox 1422 2713 1608 2776; x_wconf 85' lang='lat' dir='ltr'><strong>inmortales</strong></span> <span class='ocrx_word' id='word_1_147' title='bbox 1633 2714 1771 2795; x_wconf 84' lang='lat' dir='ltr'><strong>primurn</strong></span> 
     </span>
     <span class='ocr_line' id='line_1_17' title="bbox 438 2807 1771 2891; baseline 0.002 -20"><span class='ocrx_word' id='word_1_148' title='bbox 438 2807 661 2891; x_wconf 84' lang='lat' dir='ltr'><strong>significantes,</strong></span> <span class='ocrx_word' id='word_1_149' title='bbox 683 2826 765 2891; x_wconf 90' lang='lat' dir='ltr'><strong>quae</strong></span> <span class='ocrx_word' id='word_1_150' title='bbox 787 2809 855 2871; x_wconf 90' lang='lat' dir='ltr'><strong>sine</strong></span> <span class='ocrx_word' id='word_1_151' title='bbox 876 2808 1102 2890; x_wconf 84' lang='lat' dir='ltr'><strong>interpretibus</strong></span> <span class='ocrx_word' id='word_1_152' title='bbox 1117 2828 1182 2871; x_wconf 92' lang='lat' dir='ltr'><strong>non</strong></span> <span class='ocrx_word' id='word_1_153' title='bbox 1199 2809 1357 2891; x_wconf 88' lang='lat' dir='ltr'><strong>possimus</strong></span> <span class='ocrx_word' id='word_1_154' title='bbox 1373 2808 1575 2890; x_wconf 79' lang='lat' dir='ltr'><strong>intellegere,</strong></span> <span class='ocrx_word' id='word_1_155' title='bbox 1592 2807 1708 2872; x_wconf 91' lang='lat' dir='ltr'><strong>deinde</strong></span> <span class='ocrx_word' id='word_1_156' title='bbox 1723 2828 1771 2883; x_wconf 85' lang='lat' dir='ltr'><strong>cs,</strong></span> 
     </span>
     <span class='ocr_line' id='line_1_18' title="bbox 439 2900 1773 2986; baseline 0.001 -22"><span class='ocrx_word' id='word_1_157' title='bbox 439 2920 522 2986; x_wconf 89' lang='lat' dir='ltr'><strong>quae</strong></span> <span class='ocrx_word' id='word_1_158' title='bbox 545 2916 656 2966; x_wconf 82' lang='lat' dir='ltr'><strong>cavere</strong></span> <span class='ocrx_word' id='word_1_159' title='bbox 678 2906 898 2986; x_wconf 83' lang='lat' dir='ltr'><strong>nequeamusl</strong></span> <span class='ocrx_word' id='word_1_160' title='bbox 935 2906 975 2965; x_wconf 80' lang='lat' dir='ltr'><strong>at</strong></span> <span class='ocrx_word' id='word_1_161' title='bbox 997 2902 1059 2966; x_wconf 90' lang='lat' dir='ltr'><strong>boc</strong></span> <span class='ocrx_word' id='word_1_162' title='bbox 1080 2921 1120 2964; x_wconf 91' lang='lat' dir='ltr'><strong>ne</strong></span> <span class='ocrx_word' id='word_1_163' title='bbox 1142 2902 1289 2964; x_wconf 89' lang='lat' dir='ltr'><strong>homines</strong></span> <span class='ocrx_word' id='word_1_164' title='bbox 1312 2902 1439 2984; x_wconf 90' lang='lat' dir='ltr'><strong>quidem</strong></span> <span class='ocrx_word' id='word_1_165' title='bbox 1462 2902 1553 2985; x_wconf 93' lang='lat' dir='ltr'><strong>probi</strong></span> <span class='ocrx_word' id='word_1_166' title='bbox 1575 2900 1714 2977; x_wconf 83' lang='lat' dir='ltr'><strong>iaciunt,</strong></span> <span class='ocrx_word' id='word_1_167' title='bbox 1735 2910 1773 2966; x_wconf 92' lang='lat' dir='ltr'><strong>nt</strong></span> 
     </span>
     <span class='ocr_line' id='line_1_19' title="bbox 438 2995 1771 3080; baseline 0 -20"><span class='ocrx_word' id='word_1_168' title='bbox 438 2996 545 3060; x_wconf 86' lang='lat' dir='ltr'><strong>amicis</strong></span> <span class='ocrx_word' id='word_1_169' title='bbox 567 2996 773 3079; x_wconf 86' lang='lat' dir='ltr'><strong>inpendentis</strong></span> <span class='ocrx_word' id='word_1_170' title='bbox 795 2996 988 3060; x_wconf 77' lang='lat' dir='ltr'><strong>calamitates</strong></span> <span class='ocrx_word' id='word_1_171' title='bbox 1010 2997 1204 3079; x_wconf 87' lang='lat' dir='ltr'><strong>praedicant,</strong></span> <span class='ocrx_word' id='word_1_172' title='bbox 1227 3016 1307 3080; x_wconf 87' lang='lat' dir='ltr'><strong>quas</strong></span> <span class='ocrx_word' id='word_1_173' title='bbox 1329 2996 1376 3062; x_wconf 91' lang='lat' dir='ltr'><strong>illi</strong></span> <span class='ocrx_word' id='word_1_174' title='bbox 1399 2997 1540 3079; x_wconf 80' lang='lat' dir='ltr'><strong>effugere</strong></span> <span class='ocrx_word' id='word_1_175' title='bbox 1562 2995 1652 3060; x_wconf 91' lang='lat' dir='ltr'><strong>nullo</strong></span> <span class='ocrx_word' id='word_1_176' title='bbox 1674 2997 1771 3060; x_wconf 86' lang='lat' dir='ltr'><strong>modo</strong></span> 
     </span>
     <span class='ocr_line' id='line_1_20' title="bbox 437 3091 1772 3175; baseline 0.001 -22"><span class='ocrx_word' id='word_1_177' title='bbox 437 3092 576 3174; x_wconf 88' lang='lat' dir='ltr'><strong>possint,</strong></span> <span class='ocrx_word' id='word_1_178' title='bbox 598 3098 634 3153; x_wconf 94' lang='lat' dir='ltr'><strong>ut</strong></span> <span class='ocrx_word' id='word_1_179' title='bbox 655 3091 779 3166; x_wconf 89' lang='lat' dir='ltr'><strong>medici,</strong></span> <span class='ocrx_word' id='word_1_180' title='bbox 802 3111 995 3175; x_wconf 90' lang='lat' dir='ltr'><strong>quamquam</strong></span> <span class='ocrx_word' id='word_1_181' title='bbox 1017 3091 1209 3172; x_wconf 88' lang='lat' dir='ltr'><strong>intellegunt</strong></span> <span class='ocrx_word' id='word_1_182' title='bbox 1230 3110 1335 3174; x_wconf 90' lang='lat' dir='ltr'><strong>saepe,</strong></span> <span class='ocrx_word' id='word_1_183' title='bbox 1358 3098 1463 3153; x_wconf 89' lang='lat' dir='ltr'><strong>tamen</strong></span> <span class='ocrx_word' id='word_1_184' title='bbox 1479 3109 1651 3173; x_wconf 84' lang='lat' dir='ltr'><strong>numquam</strong></span> <span class='ocrx_word' id='word_1_185' title='bbox 1667 3091 1772 3173; x_wconf 86' lang='lat' dir='ltr'><strong>aegris</strong></span> 
     </span>
     <span class='ocr_line' id='line_1_21' title="bbox 400 3184 1769 3267; baseline -0.004 -14"><span class='ocrx_word' id='word_1_186' title='bbox 400 3186 549 3253; x_wconf 81' lang='lat' dir='ltr'><strong>abdicant</strong></span> <span class='ocrx_word' id='word_1_187' title='bbox 570 3186 626 3249; x_wconf 93' lang='lat' dir='ltr'><strong>illo</strong></span> <span class='ocrx_word' id='word_1_188' title='bbox 648 3186 757 3249; x_wconf 91' lang='lat' dir='ltr'><strong>morbo</strong></span> <span class='ocrx_word' id='word_1_189' title='bbox 779 3203 835 3248; x_wconf 93' lang='lat' dir='ltr'><strong>eos</strong></span> <span class='ocrx_word' id='word_1_190' title='bbox 858 3203 928 3250; x_wconf 86' lang='lat' dir='ltr'><strong>esse</strong></span> <span class='ocrx_word' id='word_1_191' title='bbox 950 3186 1148 3248; x_wconf 77' lang='lat' dir='ltr'><strong>morituros·</strong></span> <span class='ocrx_word' id='word_1_192' title='bbox 1164 3184 1275 3248; x_wconf 91' lang='lat' dir='ltr'><strong>Omnis</strong></span> <span class='ocrx_word' id='word_1_193' title='bbox 1297 3186 1382 3248; x_wconf 90' lang='lat' dir='ltr'><strong>enim</strong></span> <span class='ocrx_word' id='word_1_194' title='bbox 1405 3186 1581 3267; x_wconf 90' lang='lat' dir='ltr'><strong>praedictio</strong></span> <span class='ocrx_word' id='word_1_195' title='bbox 1603 3184 1678 3247; x_wconf 91' lang='lat' dir='ltr'><strong>meli</strong></span> <span class='ocrx_word' id='word_1_196' title='bbox 1703 3194 1769 3248; x_wconf 87' lang='lat' dir='ltr'><strong>tum</strong></span> 
     </span>
     <span class='ocr_line' id='line_1_22' title="bbox 436 3277 1773 3365; baseline -0.001 -22"><span class='ocrx_word' id='word_1_197' title='bbox 436 3281 599 3365; x_wconf 90' lang='lat' dir='ltr'><strong>probatur,</strong></span> <span class='ocrx_word' id='word_1_198' title='bbox 622 3299 692 3344; x_wconf 88' lang='lat' dir='ltr'><strong>cum</strong></span> <span class='ocrx_word' id='word_1_199' title='bbox 715 3278 755 3342; x_wconf 89' lang='lat' dir='ltr'><strong>ad</strong></span> <span class='ocrx_word' id='word_1_200' title='bbox 776 3279 1027 3363; x_wconf 84' lang='lat' dir='ltr'><strong>praedictionem</strong></span> <span class='ocrx_word' id='word_1_201' title='bbox 1051 3280 1157 3341; x_wconf 89' lang='lat' dir='ltr'><strong>cautio</strong></span> <span class='ocrx_word' id='word_1_202' title='bbox 1179 3280 1369 3361; x_wconf 89' lang='lat' dir='ltr'><strong>adiungitur.</strong></span> <span class='ocrx_word' id='word_1_203' title='bbox 1414 3277 1466 3342; x_wconf 83' lang='lat'><strong>55.</strong></span> <span class='ocrx_word' id='word_1_204' title='bbox 1489 3277 1574 3354; x_wconf 87' lang='lat' dir='ltr'><strong>Quid</strong></span> <span class='ocrx_word' id='word_1_205' title='bbox 1597 3279 1695 3361; x_wconf 89' lang='lat' dir='ltr'><strong>igitur</strong></span> <span class='ocrx_word' id='word_1_206' title='bbox 1716 3286 1773 3343; x_wconf 87' lang='lat' dir='ltr'><strong>aut</strong></span> 
     </span>
     <span class='ocr_line' id='line_1_23' title="bbox 428 3372 1772 3456; baseline 0 -20"><span class='ocrx_word' id='word_1_207' title='bbox 428 3380 561 3436; x_wconf 85' lang='lat' dir='ltr'><strong>ostenta</strong></span> <span class='ocrx_word' id='word_1_208' title='bbox 583 3382 637 3436; x_wconf 86' lang='lat' dir='ltr'><strong>aut</strong></span> <span class='ocrx_word' id='word_1_209' title='bbox 659 3393 770 3438; x_wconf 88' lang='lat' dir='ltr'><strong>eorum</strong></span> <span class='ocrx_word' id='word_1_210' title='bbox 792 3373 980 3456; x_wconf 86' lang='lat' dir='ltr'><strong>interpretes</strong></span> <span class='ocrx_word' id='word_1_211' title='bbox 1002 3373 1052 3436; x_wconf 85' lang='lat' dir='ltr'><strong>vel</strong></span> <span class='ocrx_word' id='word_1_212' title='bbox 1068 3374 1335 3436; x_wconf 87' lang='lat' dir='ltr'><strong>Lacedaemonios</strong></span> <span class='ocrx_word' id='word_1_213' title='bbox 1357 3373 1434 3437; x_wconf 92' lang='lat' dir='ltr'><strong>alim</strong></span> <span class='ocrx_word' id='word_1_214' title='bbox 1455 3372 1504 3436; x_wconf 85' lang='lat' dir='ltr'><strong>rel</strong></span> <span class='ocrx_word' id='word_1_215' title='bbox 1525 3391 1630 3454; x_wconf 89' lang='lat' dir='ltr'><strong>nuper</strong></span> <span class='ocrx_word' id='word_1_216' title='bbox 1644 3380 1772 3436; x_wconf 82' lang='lat' dir='ltr'><strong>nostros</strong></span> 
     </span>
     <span class='ocr_line' id='line_1_24' title="bbox 438 3466 1771 3550; baseline -0.002 -18"><span class='ocrx_word' id='word_1_217' title='bbox 438 3466 648 3532; x_wconf 73' lang='lat' dir='ltr'><strong>adiuverunt?</strong></span> <span class='ocrx_word' id='word_1_218' title='bbox 671 3488 752 3550; x_wconf 90' lang='lat' dir='ltr'><strong>quae</strong></span> <span class='ocrx_word' id='word_1_219' title='bbox 768 3468 794 3530; x_wconf 90' lang='lat' dir='ltr'><strong>si</strong></span> <span class='ocrx_word' id='word_1_220' title='bbox 810 3468 900 3549; x_wconf 88' lang='lat' dir='ltr'><strong>signa</strong></span> <span class='ocrx_word' id='word_1_221' title='bbox 915 3468 1045 3530; x_wconf 91' lang='lat' dir='ltr'><strong>deornm</strong></span> <span class='ocrx_word' id='word_1_222' title='bbox 1062 3466 1204 3548; x_wconf 91' lang='lat' dir='ltr'><strong>putanda</strong></span> <span class='ocrx_word' id='word_1_223' title='bbox 1219 3476 1309 3541; x_wconf 90' lang='lat' dir='ltr'><strong>sunt,</strong></span> <span class='ocrx_word' id='word_1_224' title='bbox 1326 3486 1382 3530; x_wconf 90' lang='lat' dir='ltr'><strong>cur</strong></span> <span class='ocrx_word' id='word_1_225' title='bbox 1395 3476 1457 3530; x_wconf 85' lang='lat' dir='ltr'><strong>tani</strong></span> <span class='ocrx_word' id='word_1_226' title='bbox 1473 3466 1608 3529; x_wconf 89' lang='lat' dir='ltr'><strong>obscura</strong></span> <span class='ocrx_word' id='word_1_227' title='bbox 1622 3466 1771 3531; x_wconf 72' lang='lat' dir='ltr'><strong>luerunt?</strong></span> 
     </span>
     <span class='ocr_line' id='line_1_25' title="bbox 440 3560 1772 3645; baseline -0.002 -18"><span class='ocrx_word' id='word_1_228' title='bbox 440 3563 473 3627; x_wconf 89' lang='lat' dir='ltr'><strong>Si</strong></span> <span class='ocrx_word' id='word_1_229' title='bbox 496 3563 600 3636; x_wconf 91' lang='lat' dir='ltr'><strong>enim,</strong></span> <span class='ocrx_word' id='word_1_230' title='bbox 624 3571 660 3624; x_wconf 93' lang='lat' dir='ltr'><strong>ut</strong></span> <span class='ocrx_word' id='word_1_231' title='bbox 680 3564 937 3642; x_wconf 75' lang='lat' dir='ltr'><strong>intellegeremus</strong></span> <span class='ocrx_word' id='word_1_232' title='bbox 959 3562 1035 3645; x_wconf 89' lang='lat' dir='ltr'><strong>quid</strong></span> <span class='ocrx_word' id='word_1_233' title='bbox 1059 3569 1143 3624; x_wconf 88' lang='lat' dir='ltr'><strong>esset</strong></span> <span class='ocrx_word' id='word_1_234' title='bbox 1164 3570 1368 3636; x_wconf 86' lang='lat' dir='ltr'><strong>eventurum,</strong></span> <span class='ocrx_word' id='word_1_235' title='bbox 1383 3567 1493 3644; x_wconf 85' lang='lat' dir='ltr'><strong>aperte</strong></span> <span class='ocrx_word' id='word_1_236' title='bbox 1508 3560 1662 3624; x_wconf 90' lang='lat' dir='ltr'><strong>declarari</strong></span> <span class='ocrx_word' id='word_1_237' title='bbox 1676 3578 1772 3645; x_wconf 90' lang='lat' dir='ltr'><strong>opor·</strong></span> 
     </span>
     <span class='ocr_line' id='line_1_26' title="bbox 400 3654 1395 3739; baseline -0.004 -16"><span class='ocrx_word' id='word_1_238' title='bbox 400 3660 545 3730; x_wconf 78' lang='lat' dir='ltr'><strong>solebat,</strong></span> <span class='ocrx_word' id='word_1_239' title='bbox 573 3664 629 3719; x_wconf 89' lang='lat' dir='ltr'><strong>aut</strong></span> <span class='ocrx_word' id='word_1_240' title='bbox 650 3678 690 3720; x_wconf 92' lang='lat' dir='ltr'><strong>ne</strong></span> <span class='ocrx_word' id='word_1_241' title='bbox 713 3657 836 3721; x_wconf 87' lang='lat' dir='ltr'><strong>occulte</strong></span> <span class='ocrx_word' id='word_1_242' title='bbox 860 3654 1007 3739; x_wconf 90' lang='lat' dir='ltr'><strong>quidem,</strong></span> <span class='ocrx_word' id='word_1_243' title='bbox 1029 3656 1056 3717; x_wconf 91' lang='lat' dir='ltr'><strong>si</strong></span> <span class='ocrx_word' id='word_1_244' title='bbox 1081 3675 1117 3718; x_wconf 88' lang='lat' dir='ltr'><strong>ea</strong></span> <span class='ocrx_word' id='word_1_245' title='bbox 1140 3656 1213 3717; x_wconf 92' lang='lat' dir='ltr'><strong>sciri</strong></span> <span class='ocrx_word' id='word_1_246' title='bbox 1236 3656 1395 3720; x_wconf 77' lang='lat' dir='ltr'><strong>nolebant</strong></span> 
     </span>
     <span class='ocr_line' id='line_1_27' title="bbox 523 3747 1771 3833; baseline -0.001 -19"><span class='ocrx_word' id='word_1_247' title='bbox 523 3752 639 3815; x_wconf 80' lang='lat' dir='ltr'>XXVI.</span> <span class='ocrx_word' id='word_1_248' title='bbox 661 3752 726 3814; x_wconf 89' lang='lat' dir='ltr'><strong>lam</strong></span> <span class='ocrx_word' id='word_1_249' title='bbox 749 3770 825 3812; x_wconf 87' lang='lat' dir='ltr'><strong>vero</strong></span> <span class='ocrx_word' id='word_1_250' title='bbox 847 3749 1029 3812; x_wconf 90' lang='lat' dir='ltr'><strong>coniectura</strong></span> <span class='ocrx_word' id='word_1_251' title='bbox 1051 3750 1165 3822; x_wconf 92' lang='lat' dir='ltr'><strong>omnis,</strong></span> <span class='ocrx_word' id='word_1_252' title='bbox 1189 3750 1221 3811; x_wconf 93' lang='lat' dir='ltr'><strong>in</strong></span> <span class='ocrx_word' id='word_1_253' title='bbox 1245 3769 1307 3833; x_wconf 88' lang='lat' dir='ltr'><strong>qua</strong></span> <span class='ocrx_word' id='word_1_254' title='bbox 1323 3750 1433 3813; x_wconf 89' lang='lat' dir='ltr'><strong>nititur</strong></span> <span class='ocrx_word' id='word_1_255' title='bbox 1448 3747 1617 3821; x_wconf 83' lang='lat' dir='ltr'><strong>divinatio,</strong></span> <span class='ocrx_word' id='word_1_256' title='bbox 1633 3749 1771 3831; x_wconf 88' lang='lat' dir='ltr'><strong>ingeniis</strong></span> 
     </span>
     <span class='ocr_line' id='line_1_28' title="bbox 438 3841 1772 3925; baseline -0.003 -16"><span class='ocrx_word' id='word_1_257' title='bbox 438 3846 602 3909; x_wconf 92' lang='lat' dir='ltr'><strong>bominum</strong></span> <span class='ocrx_word' id='word_1_258' title='bbox 626 3845 658 3907; x_wconf 92' lang='lat' dir='ltr'><strong>in</strong></span> <span class='ocrx_word' id='word_1_259' title='bbox 681 3843 796 3907; x_wconf 89' lang='lat' dir='ltr'><strong>multas</strong></span> <span class='ocrx_word' id='word_1_260' title='bbox 818 3851 874 3906; x_wconf 90' lang='lat' dir='ltr'><strong>aut</strong></span> <span class='ocrx_word' id='word_1_261' title='bbox 896 3843 1036 3905; x_wconf 83' lang='lat' dir='ltr'><strong>diversas</strong></span> <span class='ocrx_word' id='word_1_262' title='bbox 1057 3851 1113 3906; x_wconf 94' lang='lat' dir='ltr'><strong>aut</strong></span> <span class='ocrx_word' id='word_1_263' title='bbox 1135 3844 1230 3906; x_wconf 91' lang='lat' dir='ltr'><strong>etiam</strong></span> <span class='ocrx_word' id='word_1_264' title='bbox 1254 3844 1427 3907; x_wconf 87' lang='lat' dir='ltr'><strong>contrarias</strong></span> <span class='ocrx_word' id='word_1_265' title='bbox 1450 3843 1548 3925; x_wconf 87' lang='lat' dir='ltr'><strong>partis</strong></span> <span class='ocrx_word' id='word_1_266' title='bbox 1567 3862 1663 3925; x_wconf 88' lang='lat' dir='ltr'><strong>saepe</strong></span> <span class='ocrx_word' id='word_1_267' title='bbox 1677 3841 1772 3906; x_wconf 90' lang='lat' dir='ltr'><strong>didu-</strong></span> 
     </span>
     <span class='ocr_line' id='line_1_29' title="bbox 439 3936 1772 4010; baseline -0.002 -8"><span class='ocrx_word' id='word_1_268' title='bbox 439 3940 528 4003; x_wconf 87' lang='lat' dir='ltr'><strong>citur.</strong></span> <span class='ocrx_word' id='word_1_269' title='bbox 566 3939 605 4001; x_wconf 89' lang='lat' dir='ltr'><strong>Ut</strong></span> <span class='ocrx_word' id='word_1_270' title='bbox 626 3940 709 4002; x_wconf 88' lang='lat' dir='ltr'><strong>enim</strong></span> <span class='ocrx_word' id='word_1_271' title='bbox 732 3939 764 4000; x_wconf 94' lang='lat' dir='ltr'><strong>in</strong></span> <span class='ocrx_word' id='word_1_272' title='bbox 788 3938 892 4001; x_wconf 87' lang='lat' dir='ltr'><strong>causis</strong></span> <span class='ocrx_word' id='word_1_273' title='bbox 913 3936 1115 4000; x_wconf 90' lang='lat' dir='ltr'><strong>iudicialibus</strong></span> <span class='ocrx_word' id='word_1_274' title='bbox 1136 3936 1198 4000; x_wconf 90' lang='lat' dir='ltr'><strong>alia</strong></span> <span class='ocrx_word' id='word_1_275' title='bbox 1220 3939 1400 4000; x_wconf 90' lang='lat' dir='ltr'><strong>coniectura</strong></span> <span class='ocrx_word' id='word_1_276' title='bbox 1422 3946 1471 4000; x_wconf 89' lang='lat' dir='ltr'><strong>est</strong></span> <span class='ocrx_word' id='word_1_277' title='bbox 1485 3937 1694 4010; x_wconf 85' lang='lat' dir='ltr'><strong>accusatoris,</strong></span> <span class='ocrx_word' id='word_1_278' title='bbox 1709 3936 1772 4000; x_wconf 90' lang='lat' dir='ltr'><strong>alia</strong></span> 
     </span>
     <span class='ocr_line' id='line_1_30' title="bbox 439 4028 1772 4116; baseline -0.001 -21"><span class='ocrx_word' id='word_1_279' title='bbox 439 4031 616 4096; x_wconf 78' lang='lat' dir='ltr'><strong>defensoris</strong></span> <span class='ocrx_word' id='word_1_280' title='bbox 639 4042 672 4095; x_wconf 93' lang='lat' dir='ltr'><strong>et</strong></span> <span class='ocrx_word' id='word_1_281' title='bbox 695 4041 798 4095; x_wconf 87' lang='lat' dir='ltr'><strong>temen</strong></span> <span class='ocrx_word' id='word_1_282' title='bbox 823 4033 990 4114; x_wconf 90' lang='lat' dir='ltr'><strong>utriusque</strong></span> <span class='ocrx_word' id='word_1_283' title='bbox 1013 4028 1183 4105; x_wconf 86' lang='lat' dir='ltr'><strong>credibilis,</strong></span> <span class='ocrx_word' id='word_1_284' title='bbox 1206 4030 1252 4092; x_wconf 89' lang='lat' dir='ltr'><strong>sic</strong></span> <span class='ocrx_word' id='word_1_285' title='bbox 1273 4032 1305 4093; x_wconf 93' lang='lat' dir='ltr'><strong>in</strong></span> <span class='ocrx_word' id='word_1_286' title='bbox 1328 4032 1476 4093; x_wconf 91' lang='lat' dir='ltr'><strong>omnibus</strong></span> <span class='ocrx_word' id='word_1_287' title='bbox 1499 4032 1538 4093; x_wconf 93' lang='lat' dir='ltr'><strong>iis</strong></span> <span class='ocrx_word' id='word_1_288' title='bbox 1561 4034 1665 4104; x_wconf 88' lang='lat' dir='ltr'><strong>rebus,</strong></span> <span class='ocrx_word' id='word_1_289' title='bbox 1688 4052 1772 4116; x_wconf 92' lang='lat' dir='ltr'><strong>quae</strong></span> 
     </span>
     <span class='ocr_line' id='line_1_31' title="bbox 400 4125 1771 4209; baseline -0.002 -17"><span class='ocrx_word' id='word_1_290' title='bbox 400 4128 621 4192; x_wconf 79' lang='lat' dir='ltr'><strong>soconiectora</strong></span> <span class='ocrx_word' id='word_1_291' title='bbox 644 4126 826 4208; x_wconf 86' lang='lat' dir='ltr'><strong>investigari</strong></span> <span class='ocrx_word' id='word_1_292' title='bbox 850 4125 1005 4199; x_wconf 86' lang='lat' dir='ltr'><strong>videntur,</strong></span> <span class='ocrx_word' id='word_1_293' title='bbox 1028 4144 1147 4206; x_wconf 88' lang='lat' dir='ltr'><strong>anceps</strong></span> <span class='ocrx_word' id='word_1_294' title='bbox 1170 4127 1326 4209; x_wconf 89' lang='lat' dir='ltr'><strong>reperitur</strong></span> <span class='ocrx_word' id='word_1_295' title='bbox 1347 4128 1436 4189; x_wconf 88' lang='lat' dir='ltr'><strong>ratio.</strong></span> <span class='ocrx_word' id='word_1_296' title='bbox 1482 4125 1569 4199; x_wconf 86' lang='lat' dir='ltr'><strong>Quas</strong></span> <span class='ocrx_word' id='word_1_297' title='bbox 1592 4135 1698 4188; x_wconf 91' lang='lat' dir='ltr'><strong>nutem</strong></span> <span class='ocrx_word' id='word_1_298' title='bbox 1721 4147 1771 4190; x_wconf 90' lang='lat' dir='ltr'><strong>res</strong></span> 
     </span>
     <span class='ocr_line' id='line_1_32' title="bbox 440 4219 1772 4302; baseline -0.002 -18"><span class='ocrx_word' id='word_1_299' title='bbox 440 4230 505 4284; x_wconf 90' lang='lat' dir='ltr'><strong>tum</strong></span> <span class='ocrx_word' id='word_1_300' title='bbox 529 4230 726 4284; x_wconf 85' lang='lat' dir='ltr'><strong>naturatum</strong></span> <span class='ocrx_word' id='word_1_301' title='bbox 751 4241 842 4283; x_wconf 89' lang='lat' dir='ltr'><strong>casus</strong></span> <span class='ocrx_word' id='word_1_302' title='bbox 865 4219 982 4293; x_wconf 81' lang='lat' dir='ltr'><strong>adfert,</strong></span> <span class='ocrx_word' id='word_1_303' title='bbox 1007 4240 1258 4302; x_wconf 89' lang='lat' dir='ltr'><strong>nonnumquam</strong></span> <span class='ocrx_word' id='word_1_304' title='bbox 1283 4220 1376 4282; x_wconf 89' lang='lat' dir='ltr'><strong>etiam</strong></span> <span class='ocrx_word' id='word_1_305' title='bbox 1400 4240 1538 4282; x_wconf 90' lang='lat' dir='ltr'><strong>errorem</strong></span> <span class='ocrx_word' id='word_1_306' title='bbox 1562 4229 1645 4281; x_wconf 89' lang='lat' dir='ltr'><strong>creat</strong></span> <span class='ocrx_word' id='word_1_307' title='bbox 1660 4220 1772 4282; x_wconf 90' lang='lat' dir='ltr'><strong>simili·</strong></span> 
     </span>
     <span class='ocr_line' id='line_1_33' title="bbox 438 4313 1771 4396; baseline -0.002 -17"><span class='ocrx_word' id='word_1_308' title='bbox 438 4316 529 4388; x_wconf 92' lang='lat' dir='ltr'><strong>tudo,</strong></span> <span class='ocrx_word' id='word_1_309' title='bbox 546 4335 658 4396; x_wconf 92' lang='lat' dir='ltr'><strong>magna</strong></span> <span class='ocrx_word' id='word_1_310' title='bbox 673 4316 803 4378; x_wconf 89' lang='lat' dir='ltr'><strong>stultitia</strong></span> <span class='ocrx_word' id='word_1_311' title='bbox 820 4324 868 4376; x_wconf 89' lang='lat' dir='ltr'><strong>est</strong></span> <span class='ocrx_word' id='word_1_312' title='bbox 884 4334 989 4377; x_wconf 90' lang='lat' dir='ltr'><strong>earum</strong></span> <span class='ocrx_word' id='word_1_313' title='bbox 1004 4334 1111 4375; x_wconf 86' lang='lat' dir='ltr'><strong>rerum</strong></span> <span class='ocrx_word' id='word_1_314' title='bbox 1129 4313 1206 4375; x_wconf 90' lang='lat' dir='ltr'><strong>deos</strong></span> <span class='ocrx_word' id='word_1_315' title='bbox 1222 4314 1324 4375; x_wconf 86' lang='lat' dir='ltr'><strong>lacere</strong></span> <span class='ocrx_word' id='word_1_316' title='bbox 1341 4315 1522 4384; x_wconf 75' lang='lat' dir='ltr'><strong>effectores,</strong></span> <span class='ocrx_word' id='word_1_317' title='bbox 1539 4332 1650 4376; x_wconf 84' lang='lat' dir='ltr'><strong>causas</strong></span> <span class='ocrx_word' id='word_1_318' title='bbox 1665 4334 1771 4376; x_wconf 89' lang='lat' dir='ltr'><strong>rernm</strong></span> 
     </span>
     <span class='ocr_line' id='line_1_34' title="bbox 439 4406 1771 4491; baseline -0.004 -18"><span class='ocrx_word' id='word_1_319' title='bbox 439 4431 503 4473; x_wconf 92' lang='lat' dir='ltr'><strong>non</strong></span> <span class='ocrx_word' id='word_1_320' title='bbox 527 4430 690 4491; x_wconf 84' lang='lat' dir='ltr'><strong>quaerere.</strong></span> <span class='ocrx_word' id='word_1_321' title='bbox 737 4407 857 4470; x_wconf 67' lang='lat' dir='ltr'><strong>tta-uu</strong></span> <span class='ocrx_word' id='word_1_322' title='bbox 882 4418 970 4470; x_wconf 85' lang='lat' dir='ltr'><strong>vates</strong></span> <span class='ocrx_word' id='word_1_323' title='bbox 993 4408 1142 4469; x_wconf 88' lang='lat' dir='ltr'><strong>Boeotios</strong></span> <span class='ocrx_word' id='word_1_324' title='bbox 1166 4408 1269 4470; x_wconf 87' lang='lat' dir='ltr'><strong>credis</strong></span> <span class='ocrx_word' id='word_1_325' title='bbox 1289 4407 1445 4469; x_wconf 84' lang='lat' dir='ltr'><strong>Lebadiae</strong></span> <span class='ocrx_word' id='word_1_326' title='bbox 1468 4406 1585 4470; x_wconf 89' lang='lat' dir='ltr'><strong>vidisse</strong></span> <span class='ocrx_word' id='word_1_327' title='bbox 1609 4427 1648 4468; x_wconf 85' lang='lat' dir='ltr'><strong>ex</strong></span> <span class='ocrx_word' id='word_1_328' title='bbox 1671 4408 1771 4490; x_wconf 89' lang='lat' dir='ltr'><strong>galle-</strong></span> 
     </span>
     <span class='ocr_line' id='line_1_35' title="bbox 437 4501 1769 4587; baseline -0.002 -21"><span class='ocrx_word' id='word_1_329' title='bbox 437 4523 507 4566; x_wconf 90' lang='lat' dir='ltr'><strong>rum</strong></span> <span class='ocrx_word' id='word_1_330' title='bbox 537 4505 785 4587; x_wconf 81' lang='lat' dir='ltr'><strong>gallinaceorum</strong></span> <span class='ocrx_word' id='word_1_331' title='bbox 815 4510 907 4566; x_wconf 90' lang='lat' dir='ltr'><strong>cantu</strong></span> <span class='ocrx_word' id='word_1_332' title='bbox 939 4502 1105 4564; x_wconf 88' lang='lat' dir='ltr'><strong>victoriam</strong></span> <span class='ocrx_word' id='word_1_333' title='bbox 1135 4522 1203 4564; x_wconf 91' lang='lat' dir='ltr'><strong>esse</strong></span> <span class='ocrx_word' id='word_1_334' title='bbox 1226 4501 1467 4575; x_wconf 86' lang='lat' dir='ltr'><strong>Thebanorum,</strong></span> <span class='ocrx_word' id='word_1_335' title='bbox 1500 4503 1576 4585; x_wconf 90' lang='lat' dir='ltr'><strong>quia</strong></span> <span class='ocrx_word' id='word_1_336' title='bbox 1598 4501 1674 4583; x_wconf 92' lang='lat' dir='ltr'><strong>galli</strong></span> <span class='ocrx_word' id='word_1_337' title='bbox 1696 4502 1769 4564; x_wconf 81' lang='lat' dir='ltr'><strong>victi</strong></span> 
     </span>
    </p>
   </div>
   <div class='ocr_carea' id='block_1_5' title="bbox 435 4814 1771 6010">
    <p class='ocr_par' dir='ltr' id='par_1_6' title="bbox 435 4814 1771 6010">
     <span class='ocr_line' id='line_1_36' title="bbox 503 4814 1768 4877; baseline -0.003 -6"><span class='ocrx_word' id='word_1_338' title='bbox 503 4822 526 4871; x_wconf 87' lang='lat' dir='ltr'><strong>t.</strong></span> <span class='ocrx_word' id='word_1_339' title='bbox 547 4821 626 4870; x_wconf 81' lang='lat' dir='ltr'><strong>omnia</strong></span> <span class='ocrx_word' id='word_1_340' title='bbox 643 4819 685 4869; x_wconf 75' lang='lat' dir='ltr'><strong>AV</strong></span> <span class='ocrx_word' id='word_1_341' title='bbox 706 4846 733 4856; x_wconf 91' lang='lat'>-</span> <span class='ocrx_word' id='word_1_342' title='bbox 753 4819 777 4869; x_wconf 85' lang='grc'><strong>3.</strong></span> <span class='ocrx_word' id='word_1_343' title='bbox 795 4818 936 4867; x_wconf 77' lang='lat' dir='ltr'><strong>babuerunt</strong></span> <span class='ocrx_word' id='word_1_344' title='bbox 953 4816 1004 4867; x_wconf 86' lang='lat' dir='ltr'><strong>Erl.</strong></span> <span class='ocrx_word' id='word_1_345' title='bbox 1024 4819 1044 4867; x_wconf 93' lang='lat'>0</span> <span class='ocrx_word' id='word_1_346' title='bbox 1064 4844 1091 4854; x_wconf 89' lang='lat'><em>-</em></span> <span class='ocrx_word' id='word_1_347' title='bbox 1111 4817 1135 4868; x_wconf 79' lang='lat' dir='ltr'><strong>l.</strong></span> <span class='ocrx_word' id='word_1_348' title='bbox 1155 4818 1180 4866; x_wconf 89' lang='lat' dir='ltr'><strong>di</strong></span> <span class='ocrx_word' id='word_1_349' title='bbox 1201 4815 1270 4866; x_wconf 80' lang='lat' dir='ltr'><strong>t¹v¹</strong></span> <span class='ocrx_word' id='word_1_350' title='bbox 1288 4843 1315 4852; x_wconf 98' lang='lat'>-</span> <span class='ocrx_word' id='word_1_351' title='bbox 1335 4817 1359 4866; x_wconf 86' lang='lat'><strong>8.</strong></span> <span class='ocrx_word' id='word_1_352' title='bbox 1376 4818 1427 4865; x_wconf 83' lang='lat' dir='ltr'><strong>sint</strong></span> <span class='ocrx_word' id='word_1_353' title='bbox 1444 4818 1468 4865; x_wconf 92' lang='lat' dir='ltr'><strong>in</strong></span> <span class='ocrx_word' id='word_1_354' title='bbox 1486 4829 1538 4866; x_wconf 84' lang='lat' dir='ltr'><strong>ras.</strong></span> <span class='ocrx_word' id='word_1_355' title='bbox 1554 4817 1582 4877; x_wconf 84' lang='lat' dir='ltr'><strong>B,</strong></span> <span class='ocrx_word' id='word_1_356' title='bbox 1601 4821 1658 4864; x_wconf 85' lang='lat' dir='ltr'><strong>sunt</strong></span> <span class='ocrx_word' id='word_1_357' title='bbox 1674 4814 1768 4867; x_wconf 88' lang='lat' dir='ltr'><strong>Salisb.</strong></span> 
     </span>
     <span class='ocr_line' id='line_1_37' title="bbox 438 4891 1770 4952; baseline -0.003 -7"><span class='ocrx_word' id='word_1_358' title='bbox 438 4923 465 4933; x_wconf 95' lang='lat'>-</span> <span class='ocrx_word' id='word_1_359' title='bbox 485 4903 587 4945; x_wconf 80' lang='lat' dir='ltr'><strong>actenus</strong></span> <span class='ocrx_word' id='word_1_360' title='bbox 604 4894 656 4946; x_wconf 67' lang='grc' dir='ltr'><strong>ΑΨ</strong></span> <span class='ocrx_word' id='word_1_361' title='bbox 677 4921 704 4930; x_wconf 90' lang='grc'><strong>-</strong></span> <span class='ocrx_word' id='word_1_362' title='bbox 733 4909 800 4944; x_wconf 85' lang='lat' dir='ltr'><strong>nanc</strong></span> <span class='ocrx_word' id='word_1_363' title='bbox 817 4897 850 4943; x_wconf 92' lang='lat' dir='ltr'><strong>ad</strong></span> <span class='ocrx_word' id='word_1_364' title='bbox 867 4898 962 4943; x_wconf 85' lang='lat' dir='ltr'><strong>ostenta</strong></span> <span class='ocrx_word' id='word_1_365' title='bbox 978 4895 1107 4942; x_wconf 83' lang='lat' dir='ltr'><strong>ueniamus</strong></span> <span class='ocrx_word' id='word_1_366' title='bbox 1125 4894 1161 4943; x_wconf 88' lang='lat' dir='ltr'><strong>C:</strong></span> <span class='ocrx_word' id='word_1_367' title='bbox 1187 4895 1281 4942; x_wconf 87' lang='lat' dir='ltr'><strong>Cicero</strong></span> <span class='ocrx_word' id='word_1_368' title='bbox 1299 4895 1319 4944; x_wconf 91' lang='lat' dir='ltr'><strong>si</strong></span> <span class='ocrx_word' id='word_1_369' title='bbox 1339 4894 1379 4943; x_wconf 90' lang='lat' dir='ltr'><strong>his</strong></span> <span class='ocrx_word' id='word_1_370' title='bbox 1397 4895 1422 4941; x_wconf 87' lang='lat' dir='ltr'><strong>tn</strong></span> <span class='ocrx_word' id='word_1_371' title='bbox 1442 4892 1515 4941; x_wconf 89' lang='lat' dir='ltr'><strong>libris</strong></span> <span class='ocrx_word' id='word_1_372' title='bbox 1534 4893 1618 4952; x_wconf 81' lang='lat' dir='ltr'><strong>tnagis</strong></span> <span class='ocrx_word' id='word_1_373' title='bbox 1635 4891 1685 4941; x_wconf 88' lang='lat' dir='ltr'><strong>sibi</strong></span> <span class='ocrx_word' id='word_1_374' title='bbox 1703 4904 1770 4941; x_wconf 90' lang='lat' dir='ltr'><strong>con-</strong></span> 
     </span>
     <span class='ocr_line' id='line_1_38' title="bbox 437 4966 1771 5030; baseline -0.005 -8"><span class='ocrx_word' id='word_1_375' title='bbox 437 4974 529 5028; x_wconf 88' lang='lat' dir='ltr'><strong>staret,</strong></span> <span class='ocrx_word' id='word_1_376' title='bbox 549 4973 595 5020; x_wconf 91' lang='lat' dir='ltr'><strong>eut</strong></span> <span class='ocrx_word' id='word_1_377' title='bbox 611 4985 678 5020; x_wconf 84' lang='lat' dir='ltr'><strong>nunc</strong></span> <span class='ocrx_word' id='word_1_378' title='bbox 694 4971 729 5019; x_wconf 90' lang='lat' dir='ltr'><strong>ad</strong></span> <span class='ocrx_word' id='word_1_379' title='bbox 745 4976 841 5021; x_wconf 80' lang='lat' dir='ltr'><strong>ostentu</strong></span> <span class='ocrx_word' id='word_1_380' title='bbox 857 4971 987 5019; x_wconf 83' lang='lat' dir='ltr'><strong>redeamus</strong></span> <span class='ocrx_word' id='word_1_381' title='bbox 1005 4971 1028 5018; x_wconf 89' lang='lat' dir='ltr'><strong>ei</strong></span> <span class='ocrx_word' id='word_1_382' title='bbox 1042 4968 1232 5027; x_wconf 86' lang='lat' dir='ltr'><strong>scribendum,</strong></span> <span class='ocrx_word' id='word_1_383' title='bbox 1252 4972 1295 5017; x_wconf 93' lang='lat' dir='ltr'><strong>eut</strong></span> <span class='ocrx_word' id='word_1_384' title='bbox 1314 4970 1398 5018; x_wconf 90' lang='lat' dir='ltr'><strong>eiecta</strong></span> <span class='ocrx_word' id='word_1_385' title='bbox 1417 4968 1475 5017; x_wconf 80' lang='lat' dir='ltr'><strong>exili</strong></span> <span class='ocrx_word' id='word_1_386' title='bbox 1493 4981 1543 5030; x_wconf 89' lang='lat' dir='ltr'><strong>cap</strong></span> <span class='ocrx_word' id='word_1_387' title='bbox 1564 4966 1631 5017; x_wconf 78' lang='lat' dir='ltr'><strong>xxtt</strong></span> <span class='ocrx_word' id='word_1_388' title='bbox 1650 4966 1771 5029; x_wconf 85' lang='lat' dir='ltr'><strong>dispota-</strong></span> 
     </span>
     <span class='ocr_line' id='line_1_39' title="bbox 436 5039 1769 5110; baseline -0.006 -12"><span class='ocrx_word' id='word_1_389' title='bbox 436 5049 507 5099; x_wconf 91' lang='lat' dir='ltr'><strong>tione</strong></span> <span class='ocrx_word' id='word_1_390' title='bbox 526 5046 638 5109; x_wconf 83' lang='lat' dir='ltr'><strong>amplior</strong></span> <span class='ocrx_word' id='word_1_391' title='bbox 656 5060 731 5110; x_wconf 89' lang='lat' dir='ltr'><strong>capp.</strong></span> <span class='ocrx_word' id='word_1_392' title='bbox 745 5046 954 5095; x_wconf 77' lang='lat' dir='ltr'><strong>XXV-XXtht</strong></span> <span class='ocrx_word' id='word_1_393' title='bbox 978 5046 1034 5094; x_wconf 86' lang='lat' dir='ltr'><strong>eius</strong></span> <span class='ocrx_word' id='word_1_394' title='bbox 1057 5046 1082 5093; x_wconf 94' lang='lat' dir='ltr'><strong>in</strong></span> <span class='ocrx_word' id='word_1_395' title='bbox 1101 5043 1188 5093; x_wconf 82' lang='lat' dir='ltr'><strong>locuni</strong></span> <span class='ocrx_word' id='word_1_396' title='bbox 1207 5042 1391 5092; x_wconf 87' lang='lat' dir='ltr'><strong>substituenda</strong></span> <span class='ocrx_word' id='word_1_397' title='bbox 1410 5042 1473 5095; x_wconf 88' lang='lat' dir='ltr'><strong>tuit;</strong></span> <span class='ocrx_word' id='word_1_398' title='bbox 1497 5042 1544 5091; x_wconf 88' lang='lat' dir='ltr'><strong>sed</strong></span> <span class='ocrx_word' id='word_1_399' title='bbox 1563 5054 1624 5090; x_wconf 85' lang='lat' dir='ltr'><strong>cum</strong></span> <span class='ocrx_word' id='word_1_400' title='bbox 1644 5039 1724 5090; x_wconf 89' lang='lat' dir='ltr'><strong>multa</strong></span> <span class='ocrx_word' id='word_1_401' title='bbox 1744 5042 1769 5091; x_wconf 92' lang='lat' dir='ltr'><strong>in</strong></span> 
     </span>
     <span class='ocr_line' id='line_1_40' title="bbox 436 5116 1769 5184; baseline -0.005 -13"><span class='ocrx_word' id='word_1_402' title='bbox 436 5121 478 5171; x_wconf 90' lang='lat' dir='ltr'><strong>bis</strong></span> <span class='ocrx_word' id='word_1_403' title='bbox 495 5119 568 5168; x_wconf 91' lang='lat' dir='ltr'><strong>libris</strong></span> <span class='ocrx_word' id='word_1_404' title='bbox 588 5134 680 5183; x_wconf 86' lang='lat' dir='ltr'><strong>parurn</strong></span> <span class='ocrx_word' id='word_1_405' title='bbox 699 5124 827 5170; x_wconf 89' lang='lat' dir='ltr'><strong>concinne</strong></span> <span class='ocrx_word' id='word_1_406' title='bbox 846 5121 977 5184; x_wconf 84' lang='lat' dir='ltr'><strong>disputate</strong></span> <span class='ocrx_word' id='word_1_407' title='bbox 996 5122 1058 5174; x_wconf 86' lang='lat' dir='ltr'><strong>sint,</strong></span> <span class='ocrx_word' id='word_1_408' title='bbox 1077 5119 1125 5169; x_wconf 90' lang='lat' dir='ltr'><strong>illis</strong></span> <span class='ocrx_word' id='word_1_409' title='bbox 1143 5117 1232 5167; x_wconf 88' lang='lat' dir='ltr'><strong>verbis</strong></span> <span class='ocrx_word' id='word_1_410' title='bbox 1251 5121 1389 5167; x_wconf 83' lang='lat' dir='ltr'><strong>transitum</strong></span> <span class='ocrx_word' id='word_1_411' title='bbox 1408 5118 1494 5181; x_wconf 90' lang='lat' dir='ltr'><strong>pereri</strong></span> <span class='ocrx_word' id='word_1_412' title='bbox 1513 5116 1673 5166; x_wconf 84' lang='lat' dir='ltr'><strong>crediderim</strong></span> <span class='ocrx_word' id='word_1_413' title='bbox 1691 5116 1724 5165; x_wconf 92' lang='lat' dir='ltr'><strong>ed</strong></span> <span class='ocrx_word' id='word_1_414' title='bbox 1743 5116 1769 5165; x_wconf 95' lang='lat' dir='ltr'><strong>id</strong></span> 
     </span>
     <span class='ocr_line' id='line_1_41' title="bbox 436 5191 1767 5259; baseline -0.004 -14"><span class='ocrx_word' id='word_1_415' title='bbox 436 5195 603 5245; x_wconf 82' lang='lat' dir='ltr'><strong>divinationis</strong></span> <span class='ocrx_word' id='word_1_416' title='bbox 620 5209 704 5257; x_wconf 79' lang='lat' dir='ltr'><strong>genus</strong></span> <span class='ocrx_word' id='word_1_417' title='bbox 723 5195 922 5259; x_wconf 72' lang='lat' dir='ltr'><strong>explicandum,</strong></span> <span class='ocrx_word' id='word_1_418' title='bbox 946 5195 1017 5257; x_wconf 90' lang='lat' dir='ltr'><strong>quod</strong></span> <span class='ocrx_word' id='word_1_419' title='bbox 1042 5208 1073 5243; x_wconf 79' lang='lat' dir='ltr'><strong>ex</strong></span> <span class='ocrx_word' id='word_1_420' title='bbox 1098 5195 1178 5255; x_wconf 78' lang='lat' dir='ltr'><strong>SIgnis</strong></span> <span class='ocrx_word' id='word_1_421' title='bbox 1201 5196 1354 5256; x_wconf 87' lang='lat' dir='ltr'><strong>interposita</strong></span> <span class='ocrx_word' id='word_1_422' title='bbox 1378 5194 1529 5241; x_wconf 88' lang='lat' dir='ltr'><strong>coniectura</strong></span> <span class='ocrx_word' id='word_1_423' title='bbox 1554 5192 1700 5253; x_wconf 78' lang='lat' dir='ltr'><strong>explicetur</strong></span> <span class='ocrx_word' id='word_1_424' title='bbox 1722 5191 1767 5249; x_wconf 85' lang='lat' dir='ltr'><strong>tel.</strong></span> 
     </span>
     <span class='ocr_line' id='line_1_42' title="bbox 436 5267 1769 5335; baseline -0.005 -13"><span class='ocrx_word' id='word_1_425' title='bbox 436 5271 575 5334; x_wconf 69' lang='lat' dir='ltr'><strong>lLStdt,</strong></span> <span class='ocrx_word' id='word_1_426' title='bbox 600 5270 671 5332; x_wconf 90' lang='lat' dir='ltr'><strong>quod</strong></span> <span class='ocrx_word' id='word_1_427' title='bbox 694 5270 804 5333; x_wconf 88' lang='lat' dir='ltr'><strong>quidem</strong></span> <span class='ocrx_word' id='word_1_428' title='bbox 828 5270 905 5320; x_wconf 88' lang='lat' dir='ltr'><strong>latius</strong></span> <span class='ocrx_word' id='word_1_429' title='bbox 928 5274 1116 5335; x_wconf 68' lang='lat' dir='ltr'><strong>pateat,queni</strong></span> <span class='ocrx_word' id='word_1_430' title='bbox 1137 5268 1197 5317; x_wconf 90' lang='lat' dir='ltr'><strong>illud</strong></span> <span class='ocrx_word' id='word_1_431' title='bbox 1217 5268 1345 5327; x_wconf 84' lang='lat' dir='ltr'><strong>alterum,</strong></span> <span class='ocrx_word' id='word_1_432' title='bbox 1370 5281 1423 5329; x_wconf 89' lang='lat' dir='ltr'><strong>quo</strong></span> <span class='ocrx_word' id='word_1_433' title='bbox 1442 5267 1598 5329; x_wconf 84' lang='lat' dir='ltr'><strong>haruspices</strong></span> <span class='ocrx_word' id='word_1_434' title='bbox 1616 5268 1769 5328; x_wconf 86' lang='lat' dir='ltr'><strong>portentosa</strong></span> 
     </span>
     <span class='ocr_line' id='line_1_43' title="bbox 436 5340 1767 5409; baseline -0.007 -13"><span class='ocrx_word' id='word_1_435' title='bbox 436 5349 540 5398; x_wconf 87' lang='lat' dir='ltr'><strong>ostenta</strong></span> <span class='ocrx_word' id='word_1_436' title='bbox 559 5352 734 5409; x_wconf 85' lang='lat' dir='ltr'><strong>procurarunt</strong></span> <span class='ocrx_word' id='word_1_437' title='bbox 762 5373 787 5382; x_wconf 97' lang='lat'><em>-</em></span> <span class='ocrx_word' id='word_1_438' title='bbox 817 5349 856 5395; x_wconf 89' lang='lat' dir='ltr'><strong>tl.</strong></span> <span class='ocrx_word' id='word_1_439' title='bbox 875 5348 938 5396; x_wconf 83' lang='lat' dir='ltr'><strong>atel.</strong></span> <span class='ocrx_word' id='word_1_440' title='bbox 958 5343 987 5395; x_wconf 75' lang='grc' dir='ltr'><strong>ιι1</strong></span> <span class='ocrx_word' id='word_1_441' title='bbox 1011 5373 1037 5382; x_wconf 93' lang='grc'>-</span> <span class='ocrx_word' id='word_1_442' title='bbox 1067 5345 1106 5394; x_wconf 83' lang='grc'><strong>43.</strong></span> <span class='ocrx_word' id='word_1_443' title='bbox 1125 5349 1200 5394; x_wconf 87' lang='lat' dir='ltr'><strong>etiam</strong></span> <span class='ocrx_word' id='word_1_444' title='bbox 1218 5346 1251 5395; x_wconf 87' lang='lat' dir='ltr'><strong>C:</strong></span> <span class='ocrx_word' id='word_1_445' title='bbox 1273 5344 1331 5393; x_wconf 81' lang='lat' dir='ltr'><strong>lost.</strong></span> <span class='ocrx_word' id='word_1_446' title='bbox 1350 5349 1427 5392; x_wconf 83' lang='lat' dir='ltr'><strong>antea</strong></span> <span class='ocrx_word' id='word_1_447' title='bbox 1454 5369 1481 5379; x_wconf 88' lang='lat'>-</span> <span class='ocrx_word' id='word_1_448' title='bbox 1510 5340 1767 5400; x_wconf 71' lang='lat' dir='ltr'><strong>tttaotanteaav,</strong></span> 
     </span>
     <span class='ocr_line' id='line_1_44' title="bbox 435 5414 1767 5485; baseline -0.005 -14"><span class='ocrx_word' id='word_1_449' title='bbox 435 5437 466 5475; x_wconf 87' lang='lat' dir='ltr'><strong>ea</strong></span> <span class='ocrx_word' id='word_1_450' title='bbox 483 5423 570 5472; x_wconf 83' lang='lat' dir='ltr'><strong>uoluat</strong></span> <span class='ocrx_word' id='word_1_451' title='bbox 588 5423 621 5476; x_wconf 77' lang='lat' dir='ltr'><strong>tt;</strong></span> <span class='ocrx_word' id='word_1_452' title='bbox 649 5435 679 5469; x_wconf 86' lang='lat' dir='ltr'><strong>ea</strong></span> <span class='ocrx_word' id='word_1_453' title='bbox 705 5424 764 5485; x_wconf 90' lang='lat' dir='ltr'><strong>post</strong></span> <span class='ocrx_word' id='word_1_454' title='bbox 787 5424 898 5482; x_wconf 85' lang='lat' dir='ltr'><strong>primam</strong></span> <span class='ocrx_word' id='word_1_455' title='bbox 924 5423 1085 5483; x_wconf 80' lang='lat' dir='ltr'><strong>transposuit</strong></span> <span class='ocrx_word' id='word_1_456' title='bbox 1111 5421 1255 5469; x_wconf 82' lang='lat' dir='ltr'><strong>Lambinus</strong></span> <span class='ocrx_word' id='word_1_457' title='bbox 1282 5420 1307 5468; x_wconf 91' lang='lat' dir='ltr'><strong>in</strong></span> <span class='ocrx_word' id='word_1_458' title='bbox 1331 5432 1414 5479; x_wconf 85' lang='lat' dir='ltr'><strong>marg.</strong></span> <span class='ocrx_word' id='word_1_459' title='bbox 1434 5418 1477 5468; x_wconf 93' lang='lat' dir='ltr'><strong>ed.</strong></span> <span class='ocrx_word' id='word_1_460' title='bbox 1496 5430 1521 5468; x_wconf 87' lang='grc' dir='ltr'><strong>ιι.</strong></span> <span class='ocrx_word' id='word_1_461' title='bbox 1540 5416 1619 5474; x_wconf 80' lang='grc'><strong>4581,</strong></span> <span class='ocrx_word' id='word_1_462' title='bbox 1646 5414 1718 5465; x_wconf 91' lang='lat' dir='ltr'><strong>tdem</strong></span> <span class='ocrx_word' id='word_1_463' title='bbox 1741 5417 1767 5465; x_wconf 91' lang='lat' dir='ltr'><strong>in</strong></span> 
     </span>
     <span class='ocr_line' id='line_1_45' title="bbox 436 5487 1767 5557; baseline -0.006 -9"><span class='ocrx_word' id='word_1_464' title='bbox 436 5498 479 5548; x_wconf 87' lang='lat' dir='ltr'><strong>ed.</strong></span> <span class='ocrx_word' id='word_1_465' title='bbox 497 5511 521 5546; x_wconf 90' lang='lat' dir='ltr'><strong>a.</strong></span> <span class='ocrx_word' id='word_1_466' title='bbox 540 5497 604 5547; x_wconf 79' lang='lat' dir='ltr'><strong>lddd</strong></span> <span class='ocrx_word' id='word_1_467' title='bbox 628 5496 718 5552; x_wconf 82' lang='lat' dir='ltr'><strong>eiecit,</strong></span> <span class='ocrx_word' id='word_1_468' title='bbox 744 5508 826 5557; x_wconf 89' lang='lat' dir='ltr'><strong>quem</strong></span> <span class='ocrx_word' id='word_1_469' title='bbox 851 5500 960 5545; x_wconf 85' lang='lat' dir='ltr'><strong>secutus</strong></span> <span class='ocrx_word' id='word_1_470' title='bbox 982 5498 1058 5545; x_wconf 86' lang='lat' dir='ltr'><strong>uncis</strong></span> <span class='ocrx_word' id='word_1_471' title='bbox 1080 5494 1142 5544; x_wconf 91' lang='lat' dir='ltr'><strong>illud</strong></span> <span class='ocrx_word' id='word_1_472' title='bbox 1167 5507 1315 5557; x_wconf 89' lang='lat' dir='ltr'><strong>pronomen</strong></span> <span class='ocrx_word' id='word_1_473' title='bbox 1340 5492 1431 5543; x_wconf 89' lang='lat' dir='ltr'><strong>inclusi</strong></span> <span class='ocrx_word' id='word_1_474' title='bbox 1459 5519 1483 5527; x_wconf 95' lang='lat'>-</span> <span class='ocrx_word' id='word_1_475' title='bbox 1509 5492 1546 5541; x_wconf 77' lang='lat' dir='ltr'><strong>tt.</strong></span> <span class='ocrx_word' id='word_1_476' title='bbox 1564 5492 1607 5539; x_wconf 81' lang='lat' dir='ltr'><strong>aec</strong></span> <span class='ocrx_word' id='word_1_477' title='bbox 1625 5487 1654 5537; x_wconf 86' lang='lat' dir='ltr'><strong>V¹</strong></span> <span class='ocrx_word' id='word_1_478' title='bbox 1675 5515 1700 5526; x_wconf 92' lang='lat'><em>-</em></span> <span class='ocrx_word' id='word_1_479' title='bbox 1727 5490 1767 5540; x_wconf 82' lang='lat'><strong>⁴8.</strong></span> 
     </span>
     <span class='ocr_line' id='line_1_46' title="bbox 435 5565 1764 5633; baseline -0.006 -11"><span class='ocrx_word' id='word_1_480' title='bbox 435 5571 638 5633; x_wconf 68' lang='lat' dir='ltr'><strong>supernatare</strong></span> <span class='ocrx_word' id='word_1_481' title='bbox 658 5597 684 5606; x_wconf 93' lang='lat'>-</span> <span class='ocrx_word' id='word_1_482' title='bbox 713 5572 752 5621; x_wconf 72' lang='lat'><strong>20.</strong></span> <span class='ocrx_word' id='word_1_483' title='bbox 770 5574 928 5633; x_wconf 81' lang='lat' dir='ltr'><strong>praedicatio</strong></span> <span class='ocrx_word' id='word_1_484' title='bbox 947 5570 976 5621; x_wconf 73' lang='lat' dir='ltr'><strong>t¹</strong></span> <span class='ocrx_word' id='word_1_485' title='bbox 994 5598 1020 5607; x_wconf 97' lang='lat'><em>-</em></span> <span class='ocrx_word' id='word_1_486' title='bbox 1051 5573 1090 5621; x_wconf 71' lang='lat' dir='ltr'><strong>tl.</strong></span> <span class='ocrx_word' id='word_1_487' title='bbox 1110 5584 1186 5632; x_wconf 85' lang='lat' dir='ltr'><strong>qaam</strong></span> <span class='ocrx_word' id='word_1_488' title='bbox 1203 5571 1255 5619; x_wconf 87' lang='lat' dir='ltr'><strong>hoc</strong></span> <span class='ocrx_word' id='word_1_489' title='bbox 1272 5568 1330 5618; x_wconf 88' lang='lat' dir='ltr'><strong>loco</strong></span> <span class='ocrx_word' id='word_1_490' title='bbox 1348 5573 1368 5619; x_wconf 82' lang='grc' dir='ltr'><strong>Λ</strong></span> <span class='ocrx_word' id='word_1_491' title='bbox 1388 5594 1414 5605; x_wconf 92' lang='grc'>-</span> <span class='ocrx_word' id='word_1_492' title='bbox 1440 5569 1481 5617; x_wconf 74' lang='lat'><strong>22.</strong></span> <span class='ocrx_word' id='word_1_493' title='bbox 1499 5567 1672 5616; x_wconf 81' lang='lat' dir='ltr'><strong>lacedemoniis</strong></span> <span class='ocrx_word' id='word_1_494' title='bbox 1688 5565 1719 5614; x_wconf 84' lang='lat' dir='ltr'><strong>V¹</strong></span> <span class='ocrx_word' id='word_1_495' title='bbox 1738 5591 1764 5601; x_wconf 96' lang='lat'><em>-</em></span> 
     </span>
     <span class='ocr_line' id='line_1_47' title="bbox 436 5641 1768 5709; baseline -0.008 -11"><span class='ocrx_word' id='word_1_496' title='bbox 436 5650 468 5698; x_wconf 76' lang='lat' dir='ltr'><strong>ta</strong></span> <span class='ocrx_word' id='word_1_497' title='bbox 496 5649 596 5697; x_wconf 75' lang='lat' dir='ltr'><strong>uittitrn</strong></span> <span class='ocrx_word' id='word_1_498' title='bbox 613 5651 631 5696; x_wconf 85' lang='grc' dir='ltr'><strong>Α</strong></span> <span class='ocrx_word' id='word_1_499' title='bbox 651 5672 678 5682; x_wconf 96' lang='grc'>-</span> <span class='ocrx_word' id='word_1_500' title='bbox 698 5648 795 5709; x_wconf 78' lang='lat' dir='ltr'><strong>ingenis</strong></span> <span class='ocrx_word' id='word_1_501' title='bbox 812 5645 841 5696; x_wconf 79' lang='lat' dir='ltr'><strong>A¹</strong></span> <span class='ocrx_word' id='word_1_502' title='bbox 858 5674 881 5682; x_wconf 45' lang='grc' dir='ltr'>ι</span> <span class='ocrx_word' id='word_1_503' title='bbox 901 5648 941 5695; x_wconf 70' lang='grc' dir='ltr'>ιι.</span> <span class='ocrx_word' id='word_1_504' title='bbox 956 5647 1045 5695; x_wconf 84' lang='lat' dir='ltr'><strong>autdi.</strong></span> <span class='ocrx_word' id='word_1_505' title='bbox 1059 5648 1097 5696; x_wconf 90' lang='lat' dir='ltr'><strong>C:</strong></span> <span class='ocrx_word' id='word_1_506' title='bbox 1117 5647 1192 5694; x_wconf 84' lang='lat' dir='ltr'><strong>aedi.</strong></span> <span class='ocrx_word' id='word_1_507' title='bbox 1209 5643 1350 5694; x_wconf 85' lang='lat' dir='ltr'><strong>Lambinus</strong></span> <span class='ocrx_word' id='word_1_508' title='bbox 1368 5644 1388 5692; x_wconf 93' lang='lat'>0</span> <span class='ocrx_word' id='word_1_509' title='bbox 1408 5669 1435 5679; x_wconf 96' lang='lat'><em>-</em></span> <span class='ocrx_word' id='word_1_510' title='bbox 1452 5649 1538 5705; x_wconf 85' lang='lat' dir='ltr'><strong>partes</strong></span> <span class='ocrx_word' id='word_1_511' title='bbox 1555 5643 1574 5691; x_wconf 92' lang='lat'>0</span> <span class='ocrx_word' id='word_1_512' title='bbox 1594 5664 1621 5676; x_wconf 93' lang='lat'><em>-</em></span> <span class='ocrx_word' id='word_1_513' title='bbox 1641 5641 1768 5689; x_wconf 80' lang='lat' dir='ltr'><strong>diducitur</strong></span> 
     </span>
     <span class='ocr_line' id='line_1_48' title="bbox 437 5716 1766 5779; baseline -0.007 -7"><span class='ocrx_word' id='word_1_514' title='bbox 437 5723 584 5773; x_wconf 86' lang='lat' dir='ltr'><strong>llanntius:</strong></span> <span class='ocrx_word' id='word_1_515' title='bbox 603 5722 770 5772; x_wconf 64' lang='lat' dir='ltr'><strong>maeatae</strong></span> <span class='ocrx_word' id='word_1_516' title='bbox 797 5747 824 5758; x_wconf 54' lang='grc' dir='ltr'><strong>ν</strong></span> <span class='ocrx_word' id='word_1_517' title='bbox 851 5722 891 5769; x_wconf 76' lang='lat'><strong>29.</strong></span> <span class='ocrx_word' id='word_1_518' title='bbox 911 5721 984 5770; x_wconf 71' lang='lat' dir='ltr'><strong>tisis</strong></span> <span class='ocrx_word' id='word_1_519' title='bbox 1007 5747 1034 5756; x_wconf 96' lang='lat'>-</span> <span class='ocrx_word' id='word_1_520' title='bbox 1062 5722 1102 5770; x_wconf 81' lang='grc'><strong>30.</strong></span> <span class='ocrx_word' id='word_1_521' title='bbox 1121 5720 1269 5779; x_wconf 66' lang='lat' dir='ltr'><strong>investigari</strong></span> <span class='ocrx_word' id='word_1_522' title='bbox 1285 5720 1362 5768; x_wconf 84' lang='lat' dir='ltr'><strong>solent</strong></span> <span class='ocrx_word' id='word_1_523' title='bbox 1379 5721 1509 5769; x_wconf 83' lang='lat' dir='ltr'><strong>Manutius</strong></span> <span class='ocrx_word' id='word_1_524' title='bbox 1529 5745 1555 5753; x_wconf 92' lang='lat'><em>-</em></span> <span class='ocrx_word' id='word_1_525' title='bbox 1579 5719 1647 5765; x_wconf 86' lang='lat' dir='ltr'><strong>ratio</strong></span> <span class='ocrx_word' id='word_1_526' title='bbox 1665 5716 1766 5765; x_wconf 87' lang='lat' dir='ltr'><strong>llottio-</strong></span> 
     </span>
     <span class='ocr_line' id='line_1_49' title="bbox 437 5793 1766 5860; baseline -0.005 -13"><span class='ocrx_word' id='word_1_527' title='bbox 437 5810 530 5860; x_wconf 82' lang='lat' dir='ltr'><strong>geras:</strong></span> <span class='ocrx_word' id='word_1_528' title='bbox 550 5799 633 5846; x_wconf 86' lang='lat' dir='ltr'><strong>oratio</strong></span> <span class='ocrx_word' id='word_1_529' title='bbox 651 5799 670 5847; x_wconf 87' lang='lat' dir='ltr'>C</span> <span class='ocrx_word' id='word_1_530' title='bbox 688 5824 721 5834; x_wconf 91' lang='lat'><em>-</em></span> <span class='ocrx_word' id='word_1_531' title='bbox 738 5797 778 5847; x_wconf 81' lang='lat' dir='ltr'><strong>at.</strong></span> <span class='ocrx_word' id='word_1_532' title='bbox 797 5799 823 5847; x_wconf 83' lang='lat' dir='ltr'><strong>tn</strong></span> <span class='ocrx_word' id='word_1_533' title='bbox 841 5797 930 5858; x_wconf 81' lang='lat' dir='ltr'><strong>quibua</strong></span> <span class='ocrx_word' id='word_1_534' title='bbox 945 5809 1134 5857; x_wconf 80' lang='lat' dir='ltr'><strong>nonnumquam</strong></span> <span class='ocrx_word' id='word_1_535' title='bbox 1153 5795 1295 5845; x_wconf 82' lang='lat' dir='ltr'><strong>Lambinus</strong></span> <span class='ocrx_word' id='word_1_536' title='bbox 1315 5821 1341 5831; x_wconf 95' lang='lat'>-</span> <span class='ocrx_word' id='word_1_537' title='bbox 1361 5795 1399 5844; x_wconf 74' lang='lat'><strong>32.</strong></span> <span class='ocrx_word' id='word_1_538' title='bbox 1417 5807 1508 5843; x_wconf 78' lang='lat' dir='ltr'><strong>causas</strong></span> <span class='ocrx_word' id='word_1_539' title='bbox 1523 5806 1572 5842; x_wconf 85' lang='lat' dir='ltr'><strong>non</strong></span> <span class='ocrx_word' id='word_1_540' title='bbox 1590 5804 1711 5854; x_wconf 78' lang='lat' dir='ltr'><strong>quaerere</strong></span> <span class='ocrx_word' id='word_1_541' title='bbox 1727 5793 1766 5840; x_wconf 84' lang='lat' dir='ltr'><strong>vir</strong></span> 
     </span>
     <span class='ocr_line' id='line_1_50' title="bbox 437 5870 1764 5937; baseline -0.002 -17"><span class='ocrx_word' id='word_1_542' title='bbox 437 5872 546 5937; x_wconf 86' lang='lat' dir='ltr'><strong>qnidam</strong></span> <span class='ocrx_word' id='word_1_543' title='bbox 564 5873 659 5923; x_wconf 89' lang='lat' dir='ltr'><strong>doctus</strong></span> <span class='ocrx_word' id='word_1_544' title='bbox 681 5873 705 5922; x_wconf 91' lang='lat' dir='ltr'><strong>in</strong></span> <span class='ocrx_word' id='word_1_545' title='bbox 724 5886 808 5935; x_wconf 84' lang='lat' dir='ltr'><strong>marg.</strong></span> <span class='ocrx_word' id='word_1_546' title='bbox 822 5872 865 5921; x_wconf 88' lang='lat' dir='ltr'><strong>ed.</strong></span> <span class='ocrx_word' id='word_1_547' title='bbox 881 5872 972 5923; x_wconf 82' lang='lat' dir='ltr'><strong>Lamb.</strong></span> <span class='ocrx_word' id='word_1_548' title='bbox 988 5872 1047 5922; x_wconf 81' lang='lat' dir='ltr'><strong>rost</strong></span> <span class='ocrx_word' id='word_1_549' title='bbox 1067 5896 1093 5907; x_wconf 95' lang='lat'>-</span> <span class='ocrx_word' id='word_1_550' title='bbox 1114 5870 1154 5922; x_wconf 79' lang='grc'><strong>33.</strong></span> <span class='ocrx_word' id='word_1_551' title='bbox 1173 5871 1296 5921; x_wconf 81' lang='lat' dir='ltr'><strong>Lebadiae</strong></span> <span class='ocrx_word' id='word_1_552' title='bbox 1313 5870 1405 5935; x_wconf 82' lang='lat' dir='ltr'><strong>vulgo:</strong></span> <span class='ocrx_word' id='word_1_553' title='bbox 1422 5870 1534 5923; x_wconf 74' lang='lat' dir='ltr'><strong>thebaide</strong></span> <span class='ocrx_word' id='word_1_554' title='bbox 1550 5870 1585 5929; x_wconf 90' lang='lat' dir='ltr'><strong>C,</strong></span> <span class='ocrx_word' id='word_1_555' title='bbox 1604 5880 1686 5933; x_wconf 86' lang='lat' dir='ltr'><strong>quem</strong></span> <span class='ocrx_word' id='word_1_556' title='bbox 1697 5881 1764 5919; x_wconf 90' lang='lat' dir='ltr'><strong>eun·</strong></span> 
     </span>
     <span class='ocr_line' id='line_1_51' title="bbox 438 5946 929 6010; baseline -0.012 -11"><span class='ocrx_word' id='word_1_557' title='bbox 438 5948 502 6000; x_wconf 89' lang='lat' dir='ltr'><strong>dem</strong></span> <span class='ocrx_word' id='word_1_558' title='bbox 519 5960 639 5999; x_wconf 88' lang='lat' dir='ltr'><strong>errorem</strong></span> <span class='ocrx_word' id='word_1_559' title='bbox 657 5948 806 5999; x_wconf 85' lang='lat' dir='ltr'><strong>invenimus</strong></span> <span class='ocrx_word' id='word_1_560' title='bbox 822 5948 846 6008; x_wconf 82' lang='grc' dir='ltr'><strong>Ι,</strong></span> <span class='ocrx_word' id='word_1_561' title='bbox 863 5946 929 6010; x_wconf 70' lang='lat' dir='ltr'><strong>stt.</strong></span> 
     </span>
    </p>
   </div>
   <div class='ocr_carea' id='block_1_6' title="bbox 0 0 2176 7459">
    <p class='ocr_par' dir='ltr' id='par_1_7' title="bbox 0 0 2176 7459">
     <span class='ocr_line' id='line_1_52' title="bbox 0 0 2176 7459; baseline 0 0"><span class='ocrx_word' id='word_1_562' title='bbox 0 0 2176 7459; x_wconf 95' lang='lat' dir='ltr'><strong> </strong></span> 
     </span>
    </p>
   </div>
  </div>
 </body>
</html>
