4342 7459
731 1291 800 1358 cn.
822 1292 875 1359 ιν.
902 1294 976 1360 cn.
998 1294 1209 1365 mu-xw,
1233 1292 1280 1382 §s
1301 1289 1449 1367 ar-at
1691 1296 1754 1370 lca

431 1462 588 1526 servande
618 1466 830 1546 occupatum?
861 1466 939 1549 quin
967 1467 1072 1549 potius
1103 1467 1148 1532 ita
1177 1468 1271 1544 dicis,
1300 1489 1395 1533 omne
1424 1470 1541 1534 animal
1563 1471 1754 1556 applicatum

431 1575 502 1621 esse
529 1557 569 1620 ad
590 1557 640 1631 id,
670 1557 757 1640 qued
780 1558 814 1621 in
838 1578 875 1621 ec
899 1560 940 1622 sit
964 1561 1133 1642 optimum,
1161 1564 1246 1625 etin
1267 1564 1335 1627 eius
1357 1565 1452 1628 unius
1474 1572 1661 1648 occupatum
1683 1585 1754 1631 esse

431 1649 595 1725 custodia,
623 1650 829 1735 reliquasque
856 1661 985 1717 naturas
1014 1655 1094 1717 nihil
1124 1654 1210 1719 aliud
1239 1676 1332 1739 agere
1362 1659 1423 1722 nisi
1445 1666 1480 1721 ut
1500 1658 1534 1721 id
1556 1668 1754 1735 conservent,

431 1743 519 1827 quod
547 1744 581 1806 in
609 1762 738 1827 quaque
767 1747 923 1828 optimum
946 1748 1010 1810 sit‘t
1047 1748 1119 1823 Quo
1141 1750 1235 1823 merlo
1257 1759 1363 1814 autem
1386 1751 1556 1835 optimum,
1586 1753 1754 1815 sibonum

429 1843 593 1919 praeterea
614 1837 737 1900 nullum
761 1843 829 1902 est‘l
852 1840 908 1902 Sin
930 1850 1034 1903 autem
1057 1842 1181 1926 reliqua
1200 1844 1376 1928 appetenda
1398 1853 1486 1921 sunt,
1508 1863 1579 1922 cnr,
1601 1848 1685 1929 quod
1706 1854 1776 1910 est!

429 1932 577 1995 nltimam
607 1947 714 1995 rerum
742 1934 1012 2016 appetendarum,
1042 1934 1073 1997 id
1105 1956 1166 1999 non
1194 1946 1249 2001 ant
1274 1956 1315 2001 ex
1344 1940 1484 2001 omnium
1507 1956 1618 2002 earum
1635 1948 1695 2001 aut
1712 1955 1753 2001 ex

428 2027 637 2112 plurimarum
660 2033 692 2091 et
713 2030 920 2093 maximarum
943 2029 1139 2113 appetitione
1162 2032 1381 2096 concluditur?
1403 2033 1443 2096 Ut
1463 2031 1591 2095 Phidias
1612 2038 1754 2115 potesta

428 2122 531 2206 primo
552 2117 721 2187 instituere
742 2121 866 2205 signum
889 2123 988 2208 idque
1011 2122 1179 2208 perlicere,
1203 2133 1305 2208 potest
1319 2126 1362 2189 alr
1380 2125 1447 2189 alic
1467 2125 1652 2188 inchoatam
1671 2123 1753 2187 acci·

427 2234 504 2300 pere
525 2223 558 2281 et
577 2214 760 2291 absolvere,
782 2216 855 2281 hnic
877 2218 990 2282 similis
1012 2228 1059 2283 est
1080 2221 1252 2303 sapientia:
1283 2240 1348 2283 non
1371 2222 1454 2284 enim
1475 2221 1545 2302 ipsa
1566 2219 1676 2301 genuit
1695 2218 1753 2280 Be-

427 2313 561 2386 minem,
583 2309 639 2374 sed
662 2311 786 2395 accepit
806 2331 826 2375 a
847 2320 961 2376 natura
982 2312 1174 2377 inchoatum.
1210 2316 1303 2377 Hanc
1320 2334 1398 2397 ergo
1409 2315 1538 2376 intuens
1553 2311 1647 2375 debet
1662 2311 1790 2374 insti-ss

427 2410 527 2467 tutum
547 2404 629 2468 illud
652 2406 743 2488 quasi
766 2403 891 2487 signnm
913 2405 1087 2472 absolvere.
1131 2404 1182 2470 35.
1206 2408 1338 2484 Qualem
1360 2410 1455 2491 igitur
1467 2408 1627 2472 hominem
1641 2413 1753 2470 natm

426 2496 610 2561 inchoavit?
639 2506 671 2561 et
693 2498 779 2581 quod
802 2508 851 2562 est
872 2520 1001 2575 munus,
1024 2501 1111 2585 quod
1134 2521 1213 2586 opus
1236 2502 1432 2586 sapientiae?
1454 2496 1531 2586 quid
1550 2510 1599 2564 est
1613 2501 1698 2585 quod
1712 2494 1752 2562 at

426 2607 465 2654 ea
493 2589 616 2655 absolvi
645 2600 678 2655 et
703 2589 811 2674 perlici
835 2591 970 2656 debeat‘t
1007 2595 1041 2657 Si
1063 2595 1143 2659 nihil
1173 2596 1204 2659 in
1235 2615 1274 2658 ec
1301 2593 1527 2679 perficientium
1557 2602 1606 2657 est
1627 2601 1753 2676 praeter

424 2692 545 2748 motum
567 2684 684 2769 ingenii
707 2689 881 2769 quendam,
903 2686 936 2749 id
959 2696 1007 2751 est
1029 2689 1198 2764 rationem,
1219 2708 1349 2753 necesse
1365 2697 1412 2752 ast
1431 2689 1506 2751 huic
1519 2685 1752 2750 ultimamsms

424 2795 466 2840 ex
488 2778 606 2843 virtute·
625 2798 740 2862 agere3
759 2780 892 2843 rationis
914 2780 999 2843 enim
1022 2781 1175 2864 perfectio
1198 2789 1246 2845 est
1260 2783 1376 2846 rirtm:
1400 2782 1426 2845 si
1448 2778 1528 2844 uilril
1550 2778 1611 2842 uisi
1626 2789 1789 2861 carperem

423 2887 548 2936 summa
567 2882 660 2937 erunt
681 2874 749 2950 illa,
773 2874 933 2950 valetudo,
955 2874 1096 2938 vacuitas
1112 2875 1247 2949 doloris,
1269 2874 1487 2961 pulchritudo,
1510 2880 1625 2937 cetera.
1662 2873 1753 2934 lluxc

423 2961 465 3028 cle
490 2964 628 3031 hominis
659 2987 782 3053 summo
808 2966 891 3032 bono
914 2969 1088 3051 quaeritur.
1133 2970 1217 3035 xlv.
1238 2965 1288 3029 36.
1313 2969 1398 3044 Quid
1420 2988 1498 3050 ergo
1516 2964 1696 3030 delimmus
1717 2966 1751 3028 in

422 3066 489 3123 tcta
518 3062 587 3124 eius
614 3070 726 3125 natura
754 3082 907 3146 quaerere
934 3062 1011 3146 quid
1040 3063 1082 3126 sit
1111 3063 1281 3125 ellectum?
1313 3061 1390 3125 Cum
1419 3062 1503 3125 enim
1525 3067 1648 3123 constet
1667 3059 1752 3121 iuter

421 3155 532 3217 omnes
555 3173 650 3218 cmue
673 3153 813 3219 cilicium
842 3176 1023 3240 munusque
1045 3157 1219 3238 sapientiae
1240 3156 1274 3218 in
1295 3155 1433 3219 hominis
1455 3153 1543 3217 cultu
1564 3169 1635 3215 esse
1657 3167 1751 3214 occu

419 3253 543 3329 patum,
566 3247 622 3313 alii
642 3269 745 3312 -ue
767 3268 817 3312 me
840 3250 1001 3314 existimes
1024 3258 1134 3314 contra
1157 3250 1280 3314 Stoicos
1302 3250 1406 3313 selum
1428 3250 1532 3312 dicere
1546 3274 1588 3292 -
1610 3256 1787 3306 eas-semaa

419 3340 536 3406 tentiae
559 3344 708 3417 afferunt,
731 3352 766 3406 ut
788 3364 945 3407 summum
969 3344 1087 3408 bonum
1109 3346 1143 3407 iu
1165 3364 1203 3407 ec
1218 3363 1332 3426 genere
1346 3350 1482 3427 ponant,
1505 3337 1591 3424 quod
1606 3339 1649 3401 sit
1660 3344 1750 3400 extra

418 3444 560 3501 nostram
584 3443 790 3521 potestatem,
813 3446 973 3523 tamquam
996 3439 1036 3503 de
1058 3439 1199 3501 inanimo
1222 3437 1329 3521 aliquo
1349 3437 1538 3520 loquantur,
1560 3432 1614 3495 alii
1629 3436 1749 3503 mtra,

418 3532 511 3612 quasi
533 3548 649 3614 corpus
671 3531 793 3595 nullum
816 3531 1031 3607 sithominis,
1053 3534 1096 3595 ita
1119 3540 1244 3615 praeter
1264 3532 1405 3593 animum
1425 3527 1508 3592 nihil
1528 3531 1655 3599 cumnt,
1677 3539 1749 3585 arm

417 3628 606 3706 praesertim
628 3627 697 3709 ipse
720 3645 851 3711 quoque
873 3624 997 3689 animus
1019 3646 1084 3689 non
1107 3628 1201 3689 inane
1215 3624 1328 3686 nescic
1340 3621 1417 3706 quill
1431 3622 1472 3685 sit
1485 3647 1527 3667 -··
1541 3636 1650 3702 neque
1663 3615 1749 3678 enim

417 3715 451 3778 id
474 3736 602 3801 possum
624 3719 809 3803 intellegere
831 3753 887 3795 -‚
910 3716 966 3784 sed
988 3721 1021 3783 in
1037 3719 1174 3804 quodam
1196 3734 1311 3799 genere
1332 3714 1487 3798 corperis,
1509 3715 1545 3776 ut
1565 3730 1605 3775 ne
1626 3710 1656 3773 is
1678 3707 1786 3792 qui-m

417 3810 491 3875 dem
512 3811 628 3877 virtute
655 3833 719 3878 una
747 3822 914 3878 contentus
943 3814 1002 3888 sit,
1030 3814 1087 3877 sed
1110 3815 1239 3895 appetat
1259 3808 1449 3871 vacuitatem
1471 3806 1604 3869 doloris.
1643 3802 1747 3879 Quam

416 3904 459 3969 ch
480 3923 548 3971 rem
569 3908 699 3993 utrique
720 3906 806 3972 idem
825 3907 947 3972 iaciunt
968 3917 1004 3972 ut
1025 3909 1051 3972 si
1071 3908 1192 3970 laevam
1208 3910 1326 3986 partem
1342 3900 1562 3984 neglegerent,
1583 3898 1747 3961 dexteram

416 4003 596 4076 tuerentur,
618 4010 673 4065 aut
694 3999 798 4085 ipsius
819 4001 932 4076 animi,
954 4008 990 4064 ut
1010 4001 1085 4066 iecit
1099 3997 1229 4071 Erillus,
1252 3996 1464 4078 coguitionem
1479 3993 1745 4077 amplexarentur,

415 4092 572 4158 actionem
598 4093 824 4178 relinquerent
866 4095 986 4158 Bcrum
1009 4094 1093 4158 enim
1117 4091 1272 4165 omnium,
1300 4088 1399 4151 multa
1419 4082 1745 4170 praetermittentium,

416 4186 493 4250 dum
516 4189 634 4272 eligant
656 4187 790 4271 aliquid,
814 4188 901 4271 quod
923 4198 1114 4271 sequantur,
1137 4185 1227 4268 quasi
1250 4189 1338 4246 curta
1355 4181 1528 4245 sententia:
1551 4188 1586 4243 at
1601 4195 1676 4241 vero
1692 4174 1783 4237 illaec

414 4280 555 4365 perlecta
576 4293 672 4367 atque
695 4283 789 4365 plena
812 4302 935 4356 eorum,
959 4283 1013 4366 qui
1038 4302 1111 4344 cum
1134 4279 1173 4341 de
1195 4277 1334 4339 hominis
1357 4274 1585 4339 summobono
1610 4287 1745 4354 quaere-

414 4385 500 4451 rent,
531 4376 650 4441 nullam
677 4379 711 4439 in
740 4398 779 4440 eo
807 4398 911 4460 neque
933 4377 1032 4441 animi
1055 4393 1160 4457 neque
1183 4370 1325 4454 corporis
1347 4378 1474 4452 partem·
1491 4385 1624 4431 vacuam
1645 4361 1743 4426 tutela

414 4468 623 4554 reliquerunt.
666 4468 718 4533 37.
741 4474 947 4545 vosautem,
971 4471 1058 4543 Cato,
1082 4469 1157 4552 quia
1173 4465 1285 4537 virtus,
1308 4472 1342 4526 ut
1357 4483 1466 4525 omnes
1488 4461 1636 4532 fatemur,
1657 4456 1745 4518 altis·

414 4563 529 4627 simum
551 4565 656 4630 locum
678 4564 711 4627 in
734 4564 863 4626 homine
886 4572 917 4627 et
939 4564 1076 4626 maxime
1099 4559 1308 4623 excellentem
1330 4565 1419 4621 tenet
1440 4567 1472 4619 et
1493 4553 1580 4638 qued
1601 4571 1666 4625 eos,
1689 4549 1744 4632 qui

414 4656 576 4739 sapientes
598 4666 686 4732 sunt,
708 4658 871 4720 absolutos
895 4664 926 4719 et
948 4656 1103 4741 perfectos
1127 4660 1287 4734 putamus,
1309 4652 1410 4713 aciem
1430 4649 1607 4713 animorum
1622 4653 1781 4708 nestro-ts

413 4771 484 4814 rum
506 4753 629 4816 virtutis
652 4752 820 4837 splendore
843 4750 1081 4833 praestringitis.
1126 4749 1162 4810 ln
1192 4747 1278 4809 omni
1301 4748 1386 4807 enim
1408 4745 1568 4807 animante
1591 4748 1638 4804 est
1660 4759 1744 4802 sum-

414 4864 502 4906 mum
523 4845 644 4931 aliquid
666 4855 761 4929 atque
784 4846 957 4928 optimum,
979 4845 1069 4906 utin
1092 4842 1200 4927 equis,
1223 4840 1256 4903 in
1278 4839 1425 4915 canibus,
1448 4837 1563 4920 quihus
1585 4843 1688 4899 tamen
1711 4838 1743 4896 et

478 5159 504 5211 l.
523 5160 577 5223 Quo
597 5163 679 5229 modo]
701 5157 785 5225 qutiB
810 5162 874 5224 (non
892 5162 934 5221 Ε).
963 5160 1002 5212 Cl.
1021 5161 1036 5225 5
1054 5160 1094 5211 33.
1114 5185 1141 5195 -
1161 5159 1186 5208 t.
1205 5156 1289 5206 atatB
1309 5180 1337 5192 -
1360 5153 1384 5203 6.
1402 5152 1566 5216 amtorem
1582 5152 1649 5236 B-
1673 5149 1741 5200 ml

411 5251 501 5288 aarum
518 5238 568 5289 BE
587 5264 614 5274 -
633 5239 659 5289 l.
675 5239 744 5302 plur.
763 5243 808 5286 cut
823 5251 894 5286 mcc.
913 5236 933 5285 E
953 5260 980 5272 -
1000 5237 1024 5286 s.
1043 5235 1176 5284 absolvers.
1195 5232 1258 5282 Huic
1274 5231 1294 5280 0
1313 5256 1341 5265 —
1359 5230 1445 5279 amitis
1462 5232 1497 5278 est
1512 5227 1635 5287 suptsntu
1651 5225 1685 5274 B:
1704 5229 1740 5273 est

411 5313 535 5374 mle-tta
550 5313 637 5363 similis
653 5312 731 5363 codd.
750 5310 829 5370 dett.;
847 5311 971 5373 sapientia
987 5312 1074 5360 amita
1092 5313 1153 5372 (om.
1170 5312 1212 5368 est)
1230 5307 1250 5356 Ο
1269 5331 1297 5342 -
1317 5305 1357 5354 tt.
1377 5302 1488 5368 Qackrn]
1507 5303 1592 5363 Quare
1607 5299 1627 5348 B
1647 5324 1674 5333 -
1692 5299 1738 5347 tc-

411 5387 613 5439 ntumsatsrc
629 5388 692 5438 BE:
715 5393 810 5437 natura
826 5388 948 5436 hominem
966 5386 1020 5436 ΜΟ
1038 5412 1064 5421 -
1088 5386 1127 5433 ti.
1147 5383 1214 5445 qaid]
1232 5381 1298 5443 qued
1314 5379 1362 5429 BE
1382 5406 1409 5415 -
1429 5378 1461 5426 ct
1477 5390 1505 5427 ec
1521 5376 1570 5426 BB
1589 5400 1616 5411 -
1637 5373 1677 5424 43.
1695 5374 1738 5423 Sic

411 5474 436 5510 Ι.
449 5461 469 5511 Β
484 5487 512 5500 -·
528 5463 556 5513 ts
570 5477 599 5514 cc
615 5462 696 5515 Palat.
710 5465 738 5513 5:
758 5465 856 5526 quidem
870 5465 897 5511 ln
913 5476 941 5512 cc
954 5464 988 5520 Gi
1007 5462 1034 5509 ic
1050 5474 1099 5523 quo
1117 5461 1167 5521 (uin
1185 5454 1291 5507 animali
1308 5453 1419 5517 aliquo»)
1437 5451 1554 5515 iladvig;
1572 5451 1599 5499 tn
1615 5462 1652 5509 sc,
1670 5448 1737 5509 quad

411 5535 467 5587 ΒΟ
488 5564 515 5574 -
535 5537 575 5589 tt.
594 5539 620 5588 tc
638 5544 673 5588 est
690 5551 738 5602 per
757 5537 947 5601 compendium
963 5537 973 5585 t
993 5540 1053 5597 (nen
1071 5537 1106 5596 id)
1126 5532 1251 5584 exhibent
1267 5530 1316 5579 BE
1334 5554 1361 5565 -
1381 5530 1421 5579 aa.
1440 5526 1596 5578 eutrtutoB
1615 5546 1642 5559 -·
1661 5531 1737 5585 αΜ

411 5609 476 5660 BD:
495 5612 576 5662 ettam
592 5627 668 5678 apere
678 5613 795 5676 (cupere,
807 5612 935 5676 srcupere)
948 5610 1026 5660 codd.
1040 5609 1120 5667 dett.;
1138 5610 1215 5657 citam
1230 5605 1355 5669 stepaso
1369 5630 1395 5639 -
1415 5604 1451 5652 stc
1461 5599 1607 5685 alentii-7
1625 5597 1665 5681 lp.
1674 5597 1736 5658 pet·

410 5685 524 5736 evitado
540 5700 594 5738 cm.
613 5688 632 5738 B
651 5690 712 5752 (non
731 5689 760 5750 E)
779 5715 805 5724 -
827 5690 865 5737 tt.
885 5689 999 5750 queritur
1015 5687 1077 5735 tenc
1094 5686 1153 5735 Β-
1173 5681 1241 5745 erqo]
1259 5682 1337 5744 ὁρίων
1353 5680 1372 5730 Β
1391 5704 1419 5714 -
1439 5679 1479 5728 tt.
1496 5677 1625 5737 scptaacts
1640 5685 1654 5721 s
1670 5672 1697 5721 ln
1714 5672 1733 5721 B

414 5786 440 5796 -
460 5760 501 5812 tt).
518 5764 623 5813 saeua
639 5765 658 5814 B
677 5789 703 5799 -
728 5764 768 5812 22.
788 5763 817 5812 da
838 5776 890 5813 cm.
910 5764 929 5813 B
955 5789 981 5797 —
1005 5763 1117 5810 inanimo
1140 5760 1225 5819 utiquc
1242 5756 1399 5818 Madvigius:
1424 5755 1450 5801 tn
1467 5750 1572 5800 cameli
1588 5761 1637 5809 quc
1653 5748 1685 5806 Β;
1706 5748 1734 5796 is

411 5837 499 5885 wll
515 5850 564 5900 qrto
581 5838 616 5897 1¹23
634 5832 740 5889 caerati
756 5838 841 5901 alque
859 5840 878 5890 0
898 5865 924 5874 -
944 5838 984 5889 tl.
998 5838 1062 5887 anim
1080 5849 1134 5886 om.
1152 5836 1172 5884 Β
1192 5860 1218 5869 -
1243 5833 1284 5882 28.
1303 5831 1388 5881 atttus
1403 5828 1466 5878 BE:
1485 5826 1592 5876 aestu
1607 5824 1670 5909 ll·0.
1693 5823 1733 5874 Cf.

411 5909 447 5972 ll,
465 5908 532 5975 133.
548 5939 575 5949 -
594 5910 635 5963 30.
654 5913 751 5975 aliquid
767 5915 840 5978 quart]
859 5913 960 5976 aliquod
978 5913 1036 5961 B-
1055 5908 1183 5973 amantia]
1201 5908 1320 5957 scatentia
1335 5909 1371 5956 est
1388 5905 1489 5954 Marsus
1506 5904 1533 5951 et
1549 5897 1731 5950 Lambinus-

410 5982 453 6035 23·
469 5985 671 6052 wesema
691 6014 719 6026 -
737 5988 789 6039 Nos
804 5988 853 6039 ΒΕ
873 6017 900 6026 -
919 5988 960 6038 tt.
978 5983 1300 6049 cctam-praestruatur
1315 5981 1414 6033 Nonius
1430 5990 1457 6043 p.
1476 5976 1518 6029 33.
