<?xml version="1.0" encoding="UTF-8"?>
<!DOCTYPE html PUBLIC "-//W3C//DTD XHTML 1.0 Transitional//EN"
    "http://www.w3.org/TR/xhtml1/DTD/xhtml1-transitional.dtd">
<html xmlns="http://www.w3.org/1999/xhtml" xml:lang="en" lang="en">
 <head>
  <title>
</title>
<meta http-equiv="Content-Type" content="text/html;charset=utf-8" />
  <meta name='ocr-system' content='tesseract 3.04.00' />
  <meta name='ocr-capabilities' content='ocr_page ocr_carea ocr_par ocr_line ocrx_word'/>
</head>
<body>
  <div class='ocr_page' id='page_1' title='image "./operaquaesupers00halmgoog/operaquaesupers00halmgoog_1020.png"; bbox 0 0 4342 7459; ppageno 0'>
   <div class='ocr_carea' id='block_1_1' title="bbox 433 1236 1202 1312">
    <p class='ocr_par' dir='ltr' id='par_1_1' title="bbox 433 1236 1202 1312">
     <span class='ocr_line' id='line_1_1' title="bbox 433 1236 1202 1312; baseline -0.003 -1"><span class='ocrx_word' id='word_1_1' title='bbox 433 1236 515 1311; x_wconf 79' lang='lat' dir='ltr'>illut</span> <span class='ocrx_word' id='word_1_2' title='bbox 989 1245 1202 1312; x_wconf 80' lang='lat' dir='ltr'>CICERONIS</span> 
     </span>
    </p>
   </div>
   <div class='ocr_carea' id='block_1_2' title="bbox 434 1397 1765 1559">
    <p class='ocr_par' dir='ltr' id='par_1_2' title="bbox 434 1397 1765 1559">
     <span class='ocr_line' id='line_1_2' title="bbox 509 1397 1765 1484; baseline -0.005 -17"><span class='ocrx_word' id='word_1_3' title='bbox 509 1405 559 1466; x_wconf 85' lang='lat' dir='ltr'>IX.</span> <span class='ocrx_word' id='word_1_4' title='bbox 589 1405 717 1467; x_wconf 78' lang='lat' dir='ltr'>Ratione</span> <span class='ocrx_word' id='word_1_5' title='bbox 747 1404 840 1484; x_wconf 78' lang='lat' dir='ltr'>igitur</span> <span class='ocrx_word' id='word_1_6' title='bbox 863 1409 895 1464; x_wconf 89' lang='lat' dir='ltr'>et</span> <span class='ocrx_word' id='word_1_7' title='bbox 920 1410 1024 1464; x_wconf 88' lang='lat' dir='ltr'>mente</span> <span class='ocrx_word' id='word_1_8' title='bbox 1044 1400 1147 1464; x_wconf 84' lang='lat' dir='ltr'>divina</span> <span class='ocrx_word' id='word_1_9' title='bbox 1167 1402 1207 1463; x_wconf 91' lang='lat' dir='ltr'>ad</span> <span class='ocrx_word' id='word_1_10' title='bbox 1227 1401 1375 1479; x_wconf 80' lang='lat' dir='ltr'>originem</span> <span class='ocrx_word' id='word_1_11' title='bbox 1395 1401 1545 1481; x_wconf 88' lang='lat' dir='ltr'>temporis</span> <span class='ocrx_word' id='word_1_12' title='bbox 1570 1397 1765 1462; x_wconf 87' lang='lat' dir='ltr'>curriculum</span> 
     </span>
     <span class='ocr_line' id='line_1_3' title="bbox 434 1496 1765 1559; baseline -0.012 -2"><span class='ocrx_word' id='word_1_13' title='bbox 434 1498 593 1559; x_wconf 89' lang='lat' dir='ltr'>inventum</span> <span class='ocrx_word' id='word_1_14' title='bbox 612 1506 661 1559; x_wconf 91' lang='lat' dir='ltr'>est</span> <span class='ocrx_word' id='word_1_15' title='bbox 679 1496 753 1559; x_wconf 88' lang='lat' dir='ltr'>solis</span> <span class='ocrx_word' id='word_1_16' title='bbox 773 1505 805 1558; x_wconf 89' lang='lat' dir='ltr'>et</span> <span class='ocrx_word' id='word_1_17' title='bbox 823 1496 914 1557; x_wconf 73' lang='lat' dir='ltr'>lunae</span> <span class='ocrx_word' id='word_1_18' title='bbox 940 1497 1011 1533; x_wconf 67' lang='lat' dir='ltr'>*r*</span> <span class='ocrx_word' id='word_1_19' title='bbox 1048 1526 1765 1541; x_wconf 69' lang='grc'>.......</span> 
     </span>
    </p>
   </div>
   <div class='ocr_carea' id='block_1_3' title="bbox 382 1778 1769 3741">
    <p class='ocr_par' dir='ltr' id='par_1_3' title="bbox 411 1778 1767 2232">
     <span class='ocr_line' id='line_1_4' title="bbox 411 1778 1766 1857; baseline 0 -19"><span class='ocrx_word' id='word_1_20' title='bbox 411 1792 427 1838; x_wconf 86' lang='lat' dir='ltr'>e</span> <span class='ocrx_word' id='word_1_21' title='bbox 436 1810 975 1829; x_wconf 87' lang='lat'>-----</span> <span class='ocrx_word' id='word_1_22' title='bbox 1032 1781 1076 1816; x_wconf 70' lang='lat'>*¹*</span> <span class='ocrx_word' id='word_1_23' title='bbox 1087 1782 1104 1817; x_wconf 76' lang='lat'>¹*</span> <span class='ocrx_word' id='word_1_24' title='bbox 1117 1781 1139 1857; x_wconf 85' lang='lat'><em>†</em></span> <span class='ocrx_word' id='word_1_25' title='bbox 1152 1781 1201 1841; x_wconf 88' lang='lat' dir='ltr'>ius</span> <span class='ocrx_word' id='word_1_26' title='bbox 1221 1787 1331 1842; x_wconf 90' lang='lat' dir='ltr'>natura</span> <span class='ocrx_word' id='word_1_27' title='bbox 1350 1785 1560 1854; x_wconf 87' lang='lat' dir='ltr'>converteret,</span> <span class='ocrx_word' id='word_1_28' title='bbox 1580 1786 1616 1839; x_wconf 88' lang='lat' dir='ltr'>ut</span> <span class='ocrx_word' id='word_1_29' title='bbox 1634 1778 1766 1838; x_wconf 86' lang='lat' dir='ltr'>Terram</span> 
     </span>
     <span class='ocr_line' id='line_1_5' title="bbox 434 1870 1766 1954; baseline 0 -22"><span class='ocrx_word' id='word_1_30' title='bbox 434 1873 540 1933; x_wconf 87' lang='lat' dir='ltr'>Lunae</span> <span class='ocrx_word' id='word_1_31' title='bbox 559 1890 670 1934; x_wconf 88' lang='lat' dir='ltr'>cursus</span> <span class='ocrx_word' id='word_1_32' title='bbox 689 1874 830 1954; x_wconf 84' lang='lat' dir='ltr'>proxime</span> <span class='ocrx_word' id='word_1_33' title='bbox 849 1874 982 1937; x_wconf 78' lang='lat' dir='ltr'><strong>ambiret</strong></span> <span class='ocrx_word' id='word_1_34' title='bbox 1001 1874 1094 1953; x_wconf 89' lang='lat' dir='ltr'>eique</span> <span class='ocrx_word' id='word_1_35' title='bbox 1114 1890 1208 1954; x_wconf 89' lang='lat' dir='ltr'>supra</span> <span class='ocrx_word' id='word_1_36' title='bbox 1229 1874 1355 1935; x_wconf 88' lang='lat' dir='ltr'>Terram</span> <span class='ocrx_word' id='word_1_37' title='bbox 1376 1874 1514 1953; x_wconf 87' lang='lat' dir='ltr'>pmxima</span> <span class='ocrx_word' id='word_1_38' title='bbox 1529 1870 1612 1934; x_wconf 89' lang='lat' dir='ltr'>Solis</span> <span class='ocrx_word' id='word_1_39' title='bbox 1625 1873 1766 1933; x_wconf 88' lang='lat' dir='ltr'>circnm-</span> 
     </span>
     <span class='ocr_line' id='line_1_6' title="bbox 435 1963 1766 2029; baseline 0.001 -5"><span class='ocrx_word' id='word_1_40' title='bbox 435 1966 536 2027; x_wconf 89' lang='lat' dir='ltr'>vectio</span> <span class='ocrx_word' id='word_1_41' title='bbox 555 1975 650 2028; x_wconf 88' lang='lat' dir='ltr'>esset.</span> <span class='ocrx_word' id='word_1_42' title='bbox 690 1969 811 2029; x_wconf 78' lang='lat' dir='ltr'><strong>Lucifer</strong></span> <span class='ocrx_word' id='word_1_43' title='bbox 829 1966 942 2029; x_wconf 86' lang='lat' dir='ltr'>deinde</span> <span class='ocrx_word' id='word_1_44' title='bbox 962 1975 994 2028; x_wconf 91' lang='lat' dir='ltr'>et</span> <span class='ocrx_word' id='word_1_45' title='bbox 1013 1976 1119 2029; x_wconf 88' lang='lat' dir='ltr'>sancta</span> <span class='ocrx_word' id='word_1_46' title='bbox 1139 1967 1280 2028; x_wconf 77' lang='lat' dir='ltr'>Mercurii</span> <span class='ocrx_word' id='word_1_47' title='bbox 1301 1965 1390 2028; x_wconf 88' lang='lat' dir='ltr'>stella</span> <span class='ocrx_word' id='word_1_48' title='bbox 1410 1984 1536 2028; x_wconf 87' lang='lat' dir='ltr'>cursum</span> <span class='ocrx_word' id='word_1_49' title='bbox 1550 1964 1669 2027; x_wconf 90' lang='lat' dir='ltr'>babent</span> <span class='ocrx_word' id='word_1_50' title='bbox 1682 1963 1766 2026; x_wconf 87' lang='lat' dir='ltr'>Solis</span> 
     </span>
     <span class='ocr_line' id='line_1_7' title="bbox 435 2058 1765 2141; baseline -0.002 -21"><span class='ocrx_word' id='word_1_51' title='bbox 435 2058 586 2121; x_wconf 70' lang='lat' dir='ltr'>celeritati</span> <span class='ocrx_word' id='word_1_52' title='bbox 614 2078 739 2141; x_wconf 87' lang='lat' dir='ltr'>parem,</span> <span class='ocrx_word' id='word_1_53' title='bbox 768 2059 826 2122; x_wconf 89' lang='lat' dir='ltr'>sed</span> <span class='ocrx_word' id='word_1_54' title='bbox 855 2062 917 2121; x_wconf 90' lang='lat' dir='ltr'>vim</span> <span class='ocrx_word' id='word_1_55' title='bbox 946 2060 1103 2140; x_wconf 83' lang='lat' dir='ltr'>quandam</span> <span class='ocrx_word' id='word_1_56' title='bbox 1139 2060 1340 2135; x_wconf 88' lang='lat' dir='ltr'>contrariam,</span> <span class='ocrx_word' id='word_1_57' title='bbox 1374 2076 1474 2139; x_wconf 88' lang='lat' dir='ltr'>eaque</span> <span class='ocrx_word' id='word_1_58' title='bbox 1507 2058 1765 2132; x_wconf 88' lang='lat' dir='ltr'>concursatione,</span> 
     </span>
     <span class='ocr_line' id='line_1_8' title="bbox 436 2152 1767 2232; baseline -0.002 -18"><span class='ocrx_word' id='word_1_59' title='bbox 436 2170 530 2232; x_wconf 81' lang='lat' dir='ltr'>quam</span> <span class='ocrx_word' id='word_1_60' title='bbox 549 2154 631 2215; x_wconf 89' lang='lat' dir='ltr'>inter</span> <span class='ocrx_word' id='word_1_61' title='bbox 649 2171 685 2215; x_wconf 86' lang='lat' dir='ltr'>ae</span> <span class='ocrx_word' id='word_1_62' title='bbox 704 2154 821 2216; x_wconf 90' lang='lat' dir='ltr'>babent</span> <span class='ocrx_word' id='word_1_63' title='bbox 839 2154 975 2229; x_wconf 76' lang='lat' dir='ltr'>Lucifer,</span> <span class='ocrx_word' id='word_1_64' title='bbox 995 2156 1181 2231; x_wconf 89' lang='lat' dir='ltr'>llerouriua,</span> <span class='ocrx_word' id='word_1_65' title='bbox 1203 2152 1270 2229; x_wconf 92' lang='lat' dir='ltr'>Sol,</span> <span class='ocrx_word' id='word_1_66' title='bbox 1292 2152 1343 2215; x_wconf 94' lang='lat' dir='ltr'>alii</span> <span class='ocrx_word' id='word_1_67' title='bbox 1363 2152 1442 2216; x_wconf 89' lang='lat' dir='ltr'>alios</span> <span class='ocrx_word' id='word_1_68' title='bbox 1460 2154 1590 2223; x_wconf 67' lang='lat' dir='ltr'>uincent</span> <span class='ocrx_word' id='word_1_69' title='bbox 1605 2152 1767 2212; x_wconf 87' lang='lat' dir='ltr'>vicissim-</span> 
     </span>
    </p>

    <p class='ocr_par' dir='ltr' id='par_1_4' title="bbox 382 2245 1767 2706">
     <span class='ocr_line' id='line_1_9' title="bbox 382 2245 1765 2328; baseline -0.005 -16"><span class='ocrx_word' id='word_1_70' title='bbox 382 2263 499 2325; x_wconf 83' lang='lat' dir='ltr'>·teque</span> <span class='ocrx_word' id='word_1_71' title='bbox 517 2248 692 2310; x_wconf 87' lang='lat' dir='ltr'>vincuntur.</span> <span class='ocrx_word' id='word_1_72' title='bbox 730 2247 930 2328; x_wconf 85' lang='lat' dir='ltr'>Reliquorum</span> <span class='ocrx_word' id='word_1_73' title='bbox 948 2246 1088 2309; x_wconf 89' lang='lat' dir='ltr'>siderum</span> <span class='ocrx_word' id='word_1_74' title='bbox 1107 2265 1187 2328; x_wconf 90' lang='lat' dir='ltr'>quae</span> <span class='ocrx_word' id='word_1_75' title='bbox 1208 2265 1303 2310; x_wconf 88' lang='lat' dir='ltr'>causa</span> <span class='ocrx_word' id='word_1_76' title='bbox 1322 2245 1494 2309; x_wconf 90' lang='lat' dir='ltr'>collocandi</span> <span class='ocrx_word' id='word_1_77' title='bbox 1513 2245 1607 2308; x_wconf 90' lang='lat' dir='ltr'>luerit</span> <span class='ocrx_word' id='word_1_78' title='bbox 1618 2262 1765 2325; x_wconf 86' lang='lat' dir='ltr'>quaeque</span> 
     </span>
     <span class='ocr_line' id='line_1_10' title="bbox 437 2336 1765 2419; baseline -0.001 -18"><span class='ocrx_word' id='word_1_79' title='bbox 437 2359 544 2401; x_wconf 90' lang='lat' dir='ltr'>eorum</span> <span class='ocrx_word' id='word_1_80' title='bbox 565 2344 605 2403; x_wconf 87' lang='lat' dir='ltr'>sit</span> <span class='ocrx_word' id='word_1_81' title='bbox 623 2342 810 2419; x_wconf 77' lang='lat' dir='ltr'>conlocatio,</span> <span class='ocrx_word' id='word_1_82' title='bbox 829 2344 862 2403; x_wconf 91' lang='lat' dir='ltr'>in</span> <span class='ocrx_word' id='word_1_83' title='bbox 882 2360 1058 2404; x_wconf 88' lang='lat' dir='ltr'>sermonem</span> <span class='ocrx_word' id='word_1_84' title='bbox 1079 2341 1171 2404; x_wconf 88' lang='lat' dir='ltr'>alium</span> <span class='ocrx_word' id='word_1_85' title='bbox 1192 2340 1398 2403; x_wconf 82' lang='lat' dir='ltr'>differendum</span> <span class='ocrx_word' id='word_1_86' title='bbox 1417 2349 1484 2419; x_wconf 90' lang='lat' dir='ltr'>est,</span> <span class='ocrx_word' id='word_1_87' title='bbox 1505 2358 1545 2402; x_wconf 90' lang='lat' dir='ltr'>ne</span> <span class='ocrx_word' id='word_1_88' title='bbox 1564 2341 1597 2402; x_wconf 90' lang='lat' dir='ltr'>in</span> <span class='ocrx_word' id='word_1_89' title='bbox 1610 2357 1665 2415; x_wconf 91' lang='lat' dir='ltr'>eo,</span> <span class='ocrx_word' id='word_1_90' title='bbox 1680 2336 1765 2419; x_wconf 86' lang='lat' dir='ltr'>quod</span> 
     </span>
     <span class='ocr_line' id='line_1_11' title="bbox 437 2434 1766 2516; baseline -0.002 -21"><span class='ocrx_word' id='word_1_91' title='bbox 437 2434 651 2514; x_wconf 76' lang='lat' dir='ltr'>attingendum</span> <span class='ocrx_word' id='word_1_92' title='bbox 671 2437 744 2512; x_wconf 85' lang='lat' dir='ltr'>luit,</span> <span class='ocrx_word' id='word_1_93' title='bbox 774 2455 869 2516; x_wconf 91' lang='lat' dir='ltr'>quam</span> <span class='ocrx_word' id='word_1_94' title='bbox 887 2439 920 2498; x_wconf 92' lang='lat' dir='ltr'>in</span> <span class='ocrx_word' id='word_1_95' title='bbox 940 2455 995 2514; x_wconf 91' lang='lat' dir='ltr'>eo,</span> <span class='ocrx_word' id='word_1_96' title='bbox 1016 2442 1106 2499; x_wconf 88' lang='lat' dir='ltr'>cuius</span> <span class='ocrx_word' id='word_1_97' title='bbox 1126 2455 1220 2499; x_wconf 86' lang='lat' dir='ltr'>causa</span> <span class='ocrx_word' id='word_1_98' title='bbox 1238 2435 1270 2497; x_wconf 90' lang='lat' dir='ltr'>id</span> <span class='ocrx_word' id='word_1_99' title='bbox 1290 2437 1464 2515; x_wconf 81' lang='lat' dir='ltr'>attigimus,</span> <span class='ocrx_word' id='word_1_100' title='bbox 1492 2434 1612 2513; x_wconf 82' lang='lat' dir='ltr'>longior</span> <span class='ocrx_word' id='word_1_101' title='bbox 1630 2440 1766 2514; x_wconf 87' lang='lat' dir='ltr'>ponatur</span> 
     </span>
     <span class='ocr_line' id='line_1_12' title="bbox 438 2526 1767 2612; baseline -0.003 -21"><span class='ocrx_word' id='word_1_102' title='bbox 438 2530 545 2591; x_wconf 81' lang='lat' dir='ltr'>oraim.</span> <span class='ocrx_word' id='word_1_103' title='bbox 584 2527 717 2604; x_wconf 87' lang='lat' dir='ltr'>Quando</span> <span class='ocrx_word' id='word_1_104' title='bbox 735 2532 829 2609; x_wconf 82' lang='lat' dir='ltr'>igitur</span> <span class='ocrx_word' id='word_1_105' title='bbox 849 2549 944 2592; x_wconf 91' lang='lat' dir='ltr'>unum</span> <span class='ocrx_word' id='word_1_106' title='bbox 965 2528 1114 2612; x_wconf 87' lang='lat' dir='ltr'>quodque</span> <span class='ocrx_word' id='word_1_107' title='bbox 1134 2549 1241 2591; x_wconf 88' lang='lat' dir='ltr'>eorum</span> <span class='ocrx_word' id='word_1_108' title='bbox 1262 2528 1399 2591; x_wconf 86' lang='lat' dir='ltr'>siderum</span> <span class='ocrx_word' id='word_1_109' title='bbox 1414 2545 1539 2590; x_wconf 87' lang='lat' dir='ltr'>cursum</span> <span class='ocrx_word' id='word_1_110' title='bbox 1553 2526 1704 2589; x_wconf 87' lang='lat' dir='ltr'>decorum</span> <span class='ocrx_word' id='word_1_111' title='bbox 1717 2534 1767 2587; x_wconf 85' lang='lat' dir='ltr'>est</span> 
     </span>
     <span class='ocr_line' id='line_1_13' title="bbox 437 2622 1765 2706; baseline -0.003 -22"><span class='ocrx_word' id='word_1_112' title='bbox 437 2622 600 2704; x_wconf 90' lang='lat' dir='ltr'>adeptum,</span> <span class='ocrx_word' id='word_1_113' title='bbox 621 2643 661 2686; x_wconf 85' lang='lat' dir='ltr'>ex</span> <span class='ocrx_word' id='word_1_114' title='bbox 680 2624 795 2705; x_wconf 88' lang='lat' dir='ltr'>quibus</span> <span class='ocrx_word' id='word_1_115' title='bbox 814 2635 882 2687; x_wconf 90' lang='lat' dir='ltr'>erat</span> <span class='ocrx_word' id='word_1_116' title='bbox 901 2636 1003 2687; x_wconf 87' lang='lat' dir='ltr'>motus</span> <span class='ocrx_word' id='word_1_117' title='bbox 1025 2626 1174 2706; x_wconf 89' lang='lat' dir='ltr'>temporis</span> <span class='ocrx_word' id='word_1_118' title='bbox 1188 2622 1435 2703; x_wconf 78' lang='lat' dir='ltr'>consignandas,</span> <span class='ocrx_word' id='word_1_119' title='bbox 1457 2622 1684 2700; x_wconf 76' lang='lat' dir='ltr'>conligatisque</span> <span class='ocrx_word' id='word_1_120' title='bbox 1693 2638 1765 2681; x_wconf 88' lang='lat' dir='ltr'>cor-</span> 
     </span>
    </p>

    <p class='ocr_par' dir='ltr' id='par_1_5' title="bbox 383 2712 1767 3176">
     <span class='ocr_line' id='line_1_14' title="bbox 383 2712 1766 2798; baseline -0.003 -21"><span class='ocrx_word' id='word_1_121' title='bbox 383 2733 430 2780; x_wconf 57' lang='lat' dir='ltr'>,ts</span> <span class='ocrx_word' id='word_1_122' title='bbox 438 2716 568 2798; x_wconf 90' lang='lat' dir='ltr'>poribus</span> <span class='ocrx_word' id='word_1_123' title='bbox 587 2718 718 2780; x_wconf 88' lang='lat' dir='ltr'>vinculis</span> <span class='ocrx_word' id='word_1_124' title='bbox 738 2718 925 2782; x_wconf 78' lang='lat' dir='ltr'>animalibus</span> <span class='ocrx_word' id='word_1_125' title='bbox 945 2720 1111 2781; x_wconf 82' lang='lat' dir='ltr'>animantia</span> <span class='ocrx_word' id='word_1_126' title='bbox 1132 2726 1199 2780; x_wconf 90' lang='lat' dir='ltr'>orta</span> <span class='ocrx_word' id='word_1_127' title='bbox 1219 2725 1292 2778; x_wconf 88' lang='lat' dir='ltr'>sunt</span> <span class='ocrx_word' id='word_1_128' title='bbox 1310 2734 1411 2798; x_wconf 88' lang='lat' dir='ltr'>eaque</span> <span class='ocrx_word' id='word_1_129' title='bbox 1429 2717 1560 2796; x_wconf 88' lang='lat' dir='ltr'>imperio</span> <span class='ocrx_word' id='word_1_130' title='bbox 1578 2730 1693 2794; x_wconf 89' lang='lat' dir='ltr'>parere</span> <span class='ocrx_word' id='word_1_131' title='bbox 1715 2712 1766 2774; x_wconf 90' lang='lat' dir='ltr'>di-</span> 
     </span>
     <span class='ocr_line' id='line_1_15' title="bbox 437 2809 1766 2886; baseline -0.002 -15"><span class='ocrx_word' id='word_1_132' title='bbox 437 2809 601 2886; x_wconf 89' lang='lat' dir='ltr'>dicerunt,</span> <span class='ocrx_word' id='word_1_133' title='bbox 621 2820 696 2874; x_wconf 92' lang='lat' dir='ltr'>tunc</span> <span class='ocrx_word' id='word_1_134' title='bbox 716 2832 756 2874; x_wconf 89' lang='lat' dir='ltr'>ex</span> <span class='ocrx_word' id='word_1_135' title='bbox 774 2812 904 2875; x_wconf 87' lang='lat' dir='ltr'>alterius</span> <span class='ocrx_word' id='word_1_136' title='bbox 923 2822 1051 2876; x_wconf 90' lang='lat' dir='ltr'>naturae</span> <span class='ocrx_word' id='word_1_137' title='bbox 1071 2813 1206 2873; x_wconf 91' lang='lat' dir='ltr'>motione</span> <span class='ocrx_word' id='word_1_138' title='bbox 1227 2820 1403 2874; x_wconf 83' lang='lat' dir='ltr'>transuersa</span> <span class='ocrx_word' id='word_1_139' title='bbox 1422 2811 1456 2872; x_wconf 94' lang='lat' dir='ltr'>in</span> <span class='ocrx_word' id='word_1_140' title='bbox 1475 2809 1616 2871; x_wconf 90' lang='lat' dir='ltr'>eiusdem</span> <span class='ocrx_word' id='word_1_141' title='bbox 1636 2816 1766 2871; x_wconf 87' lang='lat' dir='ltr'>naturae</span> 
     </span>
     <span class='ocr_line' id='line_1_16' title="bbox 439 2902 1766 2989; baseline -0.005 -22"><span class='ocrx_word' id='word_1_142' title='bbox 439 2913 555 2968; x_wconf 91' lang='lat' dir='ltr'>motum</span> <span class='ocrx_word' id='word_1_143' title='bbox 577 2907 764 2970; x_wconf 82' lang='lat' dir='ltr'>incurrentia</span> <span class='ocrx_word' id='word_1_144' title='bbox 790 2910 822 2969; x_wconf 92' lang='lat' dir='ltr'>in</span> <span class='ocrx_word' id='word_1_145' title='bbox 849 2925 950 2989; x_wconf 86' lang='lat' dir='ltr'>eaque</span> <span class='ocrx_word' id='word_1_146' title='bbox 970 2906 1129 2969; x_wconf 88' lang='lat' dir='ltr'>haerentia</span> <span class='ocrx_word' id='word_1_147' title='bbox 1149 2915 1243 2987; x_wconf 85' lang='lat' dir='ltr'>atque</span> <span class='ocrx_word' id='word_1_148' title='bbox 1262 2905 1420 2985; x_wconf 90' lang='lat' dir='ltr'>inpedita,</span> <span class='ocrx_word' id='word_1_149' title='bbox 1447 2922 1518 2966; x_wconf 91' lang='lat' dir='ltr'>oum</span> <span class='ocrx_word' id='word_1_150' title='bbox 1537 2902 1596 2965; x_wconf 90' lang='lat' dir='ltr'>alia</span> <span class='ocrx_word' id='word_1_151' title='bbox 1616 2902 1766 2964; x_wconf 79' lang='lat' dir='ltr'>maiorem</span> 
     </span>
     <span class='ocr_line' id='line_1_17' title="bbox 438 2997 1767 3081; baseline -0.002 -21"><span class='ocrx_word' id='word_1_152' title='bbox 438 2998 607 3062; x_wconf 79' lang='lat' dir='ltr'>lustrarent</span> <span class='ocrx_word' id='word_1_153' title='bbox 625 3002 750 3080; x_wconf 88' lang='lat' dir='ltr'>orbem,</span> <span class='ocrx_word' id='word_1_154' title='bbox 770 3002 828 3066; x_wconf 87' lang='lat' dir='ltr'>alia</span> <span class='ocrx_word' id='word_1_155' title='bbox 848 3004 1018 3079; x_wconf 87' lang='lat' dir='ltr'>minorem,</span> <span class='ocrx_word' id='word_1_156' title='bbox 1039 3000 1158 3063; x_wconf 89' lang='lat' dir='ltr'>tardius</span> <span class='ocrx_word' id='word_1_157' title='bbox 1177 3018 1260 3081; x_wconf 90' lang='lat' dir='ltr'>quae</span> <span class='ocrx_word' id='word_1_158' title='bbox 1277 3002 1442 3076; x_wconf 90' lang='lat' dir='ltr'>maiorem,</span> <span class='ocrx_word' id='word_1_159' title='bbox 1464 2997 1598 3061; x_wconf 87' lang='lat' dir='ltr'>celerius</span> <span class='ocrx_word' id='word_1_160' title='bbox 1611 3015 1695 3078; x_wconf 89' lang='lat' dir='ltr'>quae</span> <span class='ocrx_word' id='word_1_161' title='bbox 1707 2997 1767 3057; x_wconf 85' lang='lat' dir='ltr'>nn&#39;-</span> 
     </span>
     <span class='ocr_line' id='line_1_18' title="bbox 440 3090 1765 3176; baseline -0.002 -22"><span class='ocrx_word' id='word_1_162' title='bbox 440 3111 563 3171; x_wconf 87' lang='lat' dir='ltr'>norem,</span> <span class='ocrx_word' id='word_1_163' title='bbox 592 3103 679 3158; x_wconf 89' lang='lat' dir='ltr'>motu</span> <span class='ocrx_word' id='word_1_164' title='bbox 708 3097 801 3158; x_wconf 86' lang='lat' dir='ltr'>nnius</span> <span class='ocrx_word' id='word_1_165' title='bbox 832 3096 1037 3176; x_wconf 88' lang='lat' dir='ltr'>eiusdemque</span> <span class='ocrx_word' id='word_1_166' title='bbox 1067 3104 1196 3158; x_wconf 89' lang='lat' dir='ltr'>naturae</span> <span class='ocrx_word' id='word_1_167' title='bbox 1220 3113 1302 3175; x_wconf 88' lang='lat' dir='ltr'>quae</span> <span class='ocrx_word' id='word_1_168' title='bbox 1328 3092 1524 3155; x_wconf 87' lang='lat' dir='ltr'>velocissime</span> <span class='ocrx_word' id='word_1_169' title='bbox 1547 3090 1765 3165; x_wconf 86' lang='lat' dir='ltr'>movebantur,</span> 
     </span>
    </p>

    <p class='ocr_par' dir='ltr' id='par_1_6' title="bbox 388 3183 1769 3741">
     <span class='ocr_line' id='line_1_19' title="bbox 400 3183 1765 3267; baseline -0.002 -20"><span class='ocrx_word' id='word_1_170' title='bbox 400 3201 477 3250; x_wconf 82' lang='lat' dir='ltr'>enea</span> <span class='ocrx_word' id='word_1_171' title='bbox 496 3187 655 3251; x_wconf 89' lang='lat' dir='ltr'>celeritate</span> <span class='ocrx_word' id='word_1_172' title='bbox 675 3190 754 3251; x_wconf 83' lang='lat' dir='ltr'>uinci</span> <span class='ocrx_word' id='word_1_173' title='bbox 775 3208 793 3251; x_wconf 91' lang='lat' dir='ltr'>a</span> <span class='ocrx_word' id='word_1_174' title='bbox 813 3188 1004 3252; x_wconf 80' lang='lat' dir='ltr'>tardioribus</span> <span class='ocrx_word' id='word_1_175' title='bbox 1024 3195 1070 3264; x_wconf 89' lang='lat' dir='ltr'>et,</span> <span class='ocrx_word' id='word_1_176' title='bbox 1091 3207 1162 3250; x_wconf 89' lang='lat' dir='ltr'>cum</span> <span class='ocrx_word' id='word_1_177' title='bbox 1182 3187 1390 3267; x_wconf 82' lang='lat' dir='ltr'>superabant,</span> <span class='ocrx_word' id='word_1_178' title='bbox 1412 3187 1553 3267; x_wconf 90' lang='lat' dir='ltr'>superari</span> <span class='ocrx_word' id='word_1_179' title='bbox 1566 3183 1765 3246; x_wconf 87' lang='lat' dir='ltr'>videbantur.</span> 
     </span>
     <span class='ocr_line' id='line_1_20' title="bbox 440 3277 1767 3364; baseline -0.004 -20"><span class='ocrx_word' id='word_1_180' title='bbox 440 3283 549 3344; x_wconf 87' lang='lat' dir='ltr'>Omnis</span> <span class='ocrx_word' id='word_1_181' title='bbox 575 3284 658 3344; x_wconf 91' lang='lat' dir='ltr'>enim</span> <span class='ocrx_word' id='word_1_182' title='bbox 678 3283 763 3346; x_wconf 90' lang='lat' dir='ltr'>orbis</span> <span class='ocrx_word' id='word_1_183' title='bbox 783 3302 890 3346; x_wconf 87' lang='lat' dir='ltr'>eorum</span> <span class='ocrx_word' id='word_1_184' title='bbox 911 3285 1000 3364; x_wconf 88' lang='lat' dir='ltr'>quasi</span> <span class='ocrx_word' id='word_1_185' title='bbox 1020 3281 1141 3345; x_wconf 86' lang='lat' dir='ltr'>helicae</span> <span class='ocrx_word' id='word_1_186' title='bbox 1160 3283 1325 3344; x_wconf 84' lang='lat' dir='ltr'>inllexione</span> <span class='ocrx_word' id='word_1_187' title='bbox 1343 3280 1506 3356; x_wconf 88' lang='lat' dir='ltr'>vertebat,</span> <span class='ocrx_word' id='word_1_188' title='bbox 1526 3280 1601 3359; x_wconf 90' lang='lat' dir='ltr'>quia</span> <span class='ocrx_word' id='word_1_189' title='bbox 1624 3277 1767 3340; x_wconf 84' lang='lat' dir='ltr'>bilariam</span> 
     </span>
     <span class='ocr_line' id='line_1_21' title="bbox 439 3370 1768 3457; baseline -0.004 -20"><span class='ocrx_word' id='word_1_190' title='bbox 439 3377 592 3440; x_wconf 90' lang='lat' dir='ltr'>contrarie</span> <span class='ocrx_word' id='word_1_191' title='bbox 622 3375 713 3438; x_wconf 90' lang='lat' dir='ltr'>simul</span> <span class='ocrx_word' id='word_1_192' title='bbox 744 3375 945 3457; x_wconf 88' lang='lat' dir='ltr'>procedentia</span> <span class='ocrx_word' id='word_1_193' title='bbox 965 3376 1156 3453; x_wconf 83' lang='lat' dir='ltr'>efficiebant,</span> <span class='ocrx_word' id='word_1_194' title='bbox 1185 3384 1237 3446; x_wconf 91' lang='lat' dir='ltr'>ut,</span> <span class='ocrx_word' id='word_1_195' title='bbox 1268 3372 1352 3455; x_wconf 92' lang='lat' dir='ltr'>qnod</span> <span class='ocrx_word' id='word_1_196' title='bbox 1370 3382 1457 3436; x_wconf 87' lang='lat' dir='ltr'>esset</span> <span class='ocrx_word' id='word_1_197' title='bbox 1475 3371 1708 3448; x_wconf 87' lang='lat' dir='ltr'>tardissimum,</span> <span class='ocrx_word' id='word_1_198' title='bbox 1736 3370 1768 3433; x_wconf 93' lang='lat' dir='ltr'>id</span> 
     </span>
     <span class='ocr_line' id='line_1_22' title="bbox 439 3465 1767 3552; baseline -0.004 -20"><span class='ocrx_word' id='word_1_199' title='bbox 439 3472 614 3552; x_wconf 84' lang='lat' dir='ltr'>pmximum</span> <span class='ocrx_word' id='word_1_200' title='bbox 642 3470 732 3532; x_wconf 89' lang='lat' dir='ltr'>fieret</span> <span class='ocrx_word' id='word_1_201' title='bbox 759 3470 932 3533; x_wconf 85' lang='lat' dir='ltr'>celerrimo.</span> <span class='ocrx_word' id='word_1_202' title='bbox 971 3474 1074 3550; x_wconf 78' lang='lat' dir='ltr'>Atque</span> <span class='ocrx_word' id='word_1_203' title='bbox 1103 3479 1138 3531; x_wconf 90' lang='lat' dir='ltr'>ut</span> <span class='ocrx_word' id='word_1_204' title='bbox 1166 3478 1252 3531; x_wconf 89' lang='lat' dir='ltr'>esset</span> <span class='ocrx_word' id='word_1_205' title='bbox 1279 3487 1424 3531; x_wconf 88' lang='lat' dir='ltr'>mensura</span> <span class='ocrx_word' id='word_1_206' title='bbox 1451 3466 1606 3550; x_wconf 88' lang='lat' dir='ltr'>quaedam</span> <span class='ocrx_word' id='word_1_207' title='bbox 1623 3465 1767 3552; x_wconf 8' lang='lat' dir='ltr'>&gt;evidens</span> 
     </span>
     <span class='ocr_line' id='line_1_23' title="bbox 440 3560 1767 3645; baseline -0.003 -19"><span class='ocrx_word' id='word_1_208' title='bbox 440 3584 522 3645; x_wconf 89' lang='lat' dir='ltr'>quae</span> <span class='ocrx_word' id='word_1_209' title='bbox 541 3566 573 3626; x_wconf 93' lang='lat' dir='ltr'>in</span> <span class='ocrx_word' id='word_1_210' title='bbox 593 3573 663 3627; x_wconf 91' lang='lat' dir='ltr'>octo</span> <span class='ocrx_word' id='word_1_211' title='bbox 684 3566 829 3629; x_wconf 88' lang='lat' dir='ltr'>cursibus</span> <span class='ocrx_word' id='word_1_212' title='bbox 849 3565 1024 3627; x_wconf 88' lang='lat' dir='ltr'>celeritates</span> <span class='ocrx_word' id='word_1_213' title='bbox 1043 3565 1268 3644; x_wconf 84' lang='lat' dir='ltr'>tarditatesque</span> <span class='ocrx_word' id='word_1_214' title='bbox 1281 3562 1470 3640; x_wconf 89' lang='lat' dir='ltr'>declamret,</span> <span class='ocrx_word' id='word_1_215' title='bbox 1489 3561 1568 3623; x_wconf 90' lang='lat' dir='ltr'>deus</span> <span class='ocrx_word' id='word_1_216' title='bbox 1580 3562 1652 3642; x_wconf 90' lang='lat' dir='ltr'>ipse</span> <span class='ocrx_word' id='word_1_217' title='bbox 1665 3560 1767 3623; x_wconf 87' lang='lat' dir='ltr'>Solem</span> 
     </span>
     <span class='ocr_line' id='line_1_24' title="bbox 388 3657 1769 3741; baseline -0.001 -25"><span class='ocrx_word' id='word_1_218' title='bbox 388 3662 530 3740; x_wconf 67' lang='lat' dir='ltr'>nequam</span> <span class='ocrx_word' id='word_1_219' title='bbox 551 3659 656 3722; x_wconf 88' lang='lat' dir='ltr'>lumen</span> <span class='ocrx_word' id='word_1_220' title='bbox 676 3661 820 3723; x_wconf 87' lang='lat' dir='ltr'>accendit</span> <span class='ocrx_word' id='word_1_221' title='bbox 838 3660 879 3723; x_wconf 90' lang='lat' dir='ltr'>ad</span> <span class='ocrx_word' id='word_1_222' title='bbox 899 3660 1072 3723; x_wconf 86' lang='lat' dir='ltr'>secundum</span> <span class='ocrx_word' id='word_1_223' title='bbox 1092 3679 1186 3741; x_wconf 85' lang='lat' dir='ltr'>supra</span> <span class='ocrx_word' id='word_1_224' title='bbox 1208 3667 1321 3721; x_wconf 86' lang='lat' dir='ltr'>terram</span> <span class='ocrx_word' id='word_1_225' title='bbox 1341 3657 1507 3732; x_wconf 91' lang='lat' dir='ltr'>ambitum,</span> <span class='ocrx_word' id='word_1_226' title='bbox 1531 3664 1566 3717; x_wconf 92' lang='lat' dir='ltr'>ut</span> <span class='ocrx_word' id='word_1_227' title='bbox 1586 3673 1681 3736; x_wconf 86' lang='lat' dir='ltr'>quam</span> <span class='ocrx_word' id='word_1_228' title='bbox 1702 3672 1769 3715; x_wconf 92' lang='lat' dir='ltr'>ma·</span> 
     </span>
    </p>
   </div>
   <div class='ocr_carea' id='block_1_4' title="bbox 440 3746 1770 4023">
    <p class='ocr_par' dir='ltr' id='par_1_7' title="bbox 440 3746 1770 4023">
     <span class='ocr_line' id='line_1_25' title="bbox 440 3746 1767 3833; baseline -0.004 -19"><span class='ocrx_word' id='word_1_229' title='bbox 440 3755 523 3814; x_wconf 84' lang='lat' dir='ltr'>xime</span> <span class='ocrx_word' id='word_1_230' title='bbox 543 3752 663 3814; x_wconf 87' lang='lat' dir='ltr'>caelum</span> <span class='ocrx_word' id='word_1_231' title='bbox 686 3752 829 3815; x_wconf 91' lang='lat' dir='ltr'>omnibus</span> <span class='ocrx_word' id='word_1_232' title='bbox 849 3753 1028 3815; x_wconf 87' lang='lat' dir='ltr'>conluceret</span> <span class='ocrx_word' id='word_1_233' title='bbox 1046 3756 1302 3833; x_wconf 87' lang='lat' dir='ltr'>animantesque,</span> <span class='ocrx_word' id='word_1_234' title='bbox 1332 3751 1448 3830; x_wconf 90' lang='lat' dir='ltr'>quibus</span> <span class='ocrx_word' id='word_1_235' title='bbox 1474 3752 1523 3811; x_wconf 90' lang='lat' dir='ltr'>ius</span> <span class='ocrx_word' id='word_1_236' title='bbox 1544 3757 1631 3810; x_wconf 88' lang='lat' dir='ltr'>esset</span> <span class='ocrx_word' id='word_1_237' title='bbox 1650 3746 1767 3823; x_wconf 87' lang='lat' dir='ltr'>doceri,</span> 
     </span>
     <span class='ocr_line' id='line_1_26' title="bbox 440 3847 1768 3928; baseline -0.005 -17"><span class='ocrx_word' id='word_1_238' title='bbox 440 3847 481 3911; x_wconf 94' lang='lat' dir='ltr'>ab</span> <span class='ocrx_word' id='word_1_239' title='bbox 508 3847 648 3910; x_wconf 87' lang='lat' dir='ltr'>eiusdem</span> <span class='ocrx_word' id='word_1_240' title='bbox 672 3857 757 3909; x_wconf 93' lang='lat' dir='ltr'>motu</span> <span class='ocrx_word' id='word_1_241' title='bbox 785 3860 817 3911; x_wconf 88' lang='lat' dir='ltr'>et</span> <span class='ocrx_word' id='word_1_242' title='bbox 844 3849 884 3911; x_wconf 94' lang='lat' dir='ltr'>ab</span> <span class='ocrx_word' id='word_1_243' title='bbox 909 3850 992 3925; x_wconf 92' lang='lat' dir='ltr'>eius,</span> <span class='ocrx_word' id='word_1_244' title='bbox 1030 3847 1115 3928; x_wconf 92' lang='lat' dir='ltr'>quod</span> <span class='ocrx_word' id='word_1_245' title='bbox 1141 3848 1240 3909; x_wconf 87' lang='lat' dir='ltr'>simile</span> <span class='ocrx_word' id='word_1_246' title='bbox 1268 3855 1371 3923; x_wconf 86' lang='lat' dir='ltr'>essct,</span> <span class='ocrx_word' id='word_1_247' title='bbox 1400 3861 1602 3907; x_wconf 87' lang='lat' dir='ltr'>numerorum</span> <span class='ocrx_word' id='word_1_248' title='bbox 1627 3852 1768 3905; x_wconf 87' lang='lat' dir='ltr'>naturam</span> 
     </span>
     <span class='ocr_line' id='line_1_27' title="bbox 440 3937 1770 4023; baseline -0.002 -21"><span class='ocrx_word' id='word_1_249' title='bbox 440 3944 565 4023; x_wconf 88' lang='lat' dir='ltr'>vimque</span> <span class='ocrx_word' id='word_1_250' title='bbox 591 3950 825 4023; x_wconf 82' lang='lat' dir='ltr'>cognoscerent.</span> <span class='ocrx_word' id='word_1_251' title='bbox 866 3946 932 4005; x_wconf 88' lang='lat' dir='ltr'>Nox</span> <span class='ocrx_word' id='word_1_252' title='bbox 961 3944 1054 4023; x_wconf 81' lang='lat' dir='ltr'>igitur</span> <span class='ocrx_word' id='word_1_253' title='bbox 1080 3951 1112 4004; x_wconf 90' lang='lat' dir='ltr'>et</span> <span class='ocrx_word' id='word_1_254' title='bbox 1139 3942 1206 4003; x_wconf 92' lang='lat' dir='ltr'>dies</span> <span class='ocrx_word' id='word_1_255' title='bbox 1235 3940 1274 4004; x_wconf 92' lang='lat' dir='ltr'>ad</span> <span class='ocrx_word' id='word_1_256' title='bbox 1303 3941 1385 4003; x_wconf 91' lang='lat' dir='ltr'>hunc</span> <span class='ocrx_word' id='word_1_257' title='bbox 1415 3939 1541 4001; x_wconf 89' lang='lat' dir='ltr'>modum</span> <span class='ocrx_word' id='word_1_258' title='bbox 1581 3947 1615 3999; x_wconf 91' lang='lat' dir='ltr'>et</span> <span class='ocrx_word' id='word_1_259' title='bbox 1644 3937 1686 3999; x_wconf 92' lang='lat' dir='ltr'>ob</span> <span class='ocrx_word' id='word_1_260' title='bbox 1715 3937 1770 3999; x_wconf 87' lang='lat' dir='ltr'>bas</span> 
     </span>
    </p>
   </div>
   <div class='ocr_carea' id='block_1_5' title="bbox 438 4139 1773 5924">
    <p class='ocr_par' dir='ltr' id='par_1_8' title="bbox 438 4139 1773 5924">
     <span class='ocr_line' id='line_1_28' title="bbox 507 4139 1768 4205; baseline -0.005 -14"><span class='ocrx_word' id='word_1_261' title='bbox 507 4146 529 4193; x_wconf 87' lang='lat' dir='ltr'>t.</span> <span class='ocrx_word' id='word_1_262' title='bbox 557 4144 628 4192; x_wconf 89' lang='lat' dir='ltr'>llaec</span> <span class='ocrx_word' id='word_1_263' title='bbox 652 4142 735 4192; x_wconf 84' lang='lat' dir='ltr'>verba</span> <span class='ocrx_word' id='word_1_264' title='bbox 762 4146 879 4193; x_wconf 86' lang='lat' dir='ltr'>servavit</span> <span class='ocrx_word' id='word_1_265' title='bbox 898 4146 996 4193; x_wconf 89' lang='lat' dir='ltr'>Nonius</span> <span class='ocrx_word' id='word_1_266' title='bbox 1015 4158 1040 4194; x_wconf 87' lang='lat' dir='ltr'>v.</span> <span class='ocrx_word' id='word_1_267' title='bbox 1059 4144 1219 4194; x_wconf 78' lang='lat' dir='ltr'>cuniculum</span> <span class='ocrx_word' id='word_1_268' title='bbox 1237 4155 1262 4205; x_wconf 92' lang='lat' dir='ltr'>p.</span> <span class='ocrx_word' id='word_1_269' title='bbox 1282 4140 1339 4191; x_wconf 79' lang='lat' dir='ltr'>aaa.</span> <span class='ocrx_word' id='word_1_270' title='bbox 1358 4166 1386 4176; x_wconf 96' lang='lat'>-</span> <span class='ocrx_word' id='word_1_271' title='bbox 1422 4140 1525 4190; x_wconf 84' lang='lat' dir='ltr'>liatione</span> <span class='ocrx_word' id='word_1_272' title='bbox 1542 4139 1679 4201; x_wconf 80' lang='lat' dir='ltr'>Sigonius:</span> <span class='ocrx_word' id='word_1_273' title='bbox 1710 4150 1768 4185; x_wconf 83' lang='lat' dir='ltr'>rare</span> 
     </span>
     <span class='ocr_line' id='line_1_29' title="bbox 440 4214 1769 4282; baseline -0.004 -16"><span class='ocrx_word' id='word_1_274' title='bbox 440 4216 518 4267; x_wconf 87' lang='lat' dir='ltr'>codd.</span> <span class='ocrx_word' id='word_1_275' title='bbox 548 4243 574 4252; x_wconf 90' lang='lat'>-</span> <span class='ocrx_word' id='word_1_276' title='bbox 604 4219 722 4279; x_wconf 85' lang='lat' dir='ltr'>temporis</span> <span class='ocrx_word' id='word_1_277' title='bbox 744 4220 900 4268; x_wconf 61' lang='lat' dir='ltr'>mensumn</span> <span class='ocrx_word' id='word_1_278' title='bbox 924 4221 1057 4282; x_wconf 80' lang='lat' dir='ltr'>Sigonius:</span> <span class='ocrx_word' id='word_1_279' title='bbox 1091 4220 1208 4280; x_wconf 86' lang='lat' dir='ltr'>temporis</span> <span class='ocrx_word' id='word_1_280' title='bbox 1237 4218 1319 4265; x_wconf 87' lang='lat' dir='ltr'>curris</span> <span class='ocrx_word' id='word_1_281' title='bbox 1344 4216 1500 4264; x_wconf 55' lang='lat' dir='ltr'>manen</span> <span class='ocrx_word' id='word_1_282' title='bbox 1528 4214 1623 4273; x_wconf 73' lang='lat' dir='ltr'>codd,</span> <span class='ocrx_word' id='word_1_283' title='bbox 1655 4214 1769 4274; x_wconf 82' lang='lat' dir='ltr'>tensporis</span> 
     </span>
     <span class='ocr_line' id='line_1_30' title="bbox 439 4290 1771 4352; baseline -0.003 -12"><span class='ocrx_word' id='word_1_284' title='bbox 439 4293 563 4340; x_wconf 68' lang='lat' dir='ltr'>canentis</span> <span class='ocrx_word' id='word_1_285' title='bbox 586 4293 741 4344; x_wconf 67' lang='lat' dir='ltr'>morienilum</span> <span class='ocrx_word' id='word_1_286' title='bbox 766 4295 865 4343; x_wconf 91' lang='lat' dir='ltr'>lunius.</span> <span class='ocrx_word' id='word_1_287' title='bbox 896 4321 921 4330; x_wconf 96' lang='lat'><em>-</em></span> <span class='ocrx_word' id='word_1_288' title='bbox 956 4297 980 4345; x_wconf 82' lang='lat'>5.</span> <span class='ocrx_word' id='word_1_289' title='bbox 1008 4299 1047 4344; x_wconf 88' lang='lat' dir='ltr'>ius</span> <span class='ocrx_word' id='word_1_290' title='bbox 1070 4301 1166 4344; x_wconf 89' lang='lat' dir='ltr'>natura</span> <span class='ocrx_word' id='word_1_291' title='bbox 1190 4297 1342 4343; x_wconf 86' lang='lat' dir='ltr'>conuerteret</span> <span class='ocrx_word' id='word_1_292' title='bbox 1367 4293 1453 4342; x_wconf 84' lang='lat' dir='ltr'>CEG:</span> <span class='ocrx_word' id='word_1_293' title='bbox 1481 4290 1605 4352; x_wconf 76' lang='lat' dir='ltr'>[Corpora</span> <span class='ocrx_word' id='word_1_294' title='bbox 1628 4294 1714 4338; x_wconf 82' lang='lat' dir='ltr'>autern</span> <span class='ocrx_word' id='word_1_295' title='bbox 1730 4301 1771 4336; x_wconf 92' lang='lat' dir='ltr'>eo-</span> 
     </span>
     <span class='ocr_line' id='line_1_31' title="bbox 439 4355 1770 4429; baseline -0.002 -15"><span class='ocrx_word' id='word_1_296' title='bbox 439 4355 668 4429; x_wconf 78' lang='lat' dir='ltr'>rurn‘sinpulorurn</span> <span class='ocrx_word' id='word_1_297' title='bbox 684 4380 761 4429; x_wconf 83' lang='lat' dir='ltr'>quum</span> <span class='ocrx_word' id='word_1_298' title='bbox 778 4370 892 4429; x_wconf 68' lang='lat' dir='ltr'>effecisset</span> <span class='ocrx_word' id='word_1_299' title='bbox 909 4371 979 4427; x_wconf 85' lang='lat' dir='ltr'>deus,</span> <span class='ocrx_word' id='word_1_300' title='bbox 1004 4385 1035 4418; x_wconf 91' lang='lat' dir='ltr'>ea</span> <span class='ocrx_word' id='word_1_301' title='bbox 1051 4372 1084 4419; x_wconf 87' lang='lat' dir='ltr'>ad</span> <span class='ocrx_word' id='word_1_302' title='bbox 1101 4384 1143 4421; x_wconf 88' lang='lat' dir='ltr'>eas</span> <span class='ocrx_word' id='word_1_303' title='bbox 1158 4369 1328 4417; x_wconf 80' lang='lat' dir='ltr'>conversiones</span> <span class='ocrx_word' id='word_1_304' title='bbox 1344 4367 1489 4426; x_wconf 84' lang='lat' dir='ltr'>collocavit,</span> <span class='ocrx_word' id='word_1_305' title='bbox 1516 4377 1581 4425; x_wconf 82' lang='lat' dir='ltr'>quas</span> <span class='ocrx_word' id='word_1_306' title='bbox 1597 4365 1704 4413; x_wconf 64' lang='lat' dir='ltr'>alterm</span> <span class='ocrx_word' id='word_1_307' title='bbox 1719 4364 1770 4412; x_wconf 83' lang='lat' dir='ltr'>eir·</span> 
     </span>
     <span class='ocr_line' id='line_1_32' title="bbox 438 4439 1768 4505; baseline -0.001 -17"><span class='ocrx_word' id='word_1_308' title='bbox 438 4442 519 4489; x_wconf 85' lang='lat' dir='ltr'>cuitus</span> <span class='ocrx_word' id='word_1_309' title='bbox 535 4442 691 4504; x_wconf 69' lang='lat' dir='ltr'>conficiebat,</span> <span class='ocrx_word' id='word_1_310' title='bbox 710 4458 775 4503; x_wconf 81' lang='lat' dir='ltr'>quae</span> <span class='ocrx_word' id='word_1_311' title='bbox 790 4450 847 4492; x_wconf 89' lang='lat' dir='ltr'>sunt</span> <span class='ocrx_word' id='word_1_312' title='bbox 861 4451 966 4505; x_wconf 81' lang='lat' dir='ltr'>septem,</span> <span class='ocrx_word' id='word_1_313' title='bbox 986 4450 1014 4493; x_wconf 89' lang='lat' dir='ltr'>ut</span> <span class='ocrx_word' id='word_1_314' title='bbox 1030 4451 1053 4494; x_wconf 90' lang='lat' dir='ltr'>et</span> <span class='ocrx_word' id='word_1_315' title='bbox 1069 4446 1115 4493; x_wconf 88' lang='lat' dir='ltr'>iila</span> <span class='ocrx_word' id='word_1_316' title='bbox 1130 4450 1233 4505; x_wconf 86' lang='lat' dir='ltr'>septem:</span> <span class='ocrx_word' id='word_1_317' title='bbox 1260 4444 1298 4491; x_wconf 89' lang='lat' dir='ltr'>ita</span> <span class='ocrx_word' id='word_1_318' title='bbox 1313 4443 1364 4490; x_wconf 88' lang='lat' dir='ltr'>uim</span> <span class='ocrx_word' id='word_1_319' title='bbox 1385 4454 1458 4489; x_wconf 87' lang='lat' dir='ltr'>suam</span> <span class='ocrx_word' id='word_1_320' title='bbox 1477 4446 1572 4488; x_wconf 88' lang='lat' dir='ltr'>natura</span> <span class='ocrx_word' id='word_1_321' title='bbox 1588 4439 1768 4502; x_wconf 49' lang='lat' dir='ltr'>emon-titio</span> 
     </span>
     <span class='ocr_line' id='line_1_33' title="bbox 441 4514 1770 4580; baseline -0.001 -15"><span class='ocrx_word' id='word_1_322' title='bbox 441 4530 473 4565; x_wconf 80' lang='lat' dir='ltr'>ex</span> <span class='ocrx_word' id='word_1_323' title='bbox 490 4515 533 4566; x_wconf 86' lang='lat' dir='ltr'>ed.</span> <span class='ocrx_word' id='word_1_324' title='bbox 554 4516 644 4566; x_wconf 77' lang='lat' dir='ltr'>bamb.</span> <span class='ocrx_word' id='word_1_325' title='bbox 664 4517 736 4567; x_wconf 72' lang='lat' dir='ltr'>teti.</span> <span class='ocrx_word' id='word_1_326' title='bbox 758 4545 784 4554; x_wconf 93' lang='lat'>-</span> <span class='ocrx_word' id='word_1_327' title='bbox 813 4520 836 4569; x_wconf 88' lang='grc'>6.</span> <span class='ocrx_word' id='word_1_328' title='bbox 854 4521 1023 4580; x_wconf 69' lang='lat' dir='ltr'>proximare</span> <span class='ocrx_word' id='word_1_329' title='bbox 1047 4547 1073 4556; x_wconf 97' lang='lat'><em>-</em></span> <span class='ocrx_word' id='word_1_330' title='bbox 1096 4522 1119 4569; x_wconf 76' lang='lat'>7.</span> <span class='ocrx_word' id='word_1_331' title='bbox 1141 4525 1254 4569; x_wconf 86' lang='lat' dir='ltr'>sanctum</span> <span class='ocrx_word' id='word_1_332' title='bbox 1276 4531 1310 4567; x_wconf 88' lang='lat' dir='ltr'>m.</span> <span class='ocrx_word' id='word_1_333' title='bbox 1336 4517 1433 4566; x_wconf 87' lang='lat' dir='ltr'>stellam</span> <span class='ocrx_word' id='word_1_334' title='bbox 1458 4517 1508 4566; x_wconf 82' lang='grc' dir='ltr'>ΛΕ</span> <span class='ocrx_word' id='word_1_335' title='bbox 1535 4540 1561 4552; x_wconf 89' lang='grc'><strong>-</strong></span> <span class='ocrx_word' id='word_1_336' title='bbox 1590 4517 1702 4564; x_wconf 66' lang='grc' dir='ltr'>Μανῆ</span> <span class='ocrx_word' id='word_1_337' title='bbox 1727 4514 1770 4564; x_wconf 82' lang='lat' dir='ltr'>BV</span> 
     </span>
     <span class='ocr_line' id='line_1_34' title="bbox 442 4590 1772 4657; baseline -0.002 -16"><span class='ocrx_word' id='word_1_338' title='bbox 442 4616 468 4626; x_wconf 95' lang='lat'><em>-</em></span> <span class='ocrx_word' id='word_1_339' title='bbox 497 4593 521 4641; x_wconf 87' lang='lat'>8.</span> <span class='ocrx_word' id='word_1_340' title='bbox 545 4593 678 4641; x_wconf 88' lang='lat' dir='ltr'>celeritatis</span> <span class='ocrx_word' id='word_1_341' title='bbox 702 4595 753 4643; x_wconf 84' lang='lat' dir='ltr'>GV</span> <span class='ocrx_word' id='word_1_342' title='bbox 779 4622 811 4631; x_wconf 91' lang='lat'><em>-</em></span> <span class='ocrx_word' id='word_1_343' title='bbox 836 4609 916 4656; x_wconf 83' lang='lat' dir='ltr'>eaque</span> <span class='ocrx_word' id='word_1_344' title='bbox 940 4597 1138 4652; x_wconf 84' lang='lat' dir='ltr'>concursatione,</span> <span class='ocrx_word' id='word_1_345' title='bbox 1164 4606 1242 4657; x_wconf 81' lang='lat' dir='ltr'>quani</span> <span class='ocrx_word' id='word_1_346' title='bbox 1262 4596 1329 4642; x_wconf 85' lang='lat' dir='ltr'>inter</span> <span class='ocrx_word' id='word_1_347' title='bbox 1353 4606 1378 4641; x_wconf 88' lang='lat' dir='ltr'>se</span> <span class='ocrx_word' id='word_1_348' title='bbox 1399 4591 1487 4640; x_wconf 76' lang='lat' dir='ltr'>tabern</span> <span class='ocrx_word' id='word_1_349' title='bbox 1515 4590 1671 4640; x_wconf 73' lang='lat' dir='ltr'>perionius:</span> <span class='ocrx_word' id='word_1_350' title='bbox 1696 4601 1772 4651; x_wconf 70' lang='lat' dir='ltr'>nque</span> 
     </span>
     <span class='ocr_line' id='line_1_35' title="bbox 440 4665 1772 4733; baseline 0.002 -19"><span class='ocrx_word' id='word_1_351' title='bbox 440 4668 505 4716; x_wconf 86' lang='lat' dir='ltr'>inter</span> <span class='ocrx_word' id='word_1_352' title='bbox 521 4681 546 4716; x_wconf 84' lang='lat' dir='ltr'>se</span> <span class='ocrx_word' id='word_1_353' title='bbox 562 4668 764 4717; x_wconf 76' lang='lat' dir='ltr'>concursationes</span> <span class='ocrx_word' id='word_1_354' title='bbox 780 4669 868 4720; x_wconf 78' lang='lat' dir='ltr'>tabern</span> <span class='ocrx_word' id='word_1_355' title='bbox 885 4670 944 4719; x_wconf 82' lang='lat' dir='ltr'>AB¹</span> <span class='ocrx_word' id='word_1_356' title='bbox 955 4669 998 4727; x_wconf 86' lang='lat' dir='ltr'>V¹;</span> <span class='ocrx_word' id='word_1_357' title='bbox 1023 4683 1054 4718; x_wconf 91' lang='lat' dir='ltr'>eo</span> <span class='ocrx_word' id='word_1_358' title='bbox 1079 4682 1146 4733; x_wconf 86' lang='lat' dir='ltr'>puae</span> <span class='ocrx_word' id='word_1_359' title='bbox 1166 4670 1233 4717; x_wconf 89' lang='lat' dir='ltr'>inter</span> <span class='ocrx_word' id='word_1_360' title='bbox 1253 4681 1278 4716; x_wconf 88' lang='lat' dir='ltr'>se</span> <span class='ocrx_word' id='word_1_361' title='bbox 1294 4668 1495 4716; x_wconf 77' lang='lat' dir='ltr'>concursationes</span> <span class='ocrx_word' id='word_1_362' title='bbox 1511 4665 1600 4714; x_wconf 73' lang='lat' dir='ltr'>butem</span> <span class='ocrx_word' id='word_1_363' title='bbox 1618 4665 1661 4717; x_wconf 79' lang='lat'>1³²:</span> <span class='ocrx_word' id='word_1_364' title='bbox 1684 4675 1772 4725; x_wconf 67' lang='lat' dir='ltr'>eam</span> 
     </span>
     <span class='ocr_line' id='line_1_36' title="bbox 439 4737 1772 4805; baseline -0.002 -16"><span class='ocrx_word' id='word_1_365' title='bbox 439 4741 505 4791; x_wconf 85' lang='lat' dir='ltr'>inter</span> <span class='ocrx_word' id='word_1_366' title='bbox 530 4757 556 4792; x_wconf 83' lang='lat' dir='ltr'>se</span> <span class='ocrx_word' id='word_1_367' title='bbox 579 4745 779 4792; x_wconf 83' lang='lat' dir='ltr'>concursationes</span> <span class='ocrx_word' id='word_1_368' title='bbox 802 4744 891 4793; x_wconf 80' lang='lat' dir='ltr'>tabent</span> <span class='ocrx_word' id='word_1_369' title='bbox 912 4743 985 4799; x_wconf 50' lang='grc' dir='ltr'>(ἦνῆ</span> <span class='ocrx_word' id='word_1_370' title='bbox 1011 4756 1090 4805; x_wconf 81' lang='lat' dir='ltr'>eoque</span> <span class='ocrx_word' id='word_1_371' title='bbox 1114 4746 1179 4793; x_wconf 84' lang='lat' dir='ltr'>inter</span> <span class='ocrx_word' id='word_1_372' title='bbox 1198 4755 1223 4792; x_wconf 90' lang='lat' dir='ltr'>se</span> <span class='ocrx_word' id='word_1_373' title='bbox 1238 4742 1411 4790; x_wconf 84' lang='lat' dir='ltr'>conuersiones</span> <span class='ocrx_word' id='word_1_374' title='bbox 1427 4738 1552 4788; x_wconf 69' lang='lat' dir='ltr'>babenb]</span> <span class='ocrx_word' id='word_1_375' title='bbox 1579 4762 1608 4775; x_wconf 89' lang='lat'>-</span> <span class='ocrx_word' id='word_1_376' title='bbox 1637 4737 1663 4785; x_wconf 84' lang='lat'>9.</span> <span class='ocrx_word' id='word_1_377' title='bbox 1682 4738 1772 4797; x_wconf 67' lang='lat' dir='ltr'>unqu</span> 
     </span>
     <span class='ocr_line' id='line_1_37' title="bbox 440 4811 1766 4879; baseline -0.004 -14"><span class='ocrx_word' id='word_1_378' title='bbox 440 4818 504 4867; x_wconf 85' lang='lat' dir='ltr'>alios</span> <span class='ocrx_word' id='word_1_379' title='bbox 529 4818 601 4867; x_wconf 85' lang='lat' dir='ltr'>CEG</span> <span class='ocrx_word' id='word_1_380' title='bbox 627 4843 654 4853; x_wconf 90' lang='lat'><em>-</em></span> <span class='ocrx_word' id='word_1_381' title='bbox 674 4819 713 4868; x_wconf 84' lang='lat' dir='ltr'>to.</span> <span class='ocrx_word' id='word_1_382' title='bbox 732 4820 842 4868; x_wconf 82' lang='lat' dir='ltr'>siderum</span> <span class='ocrx_word' id='word_1_383' title='bbox 859 4831 913 4869; x_wconf 90' lang='lat' dir='ltr'>om.</span> <span class='ocrx_word' id='word_1_384' title='bbox 933 4819 981 4868; x_wconf 85' lang='lat' dir='ltr'>GV</span> <span class='ocrx_word' id='word_1_385' title='bbox 1001 4821 1083 4869; x_wconf 71' lang='lat' dir='ltr'>-tn</span> <span class='ocrx_word' id='word_1_386' title='bbox 1101 4819 1278 4879; x_wconf 80' lang='lat' dir='ltr'>adtinpendum</span> <span class='ocrx_word' id='word_1_387' title='bbox 1299 4820 1319 4866; x_wconf 79' lang='grc' dir='ltr'><strong>Α</strong></span> <span class='ocrx_word' id='word_1_388' title='bbox 1342 4841 1369 4850; x_wconf 98' lang='grc'>-</span> <span class='ocrx_word' id='word_1_389' title='bbox 1391 4818 1481 4879; x_wconf 85' lang='lat' dir='ltr'>quoius</span> <span class='ocrx_word' id='word_1_390' title='bbox 1502 4813 1540 4873; x_wconf 69' lang='lat'>3¹,</span> <span class='ocrx_word' id='word_1_391' title='bbox 1559 4815 1668 4877; x_wconf 69' lang='lat' dir='ltr'>euodius</span> <span class='ocrx_word' id='word_1_392' title='bbox 1693 4811 1722 4860; x_wconf 85' lang='lat' dir='ltr'>ll¹</span> <span class='ocrx_word' id='word_1_393' title='bbox 1742 4838 1766 4849; x_wconf 90' lang='lat'>-</span> 
     </span>
     <span class='ocr_line' id='line_1_38' title="bbox 443 4889 1770 4954; baseline -0.001 -13"><span class='ocrx_word' id='word_1_394' title='bbox 443 4919 470 4929; x_wconf 90' lang='lat'><em>-</em></span> <span class='ocrx_word' id='word_1_395' title='bbox 498 4894 650 4953; x_wconf 77' lang='lat' dir='ltr'>adtinpimus</span> <span class='ocrx_word' id='word_1_396' title='bbox 675 4893 740 4949; x_wconf 78' lang='lat' dir='ltr'>nv,</span> <span class='ocrx_word' id='word_1_397' title='bbox 762 4894 909 4954; x_wconf 78' lang='lat' dir='ltr'>attinpimus</span> <span class='ocrx_word' id='word_1_398' title='bbox 935 4895 1006 4943; x_wconf 74' lang='grc' dir='ltr'>ΒΕΘ</span> <span class='ocrx_word' id='word_1_399' title='bbox 1041 4921 1067 4930; x_wconf 94' lang='grc'><strong>-</strong></span> <span class='ocrx_word' id='word_1_400' title='bbox 1104 4893 1143 4942; x_wconf 81' lang='grc'>43.</span> <span class='ocrx_word' id='word_1_401' title='bbox 1171 4892 1271 4954; x_wconf 82' lang='lat' dir='ltr'>quando</span> <span class='ocrx_word' id='word_1_402' title='bbox 1296 4891 1375 4953; x_wconf 80' lang='lat' dir='ltr'>ipitur</span> <span class='ocrx_word' id='word_1_403' title='bbox 1399 4890 1433 4937; x_wconf 85' lang='lat' dir='ltr'>ibi</span> <span class='ocrx_word' id='word_1_404' title='bbox 1460 4891 1568 4952; x_wconf 78' lang='lat' dir='ltr'>quidque</span> <span class='ocrx_word' id='word_1_405' title='bbox 1596 4902 1685 4937; x_wconf 72' lang='lat' dir='ltr'>eom</span> <span class='ocrx_word' id='word_1_406' title='bbox 1713 4889 1770 4940; x_wconf 77' lang='lat' dir='ltr'>cd:</span> 
     </span>
     <span class='ocr_line' id='line_1_39' title="bbox 440 4962 1773 5029; baseline -0.005 -13"><span class='ocrx_word' id='word_1_407' title='bbox 440 4969 540 5028; x_wconf 73' lang='lat' dir='ltr'>meando</span> <span class='ocrx_word' id='word_1_408' title='bbox 563 4967 609 5015; x_wconf 87' lang='lat' dir='ltr'>sibi</span> <span class='ocrx_word' id='word_1_409' title='bbox 634 4968 742 5029; x_wconf 77' lang='lat' dir='ltr'>quidque</span> <span class='ocrx_word' id='word_1_410' title='bbox 765 4982 852 5017; x_wconf 78' lang='lat' dir='ltr'>eonem</span> <span class='ocrx_word' id='word_1_411' title='bbox 878 4969 896 5017; x_wconf 82' lang='grc' dir='ltr'>Ε</span> <span class='ocrx_word' id='word_1_412' title='bbox 925 4996 951 5005; x_wconf 90' lang='grc'>-</span> <span class='ocrx_word' id='word_1_413' title='bbox 977 4970 1094 5017; x_wconf 88' lang='lat' dir='ltr'>decorum</span> <span class='ocrx_word' id='word_1_414' title='bbox 1119 4980 1189 5017; x_wconf 87' lang='lat' dir='ltr'>corr.</span> <span class='ocrx_word' id='word_1_415' title='bbox 1209 4979 1241 5015; x_wconf 83' lang='lat' dir='ltr'>ex</span> <span class='ocrx_word' id='word_1_416' title='bbox 1258 4966 1396 5026; x_wconf 83' lang='lat' dir='ltr'>dequoruns</span> <span class='ocrx_word' id='word_1_417' title='bbox 1418 4965 1437 5011; x_wconf 88' lang='lat' dir='ltr'>v</span> <span class='ocrx_word' id='word_1_418' title='bbox 1463 4990 1489 4999; x_wconf 94' lang='lat'><em>-</em></span> <span class='ocrx_word' id='word_1_419' title='bbox 1515 4962 1555 5012; x_wconf 82' lang='lat' dir='ltr'>tt.</span> <span class='ocrx_word' id='word_1_420' title='bbox 1580 4964 1773 5026; x_wconf 59' lang='lat' dir='ltr'>mammas</span> 
     </span>
     <span class='ocr_line' id='line_1_40' title="bbox 441 5039 1772 5104; baseline -0.005 -11"><span class='ocrx_word' id='word_1_421' title='bbox 441 5042 484 5093; x_wconf 87' lang='lat' dir='ltr'>ed.</span> <span class='ocrx_word' id='word_1_422' title='bbox 508 5043 690 5092; x_wconf 85' lang='lat' dir='ltr'>Bononiensis.</span> <span class='ocrx_word' id='word_1_423' title='bbox 720 5067 746 5077; x_wconf 94' lang='lat'><em>-</em></span> <span class='ocrx_word' id='word_1_424' title='bbox 773 5044 919 5104; x_wconf 69' lang='lat' dir='ltr'>superbus</span> <span class='ocrx_word' id='word_1_425' title='bbox 939 5056 1008 5093; x_wconf 86' lang='lat' dir='ltr'>corr.</span> <span class='ocrx_word' id='word_1_426' title='bbox 1031 5043 1091 5092; x_wconf 89' lang='lat' dir='ltr'>ead.</span> <span class='ocrx_word' id='word_1_427' title='bbox 1118 5055 1153 5092; x_wconf 87' lang='lat' dir='ltr'>m.</span> <span class='ocrx_word' id='word_1_428' title='bbox 1172 5042 1197 5090; x_wconf 90' lang='lat' dir='ltr'>in</span> <span class='ocrx_word' id='word_1_429' title='bbox 1221 5043 1349 5101; x_wconf 77' lang='lat' dir='ltr'>corporeis</span> <span class='ocrx_word' id='word_1_430' title='bbox 1364 5041 1395 5099; x_wconf 88' lang='lat' dir='ltr'>V,</span> <span class='ocrx_word' id='word_1_431' title='bbox 1413 5040 1539 5101; x_wconf 82' lang='lat' dir='ltr'>corporeis</span> <span class='ocrx_word' id='word_1_432' title='bbox 1561 5041 1582 5087; x_wconf 88' lang='lat' dir='ltr'><strong>G</strong></span> <span class='ocrx_word' id='word_1_433' title='bbox 1605 5065 1632 5075; x_wconf 97' lang='lat'><em>-</em></span> <span class='ocrx_word' id='word_1_434' title='bbox 1657 5040 1698 5087; x_wconf 78' lang='lat' dir='ltr'>lb.</span> <span class='ocrx_word' id='word_1_435' title='bbox 1715 5039 1772 5086; x_wconf 68' lang='grc' dir='ltr'>ω’-</span> 
     </span>
     <span class='ocr_line' id='line_1_41' title="bbox 440 5112 1769 5175; baseline -0.006 -7"><span class='ocrx_word' id='word_1_436' title='bbox 440 5119 546 5168; x_wconf 85' lang='lat' dir='ltr'>malibus</span> <span class='ocrx_word' id='word_1_437' title='bbox 566 5123 620 5166; x_wconf 84' lang='lat' dir='ltr'>tum</span> <span class='ocrx_word' id='word_1_438' title='bbox 640 5119 782 5166; x_wconf 88' lang='lat' dir='ltr'>animantia</span> <span class='ocrx_word' id='word_1_439' title='bbox 799 5120 885 5175; x_wconf 81' lang='lat' dir='ltr'>cEG;</span> <span class='ocrx_word' id='word_1_440' title='bbox 915 5117 1036 5167; x_wconf 84' lang='lat' dir='ltr'>tamdel.</span> <span class='ocrx_word' id='word_1_441' title='bbox 1056 5118 1188 5167; x_wconf 77' lang='lat' dir='ltr'>Manutius</span> <span class='ocrx_word' id='word_1_442' title='bbox 1227 5143 1254 5153; x_wconf 89' lang='lat'>-</span> <span class='ocrx_word' id='word_1_443' title='bbox 1283 5117 1322 5164; x_wconf 84' lang='grc'>46.</span> <span class='ocrx_word' id='word_1_444' title='bbox 1350 5122 1408 5163; x_wconf 87' lang='lat' dir='ltr'>tune</span> <span class='ocrx_word' id='word_1_445' title='bbox 1433 5113 1530 5163; x_wconf 77' lang='lat' dir='ltr'>nssv¹z</span> <span class='ocrx_word' id='word_1_446' title='bbox 1557 5118 1612 5162; x_wconf 88' lang='lat' dir='ltr'>tuns</span> <span class='ocrx_word' id='word_1_447' title='bbox 1634 5112 1721 5164; x_wconf 82' lang='lat' dir='ltr'><strong>EGV²</strong></span> <span class='ocrx_word' id='word_1_448' title='bbox 1743 5139 1769 5150; x_wconf 92' lang='lat'>-</span> 
     </span>
     <span class='ocr_line' id='line_1_42' title="bbox 442 5190 1770 5252; baseline -0.003 -13"><span class='ocrx_word' id='word_1_449' title='bbox 442 5192 482 5240; x_wconf 77' lang='lat' dir='ltr'>tt.</span> <span class='ocrx_word' id='word_1_450' title='bbox 500 5192 616 5240; x_wconf 72' lang='lat' dir='ltr'>beramia</span> <span class='ocrx_word' id='word_1_451' title='bbox 633 5193 662 5249; x_wconf 82' lang='lat' dir='ltr'>ll,</span> <span class='ocrx_word' id='word_1_452' title='bbox 680 5192 818 5240; x_wconf 84' lang='lat' dir='ltr'>iuberentia</span> <span class='ocrx_word' id='word_1_453' title='bbox 836 5195 855 5242; x_wconf 89' lang='lat' dir='ltr'>G</span> <span class='ocrx_word' id='word_1_454' title='bbox 876 5218 901 5227; x_wconf 90' lang='lat'><em>-</em></span> <span class='ocrx_word' id='word_1_455' title='bbox 923 5194 962 5243; x_wconf 80' lang='lat'>⁴8.</span> <span class='ocrx_word' id='word_1_456' title='bbox 981 5192 1128 5252; x_wconf 86' lang='lat' dir='ltr'>tardiusque</span> <span class='ocrx_word' id='word_1_457' title='bbox 1144 5192 1266 5240; x_wconf 87' lang='lat' dir='ltr'>maiorem</span> <span class='ocrx_word' id='word_1_458' title='bbox 1282 5191 1433 5250; x_wconf 76' lang='lat' dir='ltr'>celeriusque</span> <span class='ocrx_word' id='word_1_459' title='bbox 1449 5190 1571 5237; x_wconf 86' lang='lat' dir='ltr'>minorem</span> <span class='ocrx_word' id='word_1_460' title='bbox 1588 5193 1620 5238; x_wconf 60' lang='grc' dir='ltr'>Αἱ</span> <span class='ocrx_word' id='word_1_461' title='bbox 1641 5190 1667 5237; x_wconf 90' lang='lat' dir='ltr'>in</span> <span class='ocrx_word' id='word_1_462' title='bbox 1689 5201 1770 5249; x_wconf 74' lang='lat' dir='ltr'>marg.</span> 
     </span>
     <span class='ocr_line' id='line_1_43' title="bbox 441 5264 1769 5327; baseline -0.002 -13"><span class='ocrx_word' id='word_1_463' title='bbox 441 5264 532 5323; x_wconf 87' lang='lat' dir='ltr'>babet,</span> <span class='ocrx_word' id='word_1_464' title='bbox 555 5264 613 5314; x_wconf 84' lang='lat' dir='ltr'>scd.</span> <span class='ocrx_word' id='word_1_465' title='bbox 641 5277 676 5314; x_wconf 89' lang='lat' dir='ltr'>m.</span> <span class='ocrx_word' id='word_1_466' title='bbox 696 5264 841 5315; x_wconf 88' lang='lat' dir='ltr'>admodum</span> <span class='ocrx_word' id='word_1_467' title='bbox 860 5270 972 5314; x_wconf 81' lang='lat' dir='ltr'>vetiista.</span> <span class='ocrx_word' id='word_1_468' title='bbox 992 5294 1018 5303; x_wconf 91' lang='lat'>-</span> <span class='ocrx_word' id='word_1_469' title='bbox 1038 5268 1137 5316; x_wconf 87' lang='lat' dir='ltr'>tardius</span> <span class='ocrx_word' id='word_1_470' title='bbox 1153 5279 1219 5327; x_wconf 81' lang='lat' dir='ltr'>quoe</span> <span class='ocrx_word' id='word_1_471' title='bbox 1234 5280 1269 5314; x_wconf 87' lang='lat' dir='ltr'>m.</span> <span class='ocrx_word' id='word_1_472' title='bbox 1288 5266 1391 5315; x_wconf 75' lang='lat' dir='ltr'>eelerms</span> <span class='ocrx_word' id='word_1_473' title='bbox 1402 5278 1468 5326; x_wconf 80' lang='lat' dir='ltr'>quae</span> <span class='ocrx_word' id='word_1_474' title='bbox 1485 5265 1572 5314; x_wconf 81' lang='lat' dir='ltr'>Aetius</span> <span class='ocrx_word' id='word_1_475' title='bbox 1592 5267 1628 5321; x_wconf 82' lang='lat' dir='ltr'>lei</span> <span class='ocrx_word' id='word_1_476' title='bbox 1645 5265 1706 5313; x_wconf 90' lang='lat' dir='ltr'>lort.</span> <span class='ocrx_word' id='word_1_477' title='bbox 1729 5265 1769 5320; x_wconf 78' lang='lat' dir='ltr'>dt:</span> 
     </span>
     <span class='ocr_line' id='line_1_44' title="bbox 440 5339 1769 5402; baseline -0.003 -12"><span class='ocrx_word' id='word_1_478' title='bbox 440 5343 586 5402; x_wconf 81' lang='lat' dir='ltr'>tardiusque</span> <span class='ocrx_word' id='word_1_479' title='bbox 617 5354 651 5389; x_wconf 81' lang='lat' dir='ltr'>ns.</span> <span class='ocrx_word' id='word_1_480' title='bbox 682 5341 834 5401; x_wconf 77' lang='lat' dir='ltr'>ceuriusaue</span> <span class='ocrx_word' id='word_1_481' title='bbox 870 5342 916 5391; x_wconf 82' lang='lat' dir='ltr'>CE</span> <span class='ocrx_word' id='word_1_482' title='bbox 952 5368 979 5376; x_wconf 98' lang='lat'><em>-</em></span> <span class='ocrx_word' id='word_1_483' title='bbox 1017 5344 1056 5391; x_wconf 81' lang='lat' dir='ltr'>ts.</span> <span class='ocrx_word' id='word_1_484' title='bbox 1086 5341 1245 5390; x_wconf 81' lang='lat' dir='ltr'>uelociasurne</span> <span class='ocrx_word' id='word_1_485' title='bbox 1274 5341 1292 5389; x_wconf 86' lang='grc' dir='ltr'><strong>Β</strong></span> <span class='ocrx_word' id='word_1_486' title='bbox 1327 5366 1354 5376; x_wconf 88' lang='grc'><strong>-</strong></span> <span class='ocrx_word' id='word_1_487' title='bbox 1384 5341 1425 5389; x_wconf 73' lang='lat'>20.</span> <span class='ocrx_word' id='word_1_488' title='bbox 1459 5339 1498 5400; x_wconf 90' lang='lat' dir='ltr'>ea]</span> <span class='ocrx_word' id='word_1_489' title='bbox 1533 5344 1556 5387; x_wconf 89' lang='lat' dir='ltr'>et</span> <span class='ocrx_word' id='word_1_490' title='bbox 1582 5352 1599 5387; x_wconf 89' lang='lat' dir='ltr'>a</span> <span class='ocrx_word' id='word_1_491' title='bbox 1624 5339 1711 5388; x_wconf 76' lang='lat' dir='ltr'><strong>A¹GV</strong></span> <span class='ocrx_word' id='word_1_492' title='bbox 1744 5362 1769 5372; x_wconf 92' lang='lat'>-</span> 
     </span>
     <span class='ocr_line' id='line_1_45' title="bbox 439 5412 1771 5470; baseline -0.002 -6"><span class='ocrx_word' id='word_1_493' title='bbox 439 5418 507 5465; x_wconf 89' lang='lat' dir='ltr'>uinci</span> <span class='ocrx_word' id='word_1_494' title='bbox 523 5430 540 5464; x_wconf 89' lang='lat' dir='ltr'>a</span> <span class='ocrx_word' id='word_1_495' title='bbox 558 5429 627 5465; x_wconf 90' lang='lat' dir='ltr'>corr.</span> <span class='ocrx_word' id='word_1_496' title='bbox 646 5430 679 5465; x_wconf 82' lang='lat' dir='ltr'>ex</span> <span class='ocrx_word' id='word_1_497' title='bbox 696 5417 777 5464; x_wconf 87' lang='lat' dir='ltr'>uintia</span> <span class='ocrx_word' id='word_1_498' title='bbox 795 5416 815 5463; x_wconf 88' lang='lat' dir='ltr'>V</span> <span class='ocrx_word' id='word_1_499' title='bbox 835 5442 862 5452; x_wconf 90' lang='lat'><em>-</em></span> <span class='ocrx_word' id='word_1_500' title='bbox 882 5418 922 5467; x_wconf 77' lang='lat' dir='ltr'>nt.</span> <span class='ocrx_word' id='word_1_501' title='bbox 941 5419 1020 5465; x_wconf 86' lang='lat' dir='ltr'>ornnis</span> <span class='ocrx_word' id='word_1_502' title='bbox 1039 5417 1105 5465; x_wconf 88' lang='lat' dir='ltr'>enirn</span> <span class='ocrx_word' id='word_1_503' title='bbox 1129 5415 1195 5464; x_wconf 84' lang='lat' dir='ltr'>orbis</span> <span class='ocrx_word' id='word_1_504' title='bbox 1218 5414 1304 5463; x_wconf 80' lang='lat' dir='ltr'>ABE:</span> <span class='ocrx_word' id='word_1_505' title='bbox 1333 5415 1412 5462; x_wconf 87' lang='lat' dir='ltr'>omnis</span> <span class='ocrx_word' id='word_1_506' title='bbox 1436 5415 1502 5462; x_wconf 87' lang='lat' dir='ltr'>enim</span> <span class='ocrx_word' id='word_1_507' title='bbox 1526 5413 1598 5461; x_wconf 87' lang='lat' dir='ltr'>orbes</span> <span class='ocrx_word' id='word_1_508' title='bbox 1619 5412 1664 5470; x_wconf 68' lang='lat' dir='ltr'>Vl,</span> <span class='ocrx_word' id='word_1_509' title='bbox 1691 5422 1771 5461; x_wconf 71' lang='lat' dir='ltr'>mes</span> 
     </span>
     <span class='ocr_line' id='line_1_46' title="bbox 440 5486 1772 5551; baseline -0.005 -10"><span class='ocrx_word' id='word_1_510' title='bbox 440 5494 506 5541; x_wconf 89' lang='lat' dir='ltr'>enim</span> <span class='ocrx_word' id='word_1_511' title='bbox 533 5491 603 5541; x_wconf 84' lang='lat' dir='ltr'>orbes</span> <span class='ocrx_word' id='word_1_512' title='bbox 630 5490 715 5541; x_wconf 75' lang='lat' dir='ltr'>ov20</span> <span class='ocrx_word' id='word_1_513' title='bbox 745 5517 778 5527; x_wconf 94' lang='lat'><em>-</em></span> <span class='ocrx_word' id='word_1_514' title='bbox 806 5492 898 5539; x_wconf 79' lang='lat' dir='ltr'>belinae</span> <span class='ocrx_word' id='word_1_515' title='bbox 927 5493 1056 5541; x_wconf 86' lang='lat' dir='ltr'>Victorius</span> <span class='ocrx_word' id='word_1_516' title='bbox 1089 5486 1122 5551; x_wconf 89' lang='lat' dir='ltr'>(iu</span> <span class='ocrx_word' id='word_1_517' title='bbox 1156 5487 1398 5550; x_wconf 76' lang='lat' dir='ltr'>Castigationibusl:</span> <span class='ocrx_word' id='word_1_518' title='bbox 1429 5488 1546 5547; x_wconf 72' lang='lat' dir='ltr'>felicitate</span> <span class='ocrx_word' id='word_1_519' title='bbox 1574 5487 1666 5545; x_wconf 85' lang='lat' dir='ltr'>CEG,</span> <span class='ocrx_word' id='word_1_520' title='bbox 1694 5487 1772 5534; x_wconf 72' lang='lat' dir='ltr'>tuteli</span> 
     </span>
     <span class='ocr_line' id='line_1_47' title="bbox 441 5559 1771 5627; baseline -0.006 -10"><span class='ocrx_word' id='word_1_521' title='bbox 441 5582 503 5618; x_wconf 88' lang='lat' dir='ltr'>cum</span> <span class='ocrx_word' id='word_1_522' title='bbox 527 5569 571 5618; x_wconf 90' lang='lat' dir='ltr'>ed.</span> <span class='ocrx_word' id='word_1_523' title='bbox 597 5567 744 5617; x_wconf 86' lang='lat' dir='ltr'>victoriana</span> <span class='ocrx_word' id='word_1_524' title='bbox 769 5567 789 5615; x_wconf 94' lang='lat'>0</span> <span class='ocrx_word' id='word_1_525' title='bbox 816 5591 843 5603; x_wconf 91' lang='lat'><em>-</em></span> <span class='ocrx_word' id='word_1_526' title='bbox 871 5567 932 5627; x_wconf 82' lang='lat' dir='ltr'>quia</span> <span class='ocrx_word' id='word_1_527' title='bbox 956 5567 1076 5627; x_wconf 71' lang='lat' dir='ltr'>bifariam</span> <span class='ocrx_word' id='word_1_528' title='bbox 1101 5564 1186 5613; x_wconf 79' lang='lat' dir='ltr'>fluv:</span> <span class='ocrx_word' id='word_1_529' title='bbox 1215 5576 1266 5623; x_wconf 83' lang='lat' dir='ltr'>qua</span> <span class='ocrx_word' id='word_1_530' title='bbox 1289 5563 1383 5625; x_wconf 67' lang='lat' dir='ltr'>titana</span> <span class='ocrx_word' id='word_1_531' title='bbox 1410 5560 1511 5617; x_wconf 81' lang='lat' dir='ltr'>(litteris</span> <span class='ocrx_word' id='word_1_532' title='bbox 1535 5573 1621 5624; x_wconf 85' lang='lat' dir='ltr'>paene</span> <span class='ocrx_word' id='word_1_533' title='bbox 1643 5559 1771 5620; x_wconf 85' lang='lat' dir='ltr'>evanidis)</span> 
     </span>
     <span class='ocr_line' id='line_1_48' title="bbox 442 5634 1770 5704; baseline -0.008 -12"><span class='ocrx_word' id='word_1_534' title='bbox 442 5647 474 5699; x_wconf 74' lang='lat' dir='ltr'>A:</span> <span class='ocrx_word' id='word_1_535' title='bbox 493 5645 536 5704; x_wconf 83' lang='lat' dir='ltr'>qui</span> <span class='ocrx_word' id='word_1_536' title='bbox 552 5658 570 5691; x_wconf 91' lang='lat' dir='ltr'>o</span> <span class='ocrx_word' id='word_1_537' title='bbox 585 5643 679 5703; x_wconf 65' lang='lat' dir='ltr'>blame</span> <span class='ocrx_word' id='word_1_538' title='bbox 696 5642 730 5698; x_wconf 86' lang='lat' dir='ltr'>E,</span> <span class='ocrx_word' id='word_1_539' title='bbox 749 5654 825 5702; x_wconf 84' lang='lat' dir='ltr'>quarn</span> <span class='ocrx_word' id='word_1_540' title='bbox 841 5639 962 5700; x_wconf 57' lang='lat' dir='ltr'>&amp;sariam</span> <span class='ocrx_word' id='word_1_541' title='bbox 979 5641 999 5688; x_wconf 88' lang='grc' dir='ltr'>Ο</span> <span class='ocrx_word' id='word_1_542' title='bbox 1016 5665 1049 5676; x_wconf 91' lang='lat'>-·</span> <span class='ocrx_word' id='word_1_543' title='bbox 1074 5640 1115 5688; x_wconf 73' lang='lat'>22.</span> <span class='ocrx_word' id='word_1_544' title='bbox 1134 5639 1279 5686; x_wconf 86' lang='lat' dir='ltr'>contrariae</span> <span class='ocrx_word' id='word_1_545' title='bbox 1295 5636 1343 5686; x_wconf 83' lang='lat' dir='ltr'>AV</span> <span class='ocrx_word' id='word_1_546' title='bbox 1361 5636 1420 5697; x_wconf 90' lang='lat' dir='ltr'>(sed</span> <span class='ocrx_word' id='word_1_547' title='bbox 1438 5637 1463 5685; x_wconf 90' lang='lat' dir='ltr'>lu</span> <span class='ocrx_word' id='word_1_548' title='bbox 1481 5636 1502 5681; x_wconf 91' lang='lat' dir='ltr'>V</span> <span class='ocrx_word' id='word_1_549' title='bbox 1520 5635 1606 5684; x_wconf 81' lang='lat' dir='ltr'>littera</span> <span class='ocrx_word' id='word_1_550' title='bbox 1630 5634 1770 5698; x_wconf 82' lang='lat' dir='ltr'>penultima</span> 
     </span>
     <span class='ocr_line' id='line_1_49' title="bbox 441 5709 1769 5782; baseline -0.009 -13"><span class='ocrx_word' id='word_1_551' title='bbox 441 5722 573 5782; x_wconf 81' lang='lat' dir='ltr'>expuncta</span> <span class='ocrx_word' id='word_1_552' title='bbox 600 5718 667 5778; x_wconf 88' lang='lat' dir='ltr'>est),</span> <span class='ocrx_word' id='word_1_553' title='bbox 692 5717 823 5766; x_wconf 86' lang='lat' dir='ltr'>contraria</span> <span class='ocrx_word' id='word_1_554' title='bbox 849 5716 895 5764; x_wconf 83' lang='lat' dir='ltr'>EG</span> <span class='ocrx_word' id='word_1_555' title='bbox 923 5741 950 5750; x_wconf 96' lang='lat'><em>-</em></span> <span class='ocrx_word' id='word_1_556' title='bbox 975 5713 1136 5775; x_wconf 75' lang='lat' dir='ltr'>procedentia</span> <span class='ocrx_word' id='word_1_557' title='bbox 1171 5726 1240 5761; x_wconf 88' lang='lat' dir='ltr'>corr.</span> <span class='ocrx_word' id='word_1_558' title='bbox 1270 5710 1328 5761; x_wconf 89' lang='lat' dir='ltr'>ead.</span> <span class='ocrx_word' id='word_1_559' title='bbox 1363 5724 1399 5760; x_wconf 93' lang='lat' dir='ltr'>m.</span> <span class='ocrx_word' id='word_1_560' title='bbox 1436 5724 1468 5759; x_wconf 84' lang='lat' dir='ltr'>ex</span> <span class='ocrx_word' id='word_1_561' title='bbox 1496 5712 1674 5770; x_wconf 83' lang='lat' dir='ltr'>procedentiue</span> <span class='ocrx_word' id='word_1_562' title='bbox 1698 5709 1718 5756; x_wconf 83' lang='lat' dir='ltr'>V</span> <span class='ocrx_word' id='word_1_563' title='bbox 1745 5733 1769 5744; x_wconf 94' lang='lat'><em>-</em></span> 
     </span>
     <span class='ocr_line' id='line_1_50' title="bbox 442 5784 1768 5855; baseline -0.006 -12"><span class='ocrx_word' id='word_1_564' title='bbox 442 5794 482 5842; x_wconf 77' lang='lat'>23.</span> <span class='ocrx_word' id='word_1_565' title='bbox 500 5793 591 5855; x_wconf 63' lang='lat' dir='ltr'>sterili</span> <span class='ocrx_word' id='word_1_566' title='bbox 619 5818 646 5828; x_wconf 92' lang='lat'><em>-</em></span> <span class='ocrx_word' id='word_1_567' title='bbox 674 5791 822 5840; x_wconf 74' lang='lat' dir='ltr'>eaelurimo</span> <span class='ocrx_word' id='word_1_568' title='bbox 838 5789 885 5839; x_wconf 80' lang='grc' dir='ltr'>ΑΒ</span> <span class='ocrx_word' id='word_1_569' title='bbox 911 5816 939 5825; x_wconf 98' lang='grc'><strong>-</strong></span> <span class='ocrx_word' id='word_1_570' title='bbox 966 5789 1006 5840; x_wconf 77' lang='lat' dir='ltr'>rt.</span> <span class='ocrx_word' id='word_1_571' title='bbox 1034 5792 1061 5837; x_wconf 89' lang='lat' dir='ltr'>in</span> <span class='ocrx_word' id='word_1_572' title='bbox 1085 5795 1140 5838; x_wconf 85' lang='lat' dir='ltr'>octo</span> <span class='ocrx_word' id='word_1_573' title='bbox 1166 5789 1225 5837; x_wconf 82' lang='lat' dir='ltr'>CG:</span> <span class='ocrx_word' id='word_1_574' title='bbox 1253 5787 1280 5834; x_wconf 91' lang='lat' dir='ltr'>in</span> <span class='ocrx_word' id='word_1_575' title='bbox 1301 5787 1355 5835; x_wconf 83' lang='lat' dir='ltr'>istis</span> <span class='ocrx_word' id='word_1_576' title='bbox 1376 5791 1430 5835; x_wconf 91' lang='lat' dir='ltr'>octo</span> <span class='ocrx_word' id='word_1_577' title='bbox 1447 5786 1481 5843; x_wconf 84' lang='lat' dir='ltr'>E,</span> <span class='ocrx_word' id='word_1_578' title='bbox 1501 5784 1768 5847; x_wconf 76' lang='lat' dir='ltr'>inlistuloctoo·</span> 
     </span>
     <span class='ocr_line' id='line_1_51' title="bbox 442 5858 1768 5924; baseline -0.011 -4"><span class='ocrx_word' id='word_1_579' title='bbox 442 5869 596 5919; x_wconf 69' lang='lat' dir='ltr'>menaea</span> <span class='ocrx_word' id='word_1_580' title='bbox 612 5870 633 5919; x_wconf 80' lang='lat' dir='ltr'>l.</span> <span class='ocrx_word' id='word_1_581' title='bbox 651 5892 678 5904; x_wconf 92' lang='lat'><em>-</em></span> <span class='ocrx_word' id='word_1_582' title='bbox 697 5867 777 5917; x_wconf 87' lang='lat' dir='ltr'>solurn</span> <span class='ocrx_word' id='word_1_583' title='bbox 794 5865 813 5915; x_wconf 86' lang='lat' dir='ltr'>u</span> <span class='ocrx_word' id='word_1_584' title='bbox 833 5890 860 5902; x_wconf 96' lang='lat'>-</span> <span class='ocrx_word' id='word_1_585' title='bbox 879 5865 921 5915; x_wconf 76' lang='lat'>26.</span> <span class='ocrx_word' id='word_1_586' title='bbox 938 5866 1023 5916; x_wconf 70' lang='lat' dir='ltr'>nocer·</span> <span class='ocrx_word' id='word_1_587' title='bbox 1039 5864 1091 5915; x_wconf 82' lang='lat' dir='ltr'>GV</span> <span class='ocrx_word' id='word_1_588' title='bbox 1111 5887 1138 5899; x_wconf 89' lang='lat'><em>-</em></span> <span class='ocrx_word' id='word_1_589' title='bbox 1161 5859 1531 5924; x_wconf 63' lang='lat' dir='ltr'>annumerandum.</span> <span class='ocrx_word' id='word_1_590' title='bbox 1546 5858 1625 5911; x_wconf 79' lang='lat' dir='ltr'>ieet:</span> <span class='ocrx_word' id='word_1_591' title='bbox 1644 5873 1675 5912; x_wconf 88' lang='lat' dir='ltr'>eo</span> <span class='ocrx_word' id='word_1_592' title='bbox 1692 5858 1768 5910; x_wconf 75' lang='lat' dir='ltr'>ceu.</span> 
     </span>
    </p>
   </div>
   <div class='ocr_carea' id='block_1_6' title="bbox 0 0 2185 7459">
    <p class='ocr_par' dir='ltr' id='par_1_9' title="bbox 0 0 2185 7459">
     <span class='ocr_line' id='line_1_52' title="bbox 0 0 2185 7459; baseline 0 0"><span class='ocrx_word' id='word_1_593' title='bbox 0 0 2185 7459; x_wconf 95' lang='lat' dir='ltr'> </span> 
     </span>
    </p>
   </div>
  </div>
 </body>
</html>
