4342 7459
766 1248 834 1310 ne.
856 1243 909 1307 rv.
936 1243 1013 1307 ci».
1035 1241 1168 1344 4-44.
1197 1236 1243 1323 ps
1266 1235 1390 1302 s-u.
1678 1232 1740 1299 aar

409 1412 478 1474 dam
499 1409 644 1482 brevius,
666 1406 937 1490 perturbationem
961 1423 1030 1466 esse
1053 1400 1228 1485 adpetitum
1251 1398 1538 1472 vehementiorem,
1568 1397 1621 1461 sed
1646 1393 1739 1459 relie-

412 1504 598 1568 mentidrem
620 1522 692 1565 eum
714 1500 825 1564 volunt
847 1517 930 1572 esse,
956 1498 1010 1581 qui
1033 1496 1159 1578 longius
1181 1491 1361 1557 discesserit
1376 1513 1395 1556 a
1409 1500 1538 1555 naturae
1554 1492 1738 1556 constantia.

409 1600 515 1661 Partes
545 1605 647 1660 autem
680 1594 952 1677 perturbationum
984 1591 1094 1653 volunt
1117 1610 1156 1651 444
1180 1588 1303 1650 duobus
1326 1587 1462 1671 opinatis
1484 1587 1576 1650 bonis
1599 1588 1685 1649 nasci
1708 1596 1740 1651 et

410 1712 448 1755 ex
471 1691 595 1755 duobus
617 1689 754 1772 opinatis
776 1687 883 1760 malis,
906 1686 949 1747 ita
972 1705 1041 1747 esse
1066 1691 1228 1767 quattuor:
1259 1702 1299 1744 cx
1321 1681 1413 1744 bonis
1435 1680 1597 1743 libidinem
1621 1688 1653 1743 et
1675 1682 1739 1744 lae-

408 1786 525 1859 titiam,
548 1793 584 1847 ut
605 1784 646 1846 sit
667 1783 785 1845 laetitia
808 1780 1021 1864 praesentium
1046 1780 1220 1850 bonorum,
1247 1772 1347 1838 libido
1368 1775 1563 1848 futurorum,
1585 1796 1625 1837 ex
1648 1776 1763 1844 malias

408 1887 524 1943 metam
547 1887 578 1940 et
597 1873 828 1958 aegritudinem
845 1874 931 1936 nasci
949 1878 1095 1946 censent,
1119 1877 1233 1933 metum
1249 1869 1376 1942 futuris,
1399 1869 1631 1949 aegritudinem
1649 1889 1739 1951 prae·

408 1972 565 2045 sentibus,
595 1989 677 2055 quae
707 1970 792 2032 enim
821 1968 982 2030 venientia
1013 1974 1210 2039 metuuntur,
1239 1963 1349 2028 eadem
1373 1958 1521 2025 adiiciunt
1541 1962 1739 2047 aegritudine

408 2066 565 2130 instantia.
609 2058 659 2125 44.
682 2063 815 2125 Laetitia
845 2070 950 2125 autem
978 2069 1009 2122 et
1036 2059 1135 2123 libido
1157 2060 1191 2120 in
1214 2060 1369 2122 bonorum
1391 2058 1542 2139 opinione
1563 2065 1738 2133 versantur,

409 2179 478 2223 444444
501 2157 601 2222 libido
623 2157 664 2220 ad
688 2157 739 2231 id,
762 2156 847 2239 quod
870 2155 995 2218 videtur
1017 2156 1152 2229 bouum,
1181 2152 1298 2216 inlecta
1320 2160 1352 2215 et
1373 2152 1565 2215 inflammata
1586 2152 1738 2234 rapiatur,

410 2253 525 2317 laetitia
551 2260 586 2315 ut
612 2251 730 2333 adepta
757 2251 820 2313 iam
850 2248 970 2332 aliquid
1001 2248 1203 2329 concupitum
1227 2245 1385 2309 ecferatur
1405 2254 1438 2309 et
1460 2247 1582 2329 gestiat.
1621 2248 1777 2314 Naturam

410 2346 501 2410 enim·
524 2364 635 2408 omnes
667 2364 719 2417 ea,
752 2363 835 2427 quae
865 2343 949 2404 bona
978 2342 1140 2414 videntur,
1174 2346 1323 2403 secuntur
1351 2339 1541 2425 fugiuntque
1573 2339 1739 2404 contraria.

410 2438 510 2514 Quam
534 2438 663 2502 obrem
687 2437 782 2500 simul
804 2436 927 2499 obiecta
949 2437 1070 2519 species
1094 2442 1142 2497 est
1164 2435 1357 2516 cuiuspiam,
1385 2436 1469 2519 quod
1492 2436 1608 2498 bonum
1632 2434 1740 2498 videa·

409 2540 469 2607 tur,
490 2531 532 2595 ad
555 2530 586 2593 id
609 2532 848 2615 adipiscendum
870 2530 1005 2612 impellit
1026 2530 1095 2614 ipsa
1118 2537 1237 2591 natura.
1273 2528 1308 2590 id
1324 2549 1394 2591 cum
1409 2529 1741 2612 constanterpruden-

409 2634 520 2709 terque
549 2622 601 2700 fit,
629 2626 698 2688 eius
726 2624 811 2688 modi
834 2624 1061 2705 adpetitionem
1091 2623 1189 2685 Stoici
1212 2620 1370 2702 βούλησιν
1396 2622 1570 2706 appellant,
1599 2643 1657 2686 nos
1686 2642 1741 2707 ap-

409 2719 564 2802 pellemus
587 2719 791 2782 voluntatem.
835 2719 911 2779 Eam
933 2716 981 2779 ilii
1008 2724 1121 2801 putant
1143 2719 1176 2778 in
1198 2716 1268 2778 solo
1291 2735 1361 2779 esse
1383 2718 1544 2799 sapiente,
1576 2737 1672 2800 qoam
1695 2718 1780 2783 sicis

409 2810 580 2876 deliniant:
602 2812 749 2876 voluntas
771 2819 835 2884 est,
857 2830 939 2893 quae
963 2810 1039 2894 qnid
1059 2830 1130 2873 cum
1159 2810 1283 2873 ratione
1309 2809 1478 2873 desiderat
1523 2810 1611 2887 Quae
1633 2820 1739 2876 autem

409 2907 578 2969 aratione
608 2925 719 2969 aversa
749 2904 875 2967 incitata
905 2911 953 2966 est
980 2902 1214 2977 vehementius,
1246 2921 1284 2966 ea
1310 2903 1410 2967 iibido
1433 2910 1482 2967 est
1506 2905 1557 2968 vel
1585 2906 1740 2989 cupiditas

410 3000 576 3074 effrenata,
603 3020 686 3083 quac
714 3000 747 3062 in
776 2997 922 3061 omnibus
946 2997 1050 3060 stultis
1072 2998 1242 3060 invenitur.
1282 2992 1331 3059 43.
1355 2999 1498 3081 itemque
1514 3019 1585 3062 cum
1607 3001 1650 3062 ita
1673 3019 1741 3062 mo·

410 3113 532 3167 remor,
563 3102 599 3157 ut
630 3094 663 3156 io
691 3094 777 3156 hono
804 3092 902 3154 simas
934 3091 1057 3174 aliquo,
1089 3091 1257 3173 dupliciter
1286 3090 1318 3152 id
1352 3093 1514 3174 contingit.
1557 3092 1635 3155 Nam
1669 3112 1740 3156 cum

410 3189 532 3251 ratione
566 3187 691 3250 animus
721 3194 864 3249 movetur
896 3183 1020 3267 placide
1047 3193 1144 3267 atque
1173 3192 1369 3259 constanter,
1401 3192 1467 3247 tum
1495 3186 1572 3248 iilud
1592 3188 1779 3270 gaudiumao

412 3278 545 3355 dicitur;
572 3301 644 3343 cum
672 3290 777 3345 autem
804 3279 941 3342 inaniter
967 3287 1000 3340 et
1026 3280 1126 3341 effuse
1148 3278 1272 3342 animus
1292 3278 1429 3353 exultat,
1459 3280 1601 3343 tamilla
1623 3282 1742 3345 laetitia

413 3374 553 3456 gestiens
582 3374 632 3439 vei
661 3375 758 3438 nimia
781 3374 843 3453 dici
876 3381 995 3456 potest,
1026 3393 1121 3456 qoam
1144 3373 1188 3435 ita
1211 3372 1380 3446 definiunt,
1410 3372 1478 3436 sine
1499 3374 1622 3437 ratione
1645 3374 1742 3437 animi

414 3468 595 3532 elationem.
629 3468 868 3551 Quoniamque,
900 3474 934 3529 ut
954 3465 1038 3529 bona
1060 3476 1172 3530 natura
1193 3466 1385 3549 adpetimus,
1408 3466 1455 3531 sic
1476 3488 1494 3530 a
1516 3468 1607 3532 maiis
1629 3477 1743 3532 natura

413 3559 626 3636 declinamus,
657 3581 740 3645 quae
769 3559 939 3623 declinatio
968 3579 1038 3622 cum
1068 3561 1189 3624 ratione
1217 3558 1284 3634 liet,
1316 3561 1421 3624 cautio
1442 3561 1620 3645 appelletur
1641 3582 1742 3647 eaque

411 3654 613 3737 intellegatur
634 3656 668 3718 in
691 3654 760 3718 solo
783 3674 854 3717 esse
876 3653 1039 3735 sapiente3
1063 3673 1146 3737 quae
1167 3663 1273 3718 autem
1295 3655 1364 3717 sine
1386 3656 1508 3719 ratione
1530 3665 1562 3720 et
1580 3677 1650 3720 cum
1667 3675 1780 3725 exa-ss

412 3749 585 3812 nimatiooe
599 3748 711 3812 humili
728 3757 822 3831 atque
835 3747 944 3821 iracta,
960 3750 1142 3811 nominetur
1157 3757 1276 3811 metus:
1299 3756 1348 3811 est
1361 3749 1457 3832 igitur
1472 3758 1573 3813 metus
1588 3769 1606 3814 a
1619 3751 1742 3813 ratione

411 3862 520 3906 aversa
539 3843 655 3906 cautio.
684 3838 1049 3905 timenutensium
1064 3841 1138 3906 mali
1155 3843 1306 3925 sapientis
1324 3843 1462 3906 adiectio
1477 3843 1565 3907 nulla
1580 3852 1641 3919 est3
1664 3843 1742 3906 stul·

412 3943 514 4000 torum
537 3936 704 4019 aegritudo
725 3944 775 4000 est
795 3956 852 4010 ea,
875 3955 939 4019 qua
960 3932 1151 4000 adiiciuntur
1171 3938 1203 3998 in
1223 3937 1316 4000 maiis
1333 3936 1471 4024 opinatis
1486 3938 1672 4022 animosque
1687 3936 1742 3999 de-

412 4030 536 4094 mittunt
557 4039 590 4093 ct
610 4031 800 4094 contrahunt
821 4030 935 4093 rationi
950 4048 1013 4093 noo
1029 4030 1292 4113 obtemperantes.
1326 4032 1436 4115 itaque
1457 4033 1535 4095 liaeo
1549 4034 1650 4116 prima
1665 4030 1743 4094 deii·

475 4293 499 4342 7.
519 4286 679 4355 444444444444
698 4293 756 4341 a-
777 4293 800 4341 9.
820 4292 960 4350 iniectae,
979 4293 1084 4342 incitata
1095 4291 1267 4342 Ruhnkenius
1279 4293 1417 4354 (Haemos.
1430 4294 1452 4342 ii
1470 4306 1496 4356 p.
1510 4292 1575 4356 444).
1590 4322 1622 4332 -
1640 4297 1679 4345 40.
1692 4310 1743 4346 aa·

412 4372 483 4416 turae
505 4367 526 4416 C
548 4393 581 4403 -
605 4367 644 4415 44.
663 4366 804 4428 eutropium
826 4372 860 4414 est
882 4366 902 4415 Ο
928 4393 954 4401 -
979 4365 1009 4416 44
1037 4367 1189 4429 appellemus
1211 4367 1258 4416 W:
1282 4369 1474 4429 appellamusC
1499 4370 1648 4431 (apellamus
1665 4373 1693 4433 Gt
1712 4373 1741 4432 0,

414 4441 499 4507 -quoo
517 4439 610 4492 taleam
629 4438 699 4490 illam
717 4440 798 4490 habet
815 4440 984 4499 seutentiam,
1004 4440 1029 4489 ld
1049 4442 1244 4491 «constantines
1263 4434 1439 4505 (εὐπαθείας)
1456 4457 1549 4506 geuus,
1569 4446 1639 4508 quod
1657 4448 1743 4496 Stoica

413 4518 528 4582 qaedam
546 4515 728 4579 terminoiogia
751 4513 893 4580 βούλησις
913 4514 1103 4580 appellaretur,
1127 4530 1141 4565 a
1160 4517 1257 4567 44444444
1273 4517 1351 4581 vulgo
1369 4518 1495 4585 appellari
1512 4520 1665 4570 uoluntatem
1682 4535 1743 4572 esse

413 4592 531 4650 solitam
551 4592 584 4643 ci.
603 4593 634 4649 ii,
653 4591 693 4640 30.
713 4592 755 4644 tii.
776 4593 816 4642 44.
840 4592 934 4641 Cicero
952 4592 1003 4641 hoc
1020 4592 1098 4649 dixit,
1121 4591 1201 4642 licere
1224 4593 1315 4642 Latino
1333 4592 1476 4649 vocabolo.
1496 4594 1567 4655 quod
1585 4593 1684 4658 vulgari
1702 4595 1742 4645 di-

413 4671 489 4721 cendi
513 4667 706 4719 consuetudine
730 4665 806 4717 letius
830 4670 947 4731 peteret,
973 4668 1012 4717 sic
1034 4680 1142 4730 quoque
1166 4670 1216 4725 uti,
1245 4672 1326 4731 utque
1344 4669 1383 4717 sic
1400 4672 1538 4718 uterentur
1555 4670 1674 4720 hortatus
1691 4673 1743 4731 est,

412 4757 493 4809 quam
509 4745 536 4793 in
555 4742 714 4793 sententiam
732 4741 905 4791 scribendum
924 4744 965 4792 est
982 4743 1146 4804 appellemus,
1166 4743 1198 4794 ct.
1218 4745 1260 4801 iil,
1279 4744 1302 4794 7.
1323 4745 1375 4793 lia.
1395 4745 1437 4804 iii,
1450 4745 1481 4793 aa
1496 4743 1547 4804 (ulii
1561 4744 1637 4809 vulgo
1649 4760 1744 4798 omnes

413 4833 444 4869 ex
460 4820 508 4869 Th.
528 4817 637 4868 Bentleii
656 4818 807 4865 coniectura
820 4817 979 4878 appellemus,
997 4817 1165 4881 archetypos
1177 4819 1339 4881 appellamus)
1358 4832 1419 4868 curu
1432 4817 1551 4881 Madvigii
1564 4819 1743 4881 adnotatione,

412 4896 452 4945 u.
472 4895 512 4945 ai.
533 4893 574 4943 33.
594 4892 634 4943 ld.
653 4892 693 4940 54.
714 4891 755 4949 lV,
775 4890 815 4940 it.
835 4891 915 4940 dead.
935 4893 966 4951 11,
987 4892 1025 4939 ti.
1045 4892 1075 4940 N.
1096 4893 1125 4941 4).
1145 4894 1165 4952 4,
1179 4894 1235 4943 409,
1254 4892 1286 4943 al.
1314 4894 1457 4943 indicativo
1474 4894 1745 4947 modosertediceo·

412 4970 476 5021 dura
500 4969 549 5020 luit
564 4982 610 5032 epo
633 4966 728 5028 appello
748 4965 792 5028 [ci.
813 4966 865 5015 i'in.
886 4967 927 5022 141,
947 4967 988 5015 40.
1008 4965 1047 5015 45.
1067 4968 1107 5015 55.
1127 4968 1167 5017 69.
1186 4968 1268 5018 Acad.
1288 4971 1319 5025 ll,
1338 4968 1382 5030 st)
1401 4972 1447 5018 aut
1463 4982 1508 5017 aas
1523 4971 1674 5031 appellemus
1690 4972 1745 5021 licet

413 5046 451 5107 (at
467 5044 523 5094 Fia.
543 5044 585 5101 414,
606 5043 646 5091 ti.
665 5040 746 5090 acad.
766 5042 785 5098 i,
804 5040 858 5102 40),
877 5044 923 5090 aut
939 5054 984 5090 4444
1000 5042 1127 5103 appellare
1142 5055 1285 5103 4444444444,
1307 5046 1339 5092 ut
1352 5043 1434 5093 acad.
1454 5046 1472 5103 i,
1492 5044 1523 5093 344
1542 5044 1582 5104 (ct.
1601 5045 1630 5094 T.
1649 5048 1680 5096 Ι).
1699 5047 1742 5107 ili,

411 5120 436 5170 'l.
454 5119 498 5179 lV,
511 5119 543 5168 43
560 5118 610 5167 dici
624 5117 720 5179 potest).
740 5114 864 5165 Similiter
874 5118 902 5165 T.
916 5117 946 5165 4).
960 5116 1003 5174 lV,
1017 5116 1048 5165 43
1060 5117 1207 5178 appelletur,
1226 5120 1375 5177 imminetur,
1395 5118 1409 5182 5
1421 5119 1452 5167 48
1464 5119 1565 5167 dicatur
1579 5121 1621 5181 (ex
1634 5119 1743 5171 Bentleii

412 5195 591 5254 44444444444,
612 5191 762 5249 nominetur,
786 5190 884 5240 4444444.
913 5190 988 5249 Quod
1006 5191 1048 5250 lV,
1068 5193 1098 5243 43
1117 5195 1157 5242 444
1173 5194 1295 5256 pausiam
1310 5194 1447 5253 dicitur,
1465 5192 1490 5241 id
1509 5191 1626 5245 breviter
1642 5193 1743 5245 dictum

412 5271 454 5319 est
473 5280 523 5332 pro
546 5266 575 5328 (a
591 5265 692 5327 Stoicis)
715 5262 807 5333 χαρά,
831 5266 858 5313 id
874 5270 909 5314 444
930 5266 1066 5328 gaudium,
1089 5269 1189 5317 44444444.
1216 5269 1262 5327 444,
1282 5269 1313 5317 79
1330 5270 1360 5317 ut
1376 5268 1409 5317 de
1427 5268 1523 5319 usitato
1540 5271 1593 5320 iam
1610 5271 1744 5321 rhetorico

411 5341 496 5392 uerbo
513 5346 595 5391 4444444
611 5344 715 5390 rectum
733 5344 775 5390 est
791 5340 960 5402 appellamus,
983 5343 1032 5391 etsi
1049 5343 1113 5406 Top.
1133 5343 1147 5405 g
1165 5342 1196 5391 93
1215 5346 1256 5393 444
1272 5342 1435 5404 appelletur·
1454 5344 1496 5393 W.
1523 5344 1562 5395 Ct.
1582 5347 1611 5395 C.
1631 5347 1656 5394 F.
1677 5347 1744 5395 ller-

412 5418 503 5467 manni
520 5417 624 5478 Diaput
644 5414 677 5465 de
696 5415 831 5466 Ciceronis
848 5417 1065 5479 interpretatione
1082 5418 1182 5467 Timaei
1199 5416 1324 5467 Platonici
1342 5430 1368 5480 p.
1387 5418 1401 5467 7
1420 5431 1445 5466 n.
1459 5418 1500 5468 aa.
1522 5444 1549 5454 -
1568 5420 1607 5469 44.
1627 5425 1710 5468 autem
1726 5432 1744 5468 4

410 5493 511 5541 rarione
527 5502 620 5540 auersa
630 5488 741 5540 Orellius
758 5491 784 5539 444
803 5490 972 5540 adnotatione
990 5490 1056 5552 (coll.
1071 5492 1102 5556 §g
1120 5493 1160 5542 44.
1179 5492 1219 5541 43.
1238 5493 1278 5541 44.
1297 5492 1336 5543 34.
1355 5491 1394 5542 l'i.
1409 5493 1461 5553 64)τ
1483 5497 1566 5541 autem
1582 5494 1680 5541 ratione
1696 5493 1744 5541 ad-

410 5579 486 5617 uersa
504 5566 564 5617 (20.
584 5566 703 5625 «Cicero,
722 5567 825 5629 opinor,
845 5578 897 5614 non
915 5565 1023 5614 aduersa
1040 5568 1203 5630 scripsisset,
1223 5567 1272 5617 sed
1289 5568 1447 5627 4444444444,
1466 5568 1494 5616 ut
1506 5566 1520 5628 g
1534 5565 1573 5622 44,
1592 5569 1637 5614 aut
1652 5566 1742 5626 inuita,

411 5642 442 5691 at
459 5639 474 5703 5
491 5640 538 5698 78,
558 5641 789 5703 compugnante,
808 5644 837 5689 ut
854 5640 869 5702 5
886 5639 944 5689 494
963 5639 1006 5691 W.
1028 5668 1054 5678 -
1078 5642 1119 5691 43.
1139 5642 1259 5703 numiam
1276 5642 1376 5703 quaec
1397 5668 1424 5678 -
1448 5641 1489 5691 44.
1508 5652 1564 5688 eam
1581 5637 1703 5700 Bentley:
1721 5642 1744 5690 44·

410 5730 468 5767 ease
485 5717 536 5769 C0
555 5742 586 5753 -
608 5717 648 5765 46.
668 5729 686 5765 4
702 5728 756 5766 om.
777 5717 796 5765 C
816 5742 842 5750 -
868 5716 908 5764 44.
927 5716 1058 5765 nullorum
1082 5717 1213 5779 aegritudo
1229 5722 1263 5765 444
1280 5730 1323 5775 eo,
1342 5730 1393 5778 qua
1409 5716 1544 5765 Davisius:
1568 5714 1643 5763 444444
1660 5719 1744 5765 44444444

410 5791 547 5856 aegritudo
568 5795 603 5840 444
623 5804 653 5840 44
670 5803 722 5852 pua
739 5791 774 5849 C,
797 5790 866 5839 stulti
883 5796 967 5839 44444444
983 5792 1114 5853 aspritudo
1131 5797 1165 5841 ert
1182 5805 1221 5852 ea,
1241 5806 1292 5854 qua
1309 5793 1343 5847 0:
1367 5792 1448 5840 44444444
1463 5796 1547 5839 44444444
1563 5790 1693 5853 aspritudo
1710 5798 1745 5841 444

410 5879 451 5928 44,
468 5879 523 5927 cuo
540 5863 666 5926 Bentley;
684 5866 753 5914 4444444·
769 5865 900 5928 4444444444
916 5870 966 5924 444,
984 5878 1062 5926 eaque
1079 5865 1148 5915 Bake
1165 5864 1182 5916 l.
1197 5864 1214 5915 l.
1228 5879 1253 5931 p.
1268 5866 1308 5915 99.
1329 5864 1367 5915 cl.
1386 5863 1460 5914 ilelm
1473 5865 1498 5913 io
1511 5862 1602 5913 annal.
1617 5864 1704 5929 philol.
1717 5871 1745 5917 44

410 5940 561 6006 paedagog.
580 5937 630 5989 rol.
650 5952 703 5989 sm
720 5952 746 6004 p.
766 5940 807 5990 eo.
827 5963 854 5976 -
874 5939 914 5989 44.
932 5940 1214 6002 444444--44444444444
1230 5941 1330 5993 Nonius
1346 5952 1374 6005 p.
1387 5940 1427 5990 44.
