4342 7459
867 1732 911 1829 il.
937 1732 1080 1825 TULLII
1108 1731 1337 1827 CICERONIS

1077 1927 1121 1979 DE

620 2090 853 2180 nmmos
880 2027 1162 2179 nouoauu
1187 2090 1265 2174 uu
1294 2090 1582 2179 unuonuu

932 2297 1060 2356 umus
1078 2295 1272 2371 oumroe.

526 2686 550 2749 Ι.
572 2678 602 2748 i.
625 2683 703 2748 Cum
725 2681 883 2746 audissem
905 2681 1108 2757 Antiochum,
1129 2683 1239 2757 Bmte,
1261 2688 1297 2744 ut
1317 2682 1470 2758 solebam,
1493 2704 1565 2747 cum
1586 2687 1628 2750 bl.
1648 2685 1763 2749 Pisone

440 2781 475 2844 iu
496 2799 535 2843 eo
556 2778 737 2863 gymnasio,
759 2775 845 2860 quod
869 2776 1082 2839 Ptolemaeum
1104 2784 1250 2850 vocatur,
1272 2796 1399 2859 unaque
1421 2776 1586 2844 uobiscum
1609 2779 1647 2855 Ο.
1667 2777 1764 2843 irater

441 2881 474 2938 et
505 2875 541 2937 Τ.
563 2871 755 2955 Pomponius
783 2869 965 2953 Luciusque
988 2868 1114 2944 Cicero,
1142 2868 1239 2933 irater
1264 2878 1370 2933 noster
1391 2872 1580 2953 cognatione
1601 2871 1763 2955 patruelis,

440 2986 548 3031 amore
575 2983 759 3049 germanus,
788 2963 1009 3026 constituimus
1038 2963 1199 3026 internos
1221 2971 1257 3027 ut
1278 2962 1521 3027 ambulationem
1545 2964 1763 3047 postmeridia-

417 3079 512 3125 onam
541 3055 766 3122 conficeremus
795 3058 829 3121 iu
854 3056 1039 3130 Academia,
1069 3057 1206 3120 maxime
1229 3057 1314 3140 quod
1344 3057 1371 3120 is
1393 3057 1482 3120 locus
1503 3057 1546 3126 ab,
1565 3059 1650 3121 omui
1672 3059 1763 3121 turba

439 3154 472 3217 id
495 3151 645 3235 temporis
667 3171 785 3215 vacuus
807 3157 901 3215 esset.
945 3151 1056 3233 ltaque
1085 3150 1126 3213 ad
1152 3157 1276 3233 tempus
1298 3151 1337 3213 ad
1361 3151 1507 3214 Pisonem
1530 3170 1650 3214 omues.
1686 3149 1762 3214 lude

440 3247 526 3313 vario
549 3264 695 3309 sermone
717 3265 774 3308 sex
796 3244 851 3307 illa
872 3263 891 3308 a
911 3245 1026 3327 Dipylo
1034 3243 1149 3308 ·stadia
1170 3244 1371 3308 confecimus.
1409 3243 1486 3307 Cum
1505 3253 1608 3308 autem
1623 3245 1764 3310 venisse·

440 3361 511 3405 mus
539 3339 574 3402 in
603 3338 791 3402 Academiae
818 3351 882 3401 nou
913 3337 982 3400 siue
1010 3355 1104 3399 causa
1133 3337 1296 3401 nobilitata
1318 3338 1435 3421 spatia,
1465 3338 1604 3402 solitudo
1627 3348 1693 3401 erat
1714 3358 1762 3413 ea,

439 3452 534 3517 quam
560 3432 773 3497 volueramus.
816 3427 846 3493 2.
869 3432 947 3493 Tum
978 3430 1067 3503 Piso,
1102 3431 1260 3493 Naturane
1290 3431 1479 3506 nobishoc,
1507 3432 1626 3516 inquit,
1654 3430 1762 3495 datum

403 3550 431 3596 so
440 3529 542 3591 dicam
563 3546 605 3590 au
627 3544 733 3588 errore
756 3524 908 3607 quodam,
930 3529 979 3598 ut,
1003 3542 1075 3585 cum
1097 3542 1135 3586 ea
1149 3523 1219 3587 loca
1233 3524 1412 3599 videamus,
1434 3526 1467 3587 iu
1483 3526 1598 3608 quibus
1614 3525 1762 3589 memoria

440 3621 553 3704 dignos
576 3620 658 3683 viros
681 3619 892 3701 acceperimus
914 3616 1047 3679 multum
1069 3637 1139 3681 esse
1160 3626 1314 3693 versatos,
1337 3619 1436 3701 magis
1450 3639 1646 3693 moveamur,
1668 3639 1762 3702 quam

440 3715 468 3778 si
490 3713 617 3798 quando
640 3731 751 3775 eorum
773 3712 912 3794 ipsomm
935 3717 989 3774 aut
1010 3709 1089 3774 iacta
1112 3711 1277 3774 audiamus
1298 3720 1352 3775 aut
1367 3713 1517 3794 scriptum
1532 3712 1663 3796 aliquod
1677 3713 1763 3796 lega·

439 3811 532 3871 musi
563 3805 657 3869 Velut
683 3825 742 3888 ego
768 3824 852 3868 nunc
881 3823 1020 3868 moveor.
1055 3805 1151 3868 Venit
1178 3805 1262 3867 euim
1290 3806 1366 3869 mibi
1395 3806 1533 3869 Platonis
1560 3806 1591 3868 in
1614 3813 1761 3881 mentem,

351 3970 353 3973 .
441 3922 535 3987 quem
556 3898 734 3982 accepimus
756 3900 892 3982 primum
912 3898 965 3962 hic
987 3898 1149 3980 disputare
1171 3898 1317 3962 solitum:
1341 3898 1428 3961 cuius
1447 3899 1540 3962 etiam
1562 3899 1608 3963 illi
1630 3902 1761 3985 propiu-

402 3996 495 4081 saqui
518 3994 634 4060 bortuli
656 4012 719 4057 uon
742 3992 924 4056 memoriam
945 3991 1049 4056 solum
1072 3991 1148 4054 mibi
1171 3992 1322 4067 afferunt,
1350 3991 1406 4055 sed
1432 3992 1535 4074 ipsum
1557 3992 1706 4076 videqtur
1726 3995 1761 4057 iu

439 4095 612 4174 conspectu
642 4107 712 4150 meo
739 4105 869 4170 ponere.
910 4085 970 4148 liic
993 4084 1201 4170 Speusippus,
1231 4086 1282 4150 hic
1304 4087 1513 4161 Xenocrates,
1540 4088 1593 4151 bic
1616 4089 1685 4152 eius
1707 4107 1762 4152 au-

439 4186 523 4249 ditor
543 4180 689 4255 Polemo,
712 4180 801 4245 cuius
822 4181 876 4243 illa
897 4180 966 4262 ipsa
988 4179 1087 4242 sessio
1103 4177 1179 4253 luit,
1202 4199 1296 4261 quam
1311 4179 1463 4243 videmus.
1494 4181 1651 4265 Equidem
1667 4183 1762 4246 etiam

439 4278 558 4341 curiam
587 4282 727 4338 nostram
749 4310 790 4323 -
811 4274 979 4337 Hostiliam
1001 4272 1088 4348 dico,
1119 4292 1183 4335 uon
1205 4273 1286 4336 banc
1308 4293 1437 4348 novam,
1467 4294 1547 4358 quae
1570 4276 1670 4339 minor
1691 4296 1761 4339 esse

314 4358 319 4372 ’
440 4370 517 4433 mibi
549 4368 690 4442 videtur,
721 4374 830 4452 postea
858 4386 953 4451 quam
983 4375 1031 4430 est
1058 4367 1222 4429 maior-
1244 4366 1384 4430 solebam
1414 4368 1541 4432 intuens
1568 4368 1761 4452 Scipionem,

400 4465 605 4537 roCatonem,
627 4461 788 4535 Laelium,
811 4469 951 4525 nostrum
973 4460 1104 4524 veroin
1127 4459 1235 4543 primis
1257 4478 1349 4522 avum
1369 4462 1523 4543 cogitare:
1545 4470 1632 4525 tauta
1645 4462 1692 4525 vis
1706 4463 1762 4527 ad-

439 4555 622 4621 monitionis
651 4554 735 4618 inest
756 4556 788 4617 in
810 4554 906 4627 locis,
939 4562 1059 4616 utnon
1082 4554 1151 4616 siue
1174 4572 1268 4617 causa
1290 4574 1331 4616 ex
1352 4554 1390 4618 iis
1413 4556 1582 4619 memoriae
1605 4556 1698 4619 ducta
1720 4557 1762 4620 sit

439 4649 615 4733 disciplina.
657 4643 687 4709 3.
709 4648 788 4711 Tum
819 4646 970 4722 Quintus,
1003 4648 1060 4709 Est
1089 4645 1202 4729 plane,
1227 4648 1315 4722 Piso,
1344 4656 1380 4711 ut
1409 4648 1506 4724 dicis,
1535 4650 1658 4733 iuquit3
1687 4669 1760 4714 uam

439 4764 489 4806 me
511 4742 613 4826 ipsum
633 4739 696 4803 buc
718 4739 812 4803 modo
836 4740 1014 4803 venientem
1036 4741 1239 4803 convertebat
1259 4742 1299 4805 ad
1322 4760 1391 4804 sese
1408 4741 1565 4805 Coloneus
1585 4741 1639 4804 ille
1661 4742 1760 4818 locus,

439 4836 529 4899 cuius
558 4833 664 4897 incola
687 4833 860 4915 Sophocles
883 4833 924 4895 ob
946 4835 1057 4896 oculos
1078 4833 1276 4908 versabatur,
1306 4855 1399 4917 quem
1424 4836 1486 4899 scis
1508 4856 1603 4918 quam
1625 4837 1762 4899 admirer

399 4954 429 5001 η
439 4946 597 5012 quamque
619 4945 658 4991 eo
680 4925 829 4990 delecter.
865 4927 915 4990 lio
936 4925 1067 5009 quidem
1089 4925 1130 4990 ad
1152 4927 1296 4991 altiorem
1311 4928 1493 4992 memoriam
1509 4928 1683 5012 Oedipodis
1697 4930 1760 4994 buc

437 5021 595 5085 venientis
624 5028 657 5084 et
683 5020 738 5084 illo
767 5019 953 5084 mollissimo
983 5020 1139 5097 carmine,
1167 5040 1324 5104 quaenam
1353 5029 1460 5086 esseut
1485 5022 1564 5086 haec
1590 5023 1660 5106 ipsa
1681 5023 1760 5099 loca,

501 5327 590 5391 Incipit
604 5327 776 5391 liberqomm
791 5328 874 5378 morri
890 5327 1375 5394 mmdcmootsdsfioibarbororamot
1388 5328 1544 5380 molonsmll
1559 5356 1586 5368 -
1600 5330 1624 5379 t.
1638 5329 1762 5381 ambram

435 5403 500 5453 aa:
518 5403 668 5453 radiabatur
684 5403 704 5454 li
718 5426 746 5441 -
764 5402 872 5453 wbbm
889 5405 917 5453 P.
930 5403 1074 5454 Vlcton'us:
1093 5403 1184 5454 volebat
1200 5403 1277 5454 codd.
1292 5404 1349 5454 et0
1364 5430 1391 5440 -
1409 5404 1434 5453 ἵ.
1453 5404 1526 5469 qood]
1545 5417 1593 5467 quo
1608 5405 1629 5455 B
1643 5431 1671 5442 -
1687 5405 1761 5467 ptio-

435 5477 542 5527 onnon
558 5477 606 5527 BE
625 5501 652 5513 -
670 5477 828 5528 oocontorll
847 5479 908 5538 (nou
926 5478 953 5540 li)
971 5505 1004 5516 -
1020 5479 1044 5529 3.
1060 5478 1095 5544 Τ.]
1113 5479 1122 5527 l
1138 5479 1189 5529 BE
1205 5504 1229 5514 —
1249 5477 1375 5539 tociusque
1390 5477 1453 5527 BE:
1471 5483 1494 5527 et
1511 5478 1645 5529 ullo·
1664 5491 1760 5542 coppo-

325 5587 328 5594 ·
435 5553 508 5617 dure]
525 5552 743 5618 copitocv'ooaBE
763 5579 790 5590 -
808 5553 832 5601 7.
851 5555 1049 5603 rermonooorv‘o
1065 5554 1100 5613 B;
1119 5554 1352 5603 sermons-iffi·
1370 5552 1492 5614 odppttto
1508 5552 1570 5609 BE:
1589 5552 1621 5602 ob
1637 5552 1759 5616 Dipyloo

439 5656 463 5666 -
485 5629 525 5678 tl.
544 5641 622 5690 qaum
637 5626 666 5692 tr]
690 5628 763 5690 quoti
779 5627 851 5689 quavi
867 5627 916 5677 ΒΕ
935 5652 963 5664 -
987 5627 1026 5678 ll.
1046 5627 1286 5692 quemquamne
1309 5654 1335 5663 -·
1357 5629 1492 5690 propinqui
1508 5627 1599 5677 boriali
1616 5628 1648 5676 B:
1668 5628 1760 5677 bertolt

433 5704 606 5767 propinqruo
630 5730 657 5739 -
683 5704 722 5754 tt.
741 5703 787 5752 illo
807 5703 863 5764 ipso
882 5703 946 5752 BE:
969 5703 1026 5765 ipso
1046 5703 1092 5752 iilo
1109 5703 1162 5752 ΜΟ
1181 5728 1207 5738 -
1228 5702 1268 5752 48.
1286 5714 1336 5751 esso
1351 5702 1412 5750 mibi
1428 5702 1461 5752 B:
1485 5702 1545 5750 milo
1561 5715 1611 5751 esre
1628 5701 1710 5751 allo
1729 5728 1756 5738 -

435 5778 477 5829 ll.
494 5779 539 5840 ips
554 5778 584 5839 B,
601 5778 639 5828 bit
654 5778 674 5827 0
694 5803 722 5815 -
744 5777 785 5829 22.
800 5778 877 5840 pium
893 5776 941 5826 BE
964 5801 991 5813 -
1014 5775 1055 5826 23.
1073 5776 1191 5827 colom
1207 5777 1248 5826 lito
1261 5777 1333 5827 lucas
1349 5774 1535 5829 Valckenarius
1552 5777 1586 5828 ad
1604 5777 1756 5828 callimach.

435 5864 463 5917 p.
481 5853 539 5903 ild.
558 5878 585 5889 -
604 5851 1261 5918 ro.qrsa0m1psou-ao.taaespsao:spra
1276 5854 1337 5904 boso
1353 5854 1382 5904 0.
