4342 7459
838 1856 882 1949 N.
908 1857 1052 1950 TULLII
1077 1853 1308 1952 CICERONIS

673 2032 1457 2210 FRAGMENTA

551 2285 575 2351 1.
598 2286 633 2354 C.
656 2286 849 2354 ORELLII
870 2287 1104 2358 SECUNDIS
1127 2286 1271 2358 CURIS
1291 2285 1579 2356 RECOGNITA.

965 2489 1164 2504 m

746 2619 790 2713 A.
829 2619 1102 2717 FRAGMENTA
1128 2619 1388 2718 ORATAONUE

627 2754 850 2824 unauna
882 2759 1091 2827 raanan
1123 2756 1507 2829 supersumus.

981 2886 1153 2899 —ss

673 2944 696 3010 1.
718 2945 864 3012 amun.
886 2946 1103 3015 ORATIONIS
1125 2947 1206 3015 PRO
1227 2949 1262 3014 P.
1284 2946 1485 3029 QUINCTIO.

482 3043 546 3105 Eoo
572 3043 775 3124 fragmentum
801 3044 842 3108 ad
863 3054 943 3109 extr.
963 3049 1110 3110 orationis
1131 3066 1199 3129 cap.
1221 3048 1268 3110 27.
1288 3048 1395 3133 referri
1415 3046 1512 3126 solet,
1532 3046 1587 3109 ubi
1606 3046 1726 3123 Cicero,

407 3137 483 3218 qnid
502 3139 543 3201 sit
559 3137 697 3216 latitare,
722 3140 846 3203 videtur
863 3144 1003 3224 potuisse
1029 3142 1144 3206 dicere.
1189 3142 1337 3224 Ulpianus
1363 3143 1462 3219 enim,
1489 3143 1538 3204 eui
1563 3140 1623 3203 hoc
1647 3143 1752 3202 ἀπο-ι

407 3234 605 3313 mecoenas
624 3233 795 3314 debemus,
817 3235 879 3313 (lib.
900 3238 949 3300 59.
970 3234 1011 3299 ad
1029 3236 1140 3315 Edictl
1160 3234 1220 3298 hou
1236 3234 1344 3298 modo:
1376 3237 1510 3299 Latitare
1529 3243 1592 3315 est,
1617 3235 1727 3314 inquit,

407 3341 487 3404 non,
507 3333 543 3387 ut
559 3327 669 3390 Cicero
688 3325 811 3390 definit:

481 3420 776 3578 Turpis²ooeultatio
795 3425 861 3503 sui;
881 3426 929 3503 (L.
942 3427 973 3489 7.
989 3426 1016 3506 5.
1033 3427 1063 3489 t.
1077 3426 1114 3491 D.
1132 3424 1247 3507 quibus
1265 3442 1306 3487 ex
1325 3425 1428 3488 causis
1445 3425 1479 3487 in
1496 3422 1728 3505 possessionem

409 3519 497 3577 eatur
518 3517 591 3579 -4
616 3518 672 3596 ,4.
695 3522 748 3599 -)

587 3630 625 3697 11.
658 3629 804 3701 FRAGAA.
826 3634 1043 3703 ORATIONIS
1063 3635 1146 3704 PRO
1167 3632 1319 3704 ROSCIO
1343 3632 1555 3703 COMOEDO.
1741 3644 1769 3690 ⁶⁰

485 3730 511 3793 1.
541 3735 601 3792 Hoc
620 3738 675 3793 eiii
693 3742 807 3811 quique
825 3749 971 3812 proponat,
994 3758 1048 3813 quo
1068 3745 1159 3797 minus
1177 3742 1279 3811 formu
1298 3741 1426 3813 capintm
1443 3741 1553 3811 officiis.

483 3826 511 3887 2.
542 3829 619 3885 Raro
637 3849 680 3888 rer
699 3842 738 3890 ert
757 3837 892 3891 amicitie.
1185 3847 1192 3861 ·

484 3922 512 3982 3.
545 3924 619 3993 Qum
640 3930 714 3985 erin
740 3937 798 3987 tum
823 3931 941 4002 empta
968 3939 1145 4004 apertumque
1170 3931 1231 3989 ert?
1275 3929 1359 4003 Atqui
1380 3946 1437 3986 nott
1460 3933 1518 3986 um
1537 3929 1567 3983 in
1591 3926 1648 3984 uita
1667 3926 1732 3982 iutet

409 4030 733 4095 maerentemque.

484 4111 513 4172 4.
543 4115 633 4173 Haece
660 4134 707 4173 ore
733 4120 848 4175 enemo
871 4120 948 4175 interi
977 4121 1117 4177 cicatrices
1143 4137 1176 4177 oc
1200 4128 1280 4175 ector
1304 4119 1414 4175 uirtutis
1435 4117 1578 4188 accipitis,
1609 4131 1642 4169 ac
1660 4113 1770 4184 queam

410 4209 530 4279 accipiat
548 4212 627 4278 [cmc
644 4214 733 4268 cottus
752 4214 947 4283 perhorrescit,
971 4230 1050 4284 quem
1072 4230 1214 4285 nunquam
1233 4212 1387 4270 incursione
1412 4212 1530 4267 hortium
1555 4222 1730 4265 commouere.

484 4300 512 4361 5.
545 4303 615 4360 Erat
634 4322 737 4362 mcum
760 4314 851 4363 nutem
869 4307 969 4379 ubique
988 4309 1108 4364 inueniri
1124 4309 1183 4363 rinc
1203 4308 1261 4363 uita
1284 4306 1394 4374 tabere,
1420 4307 1479 4360 riae
1502 4304 1562 4359 uite
1584 4304 1733 4372 inuention-

411 4394 493 4453 tione.
534 4395 631 4471 (Haec
651 4397 791 4459 omnine
811 4395 893 4459 eod.
914 4398 977 4458 Es.
997 4398 1133 4473 Vatis.)

754 4716 793 4807 R.
830 4714 1103 4809 FRAGMENTA
1129 4711 1389 4809 ORATIONUN

859 4848 1286 4918 nsuunniuruuu.
1744 4870 1773 4917 ,ο

986 4976 1158 4989 —

879 5028 902 5094 1.
934 5027 1015 5096 PRO
1038 5028 1072 5093 L.
1096 5027 1266 5096 VARENO.

487 5127 562 5189 Ana.
582 5128 665 5190 Haec
684 5131 781 5193 oratio
800 5130 963 5208 incertum,
985 5130 1123 5210 quando,
1144 5128 1204 5208 vel,
1226 5138 1260 5191 ut
1278 5128 1440 5191 Schtttzius
1459 5144 1530 5187 cum
1545 5123 1685 5187 Fabricio
1703 5123 1734 5184 in

411 5216 500 5281 Vite
529 5221 732 5286 Ciceronis
761 5222 938 5302 arbitratur,
960 5223 1040 5286 dicta
1062 5232 1111 5285 est
1130 5242 1211 5286 anno
1231 5223 1266 5285 U.
1287 5223 1352 5285 634.
1373 5222 1460 5284 Varr.
1483 5218 1603 5282 Aufidio
1624 5217 1735 5278 Oreste

414 5319 446 5374 et
463 5313 590 5376 Lentulo
615 5317 705 5380 Coss.
726 5336 783 5399 pro
806 5320 839 5382 L.
860 5320 997 5397 Vareno,
1024 5337 1077 5379 reo
1105 5318 1187 5380 inter
1213 5318 1358 5392 sicarios,
1388 5313 1471 5397 quod
1502 5315 1558 5375 Cn.
1579 5313 1734 5373 Varenum

413 5405 619 5488 vulnerasset,
634 5410 834 5476 C.Varenum
854 5414 1030 5477 occidisset.
1070 5414 1240 5476 Damnatus
1253 5420 1302 5475 est
1313 5421 1416 5475 autem
1431 5409 1554 5471 Lucius.
1567 5444 1600 5454 -
1612 5403 1732 5468 Nobbe.
1744 5437 1776 5484 ,ἦ

490 5504 516 5564 1.
547 5504 644 5564 Amici
663 5504 821 5584 deficiunt,
842 5508 962 5588 cognati
982 5508 1142 5570 deserunt.
1184 5505 1394 5584 (severiani
1415 5504 1584 5585 syntomat.
1610 5500 1732 5563 Rhetor.

413 5612 442 5658 c.
463 5594 503 5657 de
522 5596 684 5661 affectibus
705 5617 736 5680 p.
758 5600 822 5664 315.
845 5599 896 5662 ed.
918 5602 1112 5683 Capperon.)

465 5807 505 5857 10.
523 5808 563 5857 De
580 5807 621 5858 his
632 5808 796 5871 fragmentis
812 5809 922 5860 minime
935 5809 1067 5869 Tullianis,
1087 5807 1223 5871 inquibus
1239 5808 1356 5859 tamena
1371 5808 1488 5859 coetum
1505 5802 1612 5856 Meliore
1629 5805 1736 5869 decepti

417 5883 480 5932 sunt
494 5882 612 5933 editores
629 5882 691 5934 inde
708 5882 742 5934 eb
760 5884 891 5949 Ernestio,
909 5884 943 5938 ct.
961 5884 1080 5937 Niebuhr
1095 5883 1222 5948 Ecum.
1241 5882 1323 5933 Orctt.
1340 5895 1368 5948 p.
1386 5882 1418 5933 te
1435 5884 1463 5933 et
1479 5881 1536 5933 toi.

498 5981 589 6030 nuno
607 5982 634 6031 τ.
648 5984 688 6033 n.
1394 5982 1437 6052 ω
