4342 7459
615 1240 685 1303 Lis.
706 1241 745 1303 11.
777 1240 851 1307 Cn.
873 1241 1142 1307 xlv-xtuli.
1170 1239 1217 1325 §ss
1239 1237 1425 1307 445-424.
1630 1238 1693 1308 40444

366 1404 485 1480 potest.
524 1393 597 1460 448.
620 1400 700 1463 Sunt
720 1409 825 1465 autem
841 1400 1272 1476 040410000400040000000
1294 1402 1442 1485 quocirca
1456 1410 1568 1477 terrae,
1590 1403 1695 1477 maria,

367 1510 521 1573 aquarum
544 1494 713 1575 vaporibus
734 1494 863 1557 aluntur
883 1495 938 1569 iis,
960 1497 1015 1579 qui
1038 1516 1057 1558 a
1079 1496 1147 1559 0040
1169 1497 1307 1578 onagris
1321 1496 1484 1578 tepefactis
1501 1506 1533 1560 04
1547 1516 1588 1561 ex
1601 1498 1694 1581 00040

366 1586 560 1661 excitantur,
582 1588 697 1669 quihus
718 1588 801 1651 altae
821 1598 1055 1671 renovataeque
1082 1589 1193 1652 stellae
1215 1599 1311 1672 atque
1333 1592 1436 1654 omnis
1458 1590 1568 1656 aether
1588 1591 1696 1656 refun-

366 1678 447 1742 44004
469 1680 580 1746 eadem
604 1689 636 1744 et
656 1702 780 1747 rursum
804 1682 933 1746 trahunt
953 1682 1108 1755 indidem,
1131 1682 1210 1745 nihil
1231 1692 1268 1746 ut
1289 1682 1355 1748 scre
1369 1686 1506 1748 intereat
1519 1686 1696 1750 autadmo·

367 1773 442 1838 dum
464 1775 609 1858 paulum,
633 1777 719 1859 quod
741 1785 898 1840 astrorum
921 1776 1002 1857 ignis
1024 1785 1057 1839 et
1077 1776 1217 1840 aetheris
1232 1778 1358 1841 llamma
1372 1779 1538 1842 consumit
1566 1780 1618 1842 Ex
1632 1791 1720 1863 0000

367 1879 553 1936 eventurum
576 1871 676 1934 nostri
699 1878 811 1954 putant
831 1870 879 1942 id,
910 1869 950 1932 de
972 1889 1037 1951 quo
1060 1871 1241 1934 Panaetium
1262 1870 1448 1935 addubitare
1470 1872 1632 1947 44004004,
1661 1882 1696 1938 04

365 1964 406 2027 04
436 1972 613 2027 extremum
643 1966 744 2027 omnis
767 1963 903 2026 mundus
929 1966 1124 2045 ignosceret,
1152 1983 1223 2027 cum
1245 1985 1356 2029 umora
1379 1975 1569 2048 consumpto
1591 1987 1697 2051 neque

365 2065 450 2122 terra
471 2058 513 2122 ali
534 2067 642 2141 posset
663 2078 721 2120 nec
744 2066 900 2126 remearet
921 2065 987 2129 air,
1014 2059 1105 2119 cuius
1127 2065 1215 2120 ortus
1236 2078 1319 2144 aqua
1340 2060 1428 2125 omni
1449 2060 1603 2124 exhauste
1626 2078 1696 2131 0000

365 2169 431 2214 000
454 2159 581 2232 posset:
603 2152 648 2214 ita
669 2150 807 2235 relinqui
830 2150 908 2213 nihil
929 2160 1054 2234 praeter
1075 2153 1195 2232 ignem,
1218 2172 1238 2214 a
1259 2172 1324 2236 qno
1346 2173 1470 2218 rursum
1485 2153 1646 2224 animante
1660 2172 1697 2216 00

365 2241 426 2308 deo
455 2246 619 2310 renovatio
646 2244 756 2309 mundi
781 2242 869 2308 fieret
890 2254 986 2327 atque
1007 2244 1091 2308 idem
1114 2254 1244 2312 ornatus
1266 2254 1419 2312 oreretur·
1463 2243 1536 2310 449.
1561 2248 1641 2310 Nolo
1664 2248 1696 2310 in
1706 2258 1735 2314 44

365 2336 528 2402 stellarum
557 2340 681 2403 ratione
710 2338 828 2404 multus
858 2339 948 2401 vobis
977 2337 1078 2406 videri
1106 2339 1307 2420 maximaque
1333 2359 1458 2415 carum,
1487 2360 1569 2425 0000
1591 2360 1696 2404 errare

365 2544 489 2596 summa
511 2526 639 2589 Saturni
659 2525 840 2608 refrigeret,
863 2525 968 2590 00440
988 2527 1099 2590 4400440
1121 2525 1285 2599 incendat,
1307 2528 1346 2594 440
1363 2530 1526 2593 interiecta
1541 2530 1625 2600 Iovis
1650 2530 1699 2592 in·

328 2696 337 2715 .
366 2619 478 2687 lustret
499 2629 532 2686 et
554 2629 709 2701 temperet
730 2618 876 2702 intraque
897 2621 1028 2683 Martem
1050 2622 1132 2684 duae
1156 2620 1222 2684 Soli
1241 2618 1431 2696 oboediant,
1452 2623 1521 2706 ipsa
1536 2624 1592 2694 Sol
1607 2642 1699 2686 mun-

366 2714 441 2782 400
464 2734 590 2776 00000
613 2734 671 2776 000
693 2714 762 2777 4000
784 2714 942 2795 compleat
963 2714 1003 2776 ab
1025 2733 1128 2796 coque
1143 2715 1234 2777 Luna
1248 2713 1436 2778 inluminata
1450 2715 1652 2797 graviditates
1667 2723 1737 2778 0444

367 2818 476 2891 partus
498 2808 621 2871 adierat
643 2808 904 2890 maturitatesque
927 2806 1099 2889 giguendi:
1129 2827 1211 2892 0000
1240 2808 1402 2889 copulatio
1424 2829 1529 2876 rerum
1553 2817 1586 2876 04
1608 2810 1700 2893 quasi

366 2900 570 2965 consentiens
603 2901 642 2964 ad
677 2901 785 2965 muudi
817 2901 1066 2966 incolumitatem
1095 2902 1324 2983 coagmentatio
1354 2910 1484 2971 naturae
1514 2923 1609 2986 quem
1634 2922 1700 2966 000

367 3003 488 3068 movet,
512 2994 731 3059 trunchetum
755 2994 835 3060 nihil
856 2995 1230 3077 umquamreputaviase
1251 3004 1336 3059 certo
1358 2996 1435 3058 0040.

451 3089 576 3151 XLVll.
600 3084 671 3151 440.
700 3093 779 3171 Age,
811 3099 846 3153 ut
874 3110 893 3152 a
918 3088 1107 3152 caelestibus
1137 3089 1230 3152 rebus
1259 3088 1299 3152 ad
1330 3097 1495 3154 terrestres
1524 3090 1701 3163 veniamus,

365 3182 443 3265 quid
467 3191 516 3246 004
537 3183 571 3247 40
592 3182 658 3255 his,
687 3183 720 3246 40
742 3204 806 3264 000
829 3203 893 3246 000
915 3190 1048 3245 naturae
1070 3184 1150 3245 ratio
1173 3182 1388 3263 intellegentis
1409 3187 1583 3267 apparenti
1612 3184 1739 3246 Prin-to

366 3277 450 3358 cipio
479 3295 606 3350 corum,
636 3297 718 3360 quae
745 3280 917 3359 gignuntur
945 3295 963 3337 0
992 3285 1094 3350 terra,
1120 3276 1234 3358 stirpes
1261 3284 1294 3340 et
1321 3276 1524 3341 stabilitatem
1546 3279 1623 3344 dant
1649 3279 1701 3349 iis,

365 3389 450 3451 quae
473 3370 649 3444 sustinent,
672 3378 705 3434 04
726 3392 744 3434 0
767 3381 848 3434 terra
870 3390 979 3438 sucum
1004 3369 1150 3444 trahunt,
1172 3388 1237 3453 quo
1260 3369 1384 3432 alantur
1406 3390 1460 3445 00,
1482 3390 1565 3453 0000
1586 3371 1701 3435 radici·

365 3463 424 3530 tus
447 3463 667 3537 continentur,
689 3464 954 3545 obducunturque
976 3463 1056 3530 libro
1077 3472 1133 3528 aut
1150 3463 1268 3527 cortice
1290 3466 1409 3538 400004,
1432 3483 1498 3547 000
1521 3466 1584 3528 0404
1605 3485 1624 3527 0
1644 3463 1700 3529 trt-

365 3556 495 3638 0004400
526 3564 558 3618 04
587 3557 746 3620 caloribus
775 3559 918 3621 tutiores.
961 3557 1028 3620 400
1050 3578 1126 3621 vero
1148 3558 1228 3620 vites
1256 3556 1303 3620 sic
1325 3557 1487 3622 claviculis
1509 3558 1701 3624 adminicula

346 3643 526 3732 'umquam
549 3651 694 3716 manibus
715 3650 958 3733 adprehendunt
978 3660 1074 3733 atqua
1097 3652 1141 3714 ita
1156 3671 1190 3718 00
1207 3651 1333 3731 erigunt
1348 3659 1383 3712 ut
1397 3651 1584 3716 animantes.
1614 3652 1739 3729 Quinc

365 3745 458 3808 04400
481 3765 500 3807 0
521 3746 664 3808 caulibus
687 3746 713 3809 si
736 3755 866 3829 propter
886 3746 946 3809 sati
968 3747 1046 3819 0404,
1070 3754 1105 3810 04
1125 3765 1145 3807 0
1167 3743 1327 3827 pestiferis
1349 3747 1592 3810 0400000444)οι
1614 3746 1700 3809 relu-

365 3857 439 3920 0000
461 3838 611 3902 dicuntur
631 3858 691 3901 nec
713 3860 769 3902 eos
790 3838 857 3902 0440
879 3860 920 3902 ex
944 3847 1033 3921 parte
1055 3840 1253 3920 contingere.
1300 3832 1372 3901 444.
1388 3839 1607 3906 Animantium
1623 3860 1699 3912 vero

365 3940 484 4016 000040
505 3933 642 3996 varietas
664 3941 730 4007 004,
752 3941 872 4015 000040
894 3931 933 3997 ad
955 3943 1025 3995 cani
1049 3952 1114 3996 rem
1136 3934 1201 4006 vis,
1225 3938 1261 3994 04
1281 3933 1394 3998 innuo
1415 3952 1561 4016 quaeque
1582 3952 1699 4013 genere

364 4028 566 4109 permaneat!
597 4046 731 4110 quarum
759 4027 841 4089 aliae
870 4028 965 4090 coriis
987 4034 1089 4090 tectae
1110 4032 1200 4100 0004,
1230 4025 1311 4089 04400
1335 4024 1417 4088 villis
1438 4026 1586 4099 vestitae,
1616 4026 1699 4090 aliae

365 4120 464 4201 spinis
487 4120 643 4194 hirsutae;
667 4120 773 4202 pluma
796 4121 890 4194 alias,
912 4121 991 4183 04400
1013 4139 1146 4204 squama
1168 4121 1311 4183 videmus
1334 4117 1505 4193 obductas,
1527 4120 1607 4185 alias
1629 4133 1736 4184 esseae

365 4214 510 4276 cornibus
532 4223 682 4288 armatas,
707 4216 785 4277 alias
807 4214 923 4277 habere
939 4215 1055 4296 cllugia
1077 4215 1255 4295 pinnarum.
1290 4214 1416 4275 Pastum
1431 4223 1535 4275 autem
1557 4213 1699 4275 animan·

429 4438 453 4487 4.
472 4444 581 4487 acturae
599 4437 713 4499 (omissis
731 4436 820 4487 verbis
837 4439 967 4500 40000000
985 4436 1104 4497 quocirca
1120 4435 1213 4494 terroe)
1231 4435 1251 4484 C
1266 4460 1293 4470 ··
1311 4435 1406 4498 4400400
1422 4446 1492 4483 corr.
1511 4436 1537 4485 in
1553 4437 1660 4499 {tomroe
1675 4436 1699 4484 v

367 4538 391 4548 -
411 4512 436 4562 4.
454 4525 629 4574 squamaque
645 4513 802 4574 reliqueram
818 4512 955 4573 4000004400
973 4510 1083 4561 Probus.
1097 4536 1123 4545 -
1138 4507 1208 4561 4404
1224 4536 1250 4544 -
1269 4508 1294 4559 3.
1313 4509 1401 4571 004400
1415 4510 1530 4570 00404400
1546 4508 1658 4561 Probus.
1669 4536 1696 4545 —

363 4587 491 4649 0440044004
508 4587 611 4638 Probus
628 4587 717 4645 lleilil;
736 4590 854 4650 refundat
869 4588 1022 4647 ABEPV3
1041 4578 1152 4647 retundit
1170 4586 1188 4635 C
1205 4613 1230 4622 -
1244 4583 1268 4636 4.
1288 4585 1375 4634 eodem
1391 4581 1414 4635 u
1431 4586 1458 4633 et
1475 4583 1594 4634 Probus:
1614 4586 1698 4636 codem

364 4662 523 4724 Lambinus,
536 4663 556 4711 0
567 4688 601 4700 -
616 4664 976 4713 circumcurrentium
995 4690 1016 4698 -
1033 4662 1142 4711 40044004
1159 4664 1304 4723 (superacr.
1323 4673 1360 4709 ru.
1379 4672 1434 4709 000.
1450 4660 1542 4721 44400004
1560 4662 1595 4717 4;
1612 4662 1699 4711 4444040

364 4738 476 4788 Probus.
497 4765 523 4774 -
548 4744 594 4787 004
609 4740 658 4788 AB
678 4741 755 4795 (corr.
776 4752 808 4787 en
825 4744 852 4788 ut
869 4740 903 4797 4,
926 4751 994 4787 corr.
1014 4739 1085 4787 4004
1107 4738 1149 4796 iil:
1176 4741 1205 4784 04
1226 4734 1336 4785 CEPV
1360 4759 1386 4769 -
1411 4736 1436 4783 e.
1450 4736 1559 4796 0004000
1577 4736 1696 4787 Probus:

362 4813 496 4875 0004040400
518 4811 540 4863 e
563 4840 589 4849 —
617 4815 739 4863 consumit
764 4813 922 4863 Lambinus:
947 4819 1078 4862 00000004
1103 4811 1256 4869 ABCPV;
1284 4814 1432 4859 consumant
1455 4809 1520 4859 Eat
1536 4810 1648 4862 Probus·
1669 4838 1696 4849 -

365 4889 390 4940 e.
407 4896 543 4939 0004000000
558 4894 648 4951 putori
667 4891 746 4937 nostri
763 4888 875 4938 Probus.
898 4916 923 4924 -
948 4888 973 4939 7.
992 4890 1026 4938 od
1039 4892 1193 4949 nostrerum
1210 4884 1321 4937 Probus.
1343 4911 1369 4921 -
1389 4885 1413 4935 8.
1432 4898 1476 4934 nec
1493 4882 1516 4936 u
1533 4888 1560 4935 04
1577 4887 1697 4939 Probus:

364 4965 479 5027 nequeo
498 4990 525 5000 -
544 4970 684 5013 retruserat
701 4962 811 5014 Probus.
831 4990 864 5001 -
885 4963 909 5013 9.
928 4963 1014 5024 itaque
1029 4964 1137 5024 relinqui
1159 4963 1178 5012 E
1200 4966 1228 5012 et
1244 4960 1355 5012 Probus.
1377 4984 1403 4995 -
1427 4974 1444 5009 0
1461 4972 1515 5010 om.
1534 4960 1646 5014 Probus.
1664 4988 1699 5001 -

364 5053 396 5091 00
412 5041 443 5090 de
459 5053 487 5092 ro
505 5040 524 5089 E
541 5042 568 5089 04
586 5039 697 5089 Probus.
713 5065 740 5074 -
755 5041 794 5088 40.
808 5040 935 5088 reuocatis
950 5039 1037 5088 muudi
1052 5040 1121 5101 parsi
1137 5039 1250 5099 idemque
1261 5034 1374 5085 Probus.
1389 5062 1416 5072 ·-
1435 5040 1548 5085 meretur
1559 5037 1697 5088 AB¹C¹V¹:

364 5117 475 5166 oriretur
493 5114 595 5166 Probus
612 5120 640 5164 04
657 5114 754 5165 B²C²E
766 5115 853 5164 Pv²0
873 5141 900 5151 -
920 5115 962 5163 lt.
980 5114 1153 5163 0004400000.
1167 5127 1198 5162 en
1210 5112 1324 5162 00444044
1340 5138 1366 5146 -
1381 5123 1427 5172 que
1439 5123 1492 5159 om.
1506 5111 1525 5159 C
1540 5137 1566 5147 —
1581 5113 1622 5161 44.
1635 5126 1698 5162 corr-

363 5197 447 5241 metus
464 5203 533 5239 corr.
552 5204 584 5239 en
601 5191 749 5240 4000404004
769 5216 795 5226 -
822 5190 861 5241 te.
880 5190 1015 5253 respiperat
1032 5190 1094 5239 CV*
1114 5215 1141 5226 -
1165 5189 1197 5237 440
1213 5182 1302 5237 BPV²
1319 5187 1354 5247 (iu
1370 5198 1463 5235 rasura
1481 5184 1523 5247 Bi:
1550 5186 1571 5235 40
1588 5187 1694 5248 ACV¹;

363 5266 400 5316 440
419 5266 466 5316 EO
487 5291 520 5302 -
551 5264 591 5315 tt.
610 5266 740 5314 oboediant
758 5265 792 5313 V:
817 5265 949 5315 0400444004
970 5267 1005 5323 4;
1029 5265 1144 5314 obediant
1162 5276 1223 5313 cum
1241 5262 1339 5312 ceteris
1356 5261 1376 5310 0
1396 5286 1422 5297 -
1447 5260 1697 5312 iterumiterum

363 5341 414 5391 AC
435 5366 461 5375 -
481 5343 661 5390 coocoaentotio
679 5341 715 5397 V;
733 5343 933 5404 coouqmcritotio
950 5340 1000 5389 ΒΕ
1018 5366 1045 5375 -
1070 5340 1111 5389 ts.
1128 5339 1179 5401 Ape
1195 5339 1250 5387 0440
1266 5334 1409 5386 coelestibus
1426 5338 1444 5385 P
1463 5360 1489 5370 -
1510 5349 1527 5384 0
1543 5350 1596 5387 om.
1616 5339 1646 5386 A¹
1662 5360 1697 5375 -

365 5416 407 5465 44.
425 5416 463 5466 440
479 5430 544 5479 quse
560 5418 712 5473 ABEPV;
730 5417 816 5479 440000
832 5418 894 5467 C·
917 5417 957 5466 44.
975 5415 1095 5464 sustinent
1111 5414 1179 5464 AB:
1196 5414 1349 5461 emtinentur
1365 5409 1473 5461 CEPV
1490 5435 1517 5446 -
1538 5416 1560 5460 et
1577 5424 1611 5461 00
1626 5416 1697 5461 terro

364 5493 794 5544 O-ruccurnO-oluaturl’
814 5519 839 5527 -
859 5491 1148 5543 4440004004-
1168 5485 1558 5537 44040004004000-45
1586 5487 1697 5548 0440000-

362 5568 472 5617 40044004
492 5572 513 5619 A
532 5593 559 5603 -
584 5569 858 5629 utque--oaimonter
874 5581 928 5618 om.
947 5569 966 5617 P
987 5592 1013 5601 -
1036 5564 1153 5615 0044041
1180 5589 1205 5599 -
1229 5562 1271 5611 46.
1290 5560 1403 5610 cauimus
1423 5560 1560 5611 Davisius:
1584 5560 1697 5612 00044400

319 5695 322 5701 ,
365 5641 482 5692 40000400
498 5640 536 5702 u;
556 5644 668 5693 00044400
685 5642 867 5707 [4000440000]
885 5644 905 5692 0
921 5669 948 5680 -
966 5642 1089 5703 cipporter
1106 5644 1183 5698 [corr.
1197 5638 1256 5689 ead.
1271 5651 1307 5688 m.
1321 5639 1347 5687 in
1364 5638 1386 5687 04
1398 5636 1511 5699 propter)
1523 5636 1559 5694 v;
1576 5638 1697 5699 opportet

366 5718 415 5768 ΟΡ
434 5743 460 5753 -
481 5719 521 5768 29.
538 5724 685 5779 0000000004
702 5716 741 5769 u:
757 5722 924 5779 permovissnt
940 5718 970 5767 0.
989 5716 1028 5767 Ci.
1047 5717 1062 5780 ἕ
1080 5715 1127 5766 iit
1146 5718 1172 5764 04
1189 5713 1293 5777 iladvig
1310 5712 1344 5763 ed
1362 5714 1415 5763 Cic.
1435 5711 1469 5761 de
1487 5712 1540 5762 Fin.
1555 5725 1581 5774 ρ.
1594 5711 1651 5765 fisa.
1665 5737 1693 5747 -

364 5793 436 5842 uellit
452 5795 471 5843 l>
488 5817 516 5827 -
542 5794 583 5843 30.
601 5794 695 5856 spineis
710 5792 772 5845 av¹
792 5820 818 5829 -
839 5805 946 5854 0000400
962 5805 1032 5842 corr.
1051 5804 1084 5840 cx
1102 5790 1241 5839 soismoV
1265 5814 1290 5825 -
1316 5788 1513 5850 'ulpianorum
1530 5786 1640 5836 chv
1657 5786 1695 5848 (iu

366 5868 619 5928 Niceratus,
638 5870 663 5917 in
682 5870 701 5919 C
720 5868 944 5919 eead.m.corr.
964 5863 1295 5929 iniltpeneorsasllPO
1314 5867 1462 5925 -pouun
1478 5872 1548 5912 corr.
1567 5861 1696 5924 40000400

367 5940 404 6001 B;
417 5947 509 6003 000400
523 5944 554 5993 Α,
