4342 7459
728 1248 796 1312 nn.
810 1248 865 1310 111.
896 1243 1423 1332 cn.x1x-xx.ssii-ie.
1677 1238 1734 1308 esi

414 1407 626 1492 inpunitatem
655 1405 771 1470 amittit
797 1407 857 1471 bac
884 1406 965 1490 lege.
1020 1404 1071 1469 43.
1106 1408 1257 1491 Sequitur
1282 1408 1381 1472 illud:
1413 1409 1653 1472 Intercessor
1683 1405 1739 1470 rei

412 1503 533 1567 malae
556 1501 740 1565 salutaris
771 1502 868 1564 civis
898 1510 992 1565 esto.
1037 1502 1116 1577 Quis
1138 1522 1202 1565 non
1225 1499 1367 1566 studiose
1390 1501 1602 1585 reipublicae
1624 1499 1739 1563 subve-

413 1596 497 1660 nerit
510 1598 569 1658 bac
590 1602 653 1657 tum
670 1596 830 1677 praeclara
846 1595 927 1678 legis
943 1615 1021 1659 voce
1038 1595 1208 1658 laudatus?
1231 1595 1312 1658 Sunt
1327 1594 1442 1658 deinde
1458 1596 1562 1679 positu
1575 1593 1738 1675 deinceps,

414 1709 498 1775 quae
526 1689 679 1752 babemus
712 1690 806 1752 etiam
836 1690 869 1751 in
899 1689 1033 1772 publicis
1064 1689 1217 1752 institutis
1247 1697 1343 1773 utque
1371 1689 1514 1772 legibus:
1550 1687 1738 1772 auspicia

414 1791 627 1856 servante,
658 1783 800 1865 auguri
830 1790 1009 1866 parente.
1053 1784 1109 1845 Est
1131 1791 1235 1845 autem
1258 1785 1333 1847 boni
1354 1784 1484 1866 auguris
1506 1784 1688 1847 meminisse
1709 1787 1765 1843 ecl

415 1877 560 1940 maximis
591 1876 636 1938 rei
667 1876 813 1957 publicae
844 1877 1037 1960 temporibus
1069 1884 1195 1959 praesto
1225 1898 1295 1941 esse
1325 1877 1440 1941 debere
1461 1877 1594 1961 Iovique
1616 1877 1739 1960 optimo

413 1972 552 2034 maximo
574 1989 609 2032 se
630 1972 845 2034 consiliarium
867 1979 963 2053 atque
986 1971 1205 2033 administrum
1229 1971 1354 2045 datum,
1376 1979 1411 2035 ut
1433 1972 1492 2034 sibi
1513 1990 1581 2046 eos,
1603 1990 1684 2055 quos
1704 1970 1738 2033 in

413 2064 553 2148 suspicio
575 2083 645 2127 esse
666 2066 806 2137 iusserit,
829 2066 973 2148 caelique
996 2074 1100 2150 partes
1123 2066 1181 2127 sibi
1205 2062 1348 2129 delinitas
1371 2085 1441 2128 esse
1463 2065 1606 2140 traditas,
1628 2084 1646 2127 e
1670 2063 1742 2148 qui-

413 2160 473 2222 bus
503 2177 599 2241 saepe
630 2178 723 2240 opem
751 2162 796 2221 rei
827 2160 972 2241 publicae
998 2160 1081 2221 lerre
1110 2160 1221 2241 possit.
1271 2158 1394 2221 Deinde
1416 2158 1456 2220 dc
1478 2158 1740 2241 promulgatione,

413 2253 453 2316 de
476 2252 609 2334 singuiis
632 2253 725 2315 rebus
747 2252 890 2334 agendis,
913 2252 952 2315 de
974 2254 1104 2337 privatis
1127 2253 1401 2335 magistratibusve
1423 2252 1600 2315 audiendis.
1749 2252 1778 2299 ⁴⁰

498 2343 549 2408 44.
579 2348 660 2408 Tum
683 2346 768 2428 leges
791 2346 1059 2428 praeclarissimae
1089 2346 1128 2409 de
1157 2346 1324 2410 duodecim
1354 2347 1468 2411 tubulis
1493 2346 1625 2410 tralatae
1646 2344 1739 2421 dnae,

414 2460 549 2527 quarum
571 2439 669 2502 ultera
691 2439 859 2522 privilegia
881 2440 976 2513 tellit,
998 2441 1096 2503 altera
1119 2441 1158 2502 de
1182 2441 1284 2524 capite
1307 2440 1385 2503 civis
1407 2441 1510 2522 rogeri
1524 2440 1587 2503 nisi
1602 2440 1740 2502 maximo

413 2535 575 2599 comitiatu
603 2540 697 2596 vetat.
740 2534 779 2595 Et
808 2534 948 2596 nondum
977 2536 1061 2596 notis
1091 2533 1251 2597 seditiosis
1277 2535 1413 2598 tribunis
1441 2534 1503 2617 pl.,
1532 2554 1573 2598 ne
1595 2533 1740 2615 cogitatis

413 2630 561 2713 quidem,
588 2626 807 2689 admirandum
837 2634 959 2690 tantum
987 2630 1122 2692 maiores
1149 2633 1182 2690 in
1205 2636 1366 2712 posterum
1389 2629 1576 2712 providisse.
1620 2627 1655 2688 ln
1677 2625 1741 2709 pri·

413 2734 504 2787 vatos
525 2722 672 2786 homines
695 2719 782 2802 leges
805 2719 880 2783 ferri
902 2721 1090 2797 uoluerunt;
1113 2723 1145 2785 id
1168 2732 1217 2785 cst
1238 2724 1322 2785 enim
1342 2722 1560 2806 privilegium:
1582 2738 1647 2805 44440
1662 2718 1778 2803 quiue

413 2825 463 2881 est
483 2818 655 2881 iniustius?
677 2835 747 2878 cum
772 2814 851 2897 legis
873 2812 951 2878 baec
973 2816 1021 2878 vis
1043 2818 1100 2890 eit,
1122 2824 1159 2880 ut
1180 2818 1221 2880 sit
1242 2817 1353 2880 scitum
1377 2823 1409 2879 et
1429 2817 1549 2880 iussum
1573 2816 1605 2878 in
1626 2812 1740 2877 omnis.

412 2912 500 2975 Ferri
531 2911 570 2973 de
599 2910 730 2991 singulis
763 2910 823 2972 nisi
854 2910 1038 2973 centuriatis
1067 2912 1206 2975 comitiis
1233 2911 1415 2974 noluerunt
1457 2910 1633 2993 Discriptus
1654 2909 1740 2971 enim

412 3005 550 3090 populos
573 3024 689 3076 censn,
718 3002 898 3077 ordinibus,
921 3004 1078 3067 aetatibus
1101 3005 1172 3086 plns
1193 3004 1324 3068 adhibet
1344 3002 1384 3067 ad
1407 3005 1591 3086 suffragium
1613 3000 1740 3067 consilii

414 3117 509 3183 quam
537 3098 607 3161 inse
638 3099 672 3161 in
700 3097 799 3160 tribus
829 3106 1031 3159 convocatus.
1081 3094 1133 3161 45.
1163 3098 1236 3173 Quo
1260 3098 1363 3161 verius
1392 3097 1425 3158 in
1447 3116 1542 3160 cansa
1564 3104 1673 3160 nostra
1694 3094 1742 3158 vir

413 3194 518 3275 magni
541 3193 661 3275 ingenii
684 3210 870 3272 summaque
892 3190 1069 3272 prudentia,
1092 3192 1127 3253 L.
1145 3192 1244 3265 Cotta,
1261 3191 1388 3254 dicebat
1401 3189 1478 3253 nibil
1493 3192 1622 3254 omnino
1637 3194 1778 3253 actum„

412 3304 483 3348 csse
505 3284 545 3347 de
567 3287 678 3361 nobie3
709 3291 838 3367 praeter
860 3283 944 3345 enim
975 3303 1070 3365 quam
1093 3285 1179 3368 quod
1202 3288 1308 3348 omnia
1329 3284 1385 3348 illa
1406 3294 1513 3348 esseut
1533 3285 1630 3349 armis
1651 3290 1740 3367 gestu

412 3379 590 3453 servilibus,
613 3388 776 3461 praeterea
797 3395 901 3460 neque
923 3377 1038 3440 tributa
1060 3380 1172 3462 capitis
1194 3380 1319 3443 comitia
1341 3387 1408 3443 rata
1430 3398 1499 3441 esse
1520 3397 1614 3463 posse
1634 3395 1740 3459 neque

411 3473 477 3544 ullu
509 3472 684 3555 privilegii:
718 3470 868 3554 quocirca
897 3469 976 3532 nibil
1004 3472 1097 3534 nobis
1129 3492 1210 3555 opus
1239 3492 1309 3538 esec
1338 3473 1426 3556 lege,
1459 3472 1499 3534 de
1521 3472 1638 3556 quibus
1659 3467 1739 3534 nibil

413 3567 542 3632 omnino
565 3573 668 3628 ectum
691 3572 777 3627 esset
797 3563 930 3645 legibus.
963 3564 1025 3627 Sed
1048 3566 1151 3630 visum
1174 3576 1222 3630 est
1243 3576 1275 3630 ct
1296 3568 1386 3630 robis
1408 3575 1440 3631 et
1461 3564 1643 3630 clarissimis
1664 3563 1740 3625 viris

413 3660 536 3733 melius,
559 3659 599 3722 de
621 3680 685 3743 quo
708 3659 790 3722 servi
813 3666 845 3720 et
866 3657 1005 3723 latrones
1027 3662 1158 3724 scivisse
1181 3660 1302 3744 aliquid
1325 3659 1479 3734 dicerent,
1495 3659 1535 3721 de
1550 3658 1611 3722 boc
1626 3656 1778 3721 eodem!

415 3764 560 3817 cunctam
582 3753 704 3815 ltaliam
728 3752 805 3835 quid
828 3754 959 3816 sentiret
981 3754 1160 3817 ostendere.

498 3848 569 3908 llll.
598 3843 649 3907 46.
674 3847 825 3929 Sequitur
846 3845 886 3908 de
908 3847 1009 3929 captis
1032 3848 1177 3928 pecuniis
1200 3855 1231 3910 et
1253 3847 1292 3910 de
1314 3846 1443 3910 ambitu.
1476 3845 1566 3923 Quae
1588 3845 1739 3930 quoniam

412 3942 513 4022 magis
534 3940 663 4003 iudiciis
685 3960 780 4023 quam
803 3940 905 4002 verbis
928 3940 1101 4003 sancienda
1124 3950 1214 4016 sunt,
1243 3943 1423 4025 adiungitur
1449 3942 1589 4006 noxiae
1617 3960 1738 4026 poena

410 4053 479 4117 par
499 4043 603 4109 este,
625 4034 713 4098 utin
738 4054 795 4097 suo
817 4034 895 4096 vitio
920 4034 1056 4117 quisque
1078 4033 1248 4117 plectatur:
1270 4037 1319 4099 vis
1339 4036 1454 4119 cupite,
1476 4036 1610 4100 avaritia
1630 4035 1739 4110 multa,

411 4192 562 4204 ——-—
736 4194 810 4202 ,αι-

476 4297 499 4345 4.
518 4296 600 4345 04444444
616 4295 663 4344 ΑΒ
683 4320 711 4331 -
730 4307 762 4344 oc
777 4293 808 4343 A¹
827 4319 853 4329 —
873 4294 925 4357 4444
941 4295 1028 4358 putem
1045 4295 1091 4345 AB
1110 4321 1138 4331 -
1156 4295 1194 4344 ret
1211 4298 1231 4346 A
1250 4297 1275 4344 ln
1293 4308 1345 4345 res.
1367 4321 1393 4332 -
1413 4296 1438 4346 4.
1456 4292 1693 4347 404404444444.
1705 4298 1737 4358 A,

409 4371 506 4422 4444404
522 4384 548 4419 se
563 4371 588 4420 i.
601 4368 626 4419 i.
645 4371 664 4419 Β
684 4396 710 4406 -
730 4370 756 4420 3.
774 4383 806 4418 04
822 4372 844 4420 A
862 4394 889 4404 -
909 4370 934 4418 e.
947 4375 1081 4419 4444404404
1097 4370 1128 4419 A¹
1145 4373 1206 4420 unte
1218 4382 1339 4420 rasuram
1359 4396 1385 4405 —
1405 4372 1500 4434 04444444
1514 4385 1540 4433 p.
1557 4372 1582 4431 44.
1596 4383 1621 4420 c.
1630 4370 1738 4434 44044440)

406 4452 514 4510 porceto
531 4447 600 4495 coni.
614 4443 701 4503 Orelli,
720 4447 748 4493 ut
766 4446 808 4493 est
825 4442 891 4506 5⁴⁴·
921 4468 949 4480 -
977 4446 1123 4507 0444444448
1150 4470 1178 4481 -
1206 4458 1232 4494 44
1248 4443 1405 4494 Lambinus:
1424 4445 1538 4495 omAll
1556 4470 1589 4481 —
1606 4444 1630 4493 6.
1649 4444 1739 4494 04444440

409 4520 486 4572 A¹-
507 4518 1068 4581 4.44400444444044444,44400444440444Β
1096 4545 1123 4554 -
1151 4518 1415 4579 440444444οΛ
1442 4543 1470 4554 -
1497 4521 1740 4583 meursium

409 4598 540 4649 Uenutius
558 4597 589 4658 (is
602 4599 692 4645 tamen
709 4598 746 4644 ret
760 4610 787 4658 p.
798 4596 865 4657 44444
882 4598 975 4657 operit:
994 4595 1209 4657 operarcpfcrrct·
1227 4597 1257 4652 A.
1276 4607 1346 4656 opem
1362 4588 1407 4657 444
1424 4594 1502 4657 terret
1518 4595 1537 4644 Β
1558 4621 1584 4633 -
1604 4597 1635 4647 de
1651 4596 1738 4647 omli

412 4699 439 4710 -
467 4673 507 4721 44.
532 4670 786 4734 praeclarissimi!
815 4697 842 4706 -
868 4670 1029 4720 trelotocA:
1057 4670 1232 4731 4404404048,
1258 4670 1433 4720 44044404040
1461 4696 1488 4706 -
1516 4671 1556 4721 44.
1574 4671 1627 4721 tolli
1642 4671 1689 4721 AB
1709 4697 1736 4706 -
1799 4689 1803 4696 ·

410 4746 450 4797 44.
468 4746 599 4796 comitiatus
615 4746 779 4809 Stephanus:
797 4745 917 4794 4004440444
933 4746 980 4795 All
1008 4771 1034 4781 -
1062 4746 1157 4795 4444οΒ
1184 4770 1212 4782 -
1239 4745 1304 4793 440444
1320 4744 1454 4795 Davisius:
1476 4745 1616 4803 letisAB;
1633 4746 1740 4795 4440444444

409 4821 563 4880 Turnebus,
586 4821 692 4883 40444444
709 4833 777 4870 corr.
798 4820 823 4868 in
843 4818 902 4870 cod.
921 4820 1096 4878 llemmiuno,
1122 4821 1190 4869 440444
1207 4819 1227 4869 0
1243 4831 1306 4868 cum
1322 4820 1467 4869 Goerenzio
1496 4845 1523 4856 -
1548 4820 1635 4871 44444440
1651 4823 1702 4872 4444
1718 4821 1737 4871 Β

411 4923 440 4934 -
457 4910 489 4945 444
512 4897 628 4958 cogitetis
645 4893 799 4945 Lambinus:
825 4896 979 4958 negotiosis
1004 4897 1030 4957 (0
1046 4897 1068 4944 44
1084 4897 1111 4945 in
1134 4895 1199 4954 res.)
1216 4898 1251 4953 A,
1283 4895 1384 4957 44440440
1407 4894 1483 4944 444Β
1511 4920 1538 4931 -
1569 4895 1609 4948 44.
1635 4896 1740 4947 maioris

409 4970 457 5021 AB
475 4997 502 5009 -
522 4972 638 5033 priuatos
655 4973 688 5020 A:
705 4971 898 5033 proesumit,
915 4971 1003 5032 priuos
1020 4972 1040 5020 0
1057 4983 1119 5021 cum
1136 4969 1269 5031 scaligero
1286 4971 1313 5018 et
1330 4971 1448 5020 Puteano
1475 4995 1503 5008 -
1531 4972 1571 5023 44.
1589 4973 1654 5036 44444
1670 4972 1689 5022 Β
1709 4997 1735 5009 -

408 5047 447 5096 044
462 5047 507 5106 stt,
525 5052 553 5094 ut
568 5048 601 5095 444
616 5047 704 5094 acuum
719 5051 743 5095 et
759 5047 854 5095 40444044
876 5046 956 5095 llath:
983 5048 1024 5095 044
1043 5047 1075 5095 444
1097 5047 1184 5095 scitscit
1201 5042 1215 5094 4
1238 5045 1308 5106 (4.4.
1329 5044 1376 5105 444)
1397 5046 1494 5095 iussum
1514 5047 1576 5105 AB;
1602 5048 1641 5098 uis
1660 5049 1692 5097 444
1711 5053 1740 5098 444

408 5136 487 5172 mum
503 5124 535 5171 444
551 5122 591 5171 ies
607 5123 634 5171 444
650 5134 733 5171 omncs
749 5120 852 5183 iladvig
869 5122 966 5183 opusc.
985 5122 1015 5176 ll.
1030 5121 1077 5171 4644
1106 5147 1133 5158 -
1160 5123 1240 5171 orante
1258 5123 1292 5170 A:
1311 5133 1394 5170 04444444
1411 5122 1456 5171 ΒΟ
1484 5147 1512 5158 -
1541 5123 1580 5173 44.
1598 5123 1739 5187 4404044444

408 5201 440 5257 A,
458 5200 487 5248 ut
504 5198 610 5248 videtur
626 5198 651 5245 in
669 5198 800 5260 scriptura
819 5198 870 5245 iem
888 5196 944 5245 lere
957 5198 1096 5255 exstincta,
1113 5197 1226 5259 4444404444·
1242 5197 1261 5245 Β
1278 5222 1311 5233 -
1328 5197 1465 5258 descriptus
1480 5198 1553 5248 ΑΒΟ
1572 5182 1599 5236 ’-
1619 5198 1660 5249 48.
1678 5212 1739 5247 cosi·

407 5273 458 5323 44444
473 5273 635 5337 Stephanus:
655 5271 705 5319 44444
722 5268 790 5326 ΑΙΒ,
809 5271 902 5320 aemilii
918 5269 950 5319 A²l
969 5297 994 5305 -
1015 5271 1054 5320 49,
1068 5271 1140 5333 (usae
1157 5272 1215 5332 ΑΒ,
1233 5272 1333 5331 contuse
1350 5273 1418 5321 cuni.
1432 5272 1527 5322 Devies
1546 5297 1572 5307 -
1592 5273 1632 5322 40.
1646 5286 1739 5337 44404440

407 5348 508 5411 inperito
525 5349 545 5397 0
563 5360 624 5396 cum
642 5346 747 5396 Davisio
773 5370 799 5380 -
828 5346 869 5395 44.
889 5347 975 5395 omnio
997 5347 1111 5411 scripsi:
1138 5347 1260 5396 00444440
1277 5343 1321 5406 A¹,
1348 5347 1462 5396 0444444440
1478 5343 1553 5407 Α’Β,
1579 5348 1683 5397 comitio
1698 5348 1736 5406 0;

407 5425 494 5486 404444
511 5424 591 5471 etiam
608 5426 698 5471 44444440
715 5422 853 5477 conicere,
872 5421 941 5471 conl.
961 5420 994 5470 de
1012 5419 1071 5471 loco
1089 5422 1169 5472 ctiam
1187 5421 1306 5484 Madvigii
1325 5421 1422 5485 opusc.
1440 5420 1472 5480 ll,
1486 5422 1542 5472 465.
1564 5447 1592 5459 -
1611 5421 1652 5472 44.
1666 5434 1739 5485 posse

407 5509 487 5559 4444444
498 5495 651 5546 Turnebus:
667 5501 827 5557 possentcoue
837 5496 868 5545 A¹
878 5496 913 5553 Β,
929 5502 1026 5557 possset
1038 5508 1116 5557 4444444
1127 5501 1147 5545 A
1160 5509 1230 5545 corr.
1251 5521 1276 5532 -
1297 5494 1337 5545 43.
1348 5495 1485 5560 priuilegio
1495 5499 1527 5547 A*
1538 5521 1565 5532 -
1585 5509 1635 5547 4444
1646 5496 1739 5561 tegibus

408 5571 428 5621 Β
448 5596 475 5607 -
493 5572 545 5620 44444
562 5573 583 5619 A
603 5597 630 5606 -
649 5570 690 5620 44.
708 5569 777 5618 uobis
794 5571 856 5619 AB:
876 5568 982 5619 4404440
1002 5596 1028 5607 -
1048 5571 1089 5620 45.
1107 5572 1203 5621 seruiet
1219 5573 1256 5629 A,
1283 5570 1342 5620 4044.
1361 5583 1393 5620 ex
1411 5571 1478 5621 444444
1494 5577 1547 5635 044.
1574 5599 1600 5610 -
1627 5573 1739 5623 latrones

407 5645 506 5695 44404444
522 5644 662 5695 Turnebus
679 5645 737 5705 (sed
755 5646 786 5704 ie,
806 5648 834 5695 ut
851 5646 880 5705 0,
899 5646 998 5695 44404444
1013 5649 1060 5706 ecl:
1076 5648 1192 5708 petronis
1207 5648 1296 5696 44444444
1312 5647 1362 5696 AB
1382 5673 1408 5683 -
1428 5646 1518 5708 eliquit
1534 5648 1554 5698 Β
1574 5673 1601 5684 -
1619 5648 1661 5700 46.
1674 5662 1737 5699 44444-

408 5724 461 5769 tom
477 5723 508 5779 A,
526 5726 642 5769 4404444444
660 5721 677 5769 Β
698 5743 725 5756 -
744 5714 835 5770 seuttr'e
850 5721 900 5769 AB
921 5748 947 5756 -
967 5720 1007 5771 44.
1021 5722 1134 5783 4444444444
1150 5727 1185 5771 A:
1203 5724 1283 5783 444044
1299 5720 1328 5781 Β,
1346 5721 1521 5782 succenseo
1542 5745 1568 5758 -
1588 5723 1618 5772 444
1632 5722 1735 5775 cubitu.

411 5796 481 5857 04404
497 5821 536 5833 ··
553 5798 687 5845 4044444440
705 5795 786 5844 liele:
806 5797 836 5846 de
852 5795 947 5844 04444440
964 5796 1028 5859 leges
1044 5809 1111 5856 44404
1127 5797 1225 5860 (leptim
1243 5797 1271 5858 B)
1289 5821 1329 5833 --
1345 5797 1493 5847 subeundae
1510 5797 1574 5856 All;
1596 5798 1626 5848 dc
1643 5797 1738 5848 04444444

410 5869 482 5933 44444.
510 5872 809 5932 (4404--40440440400
837 5897 864 5908 -
891 5873 1011 5935 quonium
1027 5869 1200 5935 l'cldlruegel:
1222 5884 1279 5920 cum
1296 5868 1347 5935 (vel
1365 5874 1449 5934 44444444
1466 5871 1540 5924 ABO
1566 5897 1593 5908 -
1620 5872 1661 5925 48.
1680 5878 1738 5924 tut

409 5946 470 5998 All:
490 5947 575 5997 sicto
596 5974 618 5983 -
640 5947 814 6011 4044440440
830 5948 849 5998 Β
868 5972 894 5984 -
914 5948 956 5999 49.
973 5947 1010 6015 etl
1027 5947 1114 5999 etse
1136 5973 1162 5985 -·
1181 5948 1277 5997 000440
1291 5946 1360 5999 Alb.
