4342 7459
718 1262 786 1326 ιιι.
808 1262 846 1323 v,
875 1259 950 1323 cn.
971 1258 1174 1322 xrx-xn
1201 1255 1247 1340 §5
1270 1254 1417 1320 so-so.
1560 1293 1562 1299 .
1671 1241 1734 1318 ios

407 1433 504 1507 uelle,
532 1431 589 1515 qui
617 1450 638 1494 a
664 1451 719 1515 spe
749 1430 879 1513 gerendi
904 1430 1018 1492 absunt
1040 1428 1174 1492 coniecti
1197 1433 1370 1491 senectute.
1415 1424 1569 1501 Quocirca
1591 1422 1732 1506 intellegi

407 1546 538 1590 necesse
560 1534 609 1588 est
628 1527 662 1589 in
684 1526 762 1607 ipsis
783 1526 894 1596 rebus,
917 1542 999 1607 quae
1022 1522 1186 1585 discuntur
1207 1529 1239 1584 et
1260 1529 1507 1605 cognoscuntur,
1529 1519 1734 1581 invitamenta

407 1623 527 1692 inesse,
551 1619 669 1702 quibus
690 1617 728 1681 ad
752 1617 935 1681 discendum
957 1616 1277 1699 cognoscendumque
1303 1634 1495 1678 moveamur.
1540 1609 1591 1674 53.
1614 1614 1659 1674 Aa
1682 1631 1735 1673 ve·

408 1722 492 1777 teres
520 1712 650 1796 quidem
679 1711 859 1796 philosophi
888 1712 922 1772 in
949 1711 1114 1773 beatorum
1143 1709 1261 1772 insulis
1285 1709 1407 1791 fingunt
1438 1707 1542 1791 qualis
1563 1704 1670 1769 futura
1695 1705 1735 1766 sit

408 1810 481 1870 vita·
501 1807 709 1889 sapientium,
740 1826 820 1888 quos
850 1824 924 1867 cura
947 1805 1032 1865 omni
1061 1803 1228 1876 liberatos,
1259 1803 1380 1865 nullum
1410 1801 1622 1865 necessarium
1652 1799 1758 1861 vitaet

408 1900 526 1963 cultum
549 1907 604 1961 aut
625 1907 767 1982 paratum
789 1898 1004 1981 requirentes,
1026 1897 1107 1960 nibil
1129 1896 1215 1960 aliud
1238 1906 1364 1960 acturos
1386 1904 1497 1980 putant
1512 1895 1574 1957 uisi
1590 1902 1625 1957 ut
1640 1912 1734 1956 omne

408 2003 532 2077 tempus
560 1991 752 2076 inquirendo
781 2011 818 2054 ac
846 1990 996 2054 discendo
1023 1993 1055 2053 in
1079 2000 1209 2054 naturae
1232 1990 1410 2072 cognitione
1433 1996 1629 2052 consumant.
1655 1988 1735 2078 *lios

408 2097 513 2150 autem
542 2106 607 2149 non
636 2085 739 2148 solum
765 2085 876 2147 beatae
904 2085 986 2146 vitas
1014 2085 1109 2146 istam
1131 2104 1201 2147 essa
1224 2083 1467 2147 oblectationem
1490 2081 1650 2154 videmus,
1678 2078 1735 2142 sed

409 2181 502 2243 etiam
532 2179 743 2242 levamentum
772 2177 979 2240 miseriarum.
1023 2179 1135 2261 ltaque
1161 2177 1266 2251 multi,
1296 2185 1367 2240 cuni
1396 2177 1431 2255 in
1453 2182 1606 2259 potestate
1629 2179 1737 2235 essent

409 2272 548 2335 bostium
576 2280 630 2335 aut
659 2281 881 2353 tyrannorum,
912 2271 1001 2333 multi
1030 2272 1063 2332 in
1092 2270 1252 2345 custodia,
1282 2271 1371 2333 multi
1399 2272 1432 2332 in
1458 2269 1570 2332 exsilio
1593 2267 1773 2330 doloremto

409 2387 501 2429 suum
524 2365 688 2429 doetrinae
709 2364 823 2427 studiis
845 2364 998 2427 levarunt.
1042 2360 1093 2425 54.
1116 2365 1266 2447 Princeps
1289 2363 1385 2427 huius
1408 2364 1543 2427 civitatis
1567 2360 1735 2423 Phalereus

408 2459 604 2532 Demetrius,
633 2480 703 2522 cum
724 2459 836 2540 patria
864 2458 975 2541 pulsus
1006 2466 1091 2521 esset
1116 2458 1246 2532 iniuria,
1275 2459 1314 2521 ad
1337 2458 1551 2520 Ptolemaeum
1574 2475 1608 2518 se
1629 2474 1735 2538 regem

410 2552 639 2615 Alexandream
667 2551 812 2615 eontulit.
849 2551 913 2626 Qui
943 2570 1014 2614 cum
1043 2550 1075 2612 iu
1102 2549 1161 2613 bac
1183 2552 1254 2633 ipsa
1275 2551 1492 2635 philosophia,
1523 2550 1681 2632 adquam
1705 2554 1736 2610 te

408 2645 587 2716 hortamur,
617 2646 788 2708 excelleret
816 2645 1092 2729 Theophrastique
1118 2654 1202 2709 esset
1229 2646 1369 2718 auditor,
1400 2645 1498 2708 multa
1522 2644 1681 2728 praeclara
1704 2640 1735 2704 in

409 2738 466 2800 illo
495 2726 680 2802 calamitoso
711 2740 776 2802 otio
798 2739 924 2821 scripsit
946 2758 1011 2801 non
1033 2739 1073 2801 ad
1097 2759 1188 2802 usum
1211 2739 1350 2822 aliquem
1372 2759 1481 2813 suum,
1511 2758 1576 2821 quo
1599 2744 1666 2799 erat
1687 2752 1774 2799 onio

409 2831 519 2904 batus,
547 2830 604 2894 sed
633 2832 730 2895 animi
758 2832 861 2895 cultus
889 2831 943 2894 ille
971 2841 1038 2895 erat
1064 2834 1094 2895 ei
1124 2833 1213 2915 quasi
1245 2831 1374 2915 quidam
1405 2831 1609 2894 humanitatis
1638 2830 1737 2892 cibus.

409 2925 565 3009 Equidem
588 2946 606 2988 e
630 2926 685 2988 Gn.
708 2923 832 2989 Aufidio
867 2927 1040 3008 praetorio,
1069 2927 1193 2989 erudito
1215 2926 1361 2998 homine,
1390 2925 1489 2987 oculis
1510 2931 1618 3007 capto,
1643 2942 1737 3006 saepe
1827 2975 1846 3000 m

410 3018 595 3090 audiebam,
623 3038 694 3081 cum
721 3039 756 3082 se
778 3019 857 3082 lueis
880 3020 979 3101 magis
1001 3039 1096 3102 quam
1118 3017 1263 3082 utilitatis
1287 3017 1445 3081 desiderio
1467 3019 1586 3080 moveri
1610 3016 1737 3080 diceret
1834 3005 1847 3015 ”

411 3113 562 3175 &mnam
586 3112 725 3195 denique
746 3113 853 3186 nobis,
882 3113 942 3175 nisi
964 3114 1140 3195 requietem
1163 3112 1350 3196 corporibus
1373 3119 1404 3173 et
1426 3110 1616 3174 medicinam
1638 3130 1739 3194 quan·

411 3205 481 3269 dam
508 3205 627 3269 laboris
654 3206 797 3281 afferret,
830 3214 939 3269 contra
966 3215 1110 3270 naturam
1143 3214 1325 3290 putaremus
1355 3205 1479 3278 datum3
1518 3202 1620 3266 aufert
1653 3205 1777 3266 enimse

410 3318 524 3362 musas
551 3299 773 3383 actionemque
803 3299 886 3363 tollit
906 3319 1045 3363 omnem.
1089 3302 1198 3384 ltaque
1221 3300 1247 3361 si
1270 3305 1324 3361 aut
1345 3298 1518 3381 requietem
1541 3305 1652 3360 natura
1674 3317 1739 3360 non

412 3400 578 3475 quaereret
603 3400 658 3454 aut
685 3413 754 3455 eam
782 3402 903 3476 posset·
919 3394 981 3456 alia
1003 3395 1140 3476 quadam
1162 3393 1284 3456 ratione
1306 3392 1476 3475 consequi,
1503 3389 1596 3454 iacile
1618 3397 1740 3473 patere·

412 3506 497 3559 mur,
527 3486 583 3570 qui
613 3486 708 3549 etiam
739 3507 823 3550 nunc
850 3486 964 3568 agendi
994 3488 1117 3571 aliquid
1147 3486 1355 3569 discendique
1385 3504 1478 3548 causa
1507 3504 1605 3568 prope
1633 3491 1739 3547 contra

411 3587 556 3642 naturam
577 3579 702 3661 vigilias
723 3582 884 3664 suscipere
906 3579 1074 3643 soleamus.

497 3673 569 3735 llll.
592 3670 643 3735 55.
666 3674 747 3737 Sunt
767 3683 871 3737 autem
894 3674 988 3736 stiam
1011 3673 1143 3737 alarimo
1165 3673 1214 3736 vel
1240 3674 1334 3756 plane
1356 3674 1532 3757 perspicua·
1546 3673 1777 3757 minimequesa

413 3765 587 3829 dubitanda
608 3767 727 3830 indicia
749 3776 897 3841 naturae,
920 3769 1057 3830 maxime
1079 3767 1199 3830 seilicet
1219 3767 1251 3829 in
1274 3766 1418 3841 homine,
1440 3767 1495 3830 sed
1518 3768 1652 3832 inomni
1674 3768 1743 3832 ani·

412 3859 501 3933 mali,
536 3867 571 3922 ut
599 3866 728 3943 appetat
756 3862 881 3924 animus
910 3879 1003 3942 agere
1034 3880 1159 3943 semper
1185 3860 1308 3944 aliquid
1335 3881 1441 3946 neque
1472 3862 1538 3925 ulla
1560 3861 1742 3927 conditione

411 3953 552 4036 quietem
575 3954 799 4036 sempitemam
823 3954 925 4037 possit
948 3954 1023 4035 pati.
1062 3953 1167 4017 Facile
1190 3962 1239 4017 est
1258 3955 1320 4017 boa
1335 3975 1464 4018 eernere
1485 3957 1518 4018 in
1539 3956 1649 4039 primis
1664 3977 1743 4039 pue·

413 4065 518 4108 rorum
540 4046 698 4109 aetatulis.
736 4047 936 4130 Quamquam
960 4046 1043 4109 enim
1058 4067 1172 4110 vereor
1184 4068 1225 4110 ne
1239 4049 1356 4113 nimius
1371 4050 1404 4112 iu
1419 4049 1481 4113 hoe
1496 4069 1611 4132 genere
1626 4051 1743 4125 videar,

413 4146 518 4201 umen
540 4158 651 4202 ornnes
667 4148 790 4203 veteres
806 4140 1006 4223 philosophi,
1030 4142 1167 4203 maxime
1184 4144 1299 4217 nostri,
1321 4144 1360 4206 ad
1374 4143 1564 4208 incunabula
1579 4144 1779 4220 accedunt,ao

415 4232 468 4315 qui
492 4233 524 4294 in
548 4234 684 4315 pueritia
707 4233 856 4297 facillime
878 4255 912 4297 se
935 4235 1127 4297 arbitrentur
1148 4243 1279 4298 naturae
1301 4236 1495 4301 voluntatem
1517 4258 1612 4321 posse
1627 4258 1745 4320 coguo-

414 4345 512 4388 seere.
547 4325 700 4389 Videmus
722 4328 821 4409 igitur
841 4337 876 4389 ut
898 4328 1123 4410 conquiescere
1139 4348 1179 4390 ne
1199 4330 1336 4392 infantes
1352 4332 1480 4411 quidem
1496 4333 1629 4413 possint
1666 4333 1743 4395 Cum

414 4437 488 4481 sero
517 4419 650 4501 paulum
677 4429 917 4503 processerunt,
945 4421 1124 4483 lusionibus
1147 4423 1197 4484 vel
1219 4423 1385 4486 laboriosis
1408 4423 1620 4501 delectantur,
1648 4434 1744 4488 utne

414 4512 601 4575 verberibus
634 4514 763 4595 quidem
801 4515 952 4577 deterreri
986 4516 1126 4599 possint,
1157 4535 1257 4600 eaque
1291 4516 1447 4600 cupiditas
1476 4519 1590 4600 agendi
1624 4519 1744 4602 aliquid

414 4605 572 4669 adulescit
601 4626 666 4668 una
694 4628 764 4670 cum
794 4609 962 4670 aetatibus.
1008 4611 1135 4692 ltaque,
1166 4630 1205 4672 ne
1228 4611 1254 4672 si
1275 4610 1513 4675 iucundissimis
1535 4611 1664 4695 quidem
1687 4626 1782 4674 nossa

415 4700 548 4762 somniis
571 4719 686 4763 usuros
707 4708 870 4785 putemus,
893 4703 1101 4785 Endymionis
1124 4723 1269 4765 somnum
1288 4703 1379 4766 nobis
1394 4705 1528 4767 velimus
1543 4705 1628 4779 dari,
1650 4705 1745 4788 idque

415 4792 443 4854 si
464 4791 603 4867 aecidat,
626 4795 734 4857 mortis
757 4795 857 4857 instar
878 4804 1040 4876 putemus.
1081 4794 1132 4858 56.
1156 4796 1241 4871 Quin
1265 4798 1359 4861 etiam
1374 4798 1585 4861 inertissimos
1599 4798 1745 4860 homines

480 5037 505 5085 2.
524 5036 605 5085 uuio
620 5041 699 5085 mente
715 5036 764 5085 BE
783 5062 810 5071 -
835 5036 858 5084 3.
876 5036 919 5100 Aa]
936 5043 965 5086 ut
981 5039 1000 5086 B
1018 5041 1081 5099 (nou
1102 5039 1129 5098 Ε)
1150 5063 1177 5074 -
1200 5039 1225 5089 l.
1243 5042 1332 5102 subura
1349 5039 1480 5091 Clericus:
1504 5045 1600 5089 natura
1617 5040 1696 5091 codd.
1717 5069 1744 5076 -

415 5112 441 5161 b.
458 5111 588 5172 sapim
605 5111 623 5159 B
642 5112 705 5171 [uon
724 5110 751 5170 E)
772 5136 798 5146 -
823 5111 847 5159 6.
866 5118 911 5160 aut
933 5117 1088 5175 apparatum
1104 5111 1257 5164 Lambinus.
1279 5142 1305 5151 -
1329 5115 1354 5164 8.
1373 5128 1423 5166 esse
1439 5116 1624 5165 oblectationem
1640 5130 1690 5167 esse
1705 5118 1747 5166 ui·

415 5185 500 5233 demus
517 5185 536 5234 B
557 5210 583 5219 -
603 5184 627 5232 9.
646 5184 818 5233 iouamectum
834 5186 883 5235 BE
904 5213 930 5222 -
949 5185 1043 5250 ltaque]
1060 5187 1100 5235 lta
1117 5187 1136 5235 E
1156 5211 1182 5224 -
1203 5190 1229 5237 iu
1246 5202 1300 5238 om.
1319 5190 1368 5238 BE
1387 5215 1414 5225 -
1435 5192 1475 5240 li.
1493 5191 1610 5239 leemruut
1627 5192 1660 5239 B:
1678 5192 1747 5241 leva-

416 5265 504 5309 verunt
521 5260 541 5310 0
556 5286 584 5296 -
600 5260 730 5322 phalerius
746 5259 825 5308 BliG
840 5287 866 5296 —
887 5261 927 5310 li.
944 5262 1109 5322 ptholomeum
1125 5262 1174 5311 BE
1190 5290 1214 5299 -
1236 5263 1275 5312 43.
1289 5264 1471 5314 mabsam
1485 5266 1548 5314 BE:
1567 5266 1748 5316 Alexandriam

417 5334 437 5383 0
455 5357 482 5369 -
502 5334 559 5394 ipsa
575 5335 662 5384 om.B
682 5360 708 5369 —
729 5336 769 5383 45.
789 5334 873 5384 seriori
890 5335 1011 5385 codd·
1031 5338 1071 5385 Ξῖ.
1089 5342 1240 5399 putaremur
1256 5340 1316 5400 quis
1332 5341 1407 5389 amm
1424 5341 1443 5390 B
1458 5368 1485 5377 -
1503 5342 1544 5390 25.
1563 5342 1675 5391 clariora
1693 5356 1747 5390 om.

417 5405 437 5456 B
456 5433 483 5445 -
502 5407 652 5468 mammae
669 5409 733 5458 BC:
753 5421 797 5457 aec
814 5410 833 5458 0
853 5435 880 5446 -
899 5410 940 5459 26.
959 5410 1054 5458 iudicia
1070 5410 1119 5459 BE
1140 5437 1165 5446 -
1191 5412 1232 5461 27.
1251 5426 1326 5477 apere
1342 5426 1437 5475 suuper
1454 5413 1556 5476 aliquod
1573 5417 1634 5472 BB;
1653 5417 1750 5476 aliquia

418 5483 641 5544 spasmo
661 5509 687 5517 —
706 5483 746 5532 29.
765 5482 919 5541 statius&
938 5486 1010 5534 etaiis
1028 5485 1047 5534 E
1066 5508 1093 5520 -
1114 5498 1243 5548 quoquam
1260 5489 1308 5538 BE
1325 5491 1440 5538 —enim
1457 5502 1510 5539 om,
1530 5491 1548 5538 B
1569 5515 1595 5524 -
1614 5490 1652 5553 ue]
1670 5490 1748 5538 oaeB

420 5559 479 5616 (non
499 5556 526 5616 Ei
552 5581 580 5591 -
604 5556 645 5606 at.
665 5557 755 5619 quin
768 5557 931 5622 arbitrentur}
960 5560 1041 5609 «uiui
1063 5572 1172 5623 prorsus
1194 5565 1240 5611 aut
1262 5576 1368 5612 cumn
1380 5564 1534 5612 arbitrentur
1550 5567 1595 5613 aut
1614 5566 1650 5623 (ut
1667 5566 1708 5613 est
1725 5565 1750 5613 in

420 5629 518 5693 aliquot
535 5630 680 5692 codicibus)
706 5634 771 5693 quod
784 5658 821 5669 --
833 5633 993 5683 arbitraretur
1016 5634 1160 5685 dicendum
1183 5634 1262 5705 luisse
1285 5637 1415 5687 videtur.»
1437 5640 1519 5688 Banu.
1545 5662 1572 5673 -
1599 5636 1751 5686 uoluntatem

421 5702 576 5754 Lambinus:
595 5705 748 5767 uoluptatem
765 5707 843 5756 codd.
865 5733 891 5742 -
912 5708 953 5757 32.
972 5708 1034 5758 Cum
1050 5709 1075 5756 bi
1091 5723 1150 5758 uero
1161 5734 1199 5745 --
1211 5710 1364 5760 delectantur
1381 5713 1480 5761 Nonius
1497 5710 1636 5761 Marcellus
1653 5726 1679 5776 p.
1692 5713 1750 5761 su.

423 5803 449 5813 -
466 5778 508 5828 3³.
525 5785 699 5840 preconem
709 5781 821 5830 Nonius:
837 5782 1002 5844 mereremini
1020 5782 1098 5832 codd.
1113 5783 1166 5833 Cic.
1182 5786 1209 5833 et
1220 5787 1240 5834 0
1250 5810 1277 5821 —
1297 5785 1343 5850 oet]
1361 5791 1384 5834 et
1401 5786 1419 5834 B
1434 5812 1460 5821 —
1480 5785 1627 5835 uberimus
1643 5787 1752 5837 Nonius.

423 5878 449 5888 -
461 5854 502 5903 aa.
515 5867 547 5904 se
562 5854 594 5917 ri]
610 5856 658 5905 siri
669 5854 749 5905 codd.
764 5881 791 5893 -
808 5856 914 5920 qudem]
930 5869 1007 5917 quam
1024 5859 1043 5908 B
1057 5885 1083 5895 -
1103 5859 1144 5909 36.
1157 5861 1282 5911 somuuD
1297 5887 1323 5898 —
1337 5862 1461 5910 samnitem
1476 5860 1546 5909 uobis
1562 5860 1668 5909 uotirms
1684 5860 1750 5911 dari.

423 5926 521 5979 uun
540 5953 568 5965 -
588 5928 628 5979 Bi.
647 5931 1003 5992 maiomamiuimotii.

469 6018 562 6067 lamo
578 6017 606 6067 τ.
617 6018 659 6067 iv.
1493 6020 1534 6090 43
