4342 7459
794 1838 839 1932 N.
865 1840 1040 1934 TULLII
1072 1840 1351 1935 CICERONIS

473 2071 563 2158 DE
595 2070 857 2162 FINIBUS
888 2069 1204 2160 BONURUM
1232 2071 1317 2158 ΕΤ
1346 2070 1665 2160 MALORUM

869 2299 1002 2363 LIBRI
1033 2297 1270 2377 QUINQUE.

967 2495 1174 2549 succuuovlu

773 2673 834 2734 10.
853 2672 1096 2735 cuononis
1119 2673 1371 2737 sarnatus.

985 2903 1156 2917 ..ιιι-ι-

903 3076 1087 3138 Nouanus
1106 3076 1235 3137 INDEX.

406 3217 426 3268 4
442 3241 472 3266 =
488 3216 548 3267 cod.
566 3216 700 3269 Palatinus
724 3218 803 3281 (nnnc
819 3219 969 3282 Vaticanus)
993 3233 1019 3269 n.
1038 3218 1103 3269 4443
1125 3216 1225 3270 saecuti
1242 3217 1391 3277 undecimi,
1415 3230 1496 3282 quem
1513 3218 1640 3268 Gruterus
1659 3215 1735 3269 Paia-

486 3304 572 3352 tinum
588 3302 706 3366 primurn
725 3304 876 3353 nominavit.
912 3305 940 3354 in
958 3304 1047 3367 priore
1065 3306 1140 3367 parte
1158 3304 1257 3368 passim
1275 3305 1412 3353 correctus
1427 3305 1481 3361 est,
1500 3300 1580 3351 modo
1592 3300 1626 3351 ab
1638 3300 1733 3353 cadem

486 3397 581 3446 manu,
600 3400 669 3450 quae
687 3386 784 3438 tibrum
801 3389 920 3451 scripsit,
940 3388 1020 3438 modo
1038 3387 1072 3438 ab
1090 3386 1149 3438 4444.
1179 3388 1281 3439 Desinit
1298 3389 1323 3438 in
1341 3385 1399 3437 iibri
1417 3387 1459 3447 lv,
1478 3386 1494 3450 5
1512 3386 1552 3436 tii.
1582 3386 1735 3437 4444444444·

485 3471 554 3521 444444
575 3473 603 3521 et
623 3472 739 3523 nuncet
758 3474 907 3537 proximum
925 3472 1047 3523 codicem
1065 3474 1182 3523 excussit
1199 3474 1313 3523 Caranus
1330 3474 1416 3522 Parsa.
1444 3471 1482 3522 Ci.
1497 3470 1530 3521 de
1551 3470 1603 3521 hoc
1619 3472 1647 3520 et
1663 3469 1696 3520 de
1715 3470 1733 3520 B

487 3554 563 3605 tisim
579 3556 631 3604 2444
648 3556 918 3619 4144444444444444444444
935 3558 980 3605 der
997 3557 1180 3607 Ciceroniscica
1197 3556 1319 3619 Schriften
1336 3570 1362 3621 p.
1378 3556 1408 3606 46
1425 3568 1466 3620 sq.

406 3647 471 3696 n:
487 3648 547 3698 cod.
567 3647 698 3700 Palatinus
716 3652 795 3709 (nunc
812 3650 960 3710 Vaticanus)
979 3664 1006 3700 n.
1027 3652 1090 3700 4545
1108 3649 1205 3700 saecuti
1224 3650 1307 3713 quinti
1325 3649 1432 3700 decimi.
1459 3652 1481 3699 Α
1499 3652 1610 3700 Grutero
1628 3661 1690 3699 eum
1709 3650 1733 3698 in

487 3731 560 3782 tibris
577 3734 611 3784 de
629 3732 725 3782 tinibus
744 3733 888 3783 Putatinum
906 3734 1053 3783 secundum
1067 3738 1189 3783 vocatum
1208 3747 1267 3783 esse
1286 3732 1350 3783 44444
1370 3733 1482 3783 traditur
1499 3734 1524 3783 in
1544 3735 1625 3797 ipsius
1635 3732 1734 3783 codicis

486 3815 547 3867 44444
570 3819 665 3881 primo.
696 3817 735 3867 Ci.
756 3817 829 3866 Halm
847 3818 937 3867 Archiv
957 3818 976 3879 s.
995 3815 1434 3881 4444444444ηά4444444449414444.
1453 3816 1506 3867 XV.
1525 3830 1551 3882 p.
1571 3818 1626 3866 4444.
1647 3830 1673 3867 n.
1692 3817 1733 3867 35.

405 3911 425 3962 C
442 3935 472 3960 =
490 3924 581 3973 margo
599 3911 721 3960 editionis
738 3911 927 3961 Cratandrinae
945 3924 969 3959 4.
990 3912 1053 3960 4548
1072 3925 1103 3960 ex
1122 3924 1175 3960 uno
1192 3912 1292 3974 optimo
1310 3911 1402 3959 codice
1420 3908 1517 3960 multas
1530 3911 1675 3975 scripturas
1692 3924 1737 3959 ex·

486 3995 582 4047 bibens
608 4009 669 4046 cum
695 3995 812 4046 Palatino
839 3997 923 4060 primo
948 3995 1106 4060 plerumque
1132 3999 1318 4059 congruentes.
1348 3995 1386 4046 Ct.
1409 3996 1434 4045 in
1460 3996 1552 4060 primis
1578 3996 1734 4046 uarietatem

485 4079 605 4131 iectionis
623 4080 655 4128 ad
675 4082 721 4140 444,
743 4081 816 4144 5⁴⁹·

407 4175 470 4224 D:
487 4174 546 4224 cod.
570 4173 727 4224 Morelianus
750 4173 902 4237 perbonus,
928 4188 959 4222 44
980 4187 1032 4236 quo
1052 4172 1148 4224 multas
1165 4176 1310 4237 scripturas
1329 4172 1436 4237 protulit
1453 4173 1595 4223 Gulielmus
1613 4172 1735 4223 morelius

486 4258 608 4308 Tiiiianus
626 4262 650 4308 in
669 4259 888 4309 Observationum
908 4261 932 4308 in
947 4261 1081 4308 Ciceronis
1100 4258 1181 4309 libros
1199 4260 1232 4309 de
1246 4259 1351 4309 Finibus
1364 4261 1555 4310 commentario
1569 4261 1647 4310 Paria.
1662 4258 1734 4309 4846.

407 4351 470 4400 E:
487 4353 546 4401 cod.
566 4353 732 4415 Eriangrnsis
754 4367 779 4401 n.
800 4352 831 4401 38
854 4350 950 4401 saecuti
970 4354 1052 4414 quinti
1070 4352 1180 4410 decimi,
1204 4366 1257 4415 quo
1275 4354 1419 4415 Madvigius
1437 4366 1498 4402 curu
1517 4354 1631 4402 maximo
1649 4352 1734 4402 fructu

487 4449 552 4485 usus
578 4440 626 4486 est.
669 4437 703 4485 Ex
730 4436 826 4485 eodem
845 4450 905 4485 cum
932 4437 950 4484 B
974 4437 1046 4485 tonte
1069 4436 1165 4486 ductus
1191 4440 1299 4486 etcum
1323 4436 1364 4486 4444
1388 4436 1544 4500 plerumque
1568 4438 1735 4487 consentiens

487 4520 591 4570 mendis
608 4519 741 4583 aliquanto
759 4525 800 4570 est
817 4522 992 4582 inquinatior,
1012 4534 1099 4583 neque
1118 4525 1205 4569 tamen
1225 4522 1281 4569 cius
1299 4522 1433 4570 mentione
1446 4520 1544 4584 ubique
1557 4520 1735 4585 supersedere

487 4607 635 4669 potuimus,
654 4606 778 4666 quoniam
797 4618 849 4654 nun
868 4604 953 4653 auitae
972 4604 1042 4667 apud
1056 4604 1213 4666 Madvigium
1232 4603 1360 4654 lectiones
1378 4618 1410 4654 ex
1428 4618 1460 4653 eo
1477 4607 1533 4655 4444
1551 4605 1646 4655 ductae
1664 4606 1734 4654 sunt.

487 4691 514 4739 444
533 4693 651 4739 nostrum
671 4702 747 4737 usum
767 4690 878 4738 4444444444
896 4702 957 4737 eum
976 4692 1064 4737 denuo
1082 4687 1200 4738 contulit.

407 4785 426 4831 G
443 4798 472 4823 =
488 4783 546 4832 cod.
566 4783 758 4845 Giogaviensis,
778 4795 848 4831 nunc
862 4780 1070 4831 Vratistavionsis
1090 4782 1130 4832 ii'.
1146 4783 1171 4831 F.
1187 4783 1242 4840 480,
1261 4785 1376 4844 scriptus
1394 4795 1463 4831 anno
1476 4780 1548 4842 4446,
1566 4795 1581 4832 4
1600 4783 1629 4832 C.
1645 4783 1672 4832 E.
1686 4782 1733 4832 Ch.

486 4867 649 4917 Schneidero
667 4880 727 4915 cum
745 4866 787 4913 ed.
809 4865 943 4915 Nobbiuna
962 4867 1023 4915 anni
1044 4866 1106 4914 4844
1125 4865 1244 4915 euitatus.
1275 4866 1348 4916 idem
1369 4865 1472 4915 videtur
1490 4879 1550 4916 esse
1568 4870 1647 4930 atque
1666 4868 1700 4925 is,
1720 4880 1735 4916 4

487 4964 539 5013 quo
562 4952 698 5013 Zumptius
720 4949 847 4999 lectiones
870 4947 969 5011 aliquot
992 4949 1138 4998 admodum
1162 4949 1363 5008 memorabiles,
1387 4964 1418 4998 ex
1444 4949 1514 4999 haud
1532 4950 1636 4999 inducta
1654 4952 1735 5000 inier-

486 5035 630 5099 poiatione,
661 5038 685 5084 ui
709 5034 795 5093 441444,
820 5040 907 5092 44444,
932 5033 1055 5083 attulerat
1077 5034 1102 5082 in
1122 5034 1187 5083 Bert.
1205 5034 1306 5083 4444444.
1325 5035 1343 5096 f.
1362 5037 1500 5084 4444444444.
1521 5036 1601 5084 iii-itii
1617 5049 1641 5084 4.
1661 5035 1733 5084 tato.

485 5119 577 5169 44444.
598 5135 623 5183 p.
642 5119 699 5169 444.
728 5121 839 5167 Omnem
863 5123 953 5168 autom
976 5120 1033 5167 eius
1057 5117 1223 5167 obeditione
1244 5118 1379 5168 Nubbiana
1397 5119 1599 5182 discrepantiam
1618 5119 1736 5168 4444444444

486 5204 662 5253 Schneidems
684 5205 709 5252 in
729 5205 925 5265 programmate
944 5200 1080 5251 vratisiav.
1101 5214 1124 5251 a.
1145 5202 1216 5253 4844.
1246 5204 1298 5253 Nos
1321 5202 1435 5254 44444444
1453 5205 1553 5253 tautum
1572 5203 1651 5253 modo
1669 5206 1735 5253 seri-

487 5294 577 5351 444444
594 5287 737 5337 4444444444.

411 5380 471 5429 ss:
487 5382 528 5431 ed.
549 5382 721 5443 Madvigiana.

411 5474 471 5521 0:
488 5475 520 5523 ed
548 5477 677 5525 Oretiiana
699 5477 770 5538 prirrr
787 5489 811 5523 4.
833 5476 904 5523 4848.

471 5578 497 5628 44
515 5578 700 5642 orthographia
719 5577 763 5627 ubi
781 5579 859 5627 tacite
877 5576 911 5627 ab
929 5575 1058 5626 Oreitiana
1080 5578 1181 5629 ratione
1200 5578 1310 5629 discessi
1328 5582 1437 5630 secutus
1454 5590 1515 5629 sum
1532 5575 1654 5626 codicem
1672 5576 1701 5626 Α.

963 5823 1168 5836 ⁸—
