4342 7459
453 1237 517 1309 aaa
711 1323 715 1329 ,
902 1244 958 1308 nn
978 1243 1150 1311 neonem
1170 1243 1333 1311 aarum

453 1404 548 1480 deoa,
578 1404 740 1487 quoniam-
757 1403 867 1467 inritae
893 1422 1004 1468 eoram
1032 1404 1083 1468 vel
1110 1406 1218 1489 potius
1243 1405 1368 1468 innatae
1398 1405 1597 1488 cognitiones
1619 1401 1783 1466 babemus.

450 1500 498 1562 De
525 1519 589 1582 quo
617 1506 722 1562 autem
751 1498 894 1561 omnium
923 1507 1036 1563 natura
1061 1501 1238 1574 consentit,
1268 1497 1301 1561 id
1330 1517 1440 1562 verum
1469 1517 1540 1562 ease
1563 1515 1695 1561 neceaee
1718 1504 1786 1561 eata

451 1592 549 1675 igitur
570 1592 647 1656 dcoa
669 1588 882 1655 confitendum
904 1599 963 1656 eet
996 1592 1090 1668 Quod
1106 1594 1256 1678 qnoniam
1275 1590 1342 1655 fere
1358 1600 1481 1655 constat
1501 1592 1586 1655 inter
1600 1593 1704 1655 omnia
1719 1610 1785 1655 non

450 1686 660 1769 pbilosopboa
691 1686 809 1761 colum,
838 1684 894 1749 ced
922 1686 1017 1749 etiam
1039 1685 1204 1761 indoctos,
1233 1685 1389 1749 fateamur
1410 1693 1555 1750 constare
1576 1685 1658 1749 illud
1681 1687 1786 1759 edam,

425 1777 531 1842 obnnc
558 1798 618 1842 noa
647 1780 765 1844 babere
794 1780 861 1844 eive
886 1780 1160 1863 anticipationem,
1188 1787 1224 1844 nt
1244 1787 1318 1843 ante
1340 1778 1424 1855 dixi,
1454 1780 1522 1844 aive
1543 1780 1784 1863 praenotionem

449 1873 582 1937 deorum
604 1909 646 1919 -
668 1882 742 1937 aunt
772 1875 855 1938 enim
884 1873 979 1938 rebus
1008 1875 1101 1937 noria
1123 1892 1205 1938 nova
1229 1873 1378 1956 ponenda
1399 1874 1543 1949 nomina,
1571 1880 1616 1937 ut·
1629 1874 1786 1958 Epicuron

447 1968 517 2050 ipae
544 1968 714 2055 πρόληψιν
741 1966 927 2053 appellarit,
958 1987 1054 2051 quam
1082 1976 1175 2031 antea
1200 1987 1295 2031 nemo
1326 1987 1366 2032 eo
1394 1968 1491 2031 verbo
1521 1967 1701 2032 nominarat
1721 1988 1784 2031 -ε

447 2060 530 2152 banc
550 2062 648 2145 igitur
667 2062 839 2135 babemus,
865 2067 903 2124 ut
923 2061 1001 2125 deos
1022 2061 1134 2125 beator
1156 2069 1189 2124 et
1209 2060 1395 2125 inmortales
1418 2069 1575 2144 putemus.
1618 2059 1670 2126 45.
1692 2061 1785 2139 Quae

448 2154 533 2218 enim
554 2155 647 2219 nobie
668 2164 782 2219 natura
795 2154 1053 2219 informationem
1068 2154 1211 2238 iptorum
1228 2155 1361 2219 deomm
1376 2154 1477 2228 dedit,
1491 2155 1602 2220 eadem
1616 2156 1786 2241 inaculpeit

413 2261 439 2308 to
447 2248 480 2311 in
501 2248 677 2324 mentibus,
699 2254 735 2311 ut
756 2267 812 2312 eoa
833 2254 979 2312 aeternos
1001 2256 1034 2311 et
1053 2248 1164 2312 beator
1185 2248 1386 2313 babcrcmne.
1419 2247 1513 2324 Quod
1529 2250 1556 2313 ai
1571 2250 1687 2327 ita'eat,
1707 2269 1783 2313 rere

447 2344 592 2425 exposita
614 2342 670 2406 illa
692 2343 847 2406 sententia
869 2342 979 2405 catab
1000 2341 1158 2426 Epicuro,
1181 2346 1266 2426 qnod
1288 2343 1416 2407 beatum
1431 2350 1661 2428 aeternumque
1675 2343 1727 2417 eit,
1748 2341 1784 2406 id

446 2454 506 2500 nec
527 2435 645 2500 babere
665 2438 771 2520 ipoum
793 2435 914 2519 negotii
937 2437 1109 2519 quicquam
1124 2455 1183 2500 nec
1198 2437 1350 2501 exbibere
1365 2436 1469 2511 alteri,
1492 2437 1602 2521 itaque
1616 2457 1721 2520 noque
1734 2438 1784 2500 ira

445 2548 552 2615 neque
580 2529 681 2613 qratia
712 2530 827 2603 teneri,
856 2528 945 2613 quod
967 2548 1049 2614 quac
1071 2529 1148 2593 talia
1169 2538 1278 2594 easent
1298 2528 1448 2593 inbecilla
1468 2538 1576 2594 carent
1597 2529 1714 2593 omnia.
1748 2529 1783 2593 Si

445 2623 526 2687 nibil
552 2622 639 2687 aliud
669 2641 893 2706 quaereremus
925 2622 985 2687 uiri
1015 2629 1051 2686 nt
1073 2622 1151 2686 deos
1173 2625 1225 2708 pie
1248 2623 1481 2688 coleremuaet
1500 2631 1536 2688 nt
1557 2622 1783 2708 cuperetitione

407 2717 669 2792 toliberaremur,
697 2716 774 2780 satie
796 2723 865 2779 erat
884 2715 1022 2791 dictom;
1048 2736 1121 2780 nam
1145 2724 1177 2780 ct
1203 2725 1368 2799 praestana
1391 2718 1521 2781 deorum
1543 2724 1658 2781 natura
1678 2715 1783 2781 bomi-

444 2831 521 2876 nom
543 2812 661 2896 pietate
683 2811 852 2885 coleretur,
874 2829 946 2874 curn
968 2817 1002 2873 et
1022 2817 1152 2873 aeterna
1173 2818 1259 2875 esset
1279 2819 1313 2874 et
1333 2807 1516 2875 beatieaima
1528 2847 1569 2861 -
1583 2810 1680 2875 babet
1696 2810 1781 2875 enirn

445 2906 681 2971 venerationem
703 2904 819 2967 iustam
842 2902 996 2988 quicquid
1018 2904 1148 2968 excellit
1162 2938 1223 2977 -,
1245 2912 1277 2969 ct
1297 2912 1401 2968 metue
1421 2905 1525 2968 omnia
1540 2924 1560 2969 a
1573 2906 1605 2970 ri
1622 2912 1719 2990 atque
1733 2905 1782 2969 ira

443 2998 574 3064 deorum
603 2999 713 3083 polana
741 3005 843 3073 ceeet;
870 2996 1065 3080 intellegitur
1094 2999 1179 3061 enim
1207 3016 1227 3061 a
1255 2998 1347 3061 beata
1370 2997 1591 3082 inmortalique
1612 3006 1726 3063 natura
1748 3006 1782 3061 et

443 3094 523 3158 iram
550 3101 583 3157 et
609 3093 743 3175 qratiam
765 3092 942 3175 segregari,
973 3092 1090 3175 quibua
1118 3092 1249 3156 remotio
1278 3091 1384 3155 nullon
1412 3110 1431 3156 a
1457 3093 1582 3174 ruperia
1604 3091 1780 3175 inpendere

404 3194 555 3251 mmetua.
588 3185 651 3250 Sed
674 3184 714 3249 ad
736 3184 818 3250 bane
838 3182 1084 3249 confirmandam
1100 3185 1283 3268 opinionem
1303 3186 1445 3268 anquirit
1459 3186 1584 3250 animm
1599 3192 1632 3249 et
1643 3183 1779 3248 formam

443 3288 476 3345 et
496 3282 580 3346 ritae
601 3280 758 3345 actionem
780 3280 962 3363 mentisque
984 3280 1189 3362 agitationem
1211 3279 1244 3342 in
1266 3281 1337 3343 deo.

527 3374 641 3438 XVlll.
662 3370 715 3436 46.
735 3375 782 3437 Ae
804 3373 968 3437 deforma
989 3371 1120 3456 quidem
1141 3372 1256 3457 partim
1278 3380 1392 3435 natura
1404 3392 1465 3436 noa
1479 3371 1642 3449 admonet,
1663 3372 1778 3458 partim

442 3470 523 3535 ratio
553 3468 657 3531 docet.
695 3469 773 3530 llam
805 3486 824 3531 a
852 3475 964 3531 natura
993 3462 1148 3529 babemus
1176 3485 1284 3529 omnes
1307 3468 1449 3529 omnium
1474 3468 1615 3549 gentium
1638 3468 1778 3550 speciem

442 3563 562 3629 nullam
584 3560 678 3625 aliam
700 3560 763 3623 niai
784 3560 954 3624 humanam
977 3558 1129 3623 deorum:
1151 3578 1235 3643 quae
1257 3561 1343 3623 enim
1360 3559 1462 3624 forna
1476 3560 1540 3624 alia
1556 3562 1692 3624 occurrit
1707 3581 1778 3625 nm-

403 3671 537 3742 aoquam
558 3662 613 3719 aut
633 3653 777 3738 vigilanti
799 3654 946 3736 cuiquam
969 3661 1024 3716 ant
1045 3654 1240 3717 dormienti?
1273 3652 1352 3728 Sed,
1383 3673 1424 3717 ne
1446 3654 1553 3718 omnia
1584 3662 1777 3719 revocentur

440 3750 481 3815 ad
503 3751 621 3833 primae
641 3748 805 3821 notiones,
833 3747 913 3810 ratio
935 3746 996 3810 boc
1017 3747 1103 3812 idem
1124 3748 1194 3830 ipaa
1217 3747 1366 3812 declarat.
1412 3745 1463 3812 47.
1484 3750 1565 3812 Nam
1588 3766 1660 3811 cum
1681 3765 1776 3830 prae·

440 3843 677 3908 etantieenmam
697 3849 859 3914 naturam,
881 3840 932 3904 vel
952 3843 1027 3925 quia
1042 3842 1134 3905 beata
1147 3850 1197 3906 eet
1210 3842 1261 3905 rel
1277 3844 1353 3926 quia
1368 3843 1579 3925 sempiterna,
1603 3841 1774 3905 convenire

440 3935 584 4000 rideatur
604 3934 738 3997 eandem
759 3953 829 3997 ecee
852 3934 1112 4017 pulcherrimam,
1138 3955 1221 4019 qnae
1243 3938 1422 4020 conpositio
1444 3937 1668 4009 membrorum,
1690 3953 1775 4018 quae

440 4028 647 4094 conformatio
676 4028 949 4103 liniamentorum,
982 4048 1065 4112 qnae
1092 4026 1206 4111 figura,
1240 4049 1324 4114 quae
1353 4031 1476 4113 speciae
1505 4030 1642 4093 bumana
1670 4035 1775 4111 poteat

401 4139 510 4189 coeam
531 4120 717 4205 pulchriori
754 4122 818 4205 Yoa
840 4121 984 4206 quidem,
1012 4122 1127 4197 Lucili,
1157 4123 1265 4187 coletis
1287 4135 1328 4171 -’-
1349 4145 1423 4187 nam
1446 4125 1535 4187 Cotta
1564 4142 1654 4185 meus
1677 4123 1773 4186 modo

438 4218 514 4292 boc,
536 4214 632 4278 modo
654 4214 734 4279 illud
749 4248 804 4291 -,
827 4236 898 4279 cum
921 4213 1087 4279 artificium
1110 4215 1259 4299 effingitis
1275 4218 1492 4302 fabricamque
1508 4218 1657 4292 divinam,
1679 4236 1774 4301 qnam

439 4312 502 4376 rint
523 4311 629 4374 omnia
650 4311 682 4373 in
705 4311 839 4373 hominia
861 4306 962 4391 ligura
983 4329 1048 4372 non
1071 4314 1165 4374 modo
1188 4312 1228 4374 ad
1251 4332 1359 4385 usum,
1382 4332 1492 4375 rerum
1508 4311 1602 4374 ctiam
1618 4309 1657 4372 ad
1672 4330 1773 4373 renn-

437 4413 550 4470 atatem
573 4411 664 4486 apta,
685 4404 873 4468 describere.
910 4400 961 4464 48.
984 4404 1080 4479 Quod
1102 4406 1130 4468 ai
1146 4406 1287 4469 omnium
1303 4406 1510 4469 animantium
1526 4404 1658 4467 formam
1674 4405 1774 4468 vincit

437 4498 574 4564 hominia
601 4495 718 4580 ligura,
745 4497 823 4562 dena
852 4506 956 4560 antem
983 4500 1127 4563 animans
1155 4507 1220 4572 eat,
1250 4519 1288 4562 ea
1310 4497 1410 4583 ligura
1430 4499 1572 4583 profecto
1596 4505 1661 4572 eat,
1690 4516 1773 4583 quae

400 4592 648 4678 oopnlcberrima
680 4600 726 4655 cst
761 4590 919 4665 omnium,
952 4593 1169 4677 quoniamque
1205 4593 1283 4656 deos
1314 4590 1514 4656 beatissimos
1546 4610 1616 4655 ecee
1639 4599 1773 4667 constat,

437 4684 550 4750 beatus
571 4692 677 4749 antem
699 4704 770 4748 esee
793 4686 862 4749 eine
884 4685 1002 4748 virtute
1024 4706 1117 4750 nemo
1139 4692 1246 4770 potest
1267 4705 1327 4750 nec
1350 4687 1451 4751 virtue
1474 4688 1543 4750 aine
1557 4686 1681 4748 ratione
1696 4705 1774 4750 con·

437 4788 521 4845 ctare
544 4800 602 4843 nec
623 4780 702 4842 ratio
725 4799 860 4863 nequam
881 4779 986 4842 ineaae
1008 4780 1070 4843 nisi
1084 4781 1119 4844 in
1133 4780 1273 4844 bominis
1288 4777 1403 4863 figura,
1424 4781 1562 4844 hominia
1576 4799 1647 4842 ecee
1662 4780 1772 4862 apecic

437 4874 516 4937 deoc
538 4871 750 4937 confitendum
773 4881 831 4936 cat
876 4869 929 4934 49.
951 4874 1015 4936 lico
1037 4880 1143 4937 tamen
1166 4893 1204 4937 ca
1226 4875 1349 4956 epcoiee
1372 4893 1487 4956 corpus
1510 4882 1575 4947 eat,
1599 4871 1656 4935 eod
1678 4871 1771 4956 qoaai

436 4986 565 5050 corpus,
588 4986 647 5029 nec
668 4962 765 5030 babet
785 4966 989 5049 sanguinem,
1011 4968 1068 5030 aed
1091 4968 1181 5051 quaai
1203 4969 1400 5052 sanguinem.
1440 4967 1526 5030 xlx
1548 4965 1636 5029 Haec
1658 4984 1771 5049 quam·

500 5264 524 5315 a.
547 5264 600 5327 fere
622 5263 687 5314 BE:
712 5263 865 5327 artace
890 5290 917 5300 ·-
944 5262 968 5314 l.
990 5265 1120 5327 fateamur
1142 5266 1219 5330 (corr.
1239 5265 1405 5328 exfotemor)
1424 5264 1459 5314 B:
1484 5261 1771 5327 fotemurACEl’-

432 5341 459 5393 b.
477 5341 881 5403 oaflrlpuioaouproeootioce
903 5352 974 5389 corr.
998 5351 1032 5389 ex
1053 5334 1459 5403 oatidpotloni--proeaotiouf
1484 5338 1503 5388 C
1533 5363 1560 5375 -
1588 5340 1612 5388 7.
1628 5337 1770 5401 mndata

433 5416 528 5474 aem
542 5414 685 5479 proplebcla
702 5412 759 5475 (litt.
778 5415 839 5478 post
855 5427 870 5463 o
887 5427 964 5465 eraea
983 5416 1010 5464 et
1026 5426 1162 5478 euperacr.
1179 5413 1203 5476 b)
1220 5415 1254 5472 Β;
1271 5414 1414 5477 prootapra'o
1431 5427 1500 5464 corr.
1515 5426 1547 5464 cr
1562 5412 1688 5476 meone
1705 5413 1767 5463 C·-

433 5489 742 5553 ltdeonmpoonmo
762 5514 789 5525 -
810 5488 1770 5552 camaeleon—tt.qeen·marA,quoertmce-to.re-

430 5566 520 5628 peden
535 5577 605 5615 oorr.
623 5564 649 5614 in
666 5563 779 5625 mprobe
795 5564 816 5613 Α
835 5589 863 5599 -
881 5564 922 5613 20.
942 5566 1055 5627 mqotrtt
1072 5578 1141 5615 corr.
1161 5567 1187 5615 ln
1204 5566 1311 5627 toqotrit
1327 5566 1345 5614 Ρ
1365 5591 1392 5601 -
1415 5565 1455 5616 at.
1474 5566 1542 5615 ottae
1559 5564 1682 5614 cottonem
1697 5575 1769 5613 men·

431 5640 512 5703 ltaque
526 5641 691 5705 apitatoaom
707 5639 817 5688 Beierua
835 5639 877 5702 (ad
896 5640 952 5689 Clo.
965 5638 1000 5689 de
1017 5638 1114 5689 Offlc.l
1133 5638 1148 5703 8
1165 5639 1221 5702 ill:
1239 5641 1318 5688 uitem
1335 5644 1359 5689 et
1375 5640 1498 5690 octtooom
1513 5640 1602 5688 mecm
1617 5643 1694 5699 atqua
1709 5637 1768 5701 opl-

432 5716 553 5766 tottoaera
569 5712 621 5767 tto
640 5740 668 5751 -
686 5715 1002 5784 teporem-portem
1020 5713 1078 5765 e¹t>
1097 5741 1124 5750 -
1143 5713 1184 5765 il.
1203 5715 1257 5765 olio
1271 5716 1393 5779 tommo
1413 5741 1440 5751 -
1459 5714 1501 5765 49.
1519 5714 1686 5778 confommtto
1703 5713 1764 5763 BP:

432 5791 590 5854 coaflmtto
606 5788 675 5847 ΑΕ;
698 5788 855 5852 formetioc
879 5812 907 5824 -
932 5789 973 5839 33.
992 5789 1159 5840 &abucii
1179 5814 1206 5824 -
1232 5788 1272 5840 tt.
1287 5791 1459 5853 pulcherrim
1474 5794 1511 5840 eal
1526 5787 1631 5852 iladvig
1649 5786 1692 5849 (ad
1709 5787 1765 5838 Cio.

434 5860 559 5915 deflnn.
578 5877 604 5929 p.
622 5860 1104 5927 flammatio-³6.
1122 5862 1766 5927 mmmammmommpotemr

436 5960 466 5977 -
483 5935 525 5989 ot.
542 5937 641 5993 bom.
658 5938 779 5991 ACEP.
