4342 7459
707 1242 776 1308 rm.
798 1242 836 1305 v.
866 1240 941 1306 cm.
963 1240 1199 1305 xxi-xxa.
1226 1238 1273 1325 ss
1295 1236 1444 1306 ee-ca.
1680 1232 1743 1304 est

406 1403 514 1487 ligneo
535 1402 773 1476 coniunxisset,
802 1422 874 1465 cum
903 1402 1023 1484 ipsum,
1053 1420 1125 1465 cum
1154 1400 1255 1465 forem
1278 1400 1415 1464 cubiculi
1438 1400 1609 1474 clauserat,
1638 1399 1743 1463 detor·

409 1497 538 1582 quebst.
575 1497 727 1579 idemque
749 1516 820 1559 cum
844 1497 875 1558 in
899 1495 1120 1558 communibus
1142 1495 1301 1579 suggestis
1323 1496 1496 1558 consistere
1517 1513 1582 1558 non
1603 1495 1746 1566 auderet,

411 1590 589 1655 contionari
613 1609 653 1653 ex
676 1590 753 1652 turri
776 1590 839 1651 alta
862 1588 992 1651 solebat.
1030 1586 1082 1650 60.
1105 1591 1209 1674 Atque
1231 1589 1260 1650 is
1282 1607 1353 1651 cum
1375 1587 1440 1671 pila
1462 1588 1572 1652 ludere
1593 1588 1691 1652 vellet
1704 1619 1746 1635 -·

412 1684 556 1749 studiose
578 1684 662 1747 enim
686 1682 719 1745 id
740 1682 905 1745 factitabat
926 1682 1186 1764 -tunicamque
1206 1689 1356 1766 poneret,
1378 1682 1628 1755 adulescentulo,
1650 1699 1745 1764 quem

414 1778 553 1849 amabat,
582 1776 751 1839 tradidisse
783 1775 922 1856 gladium
951 1774 1078 1838 dicitur.
1121 1776 1181 1839 liic
1208 1797 1278 1839 cum
1303 1776 1432 1858 quidam
1453 1773 1617 1839 familiaris
1638 1775 1771 1838 iocanst

414 1871 549 1935 dixisset
572 1871 673 1933 sliuic
695 1869 825 1952 quidem
851 1876 937 1931 certe
961 1870 1055 1931 vitam
1081 1877 1166 1931 tuam
1188 1871 1396 1943 commistim»
1420 1869 1649 1952 adrisissetque
1668 1867 1747 1931 adn·

412 1966 554 2036 lescens,
582 1970 754 2045 utrumque
783 1961 877 2023 iussit
905 1958 1056 2034 interfici,
1085 1962 1235 2035 alterum,
1264 1962 1340 2046 quie
1362 1963 1443 2025 riam
1465 1959 1747 2026 demonstravisset

412 2057 615 2124 interimendi
643 2056 709 2128 sui,
736 2056 885 2129 alterum,
914 2056 990 2138 quia
1011 2055 1130 2119 dictum
1158 2054 1190 2117 id
1213 2057 1277 2118 risu
1300 2055 1548 2137 adprobavisset
1578 2056 1684 2138 Atque
1705 2071 1744 2117 eo

412 2153 496 2216 facto
518 2152 565 2214 sic
587 2150 706 2223 doluit,
730 2149 809 2213 nibil
831 2160 866 2214 ut
888 2150 995 2213 tulerit
1016 2150 1143 2232 gravius
1165 2152 1198 2213 in
1221 2152 1304 2225 vita3
1327 2169 1423 2233 quern
1442 2150 1525 2212 enim
1541 2149 1746 2212 vehementer

412 2253 533 2311 amarat
553 2243 725 2308 occiderat.
762 2244 814 2306 Sic
836 2243 1055 2307 distrahuntur
1075 2245 1108 2306 in
1131 2245 1304 2307 contrarias
1326 2243 1425 2326 partis
1447 2244 1668 2325 impotentium
1688 2253 1783 2305 66-44

413 2341 576 2425 piditatesz
599 2358 672 2401 cum
693 2338 768 2401 buic
791 2338 962 2401 obsecutus
983 2338 1045 2411 sis,
1067 2337 1115 2399 illi
1138 2345 1187 2401 est
1209 2335 1460 2421 repugnandum.

495 2433 583 2496 xxi.
605 2427 657 2494 ot.
681 2432 882 2515 Quamquam
903 2431 955 2495 bic
977 2431 1106 2513 quidem
1130 2441 1281 2515 tyrannus
1295 2433 1365 2515 ipse
1379 2430 1534 2496 iudicarit
1547 2448 1643 2515 quana
1659 2437 1744 2493 esset

410 2530 531 2593 beatus.
563 2527 641 2589 Nam
664 2544 736 2588 cum
758 2525 887 2606 quidam
910 2543 951 2587 ex
973 2526 1043 2588 eius
1057 2526 1326 2599 adsentatoribus,
1348 2525 1530 2599 Damocles,
1553 2541 1743 2590 commemo·

411 2630 494 2687 reret
516 2623 549 2683 in
565 2638 712 2681 sermone
728 2618 836 2698 copias
854 2618 935 2690 eius,
958 2614 1071 2703 [opes]
1096 2620 1290 2682 maiestatem
1307 2619 1499 2694 dominatus,
1522 2638 1627 2682 rernm
1642 2618 1743 2681 abun-

411 2716 560 2788 dantiam,
583 2710 846 2793 magnificentiam
865 2712 992 2774 aedium
1008 2715 1175 2794 regiarum,
1198 2723 1390 2797 negaretque
1406 2732 1554 2796 umquam
1569 2712 1742 2775 beatiorem
1752 2723 1781 2770 te

410 2827 601 2894 quemquam
624 2805 739 2877 fuisse,
764 2805 881 2866 «Visne
903 2805 1028 2887 igitur»,
1051 2807 1169 2890 inquit,
1194 2827 1232 2869 so
1251 2806 1415 2879 Damocle,
1438 2807 1590 2889 quoniam
1613 2814 1645 2870 te
1666 2802 1742 2868 baec

410 2903 473 2964 vita
495 2900 645 2970 delectat,
668 2898 737 2979 ipse
759 2917 829 2960 eam
851 2898 1017 2979 degustare
1040 2907 1071 2962 et
1093 2899 1250 2963 fortunam
1273 2902 1412 2985 experiri
1436 2904 1579 2965 meamis
1608 2900 1686 2965 Cum
1708 2920 1743 2964 se

409 2996 463 3059 ille
484 3013 602 3076 cupere
624 2992 771 3065 dixisset,
794 2991 954 3055 conlocari
976 2993 1069 3054 iussit
1091 2994 1250 3056 bominem
1273 2994 1306 3056 in
1321 3013 1419 3058 aureo
1441 2994 1531 3069 lecto,
1554 3003 1652 3062 strato
1675 2993 1742 3078 pul·

410 3089 569 3153 cherrima
592 3085 693 3149 textili
717 3087 868 3168 stragulo,
891 3083 1064 3167 magnificis
1085 3087 1238 3167 operibus
1260 3077 1355 3170 picto,
1377 3088 1557 3170 abacosque
1573 3089 1744 3171 compluris

410 3184 534 3252 ornarit
558 3188 691 3262 argento
710 3199 855 3262 auroque
877 3180 1010 3242 caelato.
1044 3182 1126 3243 Tum
1147 3182 1187 3243 ad
1208 3202 1348 3245 mensam
1364 3183 1481 3246 eximia
1504 3182 1605 3245 forma
1627 3191 1782 3265 puerosto

410 3278 550 3340 delectos
578 3275 670 3338 iussit
696 3274 867 3337 consistere
896 3294 1016 3356 eosque
1040 3282 1152 3337 nutum
1176 3276 1263 3338 iilius
1285 3277 1439 3339 intuentis
1462 3276 1630 3358 diligenter
1652 3275 1744 3338 mini·

408 3381 519 3436 strare.
557 3367 608 3431 60.
630 3369 771 3431 Aderant
792 3379 967 3451 unguenta,
994 3388 1152 3444 coronae3
1184 3369 1436 3433 incendebantur
1458 3369 1585 3443 odores,
1615 3388 1743 3432 mensae

407 3462 686 3547 conquisitissimis
709 3462 812 3545 epulis
835 3462 1078 3525 astruebantur:
1103 3463 1282 3525 fortunatus
1304 3463 1365 3525 sibi
1388 3464 1551 3527 Damocles
1567 3460 1741 3525 videbatur.

408 3560 444 3622 ln
466 3558 527 3620 boc
551 3555 656 3619 medio
678 3563 835 3638 apparatu
858 3555 1030 3637 fulgentem
1047 3557 1187 3639 gladium
1203 3576 1221 3619 c
1237 3557 1377 3620 lacunari
1401 3565 1488 3620 saeta
1503 3556 1620 3640 equina
1634 3564 1742 3637 aptum

408 3650 531 3717 demitti
554 3649 661 3722 iussit,
684 3658 717 3711 ut
740 3649 937 3731 impenderet
959 3650 1044 3713 illius
1068 3652 1150 3713 beati
1174 3649 1361 3714 cervicibus.
1394 3652 1503 3734 ltaque
1520 3670 1578 3713 nec
1592 3646 1781 3733 pulchrostt

407 3747 479 3811 illos
502 3742 734 3806 ministratores
755 3743 930 3825 aspiciebat
952 3764 1010 3807 nec
1033 3745 1162 3828 plenum
1176 3746 1254 3807 artis
1271 3753 1435 3827 argentum
1453 3765 1510 3808 nec
1526 3763 1652 3808 manum
1669 3759 1741 3823 por·

407 3842 529 3923 rigebat
552 3836 585 3900 in
607 3857 764 3911 mensam,
792 3839 852 3900 iam
876 3837 963 3920 ipsae
986 3839 1167 3902 defluebant
1188 3857 1345 3912 coronae3
1369 3839 1508 3922 denique
1530 3837 1675 3901 exoravit
1695 3844 1743 3919 ty·

407 3954 557 4004 rannum,
589 3941 623 3994 ut
645 3931 733 3994 abire
755 3932 878 4003 liceret,
907 3931 994 4013 qnod
1019 3932 1082 3995 iarn
1106 3934 1214 3996 beatus
1239 3934 1338 3998 nollet
1359 3953 1438 3996 esse.
1473 3934 1597 3996 Satisne
1620 3931 1745 3993 videtur

409 4027 587 4091 declarasse
609 4025 781 4109 Dionysius
803 4025 883 4087 nibil
905 4045 976 4088 esse
999 4026 1027 4087 ei
1050 4023 1194 4097 beatum,
1222 4027 1272 4089 cui
1296 4046 1421 4109 semper
1442 4026 1540 4109 aliqui
1563 4035 1664 4089 terror
1687 4024 1744 4085 im·

407 4122 565 4208 pendeat?
589 4123 691 4201 Atque
716 4121 745 4183 ei
768 4121 987 4201 neintegrum
1004 4120 1132 4200 quidem
1156 4130 1241 4191 erat,
1265 4130 1299 4182 ut
1321 4121 1360 4183 ad
1383 4120 1534 4184 iustitiam
1551 4120 1782 4199 remigraretto

409 4217 527 4278 civibus
558 4210 735 4276 libertatem
766 4222 796 4276 et
825 4215 893 4276 iura
924 4213 1090 4286 redderet3
1126 4215 1165 4276 iis
1191 4216 1278 4277 enim
1310 4235 1344 4277 se
1367 4214 1555 4276 adulescens
1578 4211 1742 4294 inprovida

408 4318 510 4373 aetate
533 4308 697 4368 inretierat
719 4309 829 4369 erratis
852 4327 954 4389 eaque
977 4310 1192 4381 commiserat,
1217 4318 1251 4370 ot
1274 4309 1381 4371 salvus
1404 4328 1474 4370 esse
1496 4327 1559 4369 non
1577 4313 1694 4388 posset,
1717 4304 1743 4367 si

410 4423 505 4466 sanus
528 4421 599 4463 esse
621 4401 789 4481 coepisset

493 4495 597 4558 xxii.
620 4491 671 4553 63.
696 4493 821 4567 Quanto
845 4513 942 4574 opere
968 4515 1041 4556 vero
1064 4496 1220 4557 amicitias
1240 4496 1452 4569 desideraret,
1476 4514 1609 4579 quarum
1632 4493 1744 4558 inlide-

410 4591 529 4654 litatem
553 4587 795 4659 extimescebat,
820 4588 993 4651 declaravit
1016 4589 1047 4650 iu
1065 4589 1261 4671 Pythagoriis
1277 4589 1401 4652 dnobus
1417 4590 1497 4662 illis,
1520 4608 1656 4671 quorum
1673 4598 1781 4650 cunata

409 4684 541 4746 alterum
559 4682 670 4743 vadem
696 4683 804 4742 mortis
820 4682 1008 4763 accepisset,
1031 4682 1122 4753 alter,
1147 4693 1181 4744 ut
1197 4682 1308 4744 vadem
1325 4702 1415 4744 suum
1434 4680 1594 4754 liberaret,
1619 4690 1743 4763 praesto

408 4776 519 4839 fuisset
540 4775 580 4837 ad
603 4774 713 4836 boram
736 4776 845 4837 mortis
862 4776 1061 4849 destinatam,
1088 4777 1229 4839 «Utinam
1246 4796 1337 4857 egon,
1360 4777 1480 4860 inquit,
1506 4779 1637 4840 «tertius
1654 4776 1743 4839 robis

411 4870 531 4932 amicus
553 4868 751 4931 adscriberet
765 4871 798 4930 la
826 4869 928 4944 Quem
951 4869 1026 4931 buic
1049 4880 1116 4933 erat
1135 4871 1283 4934 miserum
1300 4891 1407 4934 carere
1423 4872 1651 4935 consuetudine
1666 4872 1743 4934 ami·

408 4983 530 5036 corum,
559 4962 711 5024 societate
741 4963 859 5033 victus,
892 4970 1038 5026 sermone
1067 4966 1198 5027 omnino
1221 4965 1383 5038 familiari,
1414 4966 1534 5028 bomini
1558 4964 1742 5048 praesertim

408 5057 501 5119 docto
524 5076 542 5118 a
561 5074 661 5139 puero
679 5064 710 5118 ct
725 5056 844 5119 artibus
860 5057 1007 5138 ingenuis
1023 5059 1170 5121 eruditol
1196 5060 1388 5121 Musicorum
1405 5078 1480 5122 vero
1497 5059 1781 5143 perstudiosumto

408 5158 531 5233 poetam
555 5150 650 5212 etiam
674 5151 827 5232 tragicum
844 5171 994 5235 -quam
1018 5152 1154 5224 bonurn,
1178 5153 1254 5216 nihii
1278 5153 1317 5216 ad
1342 5173 1425 5227 rem;
1448 5155 1480 5217 in
1503 5154 1562 5217 boc
1583 5155 1667 5216 enim
1690 5172 1743 5235 ge-

408 5265 482 5307 nere
505 5245 611 5307 nescio
634 5265 698 5327 quo
730 5254 821 5327 pacto
844 5246 943 5328 magis
966 5265 1061 5328 quam
1086 5249 1117 5308 in
1141 5246 1211 5308 aliis
1235 5268 1327 5311 suum
1350 5247 1464 5331 cuique
1488 5248 1654 5330 pulchrum
1678 5254 1742 5319 est;

473 5495 496 5543 3.
515 5500 592 5554 atque
607 5495 645 5543 itis
661 5497 681 5543 G
701 5521 727 5530 -
748 5496 787 5543 42.
806 5496 929 5544 indicavit
947 5495 1012 5544 0-
1029 5495 1069 5544 te.
1089 5508 1146 5543 cuns
1164 5508 1217 5545 om.
1236 5493 1265 5544 G¹
1281 5523 1308 5532 —
1328 5495 1368 5546 tt.
1387 5509 1454 5558 opes,
1474 5497 1545 5559 quod
1559 5496 1742 5547 membrorum

409 5571 615 5619 concinnitatem
627 5569 725 5625 turbet,
739 5569 791 5620 del.
804 5570 961 5632 seyliertos.
974 5596 999 5606 -
1015 5573 1054 5620 ts.
1068 5576 1237 5633 ncqnuretque
1252 5571 1272 5619 G
1288 5596 1313 5606 —
1329 5571 1369 5620 46.
1383 5572 1471 5635 inquid
1482 5574 1525 5626 G¹;
1538 5586 1591 5620 cm.
1605 5566 1632 5617 li¹
1644 5597 1670 5606 -
1684 5572 1744 5619 tace

408 5650 432 5693 ts
447 5645 468 5694 0
482 5671 508 5680 -
528 5646 569 5694 tt.
588 5658 644 5693 cam
662 5643 789 5694 lilotzins:
809 5646 895 5694 cudens
912 5647 948 5702 C;
967 5647 1070 5694 6666646
1088 5645 1116 5694 0.
1137 5644 1170 5696 64
1192 5644 1224 5693 lV
1243 5643 1257 5707 8
1276 5646 1299 5694 b.
1316 5671 1340 5681 -
1361 5645 1402 5695 23.
1422 5646 1518 5708 cepistis
1535 5647 1582 5693 Gli
1599 5671 1624 5681 -
1639 5642 1679 5694 st.
1691 5644 1743 5705 fut·

409 5727 550 5783 qsntem-·
563 5728 614 5771 seia
630 5724 688 5783 equi
705 5727 792 5780 aptum
811 5722 902 5771 dimitte
918 5723 988 5771 iussit
1006 5722 1105 5771 Nonius
1124 5734 1150 5784 p.
1164 5722 1220 5770 405.
1243 5747 1268 5757 -
1292 5725 1362 5769 sucta
1379 5722 1450 5770 G²liz
1469 5727 1527 5769 aeta
1544 5722 1586 5773 0¹:
1605 5719 1694 5768 seto0
1714 5745 1740 5756 ·-

409 5799 450 5846 id.
463 5799 554 5847 64664444
571 5800 590 5847 44
606 5824 630 5832 -
651 5798 692 5846 40.
706 5797 834 5858 duoniss'sss
846 5797 895 5845 Gli
911 5822 937 5834 -
956 5798 1038 5858 ntiqui
1055 5802 1138 5845 terror
1155 5797 1187 5845 B:
1207 5797 1303 5856 aliquid
1314 5808 1386 5845 error
1398 5796 1445 5845 Gli
1460 5820 1486 5830 -
1501 5794 1541 5844 34.
1554 5794 1591 5842 lta
1602 5795 1699 5843 enimc
1714 5820 1740 5831 -

410 5870 451 5921 3¹.
468 5875 601 5922 comiserat
619 5874 677 5921 is-
698 5872 738 5922 ei.
754 5873 912 5933 Quantopere
924 5872 944 5921 C
964 5897 990 5908 -·
1010 5871 1051 5920 st.
1065 5871 1257 5935 annaqcrcuo
1273 5898 1299 5907 -
1319 5870 1359 5919 36.
1377 5872 1443 5920 uude
1458 5871 1546 5919 mortis
1557 5870 1606 5918 Gli
1621 5895 1648 5906 -
1667 5869 1741 5925 ulter,

410 5945 446 6010 st]
464 5948 602 5998 64466666
617 5973 644 5983 -
663 5947 704 5997 st.
723 5946 812 5996 mortis
829 5945 861 5995 C:
879 5947 955 5996 morti
971 5945 1022 5997 alti.
1038 5972 1065 5983 -
1079 5946 1121 5998 40.
1135 5948 1239 6011 maeatis
1256 5948 1275 5997 li
1290 5974 1317 5983 -
1334 5946 1555 6006 annemundi,
1572 5943 1696 5994 museum
1711 5944 1739 5997 Β.
