4342 7459
940 1260 1201 1327 FRAGMENTA.
1672 1262 1736 1328 9445

485 1419 589 1506 [Huius
606 1425 757 1481 multorum
775 1422 922 1479 calumniis
939 1425 1034 1479 444444
1051 1423 1109 1479 ciri
1127 1423 1225 1493 filium,
1246 1422 1360 1487 iudices,
1381 1439 1454 1481 nune
1470 1426 1561 1480 4444444
1580 1431 1662 1496 atque
1681 1425 1736 1479 ini·

408 1523 475 1578 miei
492 1521 676 1593 ianominioso
695 1520 908 1589 repetundorum
926 1519 1030 1573 iudicia
1052 1519 1218 1588 pertundere
1236 1517 1341 1574 uolunt.
1386 1519 1454 1575 Eius
1481 1536 1594 1576 44444444
1613 1526 1644 1574 ut
1663 1520 1736 1575 reci·

407 1633 508 1688 444444,
530 1616 580 1671 404
599 1615 749 1670 clarissimi
767 1615 857 1685 patris
876 1616 1025 1670 memoriae
1043 1614 1139 1669 dehere
1159 1630 1202 1668 nse
1219 1608 1401 1695 4444444444]

482 1726 511 1785 4.
540 1742 569 1784 a.
590 1725 658 1785 Nou
678 1724 759 1784 enim
780 1732 899 1785 tantum
920 1722 1092 1784 admiratus
1114 1742 1182 1784 sum
1202 1741 1260 1802 ego
1278 1723 1363 1784 iilum
1383 1725 1492 1802 virum,
1515 1726 1596 1786 sicut
1615 1741 1735 1801 omnes,

408 1818 465 1881 sed
486 1819 579 1880 etiam
598 1819 767 1898 praecipue
788 1815 893 1877 dilexi.
941 1817 1062 1877 Primus
1083 1816 1165 1877 enim
1186 1834 1237 1877 me
1256 1817 1438 1895 flagrantem
1462 1816 1565 1879 studio
1586 1817 1687 1879 laudis
1706 1819 1761 1878 int

408 1930 496 1992 spem
515 1911 653 1993 impulit,
684 1928 779 1991 posse
802 1911 948 1971 virtutem
974 1911 1041 1970 sine
1060 1908 1217 1988 praesidio
1244 1910 1404 1989 fortunae,
1430 1929 1492 1991 quo
1511 1910 1736 1985 contendisset,

408 2007 516 2069 labore
535 2014 567 2066 et
586 2005 758 2066 constantia
780 2005 952 2085 pervenire⁴

482 2119 510 2179 4.
541 2117 574 2178 b.
597 2117 636 2178 Et
655 2117 801 2197 quoniam
822 2125 968 2195 congesta
993 2116 1048 2177 luit
1072 2116 1228 2178 accusatio
1255 2117 1353 2195 magis
1379 2135 1491 2179 acervo
1517 2115 1653 2197 quodam
1676 2116 1738 2178 cri·

409 2215 537 2283 minum,
560 2231 623 2273 non
644 2211 841 2272 distinctione
862 2209 966 2290 aliqua
986 2228 1136 2289 generum
1152 2219 1183 2271 et
1196 2212 1360 2273 varietate:
1382 2212 1643 2289 (Severianus
1663 2229 1739 2291 syn·

409 2315 483 2368 torn.
505 2306 583 2367 rhet.
605 2326 637 2386 p.
662 2307 727 2366 334.
749 2305 798 2367 ed.
821 2308 931 2387 capp.)
956 2303 1013 2389 [his
1035 2311 1061 2365 ss·
1081 2306 1227 2368 universe
1249 2306 1457 2386 (Charisius
1480 2307 1516 2383 11,
1538 2325 1570 2387 p.
1595 2308 1658 2370 198.
1686 2305 1777 2367 edio

409 2401 544 2479 Putsch.)
574 2410 665 2476 potius
694 2422 777 2476 quam
807 2407 975 2477 argumentis
1003 2407 1041 2461 ud
1065 2406 1175 2477 singula
1202 2407 1380 2478 respondero,
1409 2406 1507 2461 uidear
1532 2421 1632 2461 causae
1659 2410 1740 2474 atque

409 2501 500 2571 oshcio
519 2515 577 2553 meo
597 2502 665 2554 satis
685 2501 788 2569 secisse.
839 2497 1027 2555 Nihilominus
1055 2507 1146 2555 tamen
1169 2507 1254 2555 totam
1281 2516 1409 2569 causam,
1434 2501 1554 2567 iudices,
1577 2499 1741 2570 explicemus

409 2601 490 2665 atoue
514 2600 577 2649 ante
597 2594 689 2650 oculos
713 2595 866 2664 sepositam
892 2594 1101 2649 consideremus.
1147 2593 1192 2649 144
1219 2595 1352 2664 4444144444
1371 2602 1396 2650 44
1416 2594 1515 2665 quihus
1539 2594 1671 2649 derebus
1691 2607 1740 2647 nos

409 2689 498 2744 dicere
518 2694 650 2759 oporteat,
674 2696 698 2743 44
721 2690 788 2758 quid
805 2704 854 2743 nos
871 2689 949 2758 sequi
966 2691 1120 2752 conveniat,
1146 2682 1325 2769 intelligetis]

484 2797 511 2857 4.
534 2815 562 2858 4.
592 2797 751 2859 Bostarem
771 2796 863 2876 igitur
883 2794 1042 2875 quendam
1062 2797 1233 2859 Norensem
1253 2798 1420 2877 lugientem
1436 2816 1453 2857 e
1468 2795 1611 2859 Sardinia
1631 2796 1739 2859 Scauri
1750 2805 1778 2851 tt

410 2888 589 2951 adventum.
631 2889 890 2965 (Severianus
919 2897 1051 2968 syntom.
1075 2891 1153 2951 rhet.
1173 2910 1204 2971 p.
1228 2894 1294 2954 337.
1315 2892 1431 2972 Capp.)
1480 2887 1622 2975 [Triarius
1646 2892 1741 2949 444444·

409 2995 494 3042 natur
513 2988 594 3043 huius
616 2987 763 3042 malitiosis
784 2987 929 3042 4444444444
949 3005 962 3041 4
980 2989 1049 3060 suga
1070 2995 1226 3044 reuocatum
1245 2996 1326 3061 atque
1345 2990 1477 3061 hospitali
1496 3006 1605 3045 mensae
1626 2990 1741 3044 adhibi-

410 3088 468 3137 tum
487 3098 588 3137 ceneno
607 3082 642 3136 ah
656 3082 760 3153 hospite
779 3088 905 3137 necatum
924 3098 978 3137 esse
998 3075 1033 3161 et]
1057 3077 1145 3158 prius
1165 3077 1250 3140 illum
1271 3078 1438 3161 sepultum,
1460 3099 1553 3160 quatu
1573 3079 1645 3140 huic
1665 3097 1740 3140 coe-

409 3190 481 3234 nam
500 3170 664 3233 subiatam.
707 3172 971 3246 (Severianus
992 3191 1021 3252 p.
1045 3174 1110 3232 337.
1134 3172 1249 3253 capp.)

485 3269 513 3328 4.
536 3264 567 3325 d.
602 3266 692 3343 [Quae
715 3270 811 3323 444444
837 3270 896 3323 dati
924 3270 1056 3340 suspicio,
1085 3271 1204 3333 iudices,
1229 3272 1350 3341 primum
1369 3287 1453 3341 44444
1482 3270 1547 3327 levis
1572 3273 1624 3335 sit,
1647 3271 1778 3325 stalimto

410 3364 565 3435 apparebit,
589 3365 614 3418 si
634 3364 807 3419 considerare
825 3363 975 3425 uolueritis,
992 3380 1027 3419 44
1038 3364 1137 3435 quihus
1156 3366 1246 3419 causis
1260 3380 1333 3420 mors
1352 3381 1431 3435 saepe
1450 3367 1556 3421 eveniat
1568 3356 1737 3448 repentina]

425 3473 440 3508 Ι
554 3472 569 3507 1
682 3471 699 3507 ἢ
813 3471 825 3499 ⁸
938 3471 954 3506 ἦ
1066 3473 1082 3506 1
1194 3472 1211 3507 i
1324 3473 1340 3507 ἔ
1452 3474 1469 3507 fl
1580 3475 1596 3510 ξ
1710 3474 1727 3508 ἢ

487 3554 516 3609 4.
538 3565 566 3607 4.
601 3542 647 3630 [14
666 3567 700 3605 44
719 3548 840 3606 Scaurus
858 3551 972 3619 fortuna
990 3559 1051 3607 erat
1069 3553 1239 3616 constitutus,
1261 3558 1291 3608 ut
1310 3567 1366 3607 non
1382 3553 1463 3606 modo
1479 3569 1544 3608 suus
1561 3555 1740 3624 possessiones

411 3645 546 3715 facillime
564 3650 702 3714 retineret,
723 3646 919 3700 verumetiam
937 3662 1010 3701 noca
1028 3654 1117 3717 posset
1137 3648 1279 3718 acquirere
1296 3638 1399 3724 potius]
1431 3646 1518 3720 hono,
1539 3661 1632 3723 quam
1657 3641 1741 3724 quod

412 3735 549 3798 habebat
569 3738 690 3796 ueniret.
737 3735 894 3815 Agedum,
916 3755 973 3815 ego
993 3736 1116 3798 delendi
1138 3739 1305 3815 Scaurum,
1324 3737 1440 3813 Triari,
1462 3738 1595 3799 deiende
1616 3746 1651 3799 tu
1672 3749 1779 3797 ma-nt

414 3840 491 3892 trem
513 3833 663 3907 [Bostaris,
685 3851 769 3906 quam
788 3836 877 3906 ipsam
898 3851 986 3907 arcuo
1005 3836 1068 3890 huic
1088 3836 1185 3907 culpae
1203 3853 1258 3892 esse
1278 3828 1411 3916 astinem]
1454 3829 1560 3908 (Cod.
1582 3830 1741 3894 Ambro-

412 3925 577 3999 sianus.)

490 4017 630 4105 [1144444444
648 4025 732 4078 etiam
751 4023 837 4092 titud,
860 4025 933 4094 quod
951 4015 1071 4101 nicetas]
1098 4028 1127 4079 te
1148 4028 1300 4098 metuere,
1320 4038 1358 4080 ne
1379 4039 1441 4081 non
1463 4018 1613 4082 solvendo
1634 4019 1739 4093 luisse,

412 4114 494 4176 bona
516 4113 651 4195 denique
672 4131 745 4175 reus
766 4132 801 4174 ne
815 4119 931 4171 retinere
948 4113 1080 4189 notuisse,
1103 4131 1180 4192 quae
1200 4114 1372 4193 proscripta
1394 4123 1506 4191 essent,
1530 4114 1591 4175 nisi
1613 4110 1742 4196 [Bostare

413 4215 540 4268 intestato
561 4217 668 4266 mortuo
689 4213 729 4266 sic
747 4212 842 4282 egisset
868 4226 929 4265 eam
949 4226 1022 4278 rem,
1049 4212 1132 4281 quasi
1160 4213 1198 4265 ad
1224 4213 1313 4281 ipsum
1337 4213 1473 4265 hereditas
1494 4213 1654 4281 pertineret,
1677 4220 1779 4267 444430

413 4309 480 4362 4444
501 4309 563 4378 ipso
582 4308 608 4361 44
626 4322 710 4361 causo
729 4303 872 4359 Bostarem
890 4320 989 4359 ueneno
1008 4305 1126 4358 necandi
1144 4297 1406 4384 [assentimur]
1449 4298 1553 4373 (Cod.
1575 4299 1741 4362 Ambro-

414 4398 578 4474 sianus.)

488 4494 515 4553 4.
538 4492 557 4551 4.
591 4490 622 4552 Si
648 4490 784 4569 denique
815 4488 846 4548 in
877 4486 927 4548 ilia
958 4487 1039 4548 bona
1069 4486 1218 4550 invadere
1245 4487 1328 4549 nulio
1358 4486 1450 4548 modo
1485 4488 1653 4570 potuisset,
1682 4489 1740 4550 nisi

414 4596 534 4649 mortuo
555 4588 693 4646 Bostare.
734 4583 969 4657 (Arusianus
989 4582 1154 4643 Messius
1175 4601 1205 4663 p.
1228 4584 1293 4645 243.
1315 4581 1414 4661 Lind.)

489 4702 517 4763 5.
549 4700 592 4769 Si,
614 4695 807 4759 mehercule!
835 4695 968 4771 iudices,
996 4714 1052 4775 pro
1077 4697 1110 4756 t.
1133 4695 1253 4758 Tubulo
1280 4695 1434 4772 dicerem,
1462 4714 1554 4775 quem
1582 4715 1675 4757 uuum
1702 4708 1779 4756 exse

414 4795 496 4854 omni
517 4792 665 4853 memoria
694 4788 968 4852 sceleratissimum
989 4800 1020 4850 et
1039 4789 1280 4852 audacissimum
1300 4790 1395 4851 luisse
1416 4792 1609 4868 accepimus:
1638 4799 1740 4851 tamen

416 4906 476 4948 non
498 4889 655 4962 timerem,
686 4902 839 4945 venenum
861 4884 972 4963 hospiti
999 4893 1052 4946 aut
1076 4887 1226 4946 convivae
1253 4885 1278 4945 si
1300 4881 1457 4946 diceretur
1481 4885 1603 4947 cenanti
1629 4885 1669 4947 ab
1689 4884 1741 4945 iilo

415 4979 532 5055 datum,
554 4980 602 5041 cui
623 4996 726 5058 neque
747 4979 838 5040 heres
858 4994 961 5056 neque
981 4979 1078 5040 iratus
1098 4978 1217 5057 suisset,
1240 4974 1345 5061 [necui
1361 4982 1411 5038 hor
1430 4984 1559 5039 creditite
1578 4976 1738 5062 clametur]

415 5073 651 5150 (Asconius.)

489 5171 516 5231 6.
551 5164 648 5249 [Venio
668 5173 727 5227 iam
747 5173 785 5226 ad
804 5172 907 5227 crimen
932 5172 1145 5227 incontinentiae
1171 5174 1450 5245 intemperantiaeque
1476 5174 1640 5237 libidinum,
1665 5175 1779 5230 4444440

415 5272 510 5321 notam
529 5273 673 5320 accusator
694 5264 799 5322 Scauro
822 5268 931 5336 eiusque
951 5267 1044 5334 [amos
1064 5266 1173 5321 inurere
1192 5266 1289 5322 voluit.
1311 5296 1345 5309 -
1365 5266 1511 5340 coniugem
1530 5284 1620 5335 44444,
1640 5269 1739 5338 inquit,

415 5376 498 5431 quam
519 5362 576 5431 ipse
594 5360 718 5431 amahat,
739 5362 818 5413 istius
838 5362 963 5414 incensae
982 5359 1094 5414 lihidini
1119 5367 1199 5431 utque
1219 5362 1366 5431 effrenatae
1386 5354 1545 5439 cupiditati]
1575 5376 1644 5417 cum
1666 5356 1742 5417 dare

416 5449 511 5511 nollet
523 5451 604 5527 Aris,
619 5448 698 5533 ciam
713 5466 752 5509 ex
767 5447 908 5510 Sardinia
929 5456 978 5509 est
996 5449 1102 5528 lugere
1124 5458 1261 5511 coactus.
1302 5451 1550 5525 (Priscianus
1569 5468 1599 5531 p.
1616 5452 1682 5511 689.
1698 5451 1741 5527 Ρ.)

415 5549 442 5606 7.
473 5542 594 5628 [Scilicet
616 5549 712 5603 relicta
730 5547 789 5603 44144
811 5564 897 5603 ucors
916 5549 972 5619 ipss
987 5549 1055 5619 supa
1073 5548 1128 5602 sihi
1141 5549 1292 5612 consuluit,
1316 5551 1543 5620 quemadmodum
1561 5557 1691 5612 castores,
1712 5555 1743 5603 ut

482 5794 505 5842 6.
532 5791 710 5841 contendissem
728 5792 759 5841 u.
780 5793 808 5842 P.
837 5815 862 5827 -
892 5791 933 5840 40.
957 5790 1026 5851 Quae
1048 5789 1137 5839 ueneni
1163 5789 1226 5854 ete]
1262 5790 1315 5841 Cir.
1340 5790 1458 5842 Martiani
1484 5788 1607 5854 Capellae
1634 5790 1740 5843 Rhetor.

416 5882 442 5933 p.
461 5867 519 5918 444.
540 5868 622 5930 capp.
642 5891 669 5901 -
689 5865 730 5917 38.
754 5865 804 5930 cass]
821 5878 895 5928 quma
912 5863 979 5914 niter
995 5864 1055 5916 cod.
1073 5862 1199 5916 Ambrae.
1218 5865 1332 5927 4444441,
1351 5878 1366 5915 4
1384 5866 1516 5929 scriptura
1533 5867 1601 5929 quoi.
