4342 7459
440 1247 503 1314 698
978 1254 1031 1317 DE
1053 1253 1225 1319 osricus

440 1409 510 1475 tuit.
553 1408 604 1475 bl.
632 1413 737 1497 Atque
766 1413 860 1477 etiam
886 1413 948 1476 boc
974 1420 1174 1497 praeceptum
1204 1413 1299 1478 officii
1323 1414 1489 1497 diligenter
1511 1411 1680 1478 tenendum
1702 1420 1762 1491 est,

441 1523 482 1567 ne
512 1526 605 1588 quem
634 1526 784 1590 umquam
811 1508 1010 1570 innocentem
1041 1506 1157 1569 iudicio
1187 1505 1299 1590 eapitis
1330 1527 1488 1583 arcessam
1519 1507 1552 1570 id
1580 1509 1662 1571 eninr
1690 1509 1761 1573 sine

440 1596 560 1660 scelere
588 1600 657 1663 lieri
687 1601 773 1665 nullo
801 1608 894 1685 pacto
923 1608 1037 1684 potest.
1079 1600 1258 1685 Numquid
1282 1602 1640 1665 esttaminbnmanum
1666 1621 1762 1685 quarn

440 1690 654 1774 eloquentiam
676 1714 695 1756 a
718 1705 827 1758 natura
848 1694 888 1757 ad
911 1694 1045 1757 salutem
1068 1694 1232 1757 bominum
1255 1694 1347 1758 etad
1368 1694 1759 1760 conscrvationemdatam

416 1784 478 1848 tad
502 1787 657 1850 bonorum
681 1796 799 1870 pestem
828 1789 1064 1872 perniciemque
1087 1791 1292 1852 converteret
1335 1791 1400 1851 Nec
1421 1798 1543 1863 tamen,
1572 1797 1608 1852 ut
1628 1789 1689 1853 boc
1710 1787 1762 1852 iu·

440 1880 588 1962 giendum
619 1889 683 1957 est,
711 1883 786 1945 item
816 1891 864 1945 est
886 1882 1066 1945 habendum
1089 1882 1236 1963 religioni
1258 1889 1424 1945 nocentem
1447 1881 1635 1966 aliquando,
1664 1882 1760 1947 modo

439 1990 480 2034 ne
502 1970 657 2038 nefarium
680 1976 886 2059 impiumque,
910 1974 1093 2039 defendere.
1139 1975 1213 2038 Vult
1240 1975 1301 2039 boc
1330 1976 1515 2051 multitudo,
1548 1977 1666 2059 patitur
1686 1996 1762 2040 con·

440 2064 592 2143 suetudo,
623 2068 684 2132 tert
716 2070 810 2132 etiam
843 2070 1032 2134 humanitas.
1055 2115 1058 2120 >
1085 2068 1202 2132 Iudicis
1231 2078 1279 2133 est
1305 2089 1430 2152 semper
1459 2070 1491 2131 in
1521 2069 1624 2132 causis
1651 2089 1760 2133 verum

439 2160 544 2243 sequi,
566 2162 691 2246 patroni
713 2183 777 2227 non
800 2183 971 2246 numquam
995 2164 1059 2226 reri
1081 2162 1195 2237 simile,
1217 2163 1310 2226 etiam
1334 2164 1360 2226 si
1384 2164 1487 2225 minus
1508 2164 1550 2225 sit
1571 2182 1691 2237 rerum,
1707 2163 1762 2226 de-

402 2251 584 2329 ⁴⁰iendere,
608 2255 695 2340 quod
718 2255 873 2330 seribere,
897 2256 1081 2339 praesertim
1105 2277 1176 2318 oum
1200 2257 1238 2318 de
1262 2255 1464 2339 philosophia
1487 2255 1673 2331 scriberem,
1695 2276 1761 2321 non

439 2345 608 2421 auderem,
637 2349 698 2411 nisi
727 2349 810 2412 idean
842 2348 980 2433 placeret
1009 2349 1193 2430 gravissimo
1216 2350 1391 2414 Stoicorum
1413 2351 1569 2415 Panaetio.
1614 2353 1761 2415 Maxume

439 2447 545 2503 autem
568 2448 599 2504 et
620 2441 720 2525 gloria
742 2443 862 2527 paritur
883 2450 915 2505 el
935 2445 1035 2524 gratia
1058 2441 1312 2516 defensionibus,
1336 2464 1438 2527 eoque
1460 2444 1570 2517 maior,
1593 2444 1761 2527 siquando

437 2532 552 2596 accidit
579 2544 616 2598 ut
641 2536 670 2598 ei
692 2536 912 2609 subveniatur,
942 2536 997 2619 qui
1021 2537 1157 2619 potentis
1180 2536 1312 2599 alieuius
1335 2536 1447 2621 opibus
1469 2538 1687 2602 circumveniri
1709 2559 1763 2602 un·

438 2626 571 2709 gerique
593 2627 752 2703 videatur,
776 2637 810 2691 ut
830 2649 889 2692 nos
911 2637 944 2692 et
965 2648 1059 2712 saepe
1081 2629 1157 2692 alias
1180 2637 1212 2692 et
1232 2630 1450 2694 adulescentes
1472 2639 1582 2694 contra
1605 2633 1639 2694 L.
1655 2632 1761 2696 Sullae

402 2717 631 2783 *bdominantis
653 2742 731 2804 opes
754 2741 811 2804 pro
834 2723 908 2785 Sex.
930 2723 1043 2786 Roscio
1064 2723 1215 2786 Amerino
1237 2723 1387 2799 lecimus,
1417 2744 1516 2807 quae,
1546 2732 1582 2788 ut
1603 2726 1683 2800 scis,
1705 2744 1762 2789 ex·

441 2819 502 2877 atat
522 2816 631 2878 oratio.

522 2908 590 2970 XV.
620 2905 671 2972 52.
694 2909 757 2972 Sed
780 2910 933 2992 expositis
955 2910 1204 2974 adulescentium
1227 2910 1357 2984 officiis,
1381 2931 1464 2994 quae
1486 2911 1612 2975 valeant
1633 2911 1673 2975 ad
1694 2912 1761 2996 glo·

438 3002 517 3065 riam
539 3000 784 3085 adipiscendam,
806 3003 954 3087 deinceps
977 3003 1017 3068 de
1038 3002 1246 3069 beneficentia
1268 3025 1305 3067 ac
1328 3005 1367 3067 de
1391 3004 1578 3068 liberalitate
1593 3008 1761 3073 dicendum

439 3103 502 3169 est,
533 3096 623 3158 cuius
652 3105 701 3160 est
726 3098 806 3161 ratio
834 3096 963 3180 duplex.
1012 3100 1090 3162 Nam
1119 3108 1174 3161 usit
1201 3118 1296 3183 opera
1321 3098 1457 3180 benigne
1485 3096 1519 3162 fit
1546 3098 1762 3183 indigentibus

345 3212 349 3225 ·
400 3196 493 3252 ”aut
515 3190 656 3273 pecunia.
701 3190 835 3254 Facilior
855 3200 903 3254 est
923 3191 1003 3254 baec
1025 3193 1196 3274 posterior,
1226 3192 1375 3274 locupleti
1398 3193 1598 3275 praesertim,
1628 3193 1684 3256 aed
1706 3194 1762 3257 illa

438 3282 556 3346 lautior
580 3301 618 3345 ac
639 3285 836 3368 splendidior
858 3294 890 3348 et
911 3286 980 3348 viro
1006 3286 1079 3348 torti
1104 3286 1255 3369 claroque
1278 3285 1412 3368 dignior.
1457 3285 1655 3369 Quamquam
1678 3288 1762 3351 enim

439 3376 472 3439 in
502 3385 636 3460 utroque
667 3381 750 3441 inest
777 3379 970 3462 gratificandi
1001 3378 1141 3442 liberalis
1171 3378 1331 3451 voluntas,
1363 3385 1467 3443 tamen
1497 3378 1594 3443 altera
1617 3400 1657 3443 ex
1680 3399 1762 3455 arca,

438 3471 536 3533 ultera
558 3490 598 3533 ex
620 3472 734 3535 virtute
757 3473 967 3556 depromitur,
996 3464 1214 3555 largitioque,'
1233 3492 1314 3554 quae
1337 3469 1370 3534 lit
1391 3492 1432 3535 ex
1454 3491 1489 3534 re
1511 3470 1671 3547 familiari,
1692 3472 1763 3538 ion·

439 3572 503 3628 tem
524 3564 629 3648 ipsum
652 3565 856 3648 benignitatis
880 3567 1036 3629 exhaurit.
1073 3566 1120 3627 lta
1142 3566 1333 3648 benignitate
1356 3566 1534 3648 benignitas
1554 3566 1684 3640 tollitur,
1700 3586 1762 3650 qua

401 3663 504 3741 ’liquo
527 3659 560 3720 in
582 3659 690 3741 plures
712 3681 786 3722 usus
805 3661 858 3733 sis,
881 3680 918 3723 eo
941 3662 1043 3722 minus
1057 3660 1089 3721 in
1106 3660 1221 3721 multos
1237 3661 1283 3722 uti
1299 3660 1413 3741 possis.
1456 3657 1507 3719 53.
1530 3660 1639 3742 Atqui
1655 3679 1762 3743 opera,

438 3751 470 3814 id
492 3760 540 3813 est
561 3754 675 3815 virtute
698 3760 730 3814 et
750 3752 921 3826 industria,
944 3753 1076 3815 benefici
1099 3760 1131 3814 et
1153 3748 1298 3815 liberales
1320 3760 1422 3825 erunt,
1445 3752 1590 3835 primum,
1613 3772 1677 3835 quo
1693 3753 1764 3836 plu·

437 3844 525 3906 ribus
547 3843 741 3928 proluerint,
771 3865 810 3909 eo
842 3846 949 3928 plures
976 3847 1014 3908 ad
1045 3845 1181 3927 benigne
1208 3844 1386 3908 iaciendum
1409 3845 1568 3909 adiutores
1590 3846 1762 3923 habebunt,

439 3936 511 4001 dein
541 3938 768 4001 consuetudine
797 3939 1025 4002 beneticentiae
1054 3939 1228 4021 paratiores
1256 3947 1348 4001 erunt
1375 3946 1406 4001 et
1429 3948 1588 4021 tamquam
1610 3941 1764 4004 exercita-

438 4032 534 4095 tiores
563 4032 603 4094 ad
632 4033 712 4095 bene
741 4032 780 4095 de
803 4033 908 4095 miultis
932 4031 1186 4116 promerendum.
1229 4033 1391 4094 Praeclare
1413 4034 1445 4095 in
1468 4033 1601 4116 epistola
1624 4033 1763 4116 quadam

401 4125 650 4187 ³⁰Alexandrum
681 4126 782 4188 lilium
812 4126 973 4208 Philippus
1007 4134 1154 4198 accusat,
1190 4127 1275 4207 quod
1311 4127 1476 4207 largitione
1509 4127 1762 4189 benevolentiam

438 4217 645 4281 Macedonum
677 4228 884 4282 consectetur.
937 4242 952 4277 u
965 4221 1053 4295 Quae
1076 4229 1123 4291 te,
1154 4220 1313 4281 malumln
1349 4220 1454 4301 inquit
1484 4220 1590 4280 aratio
1613 4220 1646 4280 in
1669 4221 1763 4281 istam

438 4333 525 4393 spem
549 4312 687 4387 induxit,
709 4322 744 4375 ut
767 4335 821 4375 eos
845 4314 900 4375 tibi
924 4312 1032 4375 fideles
1055 4324 1181 4394 putares
1204 4312 1287 4385 iore,
1303 4333 1384 4393 quos
1401 4314 1532 4396 pecunia
1549 4314 1763 4395 corrupisses?

437 4408 485 4467 An
502 4415 535 4468 tu
550 4407 581 4468 id
598 4407 678 4487 agis,
695 4417 728 4468 ut
743 4407 932 4469 Macedones
956 4427 1017 4469 non
1042 4415 1071 4468 te
1096 4426 1199 4487 regem
1222 4427 1324 4479 suum,
1348 4405 1404 4467 sed
1428 4407 1601 4468 ministrum
1625 4415 1656 4467 et
1673 4426 1765 4487 prae·

438 4489 571 4561 bitorem
595 4509 723 4581 sperent
744 4500 851 4562 foret»
898 4505 982 4563 Beue
1008 4499 1209 4562 «ministrum
1234 4506 1264 4559 et
1288 4500 1539 4581 praebitoremo,
1567 4499 1639 4580 quia
1661 4498 1765 4560 sordi·

400 4592 511 4653 andum
535 4594 619 4673 regi,
642 4594 755 4656 melius
778 4595 890 4667 etiam,
921 4594 1005 4676 quod
1030 4594 1228 4674 largitionem
1252 4593 1463 4675 corruptelam
1487 4594 1567 4654 dixit
1590 4611 1670 4654 esse.
1714 4594 1764 4658 Fit

438 4688 521 4748 enim
545 4685 683 4749 deterior
704 4690 756 4771 qui
780 4689 894 4771 accipit
916 4698 1010 4771 atque
1033 4688 1072 4749 ad
1097 4687 1179 4748 idem
1204 4707 1328 4768 semper
1350 4688 1597 4769 exspectandum
1615 4688 1763 4768 paratior.

503 4899 867 4950 commurmurantes
888 4924 914 4933 —
936 4898 961 4947 3.
981 4898 1048 4947 nulla
1063 4900 1150 4961 iterio
1171 4927 1194 4934 —
1218 4906 1269 4949 tam
1287 4911 1368 4948 omo
1388 4924 1414 4933 —
1435 4900 1459 4948 5.
1475 4900 1653 4960 pernitiemque
1670 4900 1714 4950 Be
1733 4927 1762 4937 -

436 4986 480 5021 nec
496 4978 579 5021 tamen
590 5000 603 5010 ·
616 5003 630 5012 -
642 4975 761 5037 religione
772 5001 809 5012 --
820 4974 892 5021 modo
909 4974 1036 5034 nefarium
1053 4976 1212 5037 impiumque,
1232 4976 1372 5033 defenderes
1388 4974 1486 5022 Nonius
1506 4986 1530 5036 p.
1545 4973 1599 5022 438.
1622 5000 1647 5008 -
1668 4973 1691 5022 6.
1704 4975 1765 5023 dem

435 5053 470 5097 est
481 5047 619 5096 babendum
630 5051 745 5110 religioni
756 5076 770 5086 -
779 5076 793 5087 -
804 5051 877 5098 mado
893 5050 1017 5107 nestuiurn
1035 5052 1195 5111 impiumque,
1209 5052 1336 5111 defendere
1352 5050 1452 5098 Nonius
1470 5062 1495 5111 p.
1507 5048 1561 5097 379.
1579 5073 1604 5082 -
1626 5049 1766 5110 aliquanda

435 5128 458 5172 et
475 5123 601 5184 netarium
618 5124 710 5173 llllab
731 5148 756 5158 -
785 5123 809 5171 8.
829 5122 926 5186 Iudicis]
944 5125 1037 5173 tucisb
1059 5152 1083 5158 -
1109 5139 1172 5172 uera
1189 5127 1257 5187 sequi
1275 5127 1294 5174 ll
1314 5151 1340 5159 —
1367 5126 1406 5172 tu.
1427 5129 1511 5172 autem
1527 5123 1583 5184 ipsa
1599 5127 1652 5172 ela
1675 5151 1699 5160 -
1720 5123 1764 5175 tl.

435 5198 513 5258 sgllae
530 5199 583 5254 Bu,
601 5200 726 5257 spticen,
744 5199 804 5257 sglle
821 5211 850 5253 a,
869 5199 939 5247 sillae
957 5200 976 5247 ll
1006 5225 1032 5233 -
1060 5201 1099 5249 l8.
1120 5202 1205 5248 deinde
1223 5202 1252 5247 da
1270 5200 1289 5248 ll
1319 5225 1345 5233 -
1374 5199 1540 5257 beneficientia
1558 5198 1576 5246 C
1596 5195 1712 5258 (ubique)
1735 5225 1762 5235 -

437 5273 476 5322 tt.
494 5274 522 5335 fil
538 5274 564 5320 in
582 5274 736 5337 diligentibus
754 5285 768 5321 o
787 5299 814 5309 -
835 5273 875 5320 20.
887 5276 1009 5334 posterior
1021 5287 1103 5323 orno
1123 5302 1149 5310 -
1170 5276 1210 5323 at.
1225 5289 1255 5323 ac
1273 5288 1316 5322 om
1340 5286 1354 5321 o
1376 5300 1399 5308 -
1420 5279 1442 5321 et
1460 5285 1540 5321 onna
1560 5298 1585 5306 -
1606 5272 1645 5320 23.
1659 5272 1766 5335 largitio

435 5350 593 5409 quaesitae
610 5350 699 5396 --uti
715 5348 794 5408 possis
817 5349 967 5396 Lactantius
986 5350 1048 5398 lust.
1068 5348 1121 5397 div.
1142 5349 1243 5406 vait.
1274 5376 1299 5383 —
1333 5350 1374 5397 ⁶25.
1394 5362 1421 5396 ea
1439 5350 1464 5394 in
1481 5348 1705 5396 minusrnultosa
1734 5375 1763 5385 -

435 5424 475 5473 27.
496 5424 529 5471 ad
545 5424 744 5485 benefaciendum
760 5435 778 5473 e.
797 5451 822 5459 -
849 5424 888 5472 38.
908 5424 963 5472 dein
982 5425 1016 5473 C:
1036 5424 1122 5471 deiude
1139 5435 1153 5473 o
1173 5451 1203 5460 —
1222 5428 1349 5485 partiores
1367 5424 1434 5472 llab
1455 5448 1479 5457 -
1506 5423 1546 5471 29.
1565 5423 1591 5470 iu
1608 5435 1660 5471 om.
1676 5435 1713 5484 cp
1733 5449 1763 5460 -

435 5499 581 5559 epistutall
608 5524 632 5533 -
658 5499 698 5547 at.
719 5500 783 5558 Quid
800 5505 822 5547 te
838 5499 967 5561 malump
991 5524 1017 5533 —
1043 5499 1144 5546 mulae
1166 5525 1190 5533 -
1215 5500 1301 5557 inquid
1320 5500 1337 5546 u
1358 5524 1384 5531 -
1405 5498 1471 5546 ratio
1488 5509 1516 5545 c:
1537 5498 1642 5544 rationis
1658 5496 1764 5557 uttan,

436 5572 484 5623 sed
502 5571 561 5635 syll.
579 5573 659 5621 nisin
678 5574 743 5622 Bab
766 5572 867 5622 deleta:
893 5587 976 5635 onnp
1004 5603 1030 5611 -
1059 5574 1099 5622 33.
1117 5574 1284 5636 praebitorem
1301 5580 1397 5635 sperent
1412 5574 1484 5634 sore?
1501 5572 1564 5620 ltere
1580 5572 1723 5619 ministrum
1741 5577 1767 5621 et

434 5647 609 5710 praebitorern,
627 5648 687 5707 quia
709 5660 761 5709 ap:
786 5649 953 5709 praebitorem
971 5649 1031 5710 quia
1050 5653 1115 5707 (om.
1135 5654 1231 5710 sperent
1243 5674 1279 5683 --
1289 5648 1463 5710 praebitorem)
1482 5647 1569 5700 Bllb;
1594 5645 1767 5706 praebitorem

432 5724 539 5784 putent?
557 5725 618 5781 torn.
637 5731 733 5783 sperent
744 5750 757 5759 -
768 5724 964 5784 -praebitareml
984 5726 1043 5784 quia
1061 5737 1077 5773 a
1105 5750 1130 5758 -
1158 5724 1197 5772 «ll.
1219 5724 1278 5784 quia
1296 5724 1423 5771 sordidum
1441 5724 1473 5772 C:
1494 5734 1543 5785 quo
1562 5720 1621 5782 guid
1636 5719 1767 5771 sordidius

436 5797 486 5845 alii.
507 5821 534 5830 -
554 5796 594 5845 35.
614 5810 664 5847 esse
678 5799 774 5848 dicito
794 5799 991 5860 (mattaratium,
1010 5800 1168 5861 largitionem
1183 5799 1349 5859 corruptelam
1366 5812 1429 5857 esse,
1449 5795 1542 5846 deletis
1559 5796 1625 5857 quod
1642 5797 1669 5843 et
1686 5796 1764 5857 dicit,

436 5872 506 5922 bale
516 5871 644 5922 binemus.
663 5873 696 5923 tx
713 5887 738 5938 p.
750 5873 818 5936 206.)
846 5901 872 5910 -
899 5879 934 5923 est
950 5876 1015 5923 enirn
1031 5875 1139 5923 deterior
1155 5875 1198 5933 qui
1216 5876 1306 5935 accipit
1323 5880 1398 5935 atque
1414 5874 1490 5921 ettam
1506 5872 1540 5921 att
1557 5872 1582 5919 id
1598 5881 1697 5930 reaper
1713 5882 1766 5921 aa·

432 5948 583 6010 pectendum
590 5949 709 6012 paratior
725 5949 823 5999 Nonius
840 5961 867 6015 p.
879 5949 935 6001 bbl.
957 5974 984 5987 ··
1004 5948 1044 5999 36.
1063 5949 1198 6012 accepite.
