4342 7459
754 1245 825 1309 nu.
842 1244 898 1310 nr.
921 1238 1106 1327 §tr-re.
1148 1243 1406 1310 macnnnra.

695 1535 946 1690 Fragmenta
982 1530 1174 1650 librnrnn
1214 1532 1267 1651 de
1303 1530 1474 1690 legibus.

502 1852 532 1916 1.
553 1854 734 1918 Lactantius
756 1853 853 1916 instit
870 1853 933 1915 div.
955 1854 993 1927 V,
1009 1852 1040 1915 8.
1072 1854 1160 1916 Nemo
1180 1861 1280 1915 cadem
1299 1853 1375 1915 moti
1388 1860 1458 1916 eum
1470 1853 1659 1933 ipsrorots'one
1671 1857 1746 1917 recti

416 1970 453 2013 oc
473 1950 552 2011 bosi.
598 1948 684 2026 Quod
704 1949 822 2030 Mem
836 1949 940 2011 Cicero
959 1948 1051 2018 vidm
1072 1949 1229 2028 disputorss
1249 1948 1328 2009 esim
1349 1948 1384 2009 de
1404 1946 1534 2028 legibus:
1562 1945 1652 2009 Sicut
1671 1967 1745 2022 una,

416 2046 531 2126 inquit,
560 2042 737 2125 eademque
758 2051 871 2105 natura
893 2041 1031 2105 mundus
1052 2041 1198 2104 omnibus
1220 2041 1363 2124 partibus
1385 2041 1523 2104 interae
1544 2044 1747 2122 congruenti·

417 2137 476 2200 bus
499 2133 647 2200 cohaeret
669 2155 704 2198 ac
727 2136 849 2210 nititur,
872 2136 919 2197 sic
940 2154 1052 2197 omnes
1073 2134 1220 2198 homines
1239 2135 1325 2197 iuter
1346 2153 1380 2196 se
1403 2142 1514 2197 natura
1536 2133 1659 2197 confusi
1674 2154 1747 2218 pra-

416 2231 513 2294 vitate
535 2230 736 2303 dissentiunt,
758 2249 818 2291 nec
840 2249 874 2291 se
897 2228 1085 2310 intellegunt
1108 2249 1178 2291 esse
1196 2229 1449 2312 consanguineos
1466 2235 1498 2291 et
1513 2229 1672 2292 subiectos
1686 2229 1769 2294 subs

416 2343 512 2388 unam
540 2323 739 2406 eandemque
766 2322 914 2386 tutelam:
953 2321 1040 2407 quod
1067 2323 1095 2385 si
1117 2331 1297 2398 terreretur,
1328 2321 1461 2386 deorum
1485 2322 1627 2405 profecto
1649 2323 1745 2386 vitam

414 2418 562 2482 homiues
583 2418 736 2480 virerent
1584 2416 1587 2425 '

500 2508 531 2574 2.
562 2512 742 2574 Lactantius
764 2512 837 2574 inst.
861 2510 924 2573 div,
946 2510 975 2585 1,
997 2505 1051 2572 20.
1090 2511 1237 2591 Magnum
1261 2510 1364 2572 Cicero
1385 2508 1554 2594 audaxque
1576 2509 1744 2574 consilium

416 2606 596 2688 suscepisse
627 2604 792 2669 Graeciam
822 2604 916 2679 dicit,
944 2604 1029 2687 quod
1062 2603 1250 2687 Cupidinum
1281 2610 1312 2666 et
1333 2605 1484 2667 Amorum
1514 2604 1683 2669 simulacra
1710 2604 1745 2668 in

415 2697 586 2784 gymnasiis
615 2706 852 2774 consecrasset;
887 2699 1027 2761 muetos
1055 2708 1098 2761 esf
1125 2698 1259 2760 videficet
1286 2696 1385 2759 Attico
1417 2707 1444 2759 et
1470 2699 1572 2761 irrisit
1596 2699 1743 2763 bominem
1754 2710 1782 2758 to

413 2795 608 2875 [umidiorem.

501 2885 532 2951 3.
554 2888 735 2950 Lactantius
757 2888 831 2951 inst.
848 2888 910 2950 div.
933 2888 993 2960 ΙΙΙ,
1008 2883 1059 2948 19.
1091 2885 1209 2958 Atilii,
1231 2886 1283 2967 pus'
1303 2886 1338 2947 de
1360 2888 1467 2948 nsortis
1487 2886 1561 2948 bono
1581 2887 1743 2969 disputent,

414 2983 458 3044 sic
479 2990 747 3063 argumentantur:
779 2983 807 3043 si
828 2982 905 3043 ertit
926 2991 968 3044 est
983 2989 1053 3061 post
1074 2990 1215 3052 mortem,
1237 2998 1298 3041 cort
1319 2989 1361 3042 est
1381 2980 1495 3042 motum
1516 2999 1615 3051 mers,·
1645 2981 1745 3065 oussrf

414 3077 493 3138 esim
513 3094 633 3136 sensum
653 3076 737 3138 neoti.
769 3076 804 3137 Si
825 3084 924 3136 cutem
944 3083 1103 3155 supersunt
1124 3075 1254 3146 animae,
1278 3084 1320 3136 est
1341 3075 1431 3136 etiam
1451 3074 1570 3148 bonum,
1594 3076 1666 3155 puio
1687 3076 1744 3137 im·

414 3168 584 3231 mortalitas
605 3171 750 3250 sequitur.
788 3169 887 3245 Ουαηι
907 3171 1082 3231 senteutiam
1098 3169 1200 3230 Cicero
1221 3167 1256 3228 de
1271 3168 1382 3245 tegibus
1402 3170 1447 3230 sic
1468 3166 1645 3249 eaptisoos't:
1668 3169 1743 3232 Gra·
1754 3180 1782 3226 ts

414 3262 614 3344 tulemurque
638 3263 739 3337 nobis,
761 3262 913 3347 quoniam
936 3282 1020 3326 mors
1041 3269 1096 3324 aut
1118 3261 1280 3324 meliorem
1305 3281 1398 3344 quam
1422 3262 1476 3345 qui
1498 3270 1545 3325 est
1564 3264 1596 3326 in
1612 3264 1675 3327 rita
1689 3270 1745 3326 aut

415 3364 499 3419 certe
530 3375 594 3419 non
628 3355 814 3419 deteriorem
844 3354 987 3418 adlatura
1014 3363 1063 3418 est
1090 3362 1226 3429 statum3
1265 3373 1337 3417 nam
1370 3356 1439 3418 sine
1473 3375 1606 3439 corpore
1638 3357 1743 3421 auimo

415 3450 544 3531 vigente
566 3449 674 3513 divina
697 3451 762 3513 vita
784 3459 848 3525 est,
871 3469 966 3512 sensu
988 3456 1115 3513 carente
1138 3447 1216 3510 nibil
1239 3448 1383 3530 profecto
1407 3457 1454 3512 est
1477 3451 1560 3513 mati.

502 3539 533 3607 Ι.
555 3545 750 3626 Augustinus
773 3544 813 3607 de
827 3545 888 3608 civ.
904 3543 955 3606 dei
977 3543 1064 3615 XXI,
1080 3536 1131 3603 11.
1176 3541 1255 3605 Octo
1277 3562 1392 3625 genera
1415 3564 1589 3627 poenarum
1612 3545 1645 3608 in
1666 3543 1744 3626 legi·

413 3638 472 3701 bus
488 3658 558 3702 esse
572 3638 677 3700 suffit
693 3640 818 3712 Tattius,
834 3638 994 3709 damnum,
1016 3635 1153 3707 vincula,
1176 3635 1314 3709 verbera,
1337 3636 1504 3712 tationem,
1527 3637 1782 3719 ignominiam„

415 3732 557 3806 exitium,
580 3741 724 3806 mortem,
747 3733 941 3796 servitutem.
964 3727 1090 3811 (Eodem
1104 3730 1193 3792 verbo
1206 3731 1250 3792 sic
1263 3731 1351 3812 offert
1364 3731 1501 3794 isidorus
1518 3732 1622 3814 Origo.
1638 3732 1676 3805 V,
1687 3726 1743 3792 27:

416 3823 497 3888 Octo
520 3844 635 3909 genera
659 3846 834 3908 poenarum
862 3827 895 3888 in
917 3825 1040 3907 legibus
1062 3824 1217 3887 contineri
1241 3825 1357 3887 Tattius
1377 3826 1512 3907 scripsit,
1540 3825 1687 3890 damuum
1701 3858 1744 3872 -·

414 3919 597 3982 servitutem
626 3927 659 3983 et
686 3928 830 3983 mortem.
881 3921 940 3982 His
967 3938 1095 4000 nomque
1116 3919 1222 3998 poenis
1247 3918 1419 3981 vindicatur
1438 3939 1523 3983 omne
1538 3931 1744 4003 perpetratum

406 4011 584 4093 peccatore.)

498 4103 528 4166 5.
559 4106 688 4170 Servius
711 4105 750 4170 ad
774 4107 868 4187 Verg.
886 4107 964 4167 Aen.
987 4106 1025 4179 V,
1040 4100 1092 4166 16.
1135 4105 1239 4167 Cicero
1259 4107 1304 4167 ot‘f
1325 4108 1359 4169 s‘rs
1380 4107 1466 4169 fibris
1487 4108 1600 4189 legum:
1623 4107 1782 4191 Stipemss

414 4198 584 4281 probibeo;
621 4219 693 4263 nam
724 4205 819 4283 auget
847 4198 1104 4281 superstitionem
1134 4206 1166 4261 et
1193 4200 1340 4263 exhaurit
1361 4199 1489 4264 domos:
1522 4200 1627 4284 dignis
1648 4201 1744 4283 igitur

413 4291 611 4375 largiendum
635 4301 693 4355 est.

496 4382 527 4449 6.
556 4387 736 4450 Macrobius
765 4385 805 4448 de
833 4385 1020 4449 differentiis
1048 4392 1080 4449 et
1107 4386 1308 4451 societatibus
1331 4388 1442 4453 Graeci
1464 4387 1632 4472 Latinique
1654 4388 1743 4451 verbi

414 4474 464 4555 17,
479 4475 509 4542 6.
543 4479 653 4544 Graeci
674 4481 708 4542 in
728 4480 916 4542 coniumtivo
938 4480 1024 4542 rrtodo
1045 4489 1179 4561 temporo
1200 4480 1270 4543 birro
1284 4483 1476 4563 coniungunt,
1488 4479 1646 4563 proprium
1660 4479 1744 4545 Loti-

411 4593 521 4636 nonem
542 4584 602 4649 est,
625 4583 659 4636 ut
680 4575 766 4637 modo
787 4572 947 4637 indicativo
962 4593 1023 4656 pro
1044 4571 1251 4649 coniunctius,
1275 4576 1361 4639 modo
1383 4573 1568 4639 cordumts'oo
1583 4595 1644 4658 pro
1665 4572 1740 4639 fodi·
1751 4588 1780 4637 so

477 4824 501 4875 8.
523 4822 725 4888 Fetdbuegeiius
742 4826 793 4876 boc
810 4825 988 4889 fragmentum
1005 4825 1039 4876 ed
1056 4825 1154 4877 tibrum
1166 4827 1200 4875 lv
1217 4826 1250 4877 de
1268 4840 1297 4877 re
1316 4826 1419 4891 publica
1437 4830 1571 4893 pertinere
1588 4829 1741 4882 arbitratur.

413 4924 441 4936 -
461 4902 501 4951 tf.
521 4900 590 4951 Bake
608 4901 699 4950 statuit
715 4900 895 4964 fragmentum
912 4900 946 4950 de
964 4914 1018 4964 quo
1035 4904 1121 4965 agitur
1138 4915 1229 4951 errore
1248 4902 1364 4965 quodam
1381 4916 1396 4952 a
1411 4905 1544 4955 [artemio
1562 4918 1594 4955 ea
1611 4903 1661 4955 alio
1673 4903 1741 4956 libro

411 4973 445 5024 ad
462 4975 511 5025 bos
529 4975 563 5025 de
580 4973 683 5030 teribus
702 4974 856 5026 translatum
875 4989 949 5034 esse;
974 4977 1008 5027 cf.
1027 4978 1084 5028 eius
1103 4975 1291 5040 prolegomena
1309 4991 1336 5043 p.
1351 4979 1453 5029 XXXIV
1465 4993 1506 5045 sq.
1532 5007 1559 5018 -
1587 4980 1626 5031 t8.
1646 4982 1742 5031 mreoti

410 5049 431 5100 0
458 5075 484 5085 -
513 5049 553 5099 19.
573 5051 681 5101 atterite
698 5051 808 5111 Batrfua,
833 5064 895 5102 cum
918 5055 979 5101 ante
1003 5052 1055 5101 iem
1073 5049 1186 5101 Oretiius
1208 5050 1368 5113 dubitasset,
1391 5057 1481 5105 utrum
1499 5055 1588 5105 verbis
1605 5055 1742 5119 inlepidus

410 5124 548 5175 Ciceronis
569 5126 603 5176 de
628 5125 731 5189 iegibus
753 5123 813 5175 libri
834 5139 868 5177 aa
885 5125 957 5191 leges
975 5128 1109 5176 Romanae
1128 5124 1344 5188 designarentur,
1371 5128 1438 5179 haec
1455 5130 1539 5179 verba
1556 5130 1589 5180 ad
1606 5128 1689 5180 libros
1706 5130 1740 5180 de

410 5200 474 5262 iiep.
493 5199 557 5249 dixit
573 5202 722 5265 pertinere,
748 5201 794 5263 qui
816 5199 930 5251 muitum
950 5200 984 5251 ab
1008 5202 1153 5264 Augustino
1176 5206 1266 5252 essent
1287 5205 1419 5266 usurpati,
1443 5203 1580 5268 verbaque
1600 5206 1628 5253 io
1647 5203 1742 5268 requos

410 5271 472 5324 nihii
490 5271 560 5324 atiud
578 5288 658 5338 qnam
677 5276 819 5327 duodecim
837 5275 941 5328 tabutas
957 5276 1116 5340 significare,
1135 5277 1161 5325 iu
1178 5275 1276 5339 quibus
1293 5279 1354 5326 octo
1371 5290 1520 5342 poenarum
1537 5289 1634 5341 genera
1647 5279 1740 5328 Cicero

410 5347 570 5399 laudasset.»
589 5349 799 5414 Fetdhueget.
821 5377 848 5387 -
867 5352 908 5401 25.
923 5353 1056 5414 «repensa
1075 5352 1143 5402 baec
1160 5364 1220 5402 esse
1238 5365 1270 5402 ex
1289 5353 1319 5413 ΙΙ,
1333 5351 1389 5415 §ft
1407 5367 1486 5404 nemo
1504 5367 1556 5404 non
1574 5353 1653 5403 videt.
1684 5354 1740 5403 ftcc

367 5456 372 5462 -
409 5436 493 5473 unum
510 5426 654 5486 quaeritur,
672 5427 843 5477 Ciceronisue
860 5428 913 5477 sint
929 5426 1011 5476 verba
1029 5430 1165 5491 postrema
1184 5426 1281 5489 «dipcfs
1296 5427 1376 5490 ἐρίων
1392 5427 1548 5491 forpisodson
1565 5433 1615 5478 sat»
1632 5440 1666 5477 an
1678 5428 1740 5478 Ser·

410 5499 453 5547 vii.
489 5500 574 5560 atque
593 5500 695 5551 etiamsi
713 5514 728 5550 a
745 5502 837 5551 Servio
861 5501 927 5552 baec
950 5504 985 5552 ita
1007 5503 1138 5553 enuntiari
1155 5500 1303 5561 concedas,
1329 5504 1405 5566 quasi
1423 5504 1557 5554 Ciceronis
1573 5504 1639 5562 sint,
1659 5506 1739 5567 atque

410 5573 708 5636 exbactenti0V1,ti
731 5588 878 5638 cognoscas
899 5589 915 5625 a
937 5577 1066 5628 Cicerone
1090 5576 1158 5626 haec
1179 5576 1261 5626 verba
1279 5590 1340 5628 esse
1357 5577 1452 5628 alicubi
1470 5581 1610 5643 usurpata,
1634 5581 1738 5630 certum

409 5649 498 5698 tamen
516 5650 558 5697 est
574 5646 626 5697 boc
643 5652 838 5701 consectarium
856 5649 890 5699 ab
908 5651 959 5701 boc
976 5650 1034 5703 loco
1051 5651 1168 5704 alienum
1186 5664 1256 5708 esse,
1276 5653 1538 5716 quoniamquidem,
1557 5653 1664 5717 quando
1682 5653 1739 5704 dari

408 5724 506 5787 stipem
524 5720 615 5781 veliet,
639 5724 692 5774 ium
715 5723 911 5787 significaverat
931 5738 1010 5777 causa
1032 5726 1110 5778 simut
1128 5727 1217 5778 oddifa
1235 5742 1283 5778 cur
1299 5728 1371 5779 istud
1387 5731 1577 5795 praecepisset.
1613 5731 1738 5781 Ceterum

408 5798 497 5862 ipsum
515 5797 628 5848 verbum
640 5798 772 5860 protritos,
796 5812 848 5863 quo
865 5801 972 5851 Servius
994 5803 1089 5861 ubter,
1115 5817 1176 5855 cum
1193 5804 1264 5868 apud
1283 5806 1440 5856 Ciceronem
1457 5807 1492 5856 sit
1507 5806 1659 5866 notuimus,
1679 5819 1738 5858 ms·

408 5876 518 5924 moriter
536 5873 603 5924 baec
620 5875 738 5924 aser-vio
755 5874 857 5925 laudari
874 5876 1065 5928 demonstrat.»
1089 5876 1299 5948 Fsldbueget.
1327 5905 1355 5918 ·-
1382 5880 1424 5937 18.
1444 5881 1500 5938 ilos
1516 5879 1694 5946 fragmentum
1711 5882 1737 5935 in

407 5951 496 6000 nocua
513 5948 629 6001 editiore
644 5949 762 6016 primum
778 5951 900 6003 acoessit.
