4342 7459
439 1233 503 1301 682
971 1238 1024 1300 DE
1046 1236 1218 1301 oraretis

441 1404 570 1460 naturae
591 1415 702 1460 manca
730 1384 875 1479 quodam
892 1395 986 1459 modo
1008 1403 1104 1478 atque
1126 1396 1276 1460 inchoata
1297 1397 1353 1471 rit,
1383 1400 1409 1461 si
1431 1397 1520 1461 nulla
1540 1398 1625 1463 aetio
1648 1417 1763 1465 conse·-

442 1500 566 1574 quatur.
608 1492 653 1552 Ea
675 1499 778 1554 autem
800 1489 882 1552 notio
903 1490 937 1551 in
959 1490 1120 1554 bominum
1144 1490 1319 1553 commodis
1341 1491 1468 1555 tuendis
1495 1492 1633 1557 maxime
1659 1497 1763 1560 cerni

442 1592 507 1659 tur;
536 1583 674 1665 pertinet
700 1584 797 1664 igitur
825 1581 866 1645 ad
894 1582 1073 1646 societatem
1103 1585 1227 1665 generis
1248 1585 1395 1647 humani:
1424 1604 1500 1667 ergo
1522 1588 1600 1649 baec
1620 1589 1761 1669 cognitio

440 1675 662 1759 anteponenda
683 1686 742 1740 est.
791 1671 862 1738 lbi.
890 1679 993 1758 Atque
1022 1675 1053 1739 id
1082 1678 1222 1760 optimus
1250 1679 1385 1762 quisque
1413 1698 1449 1741 re
1476 1680 1547 1762 ipsa
1569 1684 1708 1747 ostendit
1728 1689 1763 1748 et

415 1769 568 1834 tiudicat.
617 1770 696 1844 Quis
725 1770 809 1833 enim
836 1777 885 1833 est
913 1779 976 1833 tam
1005 1769 1139 1852 cupidae
1167 1772 1199 1833 in
1229 1770 1449 1854 perspicienda
1475 1775 1761 1859 cognoscendaque

438 1884 542 1930 rerum
566 1870 692 1939 natura,
715 1872 764 1939 ut,
786 1864 814 1926 si
835 1864 865 1926 ei
889 1864 1031 1926 tractanti
1053 1865 1340 1947 contemplantique
1362 1884 1412 1927 res
1434 1867 1617 1948 cognitione
1638 1868 1762 1952 dignis·

438 1957 532 2021 simas
555 1956 661 2020 subito
684 1958 724 2021 sit
744 1957 873 2023 allatum
895 1957 1069 2039 periculum
1094 1956 1327 2040 discrimenque
1351 1960 1487 2041 patriae,
1517 1952 1761 2028 cat'rubveoas

438 2050 652 2134 opitularique
673 2052 790 2133 possit,
812 2071 876 2114 noa
898 2050 953 2113 iila
974 2053 1081 2114 omnia
1100 2052 1260 2135 relinquat
1283 2060 1379 2134 etque
1400 2053 1524 2126 abiciat,
1546 2055 1641 2118 etiam
1662 2057 1690 2119 si
1712 2056 1762 2119 di·

436 2162 602 2208 nnmerare
631 2163 665 2206 se
694 2144 802 2212 stellas
829 2152 883 2208 aut
911 2144 1014 2206 metiri
1043 2144 1153 2208 mundi
1181 2146 1427 2227 magnitudinem
1451 2165 1545 2227 posse
1566 2147 1760 2213 arbitretur?

398 2241 538 2319 ttdtque
559 2236 622 2300 boc
642 2237 728 2302 idem
751 2239 783 2300 ia
806 2238 957 2320 parcatis,
983 2238 1014 2300 in
1036 2240 1128 2301 amici
1150 2258 1184 2300 re
1199 2248 1254 2301 aut
1269 2240 1411 2321 periculo
1426 2238 1544 2303 lacent.
1588 2236 1659 2302 lbb.
1678 2240 1760 2316 Qut·

436 2333 495 2395 bns
517 2328 612 2394 rebus
634 2332 828 2414 intellegitur
850 2330 964 2393 studiis
986 2330 1164 2416 officiisque
1187 2334 1338 2396 scientiae
1362 2334 1585 2415 praeponenda
1602 2354 1673 2397 esee
1688 2332 1759 2400 offi-

436 2426 485 2490 cia
506 2425 662 2498 iustitiae,
691 2445 773 2508 quae
800 2426 959 2508 pertinent
986 2424 1027 2486 ad
1055 2425 1217 2488 hominum
1240 2428 1419 2500 caritatem,
1450 2446 1515 2508 qua
1536 2427 1616 2490 nihil
1636 2427 1760 2493 bomini

437 2539 507 2585 esse
529 2519 624 2581 debet
644 2520 816 2601 antiquius.
867 2518 976 2580 xtlv.
1006 2521 1111 2601 Atque
1131 2520 1192 2591 illi,
1221 2539 1357 2601 qnorum
1379 2519 1483 2583 studia
1505 2521 1633 2605 vitaque
1655 2524 1761 2588 omnis

436 2613 469 2675 in
492 2634 596 2675 rerum
620 2613 800 2694 cognitione
822 2620 945 2675 versata
968 2620 1033 2685 est,
1060 2621 1166 2675 tamen
1192 2610 1231 2676 ab
1255 2613 1408 2694 augendis
1430 2613 1595 2678 bominum
1616 2615 1762 2680 utilitati·

399 2708 496 2770 tabas
527 2713 559 2768 et
586 2706 757 2769 commodis
790 2725 853 2769 noa
883 2714 1091 2768 recesserunt.
1143 2708 1220 2779 Nam
1250 2715 1283 2768 et
1304 2705 1510 2769 erudiverunt
1532 2708 1663 2780 multoe,
1695 2729 1760 2792 quo

437 2799 584 2864 meliores
614 2800 698 2863 cives
727 2800 933 2882 utilioresque
966 2799 1062 2862 rebus
1095 2801 1159 2863 sais
1190 2800 1326 2883 publicis
1354 2809 1476 2874 essent,
1509 2808 1545 2863 ut
1572 2801 1760 2868 Thebanum

436 2892 685 2975 Epaminondam
714 2894 805 2976 Lysis
833 2895 1064 2978 Pythagoreus,
1094 2893 1293 2975 Syracosium
1322 2894 1457 2957 Dionem
1485 2894 1573 2959 Plato
1602 2898 1761 2982 multique

438 2984 570 3060 maltos,
592 3006 713 3069 noeque
735 2988 810 3073 ipsi,
834 2984 987 3071 quioquid
1010 2986 1048 3049 ad
1072 3007 1139 3049 rem
1161 2987 1320 3068 publicam
1341 2986 1515 3062 attulimus,
1537 2989 1564 3052 si
1585 2990 1681 3055 modo
1702 2992 1762 3055 ali·

438 3079 514 3163 quid
536 3080 713 3156 attulimus,
739 3101 759 3145 a
781 3081 963 3146 doctoribus
993 3087 1090 3164 atque
1117 3081 1260 3143 doctrina
1280 3080 1424 3143 instructi
1447 3081 1488 3144 ad
1510 3102 1579 3145 eam
1602 3090 1634 3146 et
1655 3086 1761 3152 ornati

400 3175 637 3239 reaccessimus.
681 3171 751 3238 teu.
774 3177 885 3257 Neque
907 3174 1011 3237 solum
1034 3174 1098 3237 vivi
1119 3181 1216 3256 atque
1238 3180 1418 3255 praesentes
1440 3175 1602 3238 studiosos
1618 3175 1762 3242 discendi

438 3266 585 3333 erudiunt
612 3276 708 3354 atquo
738 3270 868 3343 doceat,
898 3268 954 3332 sed
982 3267 1044 3331 boc
1072 3266 1156 3330 idem
1179 3269 1275 3330 etiam
1297 3275 1522 3349 postmortem
1545 3273 1761 3338 monumentis

437 3362 610 3426 litterarum
631 3372 854 3447 assequuntur.
896 3363 961 3425 Nec
983 3361 1067 3425 enim
1091 3361 1179 3424 locus
1201 3360 1285 3423 ullas
1308 3369 1357 3425 est
1377 3362 1620 3443 praetermissus
1647 3365 1688 3428 ab
1711 3366 1761 3440 iis,

437 3456 493 3539 qui
515 3455 554 3519 ad
577 3456 678 3539 leges,
700 3460 756 3541 qni
778 3458 818 3521 ad
841 3476 959 3528 mores,
982 3456 1038 3538 qni
1060 3454 1100 3517 ad
1123 3454 1320 3536 disciplinam
1343 3456 1388 3516 rei
1411 3455 1558 3538 publicae
1579 3459 1761 3540 pertineret,

436 3557 473 3613 at
494 3550 593 3612 otiam
616 3570 708 3614 suum
734 3552 774 3615 ad
797 3558 939 3614 nostram
962 3550 1123 3630 negotium
1147 3548 1318 3611 contulisse
1342 3547 1516 3613 rideantur.
1560 3549 1607 3613 lta
1628 3551 1675 3615 illi
1698 3552 1761 3635 ipsi

400 3644 599 3707 seductrinae
622 3644 735 3708 studiis
762 3653 794 3707 et
815 3644 988 3728 sapientiae
1012 3641 1112 3703 dediti
1135 3641 1175 3703 ad
1198 3635 1361 3704 hominum
1383 3641 1551 3706 utilitatem
1572 3652 1662 3708 suam
1685 3666 1762 3729 pru·

437 3737 575 3801 dentiam
596 3737 910 3820 intellegentiamque
932 3735 1131 3818 potissimum
1153 3734 1331 3809 conserunt,
1354 3735 1394 3797 ob
1416 3755 1550 3820 eamque
1567 3737 1663 3800 naam
1686 3759 1762 3803 cnu-

438 3850 504 3894 sam
534 3831 643 3915 eloqui
670 3832 815 3914 copiose,
846 3828 940 3893 modo
969 3826 1156 3911 prudenter,
1183 3828 1295 3890 melius
1319 3837 1367 3891 est
1389 3847 1483 3911 qaam
1507 3830 1557 3892 vel
1578 3832 1761 3897 acutissime

438 3926 507 3988 sine
528 3924 711 4008 eloquentia
733 3925 887 4008 cogitare,
918 3919 1002 4005 quod
1026 3921 1175 4003 cogitatio
1197 3924 1228 3984 in
1251 3923 1377 4004 seipsa
1400 3924 1547 3996 vertitur,
1577 3925 1761 4008 eloquentia

438 4018 656 4102 complectitur
678 4038 744 4093 eos,
768 4019 955 4102 quibuscum
979 4016 1201 4078 communitate
1223 4016 1321 4077 iuncti
1345 4036 1464 4078 sumus.
1507 4012 1579 4081 l57.
1601 4021 1706 4101 Atque
1726 4027 1761 4083 ut

399 4128 429 4173 ao
438 4112 543 4196 apium
566 4115 710 4176 examina
733 4134 795 4176 non
819 4110 1035 4193 fingendorum
1059 4109 1201 4171 favorum
1225 4129 1319 4171 caasa
1342 4120 1585 4191 congregantur,
1601 4113 1673 4187 red,
1688 4134 1759 4177 cum

438 4206 670 4288 congregabilia
699 4216 809 4270 natura
840 4207 918 4279 sint,
950 4201 1072 4285 linguat
1100 4202 1206 4276 favos,
1234 4202 1279 4263 sic
1302 4202 1447 4265 homines
1476 4223 1512 4266 ac
1543 4206 1641 4268 multo
1664 4208 1760 4270 etiam

439 4301 538 4382 magis
560 4309 671 4363 natura
693 4302 871 4383 congregati
893 4298 1045 4362 adhibent
1066 4298 1180 4378 agendi
1203 4297 1424 4380 cogitandique
1439 4298 1618 4361 sollertiam.
1650 4301 1761 4382 ltaque

438 4395 500 4458 nisi
523 4415 559 4458 ea
581 4395 697 4469 virtus,
727 4415 810 4479 qaae
833 4401 957 4457 constat
984 4412 1024 4453 cx
1046 4389 1229 4454 bominibus
1252 4390 1395 4464 tuendis,
1423 4390 1456 4452 id
1479 4399 1526 4453 est
1548 4411 1588 4454 ex
1610 4394 1761 4456 societate

438 4491 561 4571 generis
583 4489 725 4564 bomani,
747 4490 880 4572 attingat
902 4486 1115 4568 cognitionem
1139 4505 1253 4558 reram,
1277 4484 1417 4565 solivaga
1439 4486 1578 4566 cognitio
1601 4493 1633 4548 et
1653 4487 1762 4550 ieiuna

400 4580 590 4656 studeatur,
602 4583 741 4666 itemque
755 4582 939 4665 magnitudo
954 4580 1050 4643 animi
1066 4587 1184 4641 remota
1198 4599 1218 4639 a
1233 4578 1456 4640 communitate
1472 4579 1760 4662 coniunctioneque

439 4676 575 4738 bumana
595 4676 705 4740 feritas
728 4677 770 4739 sit
792 4676 946 4761 quaedam
975 4682 1006 4736 et
1028 4673 1215 4735 immanitas.
1261 4672 1306 4734 lta
1329 4668 1363 4733 lit
1384 4680 1419 4733 ut
1441 4672 1546 4734 vincat
1568 4673 1760 4755 cognitionis

439 4769 577 4833 studium
600 4771 794 4834 consociatio
816 4770 979 4833 bominum
1004 4776 1102 4851 atque
1125 4767 1340 4829 communitas.
1386 4764 1456 4826 tas.
1485 4768 1549 4828 Nec
1572 4788 1678 4831 verum
1703 4775 1761 4842 est,

1074 4920 1757 4951 ΙΨ*-

503 5039 527 5091 l.
546 5040 644 5101 reipsa
661 5039 779 5088 BHab:
806 5052 834 5088 ra
851 5037 882 5087 ab
898 5051 924 5086 se
947 5051 977 5095 o;
1004 5037 1035 5086 ab
1052 5038 1107 5099 ipsa
1123 5050 1151 5087 re
1167 5051 1198 5100 p;
1225 5049 1344 5098 reapseo
1369 5063 1400 5072 -
1428 5037 1452 5085 6.
1471 5036 1675 5098 contemplatique
1692 5037 1711 5086 B
1731 5063 1758 5073 -

438 5118 462 5165 7.
481 5113 590 5164 obtutam
607 5127 646 5176 op
672 5140 704 5150 —
729 5114 778 5177 cui]
796 5125 883 5161 camo
913 5139 938 5148 -
966 5113 989 5161 8.
1009 5114 1205 5174 denumerarep
1232 5138 1258 5146 —
1289 5113 1328 5160 it).
1347 5113 1373 5160 ia
1392 5113 1465 5172 (ante
1481 5114 1606 5172 pareatis)
1625 5126 1712 5174 amp
1734 5139 1760 5149 -

435 5192 547 5254 pareatis
564 5196 608 5239 aut
624 5188 698 5237 amici
715 5201 743 5236 re
759 5189 800 5236 aei
812 5188 924 5249 periculo
942 5199 956 5235 c
978 5213 1002 5221 -
1024 5189 1062 5236 tt.
1082 5189 1215 5237 caritatem
1232 5201 1282 5250 cp:
1301 5189 1432 5236 utilitatem
1450 5188 1552 5237 Blleb.
1578 5189 1615 5237 Cl.
1631 5187 1760 5244 delinib.

438 5267 542 5330 V565.
561 5292 593 5302 -
611 5267 671 5327 qaia
688 5264 763 5312 mciii
778 5264 800 5310 ir.
820 5263 887 5311 debet
904 5275 985 5311 osseo
1011 5290 1036 5296 -
1062 5264 1101 5311 ⁴3.
1120 5264 1157 5311 itii
1174 5264 1221 5325 ipsi
1238 5276 1345 5324 quoram
1361 5275 1399 5324 ep
1425 5289 1450 5297 -
1477 5265 1516 5311 lii.
1535 5263 1680 5310 erudierant
1697 5263 1761 5325 Bop

439 5367 465 5379 -
486 5342 525 5391 tt.
538 5341 732 5403 epaminondam
749 5351 765 5400 p
785 5364 811 5373 -
830 5339 888 5398 tysis
905 5351 934 5386 e:
953 5338 1005 5386 tisis
1021 5353 1052 5400 p;
1071 5339 1147 5398 lysias
1166 5341 1257 5389 litteo
1278 5367 1305 5375 -
1324 5339 1478 5398 syracusiam
1494 5340 1524 5387 b:
1543 5339 1691 5387 siracusium
1710 5339 1760 5399 Bp,

436 5430 595 5480 rpracoseum
608 5417 638 5476 Η,
651 5415 807 5476 syracusiam
824 5426 881 5464 aco
902 5439 927 5448 -
948 5414 1043 5461 dionem
1056 5420 1077 5461 et
1088 5414 1184 5475 piarop
1205 5440 1230 5448 -
1251 5415 1290 5462 l8.
1304 5414 1351 5475 ipsi
1369 5414 1410 5474 qui
1427 5413 1547 5475 quicquid
1565 5413 1610 5462 lle
1625 5414 1666 5473 (in
1685 5425 1702 5463 ι
1720 5416 1763 5474 qui

438 5494 556 5543 additum
575 5494 615 5541 est
632 5491 666 5539 ab
684 5490 733 5539 alia
752 5491 797 5549 m.)
818 5516 844 5524 —
869 5491 909 5538 tt.
929 5496 1003 5549 atque
1020 5490 1125 5537 Btteb:
1150 5503 1181 5537 ac
1198 5502 1226 5546 o,
1246 5495 1269 5537 at
1286 5504 1302 5551 p
1320 5516 1351 5525 -
1372 5489 1527 5537 monimentis
1544 5501 1557 5536 c
1576 5514 1602 5522 -
1623 5490 1664 5537 ir.
1683 5502 1763 5549 aeque

438 5585 474 5635 op
493 5595 520 5604 -
543 5568 734 5629 praetermeans
750 5571 817 5628 eatp
837 5591 862 5599 —
886 5565 971 5613 abiis
988 5576 1013 5623 a,
1032 5563 1127 5611 nitriis
1146 5564 1175 5623 lt,
1195 5565 1331 5625 aurtjam
1353 5564 1385 5612 ab
1402 5564 1492 5625 ipsisp
1515 5589 1538 5597 -
1563 5564 1603 5614 te.
1621 5563 1763 5627 intelliges·

438 5648 500 5695 tiam
512 5644 720 5706 prudentiamque
737 5654 772 5703 op
793 5666 819 5676 —
839 5641 879 5689 26.
899 5643 976 5689 etiam
993 5653 1045 5688 om.
1061 5652 1120 5700 apo
1143 5667 1164 5673 —
1192 5641 1232 5688 tl.
1251 5643 1324 5689 mado
1341 5646 1363 5688 at
1378 5640 1513 5701 prudenter
1529 5651 1546 5701 p
1565 5664 1591 5674 -
1612 5652 1688 5701 qaam
1705 5652 1761 5689 om.

439 5719 468 5771 B¹
487 5745 513 5755 -
533 5719 573 5767 29.
591 5718 669 5767 uincti
686 5730 702 5779 p
725 5742 750 5752 -
777 5715 817 5764 30.
836 5718 923 5777 opiam
940 5717 982 5776 Cp
1001 5716 1039 5774 [in
1058 5728 1074 5764 n
1093 5718 1181 5764 tameo
1199 5717 1207 5763 i
1226 5718 1356 5777 expuncta
1374 5714 1441 5775 esti:
1461 5727 1537 5775 apum
1555 5725 1569 5762 o
1589 5740 1615 5748 -
1640 5713 1681 5763 32.
1700 5727 1763 5762 οοη·

438 5796 536 5858 gregati
553 5805 634 5844 omo
663 5819 689 5827 -
717 5792 891 5854 cogitandique
908 5804 961 5853 op:
985 5791 1202 5853 congregandiqae
1219 5791 1319 5839 [ildeb
1349 5818 1373 5826 -
1402 5790 1442 5841 at.
1460 5790 1563 5838 bomani
1579 5791 1676 5852 acueris
1694 5801 1711 5852 p
1732 5815 1759 5824 —

439 5871 480 5921 aa.
497 5871 596 5919 uidetur
612 5884 629 5934 p
658 5894 681 5906 -
710 5868 862 5929 ramam„
873 5872 896 5916 et
912 5868 1056 5916 immanitas
1073 5863 1181 5915 seclusit
1200 5866 1330 5915 Pearoias.
1352 5892 1389 5936 ‘'.
1406 5878 1423 5914 a
1439 5864 1629 5915 Anemoecius:
1648 5876 1703 5915 om.
1718 5864 1760 5926 Cp

443 5970 470 5979 —
487 5945 662 5996 communitate
677 5956 694 6006 p
713 5946 769 6012 laer
780 5942 991 6009 compendiamJ:
1011 5943 1127 5993 comitate
1144 5942 1172 5991 C.
