4342 7459
436 1228 499 1294 284
766 1229 1088 1295 TUSCULANARUM
1109 1228 1437 1293 ntsnurnrtontnt

438 1390 592 1474 adpetitio
614 1390 735 1473 opinati
757 1390 862 1472 magni
881 1390 956 1452 boni
971 1389 1088 1453 rationi
1102 1410 1166 1453 uon
1183 1390 1420 1471 obtemperans,
1442 1388 1492 1451 vel
1509 1386 1665 1472 cupiditas
1678 1394 1764 1451 recte

436 1484 487 1547 vel
515 1484 614 1546 libido
645 1484 705 1546 dici
727 1491 840 1566 potest.
881 1479 932 1544 25.
954 1483 1037 1565 Ergo
1060 1484 1138 1546 baec
1160 1484 1223 1546 duo
1246 1503 1379 1566 genera,
1408 1482 1555 1564 voluptas
1578 1481 1717 1563 gestiens
1734 1488 1767 1544 et
1850 1547 1852 1552 .

437 1575 546 1650 libido,
568 1576 722 1639 bonorum
746 1576 897 1657 opinione
918 1576 1096 1651 turbantur,
1118 1585 1153 1639 ut
1173 1577 1236 1640 duo
1258 1578 1390 1659 reliqua,
1412 1585 1515 1639 metus
1536 1584 1567 1638 et
1588 1574 1765 1658 aegritudo,

437 1669 599 1734 malorum.
633 1671 711 1731 llam
734 1677 766 1731 et
788 1678 889 1734 metus
913 1670 1020 1751 opinio
1044 1670 1149 1750 magni
1172 1670 1246 1732 mali
1270 1670 1471 1752 inpendentis
1487 1678 1518 1732 et
1536 1669 1701 1751 aegritudo
1718 1674 1768 1731 est

413 1764 548 1845 eopinio
571 1764 674 1845 magni
697 1763 771 1826 mali
795 1764 968 1845 praesentis
991 1764 1172 1844 etquidem
1196 1785 1305 1828 recens
1328 1766 1434 1847 opinio
1456 1765 1529 1828 talis
1552 1762 1644 1837 mali,
1674 1762 1764 1825 utin

437 1878 476 1920 eo
498 1865 615 1920 rectum
637 1857 782 1919 videatur
803 1877 873 1919 esse
895 1858 986 1938 angi,
1015 1855 1046 1918 id
1071 1865 1175 1919 autem
1200 1866 1249 1919 est
1269 1865 1304 1918 ut
1326 1859 1369 1930 is,
1397 1858 1453 1940 qui
1476 1857 1598 1930 doleat,
1621 1864 1768 1939 oportere

436 1949 582 2033 opinetur
604 1970 638 2013 se
660 1949 776 2012 dolere.
810 1950 866 2012 His
888 1960 993 2013 autem
1017 1951 1326 2033 perturbationibus,
1350 1971 1428 2034 quas
1443 1952 1475 2014 in
1492 1952 1585 2013 vitam
1602 1950 1765 2014 hominum

438 2045 571 2109 stultitia
603 2045 694 2127 quasi
725 2044 877 2126 quasdam
905 2045 1004 2107 turias
1034 2046 1166 2108 inmittit
1194 2054 1289 2128 atque
1312 2046 1439 2119 incitat,
1472 2044 1617 2107 omnibus
1648 2042 1767 2105 viribus

437 2147 532 2221 atque
555 2138 669 2220 opibus
691 2139 929 2220 repugnandum
953 2147 1016 2213 est,
1042 2140 1068 2201 si
1094 2139 1238 2202 volumus
1260 2141 1339 2214 hoc,
1363 2138 1447 2220 quod
1471 2140 1578 2203 datum
1603 2138 1765 2212 astrites,

400 2231 608 2315 intranquille
630 2232 817 2316 placideque
841 2234 1012 2295 traducere.
1047 2233 1108 2295 Sed
1132 2243 1234 2295 cetera
1256 2233 1350 2297 alias:
1373 2255 1456 2296 nnnc
1471 2232 1718 2316 aegritudinem,
1739 2225 1766 2295 sl

436 2347 619 2410 possumus,
641 2326 846 2408 depellamus.
881 2325 915 2386 ld
939 2327 1022 2389 enim
1047 2329 1087 2389 sit
1108 2327 1321 2409 propositum,
1344 2328 1472 2410 quando
1488 2327 1617 2410 quidem
1641 2346 1711 2389 eam
1734 2335 1767 2388 tu

436 2420 536 2483 videri
560 2421 617 2483 tibi
639 2421 671 2481 in
695 2420 868 2501 sapientem
892 2420 1004 2483 cadere
1027 2420 1151 2494 dixisti,
1179 2422 1263 2502 quod
1287 2441 1347 2503 ego
1368 2420 1456 2484 nullo
1480 2420 1574 2483 modo
1598 2420 1766 2494 existimo;

436 2522 537 2577 taetra
559 2514 642 2576 euim
665 2533 715 2575 res
738 2522 800 2588 est,
824 2515 953 2587 misera,
977 2514 1189 2588 detestabilis,
1213 2516 1298 2576 omni
1315 2517 1535 2588 contentione,
1558 2514 1654 2587 velie,
1675 2521 1712 2575 ut
1724 2514 1766 2577 ita

437 2608 555 2681 dicam,
578 2608 736 2689 remisque
758 2607 917 2690 fugienda.
960 2608 1031 2669 Xll.
1053 2604 1104 2668 96.
1128 2607 1240 2683 Qualis
1263 2610 1345 2671 enim
1370 2610 1426 2672 tibi
1449 2610 1503 2671 ille
1525 2608 1652 2671 videtur

316 2722 321 2744 ι
401 2712 429 2760 ta
480 2701 647 2765 Tantalo
670 2710 913 2784 prognatus,
937 2701 1089 2783 Pelope
1111 2711 1246 2775 uatus,
1269 2704 1334 2784 qui
1358 2703 1560 2785 quondam
1582 2722 1600 2765 a
1623 2720 1747 2764 socro

481 2796 683 2859 Oenomao
706 2816 800 2878 rege
823 2794 1136 2879 Hippodameam
1158 2796 1291 2878 raptis
1314 2804 1509 2860 nanctust
1531 2795 1712 2879 nuptiis?

437 2890 522 2953 lovis
544 2891 604 2953 iste
627 2889 755 2973 quidem
778 2909 949 2972 pronepos.
985 2890 1103 2952 Tamne
1126 2909 1200 2971 ergo
1222 2891 1365 2954 abiectus
1389 2899 1516 2974 tamque
1539 2888 1683 2953 fractast

541 2984 688 3058 Nolite,
711 2984 828 3066 inquit,
851 2983 1042 3066 hospites,
1065 2985 1109 3046 ad
1134 3005 1191 3046 me
1213 2984 1347 3046 adiret
1382 2985 1488 3048 ilico
1515 2984 1662 3057 istinc,

543 3078 595 3138 Ne
618 3078 805 3160 contagio
828 3097 906 3140 mea
928 3078 1047 3140 bonis
1069 3079 1260 3141 umbrave
1283 3078 1400 3140 obsit

399 3186 429 3232 ro
542 3169 627 3233 Meo
648 3179 757 3234 tauta
779 3172 837 3234 vis
860 3172 1032 3234 sceleris
1055 3174 1094 3234 in
1119 3192 1292 3255 corpore
1314 3171 1469 3234 haeret

438 3268 484 3329 Tu
508 3274 557 3339 te,
586 3266 740 3349 Thyesta,
764 3265 927 3328 damnabis
950 3265 1141 3348 orbabisque
1164 3266 1234 3328 luce
1256 3274 1388 3349 propter
1409 3266 1469 3327 vim
1493 3265 1622 3329 sceleris
1645 3266 1767 3330 alieni?

439 3360 545 3436 Quid‘l
567 3360 656 3422 illum
681 3358 778 3422 filium
803 3359 886 3421 Solis
908 3378 1014 3421 nonne
1037 3361 1136 3441 patris
1159 3361 1259 3441 ipsius
1282 3360 1351 3422 luce
1376 3358 1539 3441 iudignum
1563 3364 1683 3443 putasi

565 3451 766 3535 Refugere
789 3454 917 3516 oculi:
940 3472 1082 3535 corpus
1106 3455 1228 3516 macie
1252 3454 1461 3516 extabuit:

566 3548 769 3610 Lacrimae
792 3549 981 3630 peredere
1004 3568 1137 3610 umore
1162 3549 1355 3630 exanguis
1378 3568 1518 3630 genas:

400 3655 429 3700 aa
566 3641 695 3703 Situm
719 3642 828 3703 inter
850 3643 934 3704 oris
956 3642 1079 3704 barba
1104 3644 1282 3724 paedore
1305 3643 1473 3705 horrida
1495 3650 1618 3726 atque

565 3736 727 3797 intonsa
750 3734 932 3798 infuscat
955 3744 1098 3818 pectus
1124 3738 1276 3799 inluvie
1299 3737 1498 3799 scabrum.

438 3830 524 3892 Haec
547 3827 644 3901 mala,
673 3848 692 3890 o
715 3828 898 3891 stultissime
920 3832 1033 3903 Aeeta,
1063 3831 1131 3912 ipse
1154 3831 1208 3891 tibi
1232 3831 1402 3904 addidisti;
1428 3850 1493 3892 non
1516 3830 1641 3894 inerant
1664 3834 1695 3894 in
1720 3835 1769 3909 iis,

439 3941 520 4006 quae
543 3922 598 3984 tibi
622 3942 712 3985 casus
735 3924 913 3997 invexerat,
938 3924 1122 4006 etquidem
1146 3927 1319 3987 inveterato
1342 3924 1439 3997 malo,
1464 3944 1533 3987 cum
1550 3932 1656 3988 tumor
1670 3928 1769 3993 animi

438 4017 609 4079 resedisset
624 4049 665 4063 -
680 4024 728 4079 est
749 4025 853 4080 autem
868 4018 1043 4099 aegritudo,
1067 4026 1101 4081 ut
1117 4019 1248 4093 docebo,
1272 4020 1303 4082 iu
1319 4018 1470 4101 opinione
1486 4018 1560 4080 mali
1574 4021 1697 4084 recenti
1712 4044 1770 4099 -;

400 4110 494 4172 ansed
523 4129 645 4173 maeres
667 4110 815 4174 videlicet
843 4112 931 4194 regni
961 4111 1136 4186 desiderio,
1165 4133 1229 4175 non
1253 4110 1345 4175 filiae.
1380 4112 1469 4174 lllam
1493 4112 1577 4174 enim
1600 4114 1715 4179 oderas
1738 4124 1771 4180 et

439 4205 507 4268 iure
521 4205 672 4269 fortasse:
694 4226 791 4287 regno
807 4227 869 4269 non
886 4227 989 4290 aequo
1004 4209 1110 4270 animo
1127 4208 1265 4270 carebas.
1298 4209 1354 4270 Est
1368 4215 1473 4270 autem
1490 4208 1647 4288 inpudens
1664 4209 1769 4273 luctus

439 4318 582 4362 maerore
604 4320 638 4362 se
661 4297 873 4374 conficientis,
896 4302 982 4383 quod
1007 4302 1162 4384 imperare
1185 4323 1247 4364 non
1265 4302 1359 4364 liceat
1374 4301 1490 4363 liberis.
1522 4298 1573 4361 27.
1596 4303 1770 4387 Dionysius

439 4392 568 4476 quidem
592 4402 741 4479 tyrannus
766 4396 928 4479 Syracusis
952 4397 1104 4478 expulsus
1128 4396 1270 4458 Corinthi
1294 4416 1409 4478 pucros
1432 4396 1584 4457 docebatt
1607 4416 1709 4480 usque
1731 4417 1770 4460 eo

439 4662 475 4708 est
491 4658 521 4707 0.
541 4657 695 4708 subarravit
712 4657 834 4708 librarius
851 4659 994 4722 Archetypi
1016 4660 1131 4723 primum
1150 4661 1210 4722 post
1227 4659 1308 4707 attera
1326 4658 1358 4706 ad
1377 4658 1513 4720 cupiditas,
1534 4657 1640 4716 deinde,
1660 4670 1723 4708 cum
1741 4672 1772 4710 se

438 4736 593 4784 revocasset
609 4736 710 4796 atquae
723 4734 884 4797 scripsisset,
903 4733 935 4782 nd
953 4740 1018 4783 recte
1034 4735 1073 4783 vet
1090 4735 1164 4782 libido
1175 4735 1223 4798 dici
1239 4739 1325 4795 potest.
1345 4734 1434 4784 Codex
1447 4734 1614 4797 Gryphianus
1632 4746 1681 4797 pro
1699 4732 1773 4785 falsie

440 4822 502 4859 vern
525 4810 638 4859 omisit.»
661 4809 703 4858 W.
728 4833 755 4843 -
780 4810 802 4857 t.
825 4808 863 4857 vel
885 4809 1008 4869 cupiditas
1030 4816 1094 4859 recte
1116 4811 1154 4859 vet
1176 4810 1251 4859 libido
1272 4810 1320 4857 dici
1343 4814 1422 4870 potest
1448 4822 1508 4858 cnm
1533 4809 1592 4857 cod.
1617 4809 1773 4873 Gryphiano

440 4896 493 4934 om.
512 4886 532 4933 0
551 4910 577 4919 -
597 4884 621 4933 2.
639 4884 796 4947 penitense
815 4884 904 4944 [etiam
922 4883 936 4946 5
953 4886 992 4944 27]
1015 4912 1041 4921 -
1060 4884 1084 4935 l.
1104 4887 1261 4947 inpendentes
1278 4898 1413 4947 superscr.
1433 4886 1441 4933 i
1459 4885 1508 4933 Gn
1530 4911 1556 4919 —
1575 4885 1600 4933 b.
1618 4884 1680 4932 moti
1697 4883 1773 4935 delet

440 4960 510 5009 Bake
527 4957 545 5009 l.
563 4957 580 5009 l.
600 4973 625 5023 p.
645 4959 685 5008 et.
706 4985 732 4993 -
756 4963 785 5006 ut
801 4970 936 5021 superscr.
961 4960 985 5008 in
1005 4962 1024 5008 G
1051 4987 1076 4994 -
1102 4962 1126 5009 i.
1147 4975 1208 5023 quos
1225 4962 1250 5009 in
1268 4962 1346 5009 vitam
1365 4959 1521 5009 Lambinus:
1543 4961 1616 5021 quest
1633 4961 1660 5008 io
1677 4961 1772 5011 uitet}

442 5034 498 5098 (sed
516 5034 541 5082 in
559 5035 578 5084 R
596 5036 604 5084 i
622 5037 682 5099 post
699 5047 761 5096 quos
778 5047 853 5083 erasa
873 5034 923 5095 est)
943 5058 968 5069 -
993 5037 1029 5084 to.
1048 5041 1143 5084 ceteras
1160 5037 1179 5084 0
1194 5062 1220 5071 -
1242 5035 1306 5084 otios
1324 5036 1349 5084 in
1368 5048 1458 5084 rasura
1478 5036 1497 5083 G
1513 5060 1540 5069 -
1560 5034 1597 5082 43.
1618 5048 1691 5085 omne
1707 5038 1727 5085 G
1746 5040 1776 5088 et

441 5111 602 5173 superseri
625 5112 688 5160 n-
716 5112 755 5159 ⁴5.
774 5122 845 5158 socru
867 5107 981 5159 Klotzius
1003 5109 1099 5173 (prael.
1124 5110 1158 5158 ad
1184 5110 1245 5159 edit.
1266 5108 1307 5158 alt
1332 5123 1359 5173 p.
1379 5110 1421 5158 vu
1440 5109 1505 5170 sql:
1532 5122 1616 5157 socero
1638 5110 1672 5167 C;
1698 5122 1775 5161 socna

441 5184 561 5247 Bentley,
580 5186 639 5234 0-
660 5185 700 5235 lb.
719 5185 940 5247 Hippodamiamo
956 5212 981 5220 -
1000 5190 1116 5233 nanctus!
1128 5186 1290 5247 iregderus:
1310 5189 1417 5234 nanctus
1429 5186 1448 5233 G
1458 5185 1491 5244 ll,
1510 5189 1599 5233 noctua
1615 5186 1649 5243 B,
1668 5186 1776 5237 noctu'st

441 5258 561 5321 Bentley.
580 5260 600 5308 0
622 5286 655 5296 -—
678 5260 716 5309 ta.
736 5260 824 5320 inquid
846 5262 875 5308 G¹
896 5285 921 5293 -
947 5260 1018 5308 adire
1041 5260 1066 5309 iu
1090 5274 1180 5310 rasura
1200 5263 1218 5309 G
1240 5287 1265 5296 -
1285 5261 1512 5310 istincl’earcius:
1531 5260 1634 5315 latice:
1655 5260 1696 5309 isti
1713 5258 1772 5320 alii,

441 5335 508 5384 istim
523 5334 646 5392 bouhier,
666 5336 685 5383 Ο
704 5334 770 5397 (ilico
787 5336 855 5395 istic,
874 5336 911 5383 Ne
927 5335 1042 5397 contagio
1058 5348 1114 5383 meu
1132 5334 1200 5383 bonis
1217 5334 1337 5384 ammone
1350 5334 1424 5395 obet,
1444 5335 1524 5383 Stetis.
1539 5338 1610 5383 tanto
1622 5334 1775 5384 Lachman-

442 5421 492 5460 nus
509 5407 543 5458 ad
561 5409 663 5458 Lucret.
684 5423 708 5472 p.
729 5409 795 5470 ⁴89.)
815 5437 842 5445 -
862 5410 901 5458 20.
922 5411 976 5458 lieo
994 5408 1117 5470 Bentley:
1137 5423 1190 5458 om.
1211 5410 1269 5460 CO.
1291 5411 1399 5459 «Cicero
1418 5422 1465 5458 cur
1477 5411 1503 5458 iu
1515 5410 1584 5459 tertii
1598 5422 1693 5460 versus
1706 5408 1775 5459 bac-

442 5483 526 5534 cbleci
549 5484 621 5532 initio
644 5482 802 5533 vocabulum
827 5482 999 5545 dissyllabum
1022 5485 1140 5533 omiserit
1163 5497 1243 5533 causa
1267 5483 1335 5534 nulla
1359 5485 1467 5546 cogitari
1488 5486 1582 5548 potest.
1610 5482 1649 5533 Gi.
1668 5484 1678 5533 l
1697 5482 1711 5546 S
1729 5482 1772 5534 Sl.

441 5557 573 5622 Equidem
591 5571 642 5608 non
661 5558 753 5608 dubito
771 5559 833 5621 quin
851 5557 984 5609 Bentleius
1001 5560 1056 5609 Meo
1074 5563 1147 5609 recte
1165 5558 1354 5623 suppleverit.»
1374 5561 1415 5609 W,
1434 5585 1460 5595 -
1480 5558 1519 5607 23.
1539 5556 1659 5607 ectammt
1677 5555 1774 5620 (littera

441 5636 615 5698 carpeneta)
634 5634 669 5690 n;
693 5632 815 5682 eatobnm
831 5646 965 5696 superscr.
985 5648 1002 5682 u
1019 5636 1037 5682 G
1058 5660 1083 5668 —
1110 5632 1150 5683 at.
1170 5647 1282 5682 autorem
1299 5636 1334 5693 R,
1356 5634 1483 5682 tumorem
1506 5632 1554 5682 Gli
1579 5658 1605 5668 -
1630 5634 1670 5682 25.
1690 5631 1775 5683 sim

443 5710 508 5758 inter
524 5708 576 5758 oris
593 5708 776 5758 Lachmannus
795 5708 837 5771 (nd
857 5709 960 5757 lucret.
975 5721 1000 5771 p.
1014 5709 1067 5770 aq:
1087 5709 1143 5757 Situ
1158 5710 1246 5756 nitoris
1262 5710 1295 5763 C;
1314 5712 1363 5757 sita
1378 5709 1475 5757 nidoris
1491 5706 1548 5765 alii;
1567 5708 1623 5756 Situ
1639 5706 1773 5757 lic-eutero

445 5783 574 5845 -pedore
590 5785 638 5834 Gn
654 5811 679 5820 -
697 5789 773 5845 atque
790 5783 879 5845 (adque
891 5779 930 5844 θ’)
948 5782 1038 5834 delent
1055 5785 1137 5833 Bothe
1151 5785 1177 5832 et
1188 5782 1314 5833 Ribbeck.
1330 5809 1356 5818 -
1371 5784 1410 5833 ii.
1430 5789 1503 5833 aeota
1514 5784 1543 5843 G,
1560 5787 1618 5833 coto
1635 5783 1682 5832 nti
1698 5807 1724 5817 -
1745 5782 1774 5832 tri

442 5858 547 5983 gg?
567 5885 588 5893 -
611 5859 653 5909 29.
670 5859 762 5910 recenti
779 5859 849 5909 Bake
866 5856 884 5908 l.
901 5855 919 5908 l.
938 5859 1006 5923 pili
1028 5857 1096 5921 (coll.
1115 5857 1147 5923 ἐξ
1164 5860 1205 5909 ta.
1224 5860 1264 5909 ta.
1285 5860 1316 5909 iv
1333 5858 1348 5922 ἓ
1367 5858 1421 5921 ll):
1439 5858 1544 5909 recentia
1561 5856 1610 5909 CO
1630 5886 1656 5893 —
1676 5854 1716 5907 ³2
1735 5857 1773 5924 aa}
