4342 7459
598 1254 668 1319 ιιι.
689 1253 728 1317 v.
760 1252 834 1319 cn.
856 1253 1229 1320 xxxvi-xxxma
1258 1250 1305 1336 ss
1326 1248 1505 1317 sos-su.
1679 1247 1738 1315 aar

408 1420 474 1479 mm
495 1412 614 1478 malum
637 1418 701 1488 est,
724 1432 820 1497 quam
841 1413 884 1477 sit
904 1433 943 1478 aa
965 1413 1210 1489 contemnenda,
1236 1412 1332 1497 paulo
1354 1418 1427 1476 ante
1449 1411 1568 1476 dietum
1591 1416 1649 1475 est
1685 1409 1764 1474 Sin

409 1509 521 1573 abesse
543 1508 644 1591 patria
665 1507 814 1571 miserum
836 1514 899 1583 est,
922 1507 1035 1592 plenae
1057 1509 1244 1573 miserorum
1263 1506 1444 1590 provinciae
1459 1513 1548 1580 sunt,
1571 1504 1742 1590 exquibus

410 1600 582 1665 admodum
603 1601 697 1683 pauci
719 1600 753 1664 in
774 1602 906 1685 patriam
930 1609 1144 1666 revertuntur.
1181 1597 1253 1664 l07.
1277 1602 1337 1665 aAt
1357 1600 1530 1664 multantur
1549 1600 1642 1664 bonis
1664 1618 1744 1661 exu-

412 1695 487 1759 les.»
512 1693 599 1771 Quid
620 1698 710 1760 tuml
732 1714 885 1778 parumne
907 1697 1007 1760 multa
1028 1697 1068 1760 de
1091 1694 1254 1760 toleranda
1275 1702 1461 1779 paupertate
1484 1692 1655 1757 dicuntur?
1677 1691 1742 1755 lam

411 1808 487 1853 raro
509 1787 656 1863 exilium,
686 1788 714 1853 si
742 1808 846 1853 rerum
876 1796 1035 1864 naturam,
1064 1810 1130 1854 non
1158 1789 1363 1873 ignominiam
1388 1789 1527 1852 nominis
1550 1788 1763 1871 quaerimues

413 1888 567 1967 quantum
588 1882 716 1945 tandem
738 1901 757 1946 a
778 1889 932 1965 perpetua
954 1884 1211 1966 peregrinatione
1233 1883 1359 1948 dillertl
1390 1883 1425 1946 in
1447 1900 1510 1967 qua
1531 1888 1650 1945 aetates
1671 1899 1745 1944 snas

412 1974 592 2061 philosophi
621 1975 812 2040 nobilissimi
841 1984 1123 2060 consumpserunt,
1158 1980 1368 2052 Xenocrates,
1402 1976 1548 2047 Crantor,
1577 1973 1744 2048 Arcesilas,

412 2070 571 2154 Lacydes,
592 2069 796 2144 Aristoteles,
818 2068 1073 2154 Theophrastus,
1099 2075 1195 2147 Zeno,
1218 2070 1400 2146 Cleanthes,
1423 2068 1634 2153 Chrysippus,
1655 2067 1745 2130 Anti·

412 2172 516 2248 pater,
540 2160 732 2237 Carneades,
744 2164 937 2239 ‘Panaetins,
961 2164 1188 2240 Clitomachus,
1211 2165 1314 2240 Philo,
1335 2163 1521 2238 Antiochus,
1541 2160 1743 2234 Posidonius,

413 2255 661 2321 innumerabiles
683 2257 756 2331 alii,
778 2258 833 2340 qui
855 2258 953 2322 semel
975 2259 1094 2342 egressi
1116 2279 1289 2344 numquam
1311 2258 1441 2321 domum
1461 2262 1668 2321 reverterunt.
1702 2256 1743 2317 At
1752 2268 1780 2315 ta

413 2350 497 2414 enim
527 2350 596 2413 sine
631 2350 805 2433 ignominia
832 2351 852 2387 Ἰ
865 2351 915 2386 *³*
935 2353 1071 2417 adlicere
1099 2353 1296 2438 sapientem't
1326 2351 1366 2415 de
1388 2352 1533 2436 sapiente
1555 2350 1641 2415 enim
1665 2347 1742 2411 haec

412 2443 515 2509 omnis
544 2443 646 2507 oratio
668 2452 732 2518 est,
762 2445 814 2508 cui
836 2446 904 2509 iure
925 2446 957 2509 id
979 2445 1124 2511 accidere
1146 2467 1212 2510 uon
1233 2447 1350 2533 possit;
1373 2466 1446 2509 nam
1468 2445 1537 2509 iure
1559 2442 1740 2508 exulantem

412 2536 570 2602 consolari
592 2556 655 2599 non
678 2545 811 2621 oportet.
849 2534 921 2602 l08.
942 2542 1106 2605 Postremo
1128 2540 1168 2604 ad
1191 2540 1294 2605 omnis
1314 2559 1406 2604 casus
1425 2539 1575 2604 facillima
1589 2535 1670 2600 ratio
1693 2541 1742 2598 est

411 2651 530 2703 eorum,
552 2630 608 2714 qui
624 2631 664 2693 ad
680 2631 875 2715 voluptatem
891 2652 930 2698 ea
943 2633 1095 2708 referunt,
1118 2654 1202 2719 quae
1215 2642 1367 2698 secuntur
1379 2634 1412 2698 in
1426 2635 1501 2707 rita,
1523 2639 1567 2706 ut,
1588 2649 1741 2716 quocum-

411 2746 473 2810 que
494 2724 573 2788 baec
594 2724 666 2788 loeo
688 2725 924 2810 suppeditetur,
947 2727 991 2791 ibi
1013 2728 1106 2792 beate
1126 2736 1245 2813 queant
1263 2730 1380 2792 virore.
1418 2729 1530 2812 ltaque
1551 2724 1592 2790 ad
1614 2736 1778 2789 omnemta

412 2819 566 2884 rationem
589 2818 703 2882 Teucri
726 2838 789 2882 vox
810 2820 1043 2885 accommodari
1064 2829 1186 2906 potest:

725 2914 855 2978 Patria
877 2922 953 2989 est,
976 2915 1222 2997 ubicumque
1244 2923 1307 2980 est
1326 2916 1436 2979 bene.

411 3008 556 3072 Socrates
585 3005 713 3090 quidem
740 3027 810 3070 cum
841 3017 1019 3092 rogaretur,
1049 3010 1187 3075 cuiatem
1217 3031 1251 3073 se
1281 3029 1352 3073 esse
1374 3009 1509 3081 diceret,
1537 3002 1740 3078 mundanum,

409 3102 529 3186 inquit;
557 3102 655 3164 totins
687 3100 772 3164 enim
799 3103 909 3167 mundi
937 3124 972 3167 se
999 3104 1137 3167 incolam
1165 3110 1198 3168 et
1218 3104 1319 3167 civem
1340 3101 1559 3165 arbitrabatur.
1597 3096 1681 3175 Quid
1704 3098 1740 3159 Τ.

408 3194 579 3259 Albucius?
610 3213 717 3257 nonne
743 3196 849 3259 animo
876 3197 1070 3281 aequissimo
1100 3197 1230 3261 Athenis
1252 3196 1325 3261 erul
1352 3193 1663 3279 philosophabatur?
1691 3190 1779 3253 culto

407 3295 512 3353 tamen
527 3288 607 3353 illud
621 3288 727 3371 ipsum
741 3309 805 3352 non
820 3291 998 3365 accidisset,
1013 3292 1041 3354 si
1055 3291 1091 3354 in
1104 3312 1139 3354 re
1154 3291 1281 3375 publica
1296 3291 1464 3375 quiescens
1475 3288 1603 3372 Epicuri
1618 3285 1741 3368 legibus

410 3382 579 3467 paruisset.
615 3378 687 3445 400.
704 3383 768 3459 Qui
790 3384 874 3448 enim
889 3385 1012 3449 beatior
1025 3386 1198 3468 Epicurus,
1216 3383 1302 3468 quod
1317 3384 1350 3447 in
1365 3382 1467 3468 patria
1481 3381 1618 3454 vivebat,
1634 3398 1741 3463 quam

408 3475 493 3561 qnod
516 3476 662 3552 Athenis,
692 3477 912 3543 Monadorusi
940 3484 996 3541 aut
1020 3480 1111 3542 Plato
1134 3480 1347 3542 Xenocratem
1367 3476 1515 3542 vincebat
1535 3480 1590 3538 aut
1609 3474 1740 3538 Polemo

408 3570 581 3634 Arcesilam
611 3590 675 3654 quo
711 3578 796 3635 esset
821 3571 966 3636 beatior?
998 3572 1117 3649 Quanti
1144 3592 1221 3638 vero
1243 3573 1304 3637 ista
1325 3572 1436 3636 civitas
1459 3567 1655 3633 aestimanda
1680 3574 1740 3642 est,

409 3684 450 3727 ex
471 3682 536 3748 qua
557 3664 634 3727 boni
648 3665 875 3749 sapientesque
888 3665 1072 3749 pelluntur?
1093 3667 1280 3730 Damaratus
1297 3666 1437 3750 quidem,
1459 3661 1625 3747 Tarquinii
1639 3661 1778 3725 nostrisa

408 3759 492 3841 reffl's
514 3765 619 3840 pater,
641 3763 809 3842 tyrannum
826 3758 995 3846 Cypselum
1008 3759 1096 3845 quod
1110 3758 1192 3824 ferre
1208 3780 1271 3824 non
1292 3765 1431 3843 poterat,
1452 3756 1535 3840 luffl‘t
1549 3754 1739 3840 Tarquinios

410 3848 562 3916 Corintho
586 3859 618 3914 et
639 3852 685 3915 ibi
706 3872 780 3915 suas
802 3850 944 3917 fortunas
966 3855 1131 3918 constituit
1151 3873 1188 3918 ac
1204 3854 1321 3918 liberos
1336 3852 1525 3937 procreavit.
1547 3851 1629 3912 Num
1643 3846 1739 3914 stulte

407 3945 592 4029 anteposuit
614 3945 704 4010 exilii
726 3946 901 4012 libertatem
923 3948 1116 4013 domesticae
1139 3948 1307 4013 servituti?

491 4038 669 4101 xxxvnt.
692 4034 763 4103 440.
787 4042 858 4133 lam
868 4062 943 4105 vero
962 4050 1067 4106 motus
1082 4042 1195 4117 animi,
1217 4041 1448 4106 sollicitudines
1462 4039 1740 4123 aegritudinesque

407 4135 571 4199 oblivione
593 4133 754 4198 leniuntur
775 4136 926 4199 traductis
942 4136 1056 4199 animis
1071 4136 1113 4199 ad
1127 4136 1333 4218 voluptatem.
1365 4136 1436 4198 Non
1451 4136 1519 4199 sine
1535 4152 1630 4197 causa
1644 4132 1777 4214 igiturto

407 4230 565 4312 Epicurus
587 4246 685 4292 ausus
708 4236 757 4291 est
778 4227 884 4292 dicere
907 4250 1034 4313 semper
1054 4230 1089 4292 in
1104 4228 1248 4313 pluribus
1263 4228 1353 4292 bonis
1369 4248 1439 4291 esse
1454 4228 1640 4312 sapientem,
1664 4224 1740 4308 quia

407 4340 533 4405 semper
560 4321 603 4384 sit
629 4322 662 4384 in
689 4322 916 4406 voluptatibus.
949 4324 998 4387 Ex
1020 4343 1083 4406 quo
1111 4319 1193 4387 ellici
1221 4329 1312 4406 putat
1337 4321 1408 4395 ille,
1437 4321 1524 4405 quod
1546 4321 1738 4405 quaerimus,

405 4425 441 4482 at
461 4417 588 4499 sapiens
610 4435 737 4499 semper
752 4416 864 4481 beatus
887 4418 940 4482 sit.
981 4413 1053 4480 lll.
1081 4417 1255 4489 aEtiamne,
1276 4416 1304 4478 si
1325 4415 1471 4479 sensibus
1494 4414 1612 4479 carebit
1633 4413 1741 4477 ocula·

407 4532 490 4584 rum,
514 4510 541 4572 si
563 4510 733 4573 auriumtn
771 4509 891 4586 Etiam;
912 4532 985 4574 nam
1007 4512 1067 4575 ista
1089 4509 1159 4593 ipsa
1180 4508 1365 4572 contemnit.
1398 4509 1538 4573 Primum
1560 4508 1644 4571 enim
1665 4507 1741 4571 hor·

407 4601 507 4668 ribilis
530 4604 591 4667 ista
612 4604 745 4668 caecitas
767 4605 882 4690 quibus
904 4605 1031 4670 tandem
1051 4610 1138 4668 caret
1152 4604 1391 4686 voluptatibus?
1414 4622 1485 4667 oum
1499 4603 1630 4687 quidam
1644 4603 1777 4666 etiamaa

409 4698 572 4783 disputent
586 4705 707 4763 ceteras
722 4698 899 4784 voluptates
919 4700 952 4763 in
968 4699 1047 4785 ipsis
1062 4698 1205 4763 babitare
1220 4698 1377 4773 sensibus,
1392 4716 1474 4781 quae
1488 4703 1594 4760 autem
1608 4702 1740 4780 aspectu

470 4979 493 5030 4.
513 4978 709 5040 mammas
729 4979 751 5028 G
774 5004 802 5014 -
821 4977 909 5043 paulo]
931 4978 995 5027 daut
1018 4990 1036 5027 a
1054 4978 1133 5041 paula
1150 4978 1170 5029 lt
1187 4980 1215 5029 et
1232 4978 1310 5039 (corr.
1330 4977 1390 5028 ead.
1409 4990 1445 5027 m.
1465 4991 1498 5027 ex
1513 4978 1683 5041 abatapotlo)
1701 4979 1737 5038 G;

405 5054 477 5105 dead
490 5054 568 5118 pasta
585 5055 604 5104 Β
624 5079 651 5090 ·-
670 5055 696 5104 9.
716 5051 798 5105 solim
815 5055 872 5105 sine
890 5052 972 5104 dubio
989 5055 1062 5104 recte
1079 5052 1162 5104 abasse
1178 5067 1196 5104 a
1206 5055 1305 5117 patria.
1330 5053 1368 5103 ct.
1387 5051 1518 5103 Emendd.
1532 5053 1624 5117 Epistt.
1638 5066 1664 5118 p.
1679 5052 1736 5103 bt.-

407 5128 448 5181 W.
464 5155 491 5165 -
508 5130 654 5192 proalattaa
670 5130 732 5179 G-
751 5128 775 5180 l.
794 5129 935 5179 wttaraada
951 5129 1042 5180 644-
1061 5129 1085 5180 44.
1105 5130 1240 5180 taadema
1256 5130 1392 5180 Davtstus:
1411 5128 1551 5182 damnet
1570 5127 1737 5178 deommao.

407 5202 460 5254 act.
480 5204 500 5264 1,
520 5204 559 5253 49.
580 5204 623 5263 ΙΙΙ,
642 5204 666 5253 8.
685 5205 715 5263 V,
735 5204 776 5255 89.
796 5204 852 5254 444.
872 5204 928 5253 tta.
950 5205 980 5254 ln
1001 5205 1167 5268 gravioribus
1185 5205 1305 5257 eiusdem
1323 5203 1573 5269 interrogationibus
1589 5205 1687 5254 amam
1704 5216 1738 5253 ne

408 5278 527 5329 hunum
545 5277 656 5342 quidem
673 5281 740 5329 est·
758 5279 800 5330 W.
816 5305 842 5316 -
862 5280 889 5329 Ι.
908 5280 1045 5331 archesilas
1061 5282 1081 5332 C
1097 5307 1124 5317 -
1143 5282 1167 5332 8.
1186 5281 1293 5332 canoas
1310 5281 1359 5332 GR
1372 5307 1399 5317 -
1419 5281 1444 5331 9.
1457 5280 1593 5330 camaadar
1606 5280 1740 5340 paaaetiar

406 5354 568 5403 attornacbaa
582 5352 651 5414 parto
668 5353 712 5405 1³¹:
731 5355 867 5405 carneades
881 5354 949 5416 abita
961 5353 1044 5415 G¹1l¹;
1062 5357 1199 5407 carneades
1213 5357 1347 5418 panaetius
1356 5356 1516 5406 clitomachus
1525 5356 1663 5406 caracallae
1671 5354 1739 5415 pauo

407 5430 464 5479 G'll
484 5455 511 5467 ·-
531 5430 556 5480 9.
571 5429 728 5491 paraidoaiar
744 5429 794 5480 GR
809 5455 836 5465 -
856 5430 897 5478 44.
911 5429 978 5479 anim
994 5442 1131 5494 superscr.
1151 5432 1251 5481 4440-
1269 5431 1571 5495 Ιρηοωᾶιὸαοάμοηθς
1589 5429 1737 5492 ignomiala

406 5506 547 5569 ignominia
568 5505 675 5568 adficere
693 5506 785 5567 paam
807 5504 952 5562 Maeotium
976 5506 1124 5568 igaamhta.
1146 5507 1186 5557 Aa
1202 5511 1282 5569 potest
1296 5505 1401 5555 aaran
1416 5505 1556 5569 {poemata
1571 5504 1677 5565 dacae
1692 5502 1737 5555 W.

406 5579 446 5641 (44
466 5580 533 5631 actm
554 5580 608 5629 aas
628 5580 768 5643 igaomtata
789 5580 901 5642 capitam
916 5594 967 5630 aaa
989 5580 1046 5630 lieet
1067 5580 1193 5631 wattun.
1224 5582 1301 5643 ossam
1317 5580 1371 5630 alla
1390 5582 1468 5643 possit
1484 5579 1623 5643 ipnomlaia
1638 5577 1739 5640 alflaan

406 5654 554 5716 maa!
578 5654 648 5705 Bake
666 5654 683 5705 Ι.
701 5654 719 5705 Ι,
738 5668 763 5719 p.
784 5654 850 5717 444.)
870 5682 897 5694 -
921 5656 961 5707 49.
979 5656 1006 5705 id
1027 5668 1164 5720 superscr.
1182 5657 1208 5707 tn
1231 5658 1251 5706 G
1274 5682 1302 5694 -
1326 5656 1438 5718 accipere
1459 5655 1479 5705 C
1498 5679 1525 5689 -
1548 5650 1737 5703 themeraria

408 5741 490 5792 marg.
509 5727 662 5793 suppletum
683 5729 765 5780 habet
782 5729 802 5780 lt
821 5752 848 5765 -
869 5730 909 5780 to.
926 5730 1095 5793 suppeditator
1111 5731 1174 5780 Gli:
1198 5729 1399 5792 meditabo
1419 5754 1446 5765 -
1466 5728 1505 5778 48.
1523 5726 1738 5776 Scaeua-da-

408 5804 460 5865 Μ
476 5804 575 5854 Nonius
592 5817 619 5868 p.
633 5804 674 5855 93.
696 5831 724 5841 -
746 5805 787 5854 90.
806 5803 915 5854 athsdar
931 5806 952 5855 G
971 5830 999 5842 -
1017 5805 1058 5855 94.
1077 5806 1219 5868 quarum
1236 5806 1256 5855 G
1274 5829 1303 5841 -
1325 5804 1367 5855 93.
1385 5802 1603 5865 atatatanaat
1622 5800 1687 5857 Gltt
1709 5806 1738 5853 st

405 5877 598 5939 „raanan
618 5906 645 5917 -
663 5880 705 5929 95.
723 5880 876 5930 Boumatos
892 5879 913 5930 0
931 5906 959 5918 -
978 5880 1073 5945 tarquii
1091 5877 1150 5931 Gh¹
1168 5906 1197 5919 -
1214 5879 1282 5945 regis
1296 5878 1376 5930 acuat
1392 5878 1412 5929 0
1431 5904 1459 5916 -
1477 5876 1519 5928 99.
1538 5889 1585 5939 qao
1600 5889 1735 5942 superscr.

408 5951 789 6019 iuli-&maarpaltlb
