4342 7459
859 1753 904 1845 u.
929 1750 1073 1843 nunu
1100 1746 1330 1843 uiuamus

487 1965 1111 2062 soennnroonurr
1149 1919 1700 2061 eosrnnronuru

893 2193 1056 2259 LIBER
1088 2193 1288 2260 PRIMUS

1069 2372 1120 2423 AD

711 2539 769 2605 M.
798 2533 1129 2603 TERENTIUM
1154 2534 1477 2601 VARRONEM·

957 2729 1000 2783 lix
1016 2728 1226 2781 RECENSIONE.

892 2908 1075 2972 CABOH
1102 2908 1297 2970 annuit

928 3246 1112 3308 NOTARUM
1131 3245 1260 3308 INDEX.

430 3400 497 3449 G:
514 3395 600 3448 codex
617 3393 790 3445 (ledonensis.
817 3388 932 3442 Contulit
949 3391 1089 3441 Lonovreus
1107 3389 1214 3442 Bornos.

428 3475 449 3524 Ρ
465 3484 495 3509 =
511 3470 596 3523 codex
613 3470 747 3522 Parisinus
764 3478 837 3517 num.
857 3466 934 3527 633⁴,
953 3463 987 3516 ab
1003 3465 1027 3515 J.
1045 3466 1075 3515 ll.
1095 3465 1238 3516 llnsxrueno
1256 3465 1374 3518 collatus.

428 3549 496 3599 A:
513 3538 683 3596 codox'olim
704 3540 938 3599 Udenbaohianus,
962 3554 1032 3592 nuno
1056 3540 1161 3591 llesnrcr
1178 3545 1269 3603 Amul,
1293 3542 1368 3594 ouius
1390 3541 1518 3595 lectiones
1535 3543 1576 3593 vir
1593 3540 1756 3596 clarissimus

510 3622 567 3686 ipss
585 3621 611 3669 in
627 3630 707 3669 nsum
725 3621 844 3667 nostrum
862 3617 1009 3680 exscripsit.

427 3697 496 3748 V:
513 3695 598 3747 codex
619 3706 691 3744 nunc
713 3693 859 3754 Parisinus,
886 3691 948 3742 olim
974 3693 1000 3741 iu
1025 3692 1092 3742 aede
1118 3694 1145 3743 s.
1168 3693 1281 3744 Victoris
1306 3706 1379 3744 num.
1398 3694 1438 3745 90.
1479 3694 1602 3745 Excussit
1621 3693 1756 3746 Enussnos

509 3772 671 3821 Woenrrnm.

428 3847 448 3898 C
465 3860 495 3885 =
510 3844 635 3906 ΑΕΗ,
653 3844 699 3908 qui
716 3845 778 3893 sunt
795 3854 889 3892 omnes
906 3840 1005 3892 saeculi
1022 3841 1076 3891 xv.

426 3919 465 3973 El.
483 3935 513 3960 =
529 3918 614 3972 codex
631 3918 742 3970 [iliensis
759 3918 866 3969 Davisii.

425 3998 486 4048 Bes.
504 4012 534 4036 =
551 3994 635 4045 codex
652 3992 804 4045 Basiliensis
821 3993 965 4044 Goerenzii.

426 4073 512 4136 litto
528 4085 558 4110 =
575 4069 683 4121 oodlcss
699 4070 872 4119 oxonienses.

426 4161 441 4196 r
461 4145 588 4196 :editio
605 4146 722 4195 ltomana
740 4158 764 4195 s.
785 4143 858 4195 tiit.

426 4222 446 4270 0
462 4234 491 4259 =
507 4220 588 4272 sditio
605 4219 733 4271 Orellisna
750 4221 831 4285 prior.

491 4306 629 4356 Lectiones
646 4303 769 4355 codicum
780 4307 801 4354 lt
811 4306 832 4354 G
841 4303 890 4356 ΡΥ
906 4303 1022 4366 integras
1036 4303 1060 4352 in
1074 4304 1231 4366 sppsretum
1244 4303 1363 4353 criticum
1376 4304 1536 4367 recepimus,
1555 4303 1619 4353 item
1633 4302 1755 4356 editionis

425 4382 573 4441 Romanae,
591 4379 640 4432 sed
658 4378 841 4443 aliquetenus
859 4378 942 4429 ioedis
959 4378 1164 4442 praetermissis,
1183 4377 1347 4442 reliquorum
1365 4378 1496 4437 codicum,
1512 4377 1557 4428 ubi
1575 4390 1674 4441 operae
1691 4392 1756 4442 pre-

424 4455 492 4507 tium
514 4456 601 4507 visum
624 4457 681 4516 est,
703 4456 866 4506 mentionem
888 4454 1008 4504 lecimus.
1044 4454 1072 4502 ln
1094 4452 1176 4503 rebus
1198 4452 1407 4517 orthographicis
1428 4455 1511 4504 secuti
1533 4466 1627 4505 sumus
1647 4452 1754 4507 codices

425 4530 584 4582 vetustiores
601 4527 710 4581 Luculli.

511 4728 535 4791 l.
558 4724 589 4792 l.
611 4730 649 4792 ln
672 4728 812 4792 Cumano
834 4749 935 4812 nuper
956 4749 1028 4792 oum
1050 4749 1173 4791 mecum
1189 4729 1311 4790 Atticus
1333 4735 1439 4791 noster
1454 4736 1552 4800 esset.
1574 4730 1755 4795 nuntiatum

425 4829 474 4885 est
499 4822 591 4885 nobis
620 4824 702 4885 sM.
725 4823 884 4897 Varrone,
916 4822 1040 4885 venisse
1064 4842 1137 4885 eum
1159 4823 1257 4884 Roma
1279 4821 1381 4903 pridie
1403 4824 1527 4906 vesperi
1550 4830 1597 4898 et,
1628 4824 1691 4887 nisi
1714 4824 1754 4889 de

426 4916 477 4979 via
497 4914 600 4978 fessus
623 4923 725 4990 esset,
748 4918 899 4979 continuo
922 4915 961 4979 sd
984 4936 1043 4979 nos
1063 4922 1231 4978 venturum
1253 4915 1363 4978 fuisse.
1404 4916 1496 4992 Quod
1519 4937 1590 4980 cum
1613 4918 1755 4982 audisse·

425 5029 510 5082 mus,
533 5008 651 5072 nullam
674 5029 793 5072 moram
817 5009 1080 5092 interponendam
1104 4996 1284 5091 putavimus
1300 5011 1378 5093 quin
1393 5011 1571 5074 videremus
1593 5012 1753 5077 hominem

400 5102 590 5175 snohisoum
620 5109 651 5165 et
680 5102 793 5165 studiis
824 5104 942 5166 eisdem
975 5112 1006 5166 et
1028 5110 1182 5166 velustate
1205 5104 1361 5167 amicitiae
1383 5105 1598 5168 coniunctum.
1641 5107 1754 5190 ltaque

425 5194 590 5259 confestim
613 5194 748 5259 adeum
771 5197 816 5259 ire
837 5198 1051 5281 perreximus,
1075 5196 1270 5281 paulumque
1294 5218 1364 5261 oum
1387 5197 1425 5260 ab
1445 5199 1514 5261 eius
1530 5199 1604 5261 villa
1625 5200 1754 5264 abesse·

425 5310 512 5365 mus,
540 5289 645 5372 ipsum
667 5289 707 5352 ad
729 5310 788 5353 nos
809 5291 989 5354 venientem
1012 5290 1167 5365 uidimus3
1199 5299 1294 5375 atque
1315 5291 1405 5354 illum
1428 5292 1604 5375 complexi,
1626 5300 1662 5355 ut
1683 5312 1752 5356 mos

488 5524 626 5573 Inscxnrro
643 5536 715 5573 exsui.
750 5524 786 5573 lt.
806 5523 879 5573 Tullii
901 5523 1024 5573 Ciceroms
1043 5530 1208 5575 cornmsnlom
1228 5537 1302 5587 sopor
1324 5523 1414 5572 librom
1431 5523 1650 5574 Aclcdsmicornm
1665 5524 1754 5587 incipit

424 5600 459 5657 G;
476 5599 566 5661 Incipit
581 5597 643 5648 tiber
658 5600 673 5648 1
687 5602 719 5659 P;
744 5600 806 5649 Pors
826 5598 899 5649 tincti
916 5599 1041 5650 Ciceronis
1056 5601 1088 5652 ds
1107 5601 1262 5663 pninsoptta
1279 5614 1300 5648 r.
1328 5600 1365 5649 [ie
1383 5599 1547 5663 reliquorum
1564 5599 1693 5651 librorum
1709 5600 1752 5651 in-

423 5673 567 5736 scriptione
585 5672 647 5724 nihll
664 5676 729 5727 certi
747 5676 858 5725 constat.

487 5748 511 5798 i.
531 5750 635 5798 lionam
651 5751 695 5810 θ’,
719 5753 832 5802 cuono
849 5764 863 5800 r
881 5777 908 5787 -
933 5752 957 5801 6.
976 5750 1008 5800 od
1024 5751 1077 5801 sios
1095 5754 1128 5812 G,
1153 5752 1182 5800 ut
1205 5751 1273 5799 ooni.
1292 5747 1459 5813 Wesenberg
1480 5749 1591 5811 (limend
1610 5750 1660 5801 Cic.
1679 5750 1749 5813 epist.

423 5836 451 5894 p.
469 5823 523 5890 iii:
542 5823 575 5875 od
591 5838 645 5879 otu.
663 5826 796 5880 livor
813 5850 839 5861 -
860 5823 998 5881 &monus
1013 5839 1067 5881 om.
1086 5826 1109 5876 V
1127 5827 1191 5890 (com
1206 5825 1340 5879 &memus
1356 5829 1401 5876 uio
1416 5827 1498 5894 ipsum
1515 5826 1547 5894 r).
