4342 7459
443 1220 504 1291 l22
706 1231 760 1294 DE
781 1232 937 1297 FlNlBUS
960 1231 1157 1302 BONORUM
1178 1233 1231 1296 ET
1252 1231 1454 1297 MALORUM

440 1400 532 1463 beate
553 1399 723 1463 vivendum
745 1400 865 1483 aliquid
888 1402 1014 1476 afferre,
1037 1420 1096 1463 nec
1118 1402 1273 1465 minorem
1288 1402 1482 1484 voluptatem
1505 1402 1623 1485 percipi
1643 1402 1677 1465 in
1692 1403 1766 1466 bre·

441 1494 538 1556 vitate
561 1496 727 1576 temporis,
749 1514 844 1578 quam
868 1495 894 1557 si
916 1495 970 1557 illa
993 1495 1034 1558 sit
1056 1496 1259 1576 sempiterna.
1305 1493 1357 1558 88.
1379 1495 1464 1559 Haec
1486 1495 1634 1559 dicuntur
1654 1496 1766 1560 incon·

441 1587 641 1649 stantissime.
680 1588 757 1650 Cum
780 1588 865 1650 enim
887 1608 1044 1651 summum
1067 1588 1188 1651 bonum
1209 1589 1421 1672 inuoluptate
1443 1597 1554 1672 ponat,
1577 1598 1673 1671 negat
1694 1590 1766 1654 infi-

442 1680 508 1741 nito
531 1687 674 1762 tempore
697 1683 807 1744 aetatis
829 1682 1022 1764 voluptatem
1044 1679 1111 1744 fieri
1134 1683 1286 1745 maiorem
1301 1704 1395 1765 quam
1414 1681 1501 1745 finito
1515 1691 1613 1767 atque
1628 1685 1766 1748 modico.

417 1773 645 1848 roriconem
667 1795 762 1838 omne
784 1777 817 1838 in
838 1776 954 1838 virtute
977 1776 1083 1857 ponit,
1107 1777 1133 1839 is
1156 1784 1261 1859 potest
1282 1777 1387 1840 dicere
1410 1774 1516 1859 perlici
1531 1777 1655 1840 beatam
1670 1779 1767 1840 vitam

441 1866 637 1949 perfectione
658 1870 802 1944 virtutls3
824 1877 919 1951 negat
933 1870 1017 1931 enim
1039 1890 1161 1933 summo
1182 1870 1268 1933 hono
1287 1871 1399 1934 afferre
1422 1872 1649 1934 incrementum
1664 1871 1766 1934 diem:

440 1962 496 2043 qui
525 1970 630 2026 nutem
659 1960 741 2026 effici
764 1962 924 2047 voluptate
945 1964 1069 2026 beatem
1092 1964 1185 2027 vitam
1212 1965 1349 2046 putabit,
1377 1966 1432 2048 qui
1454 1964 1564 2028 sibile
1586 1965 1767 2039 conveniet,

440 2056 468 2117 si
490 2056 618 2137 negabit
638 2057 834 2141 voluptatem
855 2077 996 2121 crescere
1018 2059 1272 2141 longinquitate?
1294 2060 1393 2141 Igitur
1411 2080 1450 2122 ne
1466 2059 1609 2123 dolorem
1624 2058 1767 2141 quidem.

441 2150 489 2211 An
511 2148 600 2213 dolor
622 2148 825 2233 longissimus
850 2152 987 2235 quisque
1011 2153 1220 2226 miserrimus,
1243 2152 1435 2234 voluptatem
1458 2174 1524 2216 non
1545 2154 1767 2236 optabiliorem

403 2257 431 2300 to
441 2242 631 2306 diuturnitas
652 2244 751 2307 lacit?
774 2245 858 2320 Quid
882 2254 930 2307 est
952 2245 1047 2327 igitur
1068 2267 1126 2309 cur
1146 2246 1189 2309 ita
1204 2265 1330 2328 semper
1342 2246 1437 2310 deum
1455 2246 1595 2329 appellet
1608 2248 1769 2330 Epicurus

439 2337 567 2400 beatum
597 2345 629 2402 et
653 2343 837 2401 aeternum?
872 2341 1005 2421 Dempta
1030 2341 1114 2402 enim
1142 2341 1326 2403 aeternitate
1351 2340 1451 2403 nihilo
1481 2340 1602 2404 beatior
1624 2341 1770 2425 luppiter

441 2450 535 2514 quam
564 2432 735 2516 Epicurus3
765 2440 898 2516 uterque
929 2436 1013 2495 enim
1041 2455 1163 2496 summo
1191 2435 1276 2495 bono
1304 2432 1433 2507 fruitur,
1463 2433 1495 2495 id
1527 2443 1574 2497 est
1596 2434 1769 2517 voluptate.

441 2529 501 2588 «At
522 2527 606 2588 enirn
628 2526 680 2589 hic
701 2527 797 2589 etiam
819 2527 958 2590 dolore.»
995 2528 1037 2589 At
1057 2547 1129 2591 eum
1150 2527 1242 2589 nihili
1257 2526 1348 2601 sacit3
1370 2528 1415 2589 ait
1429 2527 1513 2590 enim
1530 2547 1580 2601 se,
1602 2529 1630 2590 si
1649 2536 1769 2601 uretur,

443 2640 559 2704 equam
580 2620 642 2682 hoc
664 2622 803 2684 suavein
827 2621 992 2684 dicturum.
1036 2619 1087 2682 89.
1111 2621 1184 2695 Qua
1205 2621 1301 2702 igitur
1321 2641 1355 2683 re
1370 2621 1409 2683 ab
1425 2619 1486 2682 deo
1505 2622 1650 2696 vincitur,
1673 2621 1700 2684 si
1715 2641 1770 2685 ae·

403 2714 586 2778 toternitate
608 2735 672 2778 non
693 2716 851 2778 vincitur?
873 2716 910 2777 ln
925 2735 989 2797 qua
1003 2715 1080 2797 quid
1103 2723 1153 2777 est
1168 2714 1244 2776 honi
1260 2721 1384 2797 praeter
1400 2734 1554 2777 summam
1570 2717 1768 2799 voluptatem

440 2815 472 2871 et
493 2828 563 2871 eam
585 2810 830 2891 sempiternam?
860 2809 946 2884 Quid
969 2829 1044 2890 ergo
1066 2810 1179 2871 attinet
1198 2808 1342 2918 gloriose
1369 2808 1474 2892 loqui,
1504 2810 1566 2871 nisi
1586 2817 1771 2873 constanter

440 2901 596 2983 loquarel
628 2904 666 2966 ln
688 2903 849 2985 voluptate
870 2904 1011 2986 corporis
1033 2937 1073 2947 —
1095 2904 1224 2975 addam,
1253 2902 1280 2964 si
1302 2903 1366 2977 vis,
1393 2903 1504 2975 animi,
1526 2904 1602 2965 dum
1624 2923 1662 2966 ea
1683 2905 1769 2987 ipsa,

440 3004 475 3058 ut
497 2995 607 3071 vultis,
629 2998 671 3060 sit
685 3017 726 3059 ex
741 3017 873 3081 corpore
892 2998 1046 3060 -situm
1068 3006 1115 3060 est
1130 2999 1236 3060 vivere
1251 2997 1352 3059 beate.
1385 2996 1493 3071 Quint
1516 2996 1608 3060 istam
1623 2996 1770 3079 volupta-

440 3095 503 3152 tem
533 3097 717 3174 perpetuam
746 3093 817 3174 quis
845 3101 949 3176 potest
968 3100 1129 3174 praestare
1156 3091 1313 3173 sapienti?
1346 3093 1423 3153 Nam
1446 3090 1561 3172 quibus
1582 3090 1679 3153 rebus
1700 3088 1770 3154 effi·

401 3185 564 3247 ”ciuntur
592 3184 782 3269 voluptates,
808 3206 865 3249 eae
893 3206 954 3250 non
986 3193 1061 3248 sunt
1091 3185 1124 3247 in
1153 3191 1311 3266 potestate
1331 3184 1505 3265 sapientis3
1538 3185 1709 3248 nonenim
1735 3186 1770 3248 in

438 3279 507 3361 ipsa
525 3278 681 3361 sapientia
702 3282 838 3364 positum
855 3289 904 3343 est
922 3280 1049 3342 beatum
1071 3300 1156 3351 esse,
1178 3279 1234 3341 sed
1257 3278 1352 3341 iniis
1375 3278 1484 3352 rebus,
1506 3298 1586 3360 quas
1612 3278 1770 3360 sapientia

438 3379 597 3455 comparat
616 3373 656 3436 ad
672 3373 874 3456 voluptatem.
910 3376 1024 3436 Totum
1047 3382 1153 3436 autem
1176 3372 1209 3434 id
1231 3380 1398 3435 externum
1420 3380 1484 3445 est,
1507 3380 1540 3434 et
1555 3371 1640 3455 quod
1664 3380 1770 3435 exter·

439 3486 525 3539 num,
548 3466 580 3528 id
602 3467 636 3529 in
658 3486 733 3530 casu
755 3474 813 3530 est.
847 3469 893 3529 lta
914 3464 949 3529 fit
969 3466 1081 3529 beatae
1098 3468 1180 3531 vitae
1195 3465 1324 3528 domina
1338 3464 1476 3539 fortuna,
1499 3484 1593 3549 quem
1610 3465 1769 3547 Epicurus

439 3559 484 3622 ait
502 3560 649 3641 exiguam
671 3560 861 3623 intervenire
882 3560 1027 3643 sapienti.

401 3664 430 3709 to
522 3655 668 3717 xxvul.
689 3651 740 3714 99.
766 3654 877 3735 «Age»
902 3654 1028 3736 inquies
1054 3654 1137 3717 aista
1159 3674 1254 3738 parva
1276 3662 1359 3718 sunt.
1393 3653 1576 3735 Sapientem
1595 3651 1770 3736 locupletat

386 3735 391 3747 ⁸
439 3746 510 3829 ipse
531 3754 656 3820 natura,
680 3748 769 3809 cuius
792 3747 917 3810 divitias
939 3748 1097 3830 Epicurus
1126 3748 1282 3830 parabiles
1304 3768 1374 3812 esse
1398 3748 1534 3810 docuit.»
1579 3747 1666 3809 llaec
1686 3746 1769 3810 bene

440 3839 600 3913 dicuntur,
628 3860 688 3902 nec
719 3859 779 3922 ego
809 3860 967 3922 repugno,
998 3840 1053 3902 sed
1076 3842 1160 3905 inter
1182 3862 1252 3905 sese
1274 3843 1344 3925 ipsa
1366 3850 1517 3925 pugnant.
1560 3844 1662 3923 Negat
1682 3843 1768 3904 enim

440 3933 626 3996 tenuissimo
653 3937 751 4007 victu,
782 3935 814 3997 id
844 3945 891 3998 est
920 3936 1196 4017 contemptissimis
1227 3937 1306 3999 escis
1330 3945 1360 3998 et
1381 3936 1581 4020 potionibus,
1613 3935 1768 3998 minorem

440 4026 634 4111 voluptatem
655 4030 773 4112 percipi
796 4049 890 4111 quam
912 4029 1006 4092 rebus
1029 4030 1287 4112 exquisitissimis
1307 4030 1347 4092 ad
1363 4029 1565 4113 epulandum.
1602 4028 1682 4090 Huic
1698 4048 1766 4111 ego,

401 4121 465 4183 sesi
489 4132 618 4203 negaret
640 4124 808 4206 quicquam
831 4125 983 4185 interesse
1006 4123 1045 4185 ad
1068 4123 1159 4185 beate
1183 4124 1371 4196 vivendum,
1396 4124 1483 4205 quali
1506 4130 1647 4185 uteretur
1670 4124 1767 4195 victu,

439 4217 662 4290 concederem,
684 4216 845 4280 laudarem
868 4218 979 4291 etiam;
1003 4237 1111 4280 verum
1135 4217 1219 4277 enim
1242 4216 1376 4289 diceret,
1399 4218 1496 4297 idque
1517 4218 1688 4290 Socratem,
1711 4216 1768 4297 qui

439 4309 631 4391 voluptatem
655 4311 745 4374 nullo
768 4311 838 4374 loco
860 4320 1019 4384 numerat,
1042 4310 1139 4374 audio
1162 4311 1332 4384 dicentem,
1355 4309 1417 4372 cibi
1441 4308 1674 4372 condimentum
1698 4329 1768 4371 esse

438 4404 567 4478 famem,
590 4406 729 4489 potionis
751 4405 847 4468 sitim.
894 4405 958 4467 Sed
982 4406 1037 4488 qui
1066 4403 1106 4465 ad
1130 4404 1323 4486 voluptatem
1347 4403 1453 4465 omnia
1475 4403 1614 4466 referens
1636 4403 1713 4464 vivit
1735 4410 1770 4465 ut

439 4498 620 4571 Gallonius,
643 4500 784 4582 loquitur
806 4506 840 4562 ut
861 4499 956 4580 Frugi
979 4500 1033 4562 ille
1055 4500 1142 4570 Piso,
1165 4520 1229 4562 non
1252 4499 1348 4561 audio
1372 4518 1521 4560 neceam
1543 4496 1629 4579 quod
1652 4497 1770 4559 sentiat

401 4593 545 4657 aedicere
568 4594 722 4657 existimo.
766 4588 816 4653 9l.
840 4594 1005 4656 Naturales
1029 4593 1157 4655 divitias
1180 4594 1262 4656 dixit
1285 4591 1442 4674 parabiles
1462 4611 1547 4663 esse,
1570 4589 1655 4673 quod
1671 4609 1769 4672 parvo

439 4693 524 4748 esset
546 4695 657 4750 natura
680 4695 836 4750 contenta.
875 4689 980 4760 Certe,
1011 4688 1070 4749 nisi
1094 4687 1286 4768 voluptatem
1309 4686 1388 4746 tanti
1410 4684 1629 4747 aestimaretis.
1675 4684 1769 4746 «Non

440 4780 560 4842 minora
591 4782 694 4865 inquit
717 4782 882 4864 «voluptas
910 4781 1084 4863 percipitur
1106 4800 1147 4841 ex
1169 4779 1330 4842 vilissimis
1352 4779 1447 4841 rebus
1471 4798 1564 4861 quam
1587 4797 1627 4838 ex
1650 4778 1770 4859 pretio-

440 4875 601 4938 sissimiso
639 4875 708 4938 Hoc
730 4883 865 4938 estnon
888 4874 983 4938 modo
1006 4894 1060 4936 cor
1082 4894 1147 4936 non
1173 4873 1305 4947 habere,
1329 4872 1383 4935 sed
1407 4893 1447 4935 ne
1470 4872 1608 4954 palatum
1628 4871 1768 4954 quidem.

504 5177 528 5223 t.
547 5174 652 5238 aliquid]
675 5174 810 5235 quicquam
833 5176 853 5223 G
873 5201 899 5210 -
924 5175 948 5223 ².
967 5172 1042 5237 llaec]
1060 5173 1140 5221 eccll
1162 5198 1185 5205 ψ
1214 5173 1238 5220 5.
1256 5171 1341 5235 perlici
1359 5171 1424 5221 AB:
1447 5171 1554 5232 perspici
1571 5172 1591 5220 E
1610 5197 1636 5204 -
1661 5171 1685 5219 7.
1706 5171 1770 5231 citici

437 5251 564 5312 uoluptate
580 5250 679 5298 motem
695 5250 775 5298 eitam
792 5252 826 5299 A:
845 5250 973 5311 uoluptate
989 5251 1069 5298 udam
1085 5246 1149 5309 miei
1166 5247 1264 5296 motem
1282 5248 1366 5297 BMO
1380 5273 1403 5280 -
1426 5247 1447 5294 ts
1464 5250 1496 5295 A:
1517 5258 1570 5294 orn.
1589 5246 1641 5296 Bll
1662 5273 1688 5281 -
1708 5258 1769 5293 coc-

437 5325 567 5375 uenirctll
587 5350 614 5359 -
634 5325 659 5375 8.
677 5323 775 5386 repetit
797 5319 868 5373 AB¹:
898 5325 1006 5387 nepooct
1027 5324 1087 5373 3²13
1108 5350 1134 5359 -
1163 5323 1187 5371 9.
1206 5323 1337 5385 optabimus
1357 5320 1386 5372 A*
1404 5351 1436 5360 -
1463 5322 1502 5371 lo.
1522 5321 1628 5383 appellet
1643 5321 1769 5382 Epicurus

437 5401 537 5449 metten
553 5400 588 5449 A:
615 5400 731 5462 epicurus
752 5399 857 5460 appellet
879 5400 977 5448 bomem
997 5400 1032 5455 B;
1060 5399 1184 5459 Epicurus
1200 5398 1299 5447 beatum
1316 5398 1420 5459 cppcttct
1437 5398 1503 5455 Ell3
1530 5396 1628 5445 lectum
1645 5396 1771 5456 Epicurus

437 5475 574 5537 cppettetO
588 5500 614 5508 —
630 5475 670 5523 tt.
682 5474 774 5535 iupiter
784 5476 804 5523 Α
814 5474 864 5522 ΒΟ
878 5501 905 5510 -
920 5474 959 5523 tt.
973 5472 1052 5535 cicili]
1065 5472 1126 5520 citii
1138 5473 1186 5520 ΑΒ
1202 5496 1227 5506 -
1242 5486 1267 5520 se
1279 5484 1358 5534 supra
1371 5484 1478 5520 versum
1491 5472 1511 5519 Α
1525 5471 1593 5529 (tort.
1607 5470 1691 5533 prima
1704 5471 1767 5527 m.):

438 5563 491 5599 om.
505 5550 567 5604 BE;
586 5547 628 5612 [se]
647 5549 707 5598 0-
727 5548 766 5599 tl.
786 5549 818 5597 ob
834 5552 869 5599 A:
889 5563 907 5597 c
924 5549 1006 5599 BMO
1026 5574 1052 5582 -
1073 5548 1113 5596 ⁴5.
1133 5545 1286 5607 peccone:
1306 5559 1434 5606 quocum
1454 5545 1608 5594 WelleroO
1624 5572 1649 5580 -
1669 5544 1709 5592 ll.
1728 5545 1768 5593 lo-

437 5626 525 5685 quore]
539 5624 637 5684 toqeiB
653 5650 678 5659 -
699 5624 739 5674 48.
758 5624 794 5685 st]
811 5629 855 5672 cut
873 5624 919 5672 BE
934 5650 960 5659 -
980 5636 1087 5672 ernost
1107 5627 1128 5670 ct
1142 5625 1175 5677 Α;
1194 5623 1296 5671 eBlllO
1311 5648 1336 5656 -
1356 5622 1396 5669 20.
1411 5620 1462 5683 cae]
1480 5621 1511 5688 lup
1528 5624 1560 5676 A:
1579 5620 1622 5668 trec
1638 5618 1657 5666 B
1673 5644 1697 5654 -
1713 5624 1771 5666 rect

438 5700 463 5747 in
477 5703 597 5760 potestate
611 5701 646 5748 A:
667 5699 692 5746 tn
707 5704 826 5759 potestate
841 5704 897 5747 sunt
915 5699 995 5747 BEO
1014 5699 1048 5757 tte
1066 5709 1120 5745 om.
1133 5699 1174 5753 Αἱ)
1195 5724 1220 5731 -
1240 5697 1281 5745 rt.
1301 5710 1352 5757 quo
1369 5697 1492 5757 sapientia
1510 5696 1556 5745 BE
1574 5722 1606 5731 -
1623 5695 1664 5742 lt.
1683 5697 1770 5742 ector-

438 5786 499 5821 cum
516 5776 550 5822 A:
573 5777 712 5822 extremum
729 5774 747 5822 B
766 5772 823 5833 this]
844 5800 869 5807 -
889 5778 924 5822 est
941 5773 1035 5823 ABE:
1059 5785 1113 5821 om,
1133 5772 1185 5820 ΜΟ
1207 5798 1232 5807 -
1251 5771 1292 5819 26.
1311 5771 1384 5834 ilaec]
1403 5773 1453 5820 Nec
1470 5771 1489 5819 E
1509 5798 1536 5807 -
1561 5769 1602 5817 at.
1622 5769 1676 5829 ipsc
1692 5781 1771 5829 repu-

437 5850 552 5912 pcnotll
572 5875 598 5884 -
623 5848 663 5897 28.
682 5849 708 5897 id
724 5849 767 5912 cst]
785 5850 884 5897 idemll
910 5876 936 5883 -
961 5848 1001 5898 32.
1020 5847 1088 5895 nullo
1105 5846 1166 5908 ioco]
1184 5846 1253 5895 initio
1270 5848 1291 5896 Α
1311 5874 1337 5882 -
1357 5846 1397 5895 34.
1415 5844 1658 5908 perstupentes
1678 5867 1705 5879 -
1725 5858 1771 5893 occ

439 5922 502 5972 AB:
521 5936 566 5972 nec
581 5924 647 5973 esen
664 5923 742 5973 codd.
762 5924 922 5982 deteriores;
940 5935 985 5972 nec
1003 5920 1084 5986 [enim]
1104 5921 1123 5968 0
1142 5946 1169 5955 -
1190 5921 1255 5981 quod
1271 5933 1325 5970 om.
1345 5921 1363 5969 E
1384 5947 1410 5957 -
1430 5919 1470 5970 38.
1489 5933 1520 5969 se
1536 5932 1590 5969 om.
1609 5918 1637 5968 E.
