4342 7459
726 1241 794 1305 en.
815 1241 855 1303 11.
884 1238 957 1304 cn».
981 1239 1167 1302 xr-xru.
1194 1238 1240 1323 it
1263 1238 1410 1306 ee-er.
1672 1238 1729 1304 eol

412 1424 445 1466 re
466 1401 544 1466 satis
566 1399 642 1465 mibi
663 1399 793 1476 dedisti,
823 1422 894 1465 cum
923 1399 1113 1484 respondisti
1135 1399 1236 1462 maius
1259 1400 1315 1462 tibi
1338 1399 1438 1464 rideri
1460 1404 1577 1467 malum
1598 1383 1735 1470 dedecus

411 1517 506 1581 quam
535 1496 688 1560 dolorem.
728 1496 797 1558 lloc
825 1496 928 1578 ipsum
960 1494 1045 1556 enim
1067 1493 1093 1556 si
1117 1493 1254 1567 tenebis,
1283 1494 1451 1578 intelleges
1473 1516 1566 1580 quam
1590 1497 1630 1560 sit
1651 1499 1736 1565 obsi·

410 1588 558 1658 standum
581 1589 698 1663 dolori3
731 1609 790 1652 nec
817 1597 881 1651 tam
904 1587 1119 1671 quaerendum
1142 1593 1190 1649 est
1212 1586 1302 1650 dolor
1323 1588 1481 1653 malumne
1504 1589 1545 1653 sit
1567 1610 1662 1673 quam
1683 1589 1736 1655 lir-

409 1683 543 1746 mandus
564 1682 689 1746 animus
710 1683 750 1746 ad
767 1682 909 1746 dolorem
932 1681 1107 1745 serendum.
1143 1676 1195 1742 29.
1211 1680 1414 1744 Concludunt
1428 1684 1619 1747 ratiunculas
1635 1685 1734 1750 Stoici

409 1796 466 1839 cur
489 1796 555 1840 non
577 1777 619 1840 sit
640 1778 773 1850 malum,
796 1778 888 1861 quasi
906 1776 951 1839 ·de
973 1774 1082 1848 verbo,
1111 1793 1174 1837 non
1198 1774 1293 1837 dere
1316 1774 1485 1840 laboretur.
1508 1811 1549 1824 -
1578 1778 1662 1855 Quid
1684 1801 1759 1851 mee

408 1871 542 1954 decipis,
571 1874 679 1935 Zeno‘i
711 1892 784 1935 nam
813 1891 884 1935 cum
910 1870 959 1946 id,
988 1868 1073 1951 quod
1102 1867 1180 1930 mibi
1208 1868 1360 1932 horribile
1382 1871 1522 1947 videtur,
1549 1880 1583 1935 tu
1606 1876 1735 1937 omnino
1844 1911 1845 1915 =

408 1968 529 2030 malum
550 1986 649 2049 negas
672 1986 759 2042 esse,
789 1966 897 2050 capior
927 1974 959 2028 et
984 1966 1065 2028 scire
1088 1962 1184 2045 cupio
1207 1983 1270 2045 quo
1294 1964 1389 2028 modo
1410 1963 1460 2040 id,
1488 1968 1573 2051 quod
1597 1988 1656 2051 ego
1679 1971 1736 2033 mi·

308 2099 312 2106 -
408 2062 575 2123 sentimum
590 2059 785 2135 existimem,
807 2080 849 2122 ne
871 2060 989 2122 malum
1011 2056 1141 2142 quidem
1163 2058 1213 2120 sit.
1228 2090 1269 2104 -
1291 2058 1377 2121 Nihil
1392 2069 1454 2135 est,
1476 2061 1597 2146 inquit,
1619 2064 1736 2128 malum

408 2155 471 2219 nisi
501 2154 586 2238 quod
616 2164 708 2237 turpe
739 2163 834 2237 atque
855 2154 1003 2216 vitiosum
1026 2158 1083 2213 est.
1106 2184 1147 2197 -
1177 2150 1224 2212 dd
1249 2152 1386 2235 ineptias
1408 2154 1507 2231 redis3
1540 2157 1619 2221 illud
1641 2159 1736 2235 enim,

408 2250 494 2333 quod
518 2269 568 2311 me
590 2248 740 2331 angebat,
761 2268 826 2311 non
848 2248 969 2310 eximis.
1002 2245 1074 2308 Scio
1090 2244 1233 2307 dolorem
1247 2265 1311 2309 non
1327 2267 1396 2309 esse
1412 2249 1602 2332 nequitiam
1625 2251 1773 2322 desinere

408 2344 442 2408 id
465 2362 517 2407 mc
540 2344 674 2407 docere:
696 2343 757 2405 hoc
779 2342 877 2416 doce,
899 2341 1025 2403 doleam
1047 2358 1147 2402 necne
1169 2338 1292 2403 doleam
1313 2340 1393 2404 nibil
1406 2341 1569 2407 interesse.
1583 2379 1626 2393 -
1640 2349 1736 2411 Num-

408 2458 505 2521 quam
527 2437 717 2522 quicquam,
745 2436 866 2520 inquii,
891 2434 931 2498 ad
957 2434 1049 2496 beate
1072 2433 1202 2516 quidem
1224 2432 1412 2510 vivendum,
1441 2435 1528 2519 quod
1550 2447 1599 2502 est
1619 2441 1651 2504 in
1674 2462 1737 2507 una

408 2534 526 2595 virtute
554 2533 712 2614 positum;
742 2532 798 2595 sed
820 2537 995 2594 esttamen
1017 2526 1219 2589 reiciendum.
1255 2525 1341 2590 Cur‘l
1362 2531 1519 2613 Asperum
1539 2542 1603 2611 est,
1626 2543 1736 2601 contra

409 2634 570 2699 naturam,
594 2623 723 2689 difficile
743 2645 913 2707 perpessu,
939 2624 1043 2697 triste,
1066 2620 1190 2684 durum.

493 2720 579 2782 xru.
601 2717 653 2781 30.
676 2721 762 2782 llaec
784 2727 832 2782 est
853 2717 944 2801 copia
966 2716 1150 2789 verborum,
1173 2717 1259 2798 quod
1282 2737 1391 2781 omnes
1412 2738 1477 2781 uno
1500 2720 1597 2783 verbo
1619 2723 1775 2793 malumne

408 2812 626 2895 appellamus,
655 2814 688 2876 id
711 2822 758 2877 tot
779 2812 881 2877 modis
903 2832 998 2894 posse
1019 2810 1134 2874 dicere.
1172 2805 1292 2874 Definis
1313 2820 1347 2876 tu
1370 2812 1463 2887 mibi,
1485 2833 1550 2877 non
1572 2816 1658 2880 tollis
1681 2817 1737 2881 do-
1774 2868 1778 2880 .

408 2909 523 2982 iorem,
555 2927 627 2970 cum
648 2908 729 2971 dicis
750 2927 916 2992 asperum,
948 2914 1055 2970 contra
1079 2913 1238 2979 naturam,
1262 2905 1315 2968 vix
1337 2907 1424 2987 quod
1445 2907 1520 2971 ferri
1543 2910 1737 2996 tolerarique

408 3002 530 3086 possit,
559 3020 619 3063 nec
647 3000 810 3076 mentiris;
841 3000 897 3064 sed
926 3020 960 3063 re
990 2999 1195 3063 succumbere
1227 3018 1291 3061 non
1324 3001 1506 3082 oportebat,
1533 3004 1638 3068 verbis
1672 3006 1738 3087 glo-

410 3097 556 3160 riantem.
602 3094 687 3157 Nihil
718 3093 837 3157 bonum
870 3094 931 3157 nisi
962 3093 1048 3177 quod
1076 3094 1262 3167 honestum,
1294 3094 1374 3156 nibil
1408 3096 1523 3159 malum
1557 3098 1619 3162 nisi
1651 3098 1737 3183 quod

410 3202 520 3275 turpe:
550 3198 660 3272 optare
688 3189 749 3251 hoc
778 3188 906 3269 quidem
935 3196 997 3260 est,
1027 3206 1092 3249 non
1116 3186 1238 3250 docere.
1276 3187 1354 3249 lllud
1377 3195 1409 3251 et
1430 3189 1543 3254 melius
1565 3199 1598 3254 et
1619 3192 1776 3267 ver-iumen

410 3285 536 3360 omnia,
559 3302 641 3366 quae
664 3289 774 3345 natura
795 3289 996 3365 aspernetur,
1018 3284 1052 3345 in
1074 3280 1166 3344 malis
1187 3301 1274 3355 esse,
1297 3301 1378 3365 quae
1392 3282 1565 3359 adsciscat,
1587 3284 1620 3347 in
1635 3285 1738 3348 bonis.

411 3380 478 3442 lloc
513 3377 621 3460 posito
653 3384 685 3438 et
715 3375 882 3439 verborum
910 3376 1144 3440 concertatione
1173 3375 1296 3438 sublata
1325 3384 1445 3441 tantum
1477 3385 1581 3441 tamen
1603 3378 1740 3442 excellet

409 3473 508 3546 illud,
531 3470 621 3554 quod
642 3478 727 3532 recte
749 3470 972 3551 amplexantur
992 3470 1062 3543 isti,
1085 3468 1170 3553 quod
1186 3469 1369 3545 honestum,
1391 3471 1479 3555 quod
1494 3481 1631 3548 rectum,
1653 3472 1739 3556 quod

411 3568 563 3631 decorum
587 3564 800 3649 appellamus,
822 3562 908 3645 quod
930 3564 1015 3626 idem
1037 3562 1195 3626 interdum
1217 3563 1342 3627 virtutis
1364 3565 1491 3628 nomine
1512 3567 1739 3650 amplectimur,

413 3669 448 3724 ut
468 3660 579 3723 omnia
601 3666 778 3741 praeterea,
801 3677 883 3741 quae
906 3657 987 3722 bona
1009 3656 1149 3739 corporis
1165 3664 1196 3719 et
1218 3656 1363 3721 fortunae
1383 3666 1545 3741 putantur,
1566 3662 1776 3743 perexiguam

412 3762 444 3817 et
465 3754 590 3817 minuta
613 3752 794 3825 videantur,
817 3770 858 3813 ne
879 3752 995 3814 malum
1019 3752 1147 3836 quidem
1171 3751 1288 3826 ullum,
1313 3773 1388 3827 uec,
1411 3753 1492 3816 siin
1515 3774 1613 3817 unum
1634 3754 1739 3817 locum

411 3849 536 3913 conlata
564 3848 670 3910 omnia
692 3848 769 3918 sint,
792 3866 864 3908 cum
886 3845 1088 3927 turpitudinis
1114 3845 1197 3908 malo
1221 3848 1441 3927 comparanda.
1476 3843 1528 3910 3⁴.
1552 3846 1623 3923 Qua
1644 3868 1678 3910 re
1701 3848 1739 3923 si,

412 3954 447 4007 nt
475 3944 570 4007 initio
604 3941 803 4013 concessisti,
835 3940 997 4023 turpitudo
1024 3941 1117 4023 peius
1146 3948 1194 4003 est
1219 3962 1314 4024 quam
1337 3940 1444 4014 dolor,
1476 3941 1554 4004 nibil
1577 3948 1625 4005 est
1646 3941 1740 4023 plane

411 4036 513 4099 dolor.
549 4037 630 4097 Nam
655 4034 730 4097 dum
753 4035 809 4096 tibi
833 4044 924 4115 turpe
947 4054 1007 4096 nec
1029 4034 1158 4117 dignum
1180 4034 1249 4097 viro
1268 4035 1424 4098 videbitur
1446 4055 1588 4118 gemere,
1611 4035 1739 4110 eiulare,

412 4130 594 4204 lamentari,
622 4128 739 4211 frangi,
770 4128 926 4190 debilitari
950 4128 1073 4201 dolore,
1098 4127 1170 4190 dum
1194 4129 1357 4202 honestas,
1388 4128 1461 4190 dum
1484 4129 1635 4212 dignitas,
1664 4129 1776 4202 duman

412 4222 510 4285 decus
540 4223 659 4296 aderit,
688 4232 787 4305 tuque
816 4224 849 4284 in
872 4242 909 4285 ee
931 4225 1057 4284 intuens
1080 4232 1110 4284 te
1134 4222 1328 4296 continebis,
1357 4222 1449 4286 cedet
1469 4222 1610 4306 prolecto
1633 4223 1740 4286 virtuti

412 4316 506 4380 dolor
527 4325 560 4379 et
582 4318 678 4379 animi
701 4318 884 4380 inductione
907 4316 1098 4397 languescet.
1135 4318 1197 4378 Aut
1220 4317 1303 4379 enim
1319 4316 1406 4379 nulla
1421 4318 1518 4379 virtus
1534 4326 1582 4380 est
1596 4325 1650 4381 aut
1665 4336 1740 4379 con·

413 4410 604 4474 temnendus
633 4412 737 4472 omnis
768 4409 867 4473 dolor.
910 4409 1154 4472 Prudentiamne
1177 4412 1225 4472 vis
1248 4430 1333 4484 esse,
1363 4410 1515 4493 sineque
1538 4432 1577 4474 ne
1599 4409 1739 4491 intellegi

412 4505 544 4590 quidem
568 4504 633 4568 ulla
654 4505 752 4566 clitus
774 4507 901 4585 potest?
933 4502 1017 4577 Quid
1040 4505 1142 4582 ergoi
1165 4523 1202 4565 ea
1216 4505 1392 4586 patieturne
1410 4512 1440 4565 te
1455 4505 1624 4588 quicquam
1638 4503 1740 4567 lacere

413 4599 493 4662 nihil
515 4595 730 4680 proficientem
754 4607 786 4660 et
804 4600 923 4678 [φαείνω
943 4597 1147 4671 laborantem,
1167 4616 1209 4658 an
1224 4598 1429 4679 temperantia
1446 4599 1529 4660 sinet
1548 4607 1579 4661 te
1600 4597 1777 4668 inmodeas

411 4700 480 4756 rate
501 4691 606 4755 lacere
626 4692 805 4774 quicquam,
827 4712 867 4754 an
890 4692 952 4753 coli
974 4690 1094 4753 iustitia
1116 4691 1232 4772 poterit
1252 4691 1291 4753 ab
1312 4692 1440 4754 bomine
1460 4699 1588 4775 propter
1605 4693 1667 4755 vim
1684 4691 1741 4754 do-

412 4788 491 4851 loris
514 4787 700 4850 enuntiante
723 4787 900 4859 commissa,
923 4784 1075 4867 prodente
1099 4784 1252 4858 conscios,
1274 4785 1371 4848 mulia
1394 4782 1496 4848 officia
1518 4785 1741 4868 relinquente?

478 5114 503 5163 6.
522 5112 618 5173 decepis
634 5113 683 5161 Gli
703 5138 730 5148 —-
749 5112 773 5160 7.
792 5124 842 5161 esse
858 5125 934 5175 nepos
951 5112 1014 5161 0-
1032 5110 1057 5160 8.
1076 5110 1163 5172 inquid
1180 5112 1199 5159 G
1220 5135 1246 5145 -
1266 5108 1290 5157 9.
1309 5107 1392 5172 utque]
1411 5108 1489 5157 culli
1510 5134 1536 5143 —
1557 5108 1596 5158 li.
1615 5108 1742 5158 tollerari-

410 5202 460 5252 que
476 5190 527 5238 Gli
544 5187 603 5249 ised
620 5188 645 5236 in
664 5189 684 5236 G
701 5186 782 5262 altera
800 5187 809 5236 l
826 5189 924 5250 puncto
943 5185 1038 5247 delete)
1058 5213 1084 5222 -
1106 5185 1145 5235 te.
1164 5186 1322 5248 glorianter.
1340 5184 1408 5233 Nilril
1419 5183 1576 5234 Lambinus:
1594 5183 1743 5248 gloriantem

411 5267 474 5315 dn
489 5264 553 5313 nibil
570 5264 620 5313 CO
643 5266 724 5325 {quae
742 5261 819 5312 lectio
836 5263 915 5312 Balio
934 5265 1006 5311 recte
1024 5261 1129 5311 videtur
1145 5259 1207 5310 nihil
1233 5272 1292 5310 esse
1310 5261 1359 5310 nisi
1377 5259 1501 5309 indicium
1519 5260 1606 5309 variae
1624 5259 1742 5309 lectionis

411 5340 576 5404 pindarium
593 5350 640 5400 pro
656 5338 830 5400 gloriantem:
854 5338 1013 5400 gloriantem.
1034 5336 1094 5383 Tum
1111 5335 1172 5384 nibil
1189 5333 1316 5392 iilotzius;
1340 5333 1540 5398 gloriabundum.
1559 5334 1626 5383 Nilii
1642 5333 1742 5385 Madvi-

412 5416 481 5477 gius.
506 5412 575 5462 ·Sed
597 5412 778 5475 gloriabundus
795 5414 930 5476 quaeritur
947 5424 1009 5460 num
1028 5413 1136 5459 omnino
1155 5410 1289 5460 Ciceronis
1307 5421 1367 5460 esse
1384 5409 1477 5472 possit,
1503 5422 1518 5457 a
1536 5407 1616 5458 Gellio
1633 5408 1741 5459 demum

412 5490 600 5552 usurpatum.»
620 5488 663 5535 lic.
681 5513 706 5522 -
727 5488 767 5536 ii.
786 5492 932 5548 aspernetur
948 5487 1084 5535 Davisius:
1103 5486 1286 5547 ospnnoturc
1302 5510 1328 5521 -
1347 5485 1387 5533 ib.
1405 5485 1524 5546 furtunae
1540 5484 1589 5533 Gli
1603 5508 1628 5519 -
1643 5484 1684 5534 26.
1697 5496 1740 5532 nec

411 5562 511 5612 uun
526 5560 619 5619 adun,
637 5574 669 5610 ne
684 5563 705 5609 si
722 5562 748 5610 in
764 5574 841 5608 unum
858 5561 957 5620 quidem
974 5561 1055 5609 locum
1072 5560 1141 5609 Balce
1159 5557 1175 5608 l.
1190 5557 1206 5609 l.
1230 5572 1255 5623 p.
1269 5558 1310 5608 83.
1325 5584 1351 5595 ·-
1371 5559 1411 5608 27.
1424 5558 1512 5608 euntC
1528 5585 1554 5594 -
1572 5557 1614 5607 28.
1631 5557 1692 5607 nibil
1707 5562 1743 5607 est

410 5639 489 5703 plone
504 5638 576 5686 dolor
593 5638 619 5686 in
637 5635 780 5685 verborum
799 5638 924 5685 contextu
942 5637 1039 5686 omissa
1059 5637 1085 5685 in
1103 5647 1186 5696 marg.
1206 5632 1265 5683 ead.
1285 5647 1321 5684 m,
1334 5632 1454 5698 supplete
1473 5631 1554 5682 hebet
1571 5634 1629 5680 G-
1648 5632 1688 5681 ³0.
1702 5632 1742 5681 lc-

413 5718 527 5762 necem
546 5709 606 5761 Gli¹
631 5737 656 5746 -
681 5711 762 5759 dolere
785 5712 803 5761 C
830 5737 855 5746 -
884 5711 1136 5760 dum-dum-dum
1159 5707 1217 5757 cod.
1242 5709 1397 5760 Beruensis:
1425 5707 1691 5758 lundene-eume
1712 5732 1738 5743 -

413 5788 455 5838 tt.
479 5786 584 5836 inlunis
606 5787 624 5836 C
652 5786 809 5848 (admodum
837 5787 935 5836 recenti
958 5800 993 5836 m.
1013 5799 1081 5834 corr.
1101 5786 1126 5834 in
1150 5784 1247 5832 intuens
1268 5784 1301 5845 iii
1330 5810 1356 5820 ·-
1384 5783 1424 5831 ³2.
1446 5782 1651 5843 contempnendus
1673 5783 1692 5830 G
1712 5807 1737 5818 -

413 5862 454 5913 35.
468 5864 566 5925 {rum
583 5861 727 5912 Lambinus
740 5865 767 5911 et
782 5860 891 5923 Bentley
903 5859 969 5921 (coil.
983 5862 1015 5910 iii
1028 5860 1042 5923 g
1055 5860 1086 5909 66
1099 5859 1187 5922 eiiii:
1208 5872 1261 5909 om.
1276 5860 1325 5910 CO
1341 5886 1365 5895 -
1380 5858 1420 5908 et.
1434 5853 1586 5918 relinquenti
1599 5856 1654 5919 (eut
1665 5856 1741 5906 relin-

415 5946 530 6004 quentem
545 5942 591 5989 eut
609 5936 788 6000 relinquentem
802 5941 835 5997 G;
853 5937 1030 5999 relinquentem
1041 5948 1111 5987 corr.
1124 5936 1151 5985 in
1167 5934 1319 5997 relinquente
1330 5946 1391 5983 cum
1402 5934 1477 5995 signo
1489 5932 1697 5997 interrogationis
1708 5932 1738 5986 li.
