4342 7459
450 1238 513 1308 242
778 1248 1098 1313 TUSCULANARUM
1119 1251 1445 1317 DISPUTATIONUM

450 1406 576 1470 mallem
599 1406 770 1471 Cerberum
791 1417 947 1473 metueres
967 1429 1061 1493 quam
1083 1411 1142 1474 ista
1162 1420 1225 1474 tam
1239 1411 1473 1476 inconsiderate
1489 1411 1620 1476 diceres.
1648 1411 1685 1476 A.
1708 1411 1772 1489 Qui

450 1500 602 1588 tandem?
639 1501 680 1563 Μ
714 1501 816 1577 Quem
843 1523 912 1566 esse
940 1524 1054 1586 negas,
1089 1506 1222 1568 eundem
1251 1526 1320 1569 esse
1347 1506 1436 1569 dicis.
1473 1507 1532 1570 Ubi
1561 1513 1609 1569 est
1638 1525 1772 1570 acumen

449 1597 559 1658 tuum?
582 1595 658 1659 Cum
680 1597 763 1658 enim
785 1596 935 1659 miserum
950 1617 1019 1660 esse
1035 1599 1125 1674 dicis,
1149 1594 1239 1682 [tum]
1257 1620 1340 1674 eum,
1362 1601 1496 1682 quinon
1518 1601 1568 1675 sit,
1590 1600 1669 1664 dicis
1691 1620 1771 1665 esse.

448 1688 486 1750 A.
507 1690 578 1751 Non
600 1709 669 1753 sum
690 1689 733 1753 ita
754 1691 867 1766 hebes,
890 1699 925 1753 ut
945 1692 1036 1754 istud.
1053 1692 1163 1756 dicam.
1196 1695 1239 1757 M.
1255 1693 1341 1768 Quid
1365 1695 1443 1757 dicis
1466 1694 1584 1778 igitur?
1616 1694 1652 1757 A.
1675 1696 1770 1760 Mise-

425 1792 519 1844 trum
548 1800 616 1846 esse
644 1784 732 1846 verbi
754 1803 850 1847 causa
871 1784 913 1846 Μ.
937 1785 1098 1862 Crassum,
1128 1786 1184 1869 qui
1211 1788 1281 1849 illas
1308 1787 1451 1851 fortunas
1478 1796 1578 1851 morte
1606 1788 1771 1864 dimiserit,

449 1876 597 1939 miserum
631 1877 685 1939 Cn.
713 1878 912 1959 Pompeium,
946 1879 1001 1961 qui
1030 1886 1117 1942 tanta
1146 1879 1246 1961 gloria
1267 1881 1308 1944 sit
1329 1883 1475 1956 orbatus,
1507 1882 1610 1944 omnis
1634 1881 1771 1966 denique

448 1973 596 2046 miseros,
619 1974 673 2056 qui
695 1974 754 2036 hac
776 1973 845 2037 luce
867 1983 1004 2037 careant.
1039 1973 1080 2035 M.
1103 1973 1284 2037 Revolveris
1299 1974 1428 2049 eodem3
1451 1975 1514 2039 sint
1533 1975 1617 2037 euim
1635 1981 1770 2057 oportet,

448 2068 475 2129 si
497 2066 603 2130 miseri
626 2075 716 2129 sunt:
739 2074 772 2129 tu
793 2075 896 2129 autem
921 2066 1015 2131 modo
1038 2063 1175 2148 negabas
1198 2087 1252 2130 eos
1274 2088 1361 2143 esse,
1384 2068 1439 2151 qui
1461 2070 1576 2131 mortui
1592 2078 1707 2133 essent.
1737 2069 1771 2133 Si

448 2160 543 2243 igitur
565 2179 628 2222 non
651 2168 739 2234 sunt,
763 2160 841 2224 nihil
863 2171 996 2243 possunt
1017 2181 1104 2223 esse:
1117 2162 1170 2224 'ita
1191 2182 1231 2222 ne
1253 2162 1359 2225 miseri
1375 2160 1500 2246 quidem
1524 2172 1606 2226 sunt.
1639 2164 1677 2227 A.
1698 2165 1769 2228 Nou

410 2252 519 2316 ⁴⁰dico
541 2252 674 2316 sortasse
695 2254 791 2316 etiam
813 2255 898 2335 quod
922 2252 1042 2330 sentio;
1065 2275 1136 2318 nam
1159 2255 1240 2317 istuc
1261 2256 1365 2337 ipsum
1381 2274 1445 2317 non
1461 2275 1546 2330 esse,
1570 2275 1641 2318 cum
1660 2255 1769 2330 fueris,

447 2346 655 2409 miserrimum
676 2356 761 2430 puto.
796 2343 847 2411 43.
861 2349 903 2411 Μ.
920 2349 1026 2423 Quidl
1047 2348 1192 2411 miserius
1208 2369 1303 2431 quam
1318 2349 1447 2412 omnino
1461 2368 1634 2433 numquam
1648 2348 1768 2413 luisset

446 2440 492 2504 ita
513 2441 567 2523 qui
588 2440 728 2504 nondum
752 2441 815 2504 nati
843 2450 917 2505 sunt
946 2443 1052 2505 miseri
1074 2443 1137 2505 iam
1159 2450 1248 2517 sunt,
1279 2442 1441 2525 quianon
1466 2452 1553 2517 sunt,
1584 2452 1617 2507 et
1637 2464 1713 2519 nos,
1740 2443 1767 2507 si

445 2544 519 2617 post
548 2543 677 2597 mortem
705 2535 810 2597 miseri
838 2535 936 2598 luturi
959 2556 1082 2609 sumus,
1110 2536 1217 2598 miseri
1237 2535 1354 2598 luimus
1377 2543 1448 2600 ante
1470 2557 1565 2620 quam
1589 2539 1665 2601 nati.
1700 2539 1767 2622 Ego

446 2638 550 2691 autem
572 2649 635 2692 uon
656 2629 874 2703 commemini,
897 2638 969 2693 ante
992 2649 1085 2713 quam
1108 2648 1177 2691 sum
1200 2638 1307 2703 natus,
1330 2649 1380 2692 me
1402 2630 1570 2692 miserumt
1597 2632 1681 2695 tusi
1704 2650 1768 2695 me·

409 2721 523 2785 ttliore
553 2723 703 2785 memoria
730 2742 781 2796 es,
810 2722 902 2786 velim
932 2724 1012 2786 scire
1035 2721 1150 2806 ecquid
1172 2720 1212 2784 de
1235 2730 1264 2785 te
1286 2722 1461 2785 recordere.
1506 2725 1769 2790 V11.A.ltaio·

445 2816 541 2889 caris,
575 2816 662 2898 quasi
692 2836 751 2897 ego
784 2815 885 2879 dicam
913 2837 966 2880 eos
994 2817 1142 2891 miseros,
1172 2815 1226 2898 qui
1257 2815 1322 2877 uati
1352 2835 1416 2878 non
1450 2816 1529 2892 sint,
1557 2824 1589 2880 et
1617 2838 1682 2881 non
1712 2837 1767 2883 eos

444 2908 589 2983 miseros,
612 2909 666 2992 qui
688 2910 804 2972 mortui
825 2911 898 2973 sint.
941 2912 983 2974 M.
1006 2912 1083 2973 Esse
1105 2929 1180 2991 ergo
1202 2929 1256 2971 eos
1280 2908 1370 2971 dicis.
1408 2909 1445 2972 A.
1468 2911 1583 2986 Immo,
1606 2912 1682 2996 quia
1702 2931 1766 2976 nou

443 3000 520 3073 sint,
547 3021 618 3064 cum
644 3001 779 3076 fuerint,
810 3022 848 3065 eo
871 3003 1002 3067 miseros
1024 3025 1104 3066 esse.
1142 3005 1183 3065 M.
1206 3002 1379 3084 Pugnantia
1402 3012 1432 3066 te
1454 3003 1543 3087 loqui
1565 3025 1630 3068 non
1653 3005 1766 3069 videat

443 3092 529 3168 Quid
551 3095 634 3158 enim
657 3104 720 3159 tam
743 3105 863 3179 pugnat
885 3118 978 3181 quam
997 3118 1061 3160 non
1081 3096 1176 3160 modo
1191 3098 1355 3169 miserum,
1378 3095 1433 3157 sed
1449 3098 1578 3160 omnino
1594 3100 1765 3184 quicquam

404 3200 514 3250 tuesse
536 3189 591 3272 qui
609 3192 750 3253 nonsit?
772 3196 822 3254 An
835 3201 869 3254 tu
885 3211 1030 3274 egressus
1046 3199 1136 3274 porta
1154 3191 1292 3273 Capena,
1316 3210 1385 3251 cum
1401 3188 1548 3265 Calatini,
1572 3191 1765 3275 Scipionum,
1802 3229 1809 3250 .

442 3281 662 3358 Serviliorum,
684 3287 882 3348 Metellorum
905 3285 1071 3369 sepulchra
1092 3285 1195 3359 vides,
1220 3283 1351 3345 miseros
1374 3290 1465 3366 putas
1487 3283 1581 3347 illost
1618 3286 1655 3347 A.
1680 3285 1766 3363 Quo-

440 3375 526 3438 uiam
542 3396 591 3438 me
606 3378 702 3440 verbo
718 3379 845 3460 premis,
868 3376 997 3461 posthac
1013 3400 1074 3442 non
1091 3379 1134 3441 ita
1150 3377 1259 3450 dicam,
1276 3378 1436 3439 miseros
1453 3396 1546 3452 esse,
1561 3378 1617 3442 sed
1632 3388 1765 3455 tantum,

441 3469 616 3543 miseros,
640 3467 680 3532 ob
695 3471 856 3553 idipsum,
872 3472 1026 3555 quianon
1042 3472 1116 3534 siut.
1145 3472 1186 3533 Μ
1202 3471 1271 3532 Nou
1288 3469 1367 3532 dicis
1383 3469 1494 3552 igitur:
1517 3470 1633 3534 miser
1648 3481 1709 3536 est
1723 3474 1764 3537 ll.

442 3562 607 3636 Crassus,
623 3561 679 3626 sed
695 3572 832 3626 tantum:
855 3562 968 3627 miser
983 3566 1026 3627 Μ.
1044 3565 1210 3627 Crassus.
1232 3564 1268 3625 A.
1285 3564 1330 3627 lta
1341 3564 1443 3647 plane.
1467 3558 1516 3624 ll.
1531 3564 1573 3626 Μ.
1586 3564 1687 3640 Quasi
1701 3586 1763 3629 non

401 3670 569 3719 tanecesse
599 3657 654 3730 sit,
680 3657 833 3740 quicquid
861 3658 920 3720 isto
944 3658 1039 3721 modo
1066 3656 1269 3738 pronunties,
1297 3656 1330 3719 id
1351 3665 1405 3720 aut
1427 3676 1496 3720 esse
1517 3666 1659 3721 autnon
1682 3678 1764 3723 esse.

438 3752 488 3814 An
510 3758 544 3813 tu
566 3749 737 3813 dialecticis
759 3771 798 3812 ne
820 3750 960 3814 imbutus
983 3750 1111 3834 quidem
1134 3753 1191 3813 est
1225 3751 1260 3812 lu
1288 3750 1397 3833 primis
1419 3751 1504 3813 enim
1531 3749 1592 3814 hoc
1613 3752 1763 3817 traditur:

440 3864 533 3907 omne
559 3845 793 3927 pronuntiatum
815 3845 924 3908 -sic
946 3848 1030 3909 euim
1052 3843 1128 3908 milri
1150 3845 1183 3906 iu
1205 3844 1384 3927 praesentia
1408 3843 1543 3932 occurrit
1568 3851 1603 3906 ut
1624 3845 1765 3929 appella·

438 3959 505 4002 rem
528 3940 672 4022 ἀξίωμαε
695 3947 765 4001 utar
787 3947 857 4020 post
878 3939 958 4015 alio,
981 3941 1008 4003 si
1031 3940 1181 4002 invenero
1205 3939 1318 4001 melius
1341 3937 1436 3999 -id
1458 3956 1533 4020 ergo
1554 3944 1602 4000 est
1624 3958 1763 4021 pronun·

437 4033 559 4109 tistum,
581 4032 665 4116 quod
681 4040 729 4095 est
743 4052 851 4095 verum
867 4041 920 4095 aut
933 4033 1058 4096 salsum.
1086 4034 1164 4096 Cum
1178 4032 1274 4113 igitur
1288 4032 1382 4094 dicis:
1405 4030 1520 4094 miser
1534 4032 1576 4094 Μ.
1593 4031 1762 4107 Crassus,

400 4135 494 4190 soaut
505 4127 565 4190 lroo
576 4125 672 4189 dicis:
688 4127 803 4190 miser
819 4134 877 4191 est
889 4128 933 4191 Μ.
948 4127 1115 4202 Crassus,
1132 4135 1168 4190 ut
1182 4126 1283 4210 possit
1296 4125 1426 4189 iudicari
1440 4145 1547 4188 verum
1560 4122 1592 4187 id
1606 4124 1762 4188 falsumne

503 4372 527 4420 4.
546 4370 607 4432 quid
626 4369 726 4418 uadem
743 4368 772 4419 C.
801 4366 874 4430 -Ego
898 4367 986 4418 scribo
1005 4368 1053 4431 (lui
1070 4369 1191 4417 taudem?
1214 4369 1305 4431 Aptius
1323 4369 1393 4417 enirn
1411 4367 1515 4417 videtur
1532 4367 1580 4430 Qui
1594 4370 1635 4431 444,
1658 4372 1687 4417 ut
1702 4368 1761 4419 llaec

437 4446 618 4495 inwosiderou
634 4444 745 4502 dicamt,
769 4456 850 4505 quam
872 4447 918 4492 aut
935 4444 985 4493 Cur
1000 4445 1038 4493 tta
1055 4448 1078 4493 te
1094 4443 1169 4492 molle
1185 4441 1265 4491 dicis?
1288 4446 1333 4491 aut
1350 4444 1414 4504 (istd
1429 4443 1608 4492 incmutderote
1624 4441 1698 4493 duo?
1720 4442 1759 4495 Cl.

437 4521 454 4585 s
472 4522 516 4570 ts:
537 4521 651 4583 Quonam
667 4520 740 4568 modo
758 4518 878 4580 (multum
896 4519 957 4569 mali
975 4519 1008 4569 de
1026 4518 1051 4567 h.
1067 4532 1090 4568 c.
1106 4516 1226 4580 deiecit?
1243 4519 1311 4581 sto.
1330 4519 1373 4577 lll,
1385 4520 1410 4568 8.
1431 4518 1459 4578 V,
1474 4520 1513 4567 43.
1526 4517 1566 4567 34.
1585 4520 1667 4568 Partt.
1679 4519 1758 4569 Orett.

438 4598 478 4646 li.
497 4596 575 4659 Legg.
594 4595 614 4654 l,
633 4597 657 4645 4.
681 4597 784 4646 Terent.
804 4596 884 4646 Andr.
904 4599 923 4656 l,
944 4598 966 4654 4,
986 4596 1042 4646 443.
1061 4596 1092 4655 V,
1110 4595 1134 4655 4,
1153 4596 1194 4645 st.
1214 4594 1279 4644 Eun.
1294 4594 1324 4651 ll,
1337 4594 1362 4650 4,
1375 4592 1416 4643 ta.
1435 4592 1499 4643 ileo.
1513 4593 1556 4653 ltl,
1571 4594 1594 4656 4,
1608 4593 1648 4643 33.
1668 4593 1760 4656 (Etiam

438 4671 542 4721 Terent.
562 4670 643 4720 Andr.
660 4671 701 4729 lv,
717 4671 740 4732 4,
752 4672 780 4719 44
802 4685 849 4735 pro
868 4672 932 4733 Quid
949 4668 1070 4720 tarderis?
1087 4683 1136 4733 ego
1155 4672 1202 4731 (tui
1219 4666 1338 4718 tondere?
1355 4666 1497 4729 legendum
1510 4679 1569 4717 esse
1581 4669 1684 4731 opinor.
1704 4668 1758 4719 Clo.

436 4758 463 4809 p.
483 4745 602 4796 Cluentio
620 4745 635 4808 5
652 4745 684 4795 ’40
702 4746 767 4806 Quid
784 4747 883 4794 tandem
901 4759 933 4794 er
950 4743 1104 4794 melioribus
1121 4744 1199 4793 codd.
1214 4742 1364 4793 Classenius
1381 4742 1489 4804 recepit.
1508 4740 1575 4791 lbid.
1588 4742 1620 4792 86
1635 4741 1760 4793 meliores

437 4818 516 4870 codd.
535 4834 583 4883 pro
607 4822 655 4882 Qui
676 4822 742 4870 enim
765 4819 863 4869 habent
880 4821 945 4881 Quid
961 4821 1040 4877 enim,
1061 4822 1090 4868 ut
1107 4820 1134 4868 lt.
1154 4821 1182 4869 P.
1202 4820 1220 4879 l,
1240 4819 1271 4867 30
1289 4817 1348 4866 cod.
1368 4816 1488 4880 palimps.
1507 4829 1543 4865 m.
1563 4817 1586 4874 13
1605 4816 1638 4867 cl.
1657 4817 1761 4879 iladvig

437 4895 519 4958 prael.
539 4895 582 4944 ed.
601 4897 657 4946 Cat.
677 4896 709 4945 u.
724 4898 751 4944 et
768 4894 837 4944 Lael.
852 4907 877 4958 p.
891 4894 939 4955 lv.)
958 4896 985 4943 tn
1004 4895 1047 4956 qai
1064 4895 1091 4943 et
1108 4894 1168 4955 catat
1184 4907 1199 4942 a
1217 4892 1328 4942 librariis
1345 4903 1406 4940 oum
1424 4889 1508 4950 tacite,
1527 4892 1583 4940 tum
1600 4903 1682 4956 saepe
1700 4904 1761 4955 pee-

437 4975 525 5021 catum
544 4973 598 5028 est,
617 4972 645 5019 ut
662 4969 677 5031 5
696 4969 736 5027 46,
755 4968 801 5018 ubi
819 4971 866 5018 044
885 4972 927 5030 qui
944 4969 1010 5031 quod
1029 4982 1078 5031 pro
1096 4970 1251 5030 quidquod,
1270 4968 1300 5027 V,
1319 4968 1350 5017 id
1369 4968 1426 5026 (GR
1444 4967 1487 5029 qui
1504 4978 1552 5029 pro
1568 4967 1645 5027 quid).
1675 4967 1760 5027 Quam

436 5044 471 5095 ob
489 5057 548 5094 rem
566 5046 647 5094 miror
658 5042 821 5105 Tregderum
840 5042 897 5105 5⁴5
916 5056 947 5091 er
960 5043 1106 5107 archetypo
1118 5045 1265 5093 restituisse
1283 5042 1361 5103 Ecqui
1378 5054 1437 5103 erpo
1454 5039 1594 5103 intellegis?
1610 5040 1690 5102 Ecqui
1706 5053 1760 5091 non

435 5118 517 5170 modo
539 5116 637 5167 nullam
660 5120 709 5167 nisi
734 5118 811 5167 unius
834 5116 941 5168 Plautini
965 5117 1014 5167 loci
1036 5121 1165 5168 incertam
1189 5117 1271 5167 habet
1287 5116 1485 5175 auctoritatem,
1503 5114 1550 5164 sed
1569 5115 1649 5163 etiam
1666 5113 1759 5165 tnurm

436 5194 595 5246 sententiam
618 5192 714 5255 (dequo
735 5193 827 5242 modo?
843 5207 873 5230 =
893 5193 967 5242 Nullo
983 5193 1075 5255 modo).
1103 5195 1141 5243 De
1159 5206 1209 5243 usu
1226 5190 1369 5256 particulae
1386 5191 1482 5252 Ecquid
1499 5189 1531 5238 cl.
1551 5190 1581 5250 44,
1600 5189 1631 5239 34
1653 5188 1760 5252 (sequa

434 5270 482 5319 scis
498 5267 595 5332 icitur).
620 5266 797 5328 cattt.1,so.
825 5266 926 5317 adAtt.
946 5269 1020 5329 11,2‚
1042 5269 1066 5318 3.
1085 5268 1118 5317 al.
1140 5269 1252 5330 Madvig.
1273 5270 1389 5316 Gramm.
1411 5266 1427 5328 5
1447 5265 1504 5325 tta,
1525 5263 1552 5323 b,
1574 5266 1644 5314 not.»
1662 5266 1705 5315 W.
1728 5289 1755 5301 -

435 5345 460 5394 3.
476 5348 521 5395 aut
536 5349 564 5393 tu
579 5340 751 5393 scribendum
769 5346 805 5403 tto
821 5341 903 5391 habet
918 5344 946 5405 B)
965 5346 1010 5393 aut
1025 5350 1078 5393 tum
1090 5341 1233 5393 delendum
1246 5341 1385 5391 videbatur
1396 5342 1514 5398 lllosero;
1532 5344 1585 5389 tum
1595 5337 1667 5389 delet
1678 5340 1757 5390 etism

435 5420 505 5470 Bake
522 5417 608 5469 schol.
627 5417 821 5481 Hypomn.1V,
840 5419 867 5466 74
889 5431 948 5481 sqq.
971 5445 997 5454 -
1016 5418 1039 5469 4.
1056 5421 1084 5469 A.
1106 5422 1174 5479 tante
1190 5419 1317 5477 Miserum)
1336 5417 1427 5466 om.G
1451 5440 1477 5450 -
1498 5416 1521 5464 t.
1540 5416 1576 5465 u.
1595 5427 1650 5465 om.
1668 5415 1704 5475 C;
1722 5410 1756 5464 cl.

435 5488 1756 5558 §tdsq.-6.Gn.C-7.lt.om.G-9.A.our.G-t0.tstud0-lt.1.om.d

438 5592 465 5605 -
486 5570 525 5618 ts.
542 5581 588 5617 nos
602 5567 665 5629 ipsi,
683 5568 705 5616 st
722 5567 742 5615 0
758 5593 791 5603 -
809 5565 847 5616 44.
867 5573 894 5617 tu
909 5569 1027 5618 sunitiorc
1044 5570 1073 5618 44ι
1092 5595 1119 5604 -
1143 5569 1182 5618 ld.
1200 5568 1335 5616 recordare
1352 5566 1370 5615 C
1391 5590 1418 5600 -
1436 5566 1466 5613 A.
1485 5575 1538 5613 om.
1557 5564 1578 5611 G
1596 5587 1622 5597 -
1643 5562 1683 5611 48.
1700 5563 1757 5610 suut

435 5643 485 5693 ΒΟ
505 5667 531 5677 -
551 5643 591 5691 st.
608 5645 711 5690 misem
727 5653 780 5690 om.
799 5643 819 5692 0
838 5668 863 5677 —
883 5647 940 5691 sust
957 5644 1014 5694 CO.
1040 5643 1139 5694 «scrib.
1159 5643 1202 5703 qui
1218 5644 1312 5691 matut
1328 5642 1377 5691 sint
1394 5639 1500 5703 obliquo
1518 5637 1561 5689 illo
1578 5637 1754 5700 coniuncttvo,

436 5730 518 5780 quem
530 5715 644 5766 Klotzius
662 5718 689 5765 et
700 5713 849 5778 Tregderus
860 5728 892 5765 ex
904 5716 923 5765 lt
935 5719 1108 5767 restituerunt
1119 5718 1152 5781 §S
1165 5718 1204 5766 44.
1219 5718 1258 5765 44.
1273 5715 1313 5766 44.
1326 5718 1365 5765 st.
1380 5715 1420 5764 30.
1434 5714 1474 5766 46.
1484 5714 1524 5763 80.
1543 5714 1574 5774 lt,
1587 5712 1627 5763 40.
1641 5711 1699 5763 id.»
1711 5710 1752 5762 W.

437 5816 464 5827 -
483 5794 518 5843 u.
538 5796 565 5842 et
581 5793 610 5842 A.
629 5805 682 5841 om.
701 5792 735 5852 G,
758 5792 783 5840 iu
801 5805 854 5854 quo
872 5793 922 5841 hae
940 5797 1017 5841 notae
1035 5792 1097 5842 trino
1115 5803 1245 5854 nusquam
1262 5788 1392 5853 leguntur,
1415 5787 1463 5839 sed
1480 5786 1543 5838 eolis
1565 5797 1696 5851 personae
1712 5783 1754 5836 dl·

435 5867 610 5929 stinguuntur.
631 5891 657 5902 -
684 5867 723 5918 43.
742 5872 799 5917 nent
816 5869 836 5918 0
855 5895 881 5905 -
904 5869 945 5918 40.
963 5868 1058 5918 sattim
1075 5869 1096 5917 G
1114 5891 1140 5901 -
1165 5866 1206 5916 23.
1224 5871 1281 5915 sunt
1298 5866 1317 5915 0
1337 5892 1364 5902 -
1383 5866 1423 5915 26.
1441 5877 1492 5914 ooo
1508 5875 1576 5915 corr.
1595 5860 1706 5913 incolt
1722 5881 1750 5898 ··

434 5940 757 6007 ss.otto,st]cttosctc
776 5965 804 5980 ·-
823 5942 1072 6006 suscepturo
1092 5940 1232 5992 -aort
1251 5952 1304 5991 om.
1323 5942 1352 5992 C.
