4342 7459
725 1250 793 1313 Lm.
809 1250 833 1312 1.
863 1250 938 1315 Car.
952 1247 1230 1314 xliv-xlvii.
1258 1247 1304 1333 §§
1319 1246 1463 1317 68-74.
1674 1252 1737 1319 789

406 1416 456 1492 ld,
488 1414 575 1500 quod
603 1414 667 1479 erit
693 1416 869 1499 aequatum
893 1417 927 1479 et
949 1416 1167 1494 temperatum
1190 1432 1234 1478 ex
1256 1416 1363 1482 tribus
1385 1417 1519 1501 optimis
1540 1425 1648 1485 rerum
1670 1439 1738 1505 pu.

408 1522 565 1586 blicarum
589 1516 703 1583 modis.
748 1515 865 1582 Placet
893 1517 978 1580 enim
1007 1534 1083 1580 esse
1113 1516 1266 1601 quiddam
1288 1520 1323 1582 444
1344 1537 1382 1584 44
1405 1521 1538 1604 publica
1559 1525 1738 1606 praestans

409 1628 443 1687 et
464 1623 598 1712 regale,
626 1639 702 1686 esse
731 1622 813 1685 aliut
843 1622 1034 1687 auctoritati
1063 1622 1247 1707 principum
1278 1624 1470 1707 inpartitum
1499 1643 1540 1692 ac
1569 1626 1737 1707 tributum,

409 1745 486 1792 ease
515 1723 672 1810 quasdam
706 1741 763 1789 res
789 1726 945 1788 servatas
974 1721 1095 1788 iudicio
1117 1724 1350 1809 voluntatique
1372 1727 1599 1794 multitudinis.
1641 1730 1737 1795 Haec
1806 1775 1811 1786 .

411 1830 604 1897 constitutio
627 1829 764 1911 primum
787 1826 889 1891 habet
911 1827 1179 1911 aequabilitatem
1203 1827 1366 1911 quandam
1389 1849 1560 1916 magnam,
1589 1852 1652 1917 qua
1675 1851 1761 1899 ca-rt

411 1952 484 1998 rere
507 1932 631 1996 dlutius
652 1933 711 1995 vix
734 1934 876 2016 possunt
897 1928 1008 2011 libelrl,
1031 1927 1152 1993 deinde
1174 1930 1418 1997 firmitudinem:
1441 1933 1529 2017 quod
1549 1939 1583 2000 et
1606 1934 1649 2013 [p.
1665 1926 1738 1996 463.

410 2040 466 2103 illa
489 2040 592 2123 prlma
615 2036 714 2101 facile
741 2038 774 2099 ln
803 2035 972 2100 contraria
993 2035 1076 2098 vitia
1099 2038 1357 2123 convertuntur,
1385 2040 1421 2101 ut
1444 2039 1569 2103 existat
1590 2057 1633 2105 ex
1655 2057 1739 2129 rege

410 2142 577 2224 dominus,
599 2158 639 2204 ex
665 2137 877 2223 optimatibus
900 2137 1022 2219 factio,
1045 2156 1088 2201 ex
1112 2138 1237 2222 populo
1260 2139 1357 2205 turba
1380 2144 1414 2203 et
1436 2141 1606 2224 confusio,
1629 2140 1739 2227 quod-

411 2264 474 2330 que
501 2245 575 2329 ipsa
602 2261 730 2332 genera
762 2241 943 2329 generibus
974 2260 1077 2324 saepe
1106 2245 1341 2307 conmutantur
1371 2247 1490 2328 novis,
1522 2243 1587 2311 hoc
1614 2247 1647 2308 ln
1674 2244 1738 2312 hac

410 2352 523 2414 iuncta
552 2346 787 2430 moderateque
818 2346 983 2427 permixta
1012 2344 1277 2409 conformatione
1299 2347 1347 2409 rei
1371 2347 1523 2432 publicae
1545 2367 1613 2413 non
1634 2348 1738 2415 ferme
1748 2370 1776 2417 44

410 2454 482 2517 sine
504 2454 635 2539 magnis
660 2450 843 2534 principum
865 2450 945 2513 vitis
969 2450 1092 2512 evenit·
1134 2448 1207 2513 Non
1231 2452 1284 2513 est
1307 2452 1391 2513 enim
1415 2469 1516 2516 causa
1538 2453 1740 2518 conversio-

411 2557 473 2643 nis,
495 2555 549 2620 ubi
572 2557 605 2617 444
627 2550 713 2627 444441
733 2554 871 2638 quisque
893 2558 945 2616 cst
967 2552 1077 2642 gradu
1099 2552 1234 2617 tirmiter
1256 2552 1442 2621 collocatus
1464 2560 1500 2621 et
1517 2574 1585 2620 non
1608 2554 1652 2636 [p.
1667 2548 1739 2621 464.

412 2661 527 2725 subest
550 2677 615 2743 qno
639 2659 900 2742 praecipitatae
924 2655 1066 2723 decidat.

496 2760 621 2826 Xth.
656 2756 718 2824 70.
752 2756 822 2825 Sed
852 2778 989 2846 vereor,
1019 2759 1111 2824 Laeli
1141 2779 1269 2846 vosque
1297 2759 1447 2825 homines
1479 2762 1665 2828 amicissimi
1698 2780 1739 2829 ac

413 2864 674 2949 prudentissimi,
696 2882 750 2943 ne,
771 2865 799 2927 si
823 2862 947 2927 diutius
968 2864 1002 2926 444
1024 2862 1088 2929 hoc
1110 2882 1237 2953 genere
1258 2882 1386 2944 verser,
1409 2864 1503 2949 quasi
1525 2867 1778 2951 praecipiam-aa

414 2972 458 3035 tls
478 2966 645 3034 cuiusdam
675 2972 708 3032 et
740 2966 893 3032 docentis
923 2970 958 3030 et
989 2985 1054 3031 non
1084 2969 1257 3033 vobiscum
1278 2968 1373 3032 simul
1396 2967 1642 3035 considerantis
1663 2988 1739 3037 esse

413 3072 568 3138 videatur
591 3074 697 3137 oratio
720 3090 801 3137 mea.
841 3070 946 3151 Quam
969 3072 1102 3136 obrem
1125 3070 1296 3155 ingrediar
1316 3073 1350 3136 in
1373 3090 1428 3161 ea,
1451 3090 1538 3157 quae
1558 3076 1639 3137 nota
1661 3076 1740 3140 444444

414 3176 580 3254 omnihus,
609 3179 761 3261 quaesita
786 3179 895 3242 autem
924 3194 944 3240 a
973 3177 1102 3241 nobis
1092 3195 1156 3241 44444
1179 3175 1246 3239 diu.
1299 3172 1359 3242 Slc
1386 3177 1470 3241 enlm
1499 3174 1663 3258 decerno,
1689 3178 1740 3246 sic

416 3259 550 3363 44444444,
579 3280 628 3345 444
654 3278 806 3358 adfirmo,
836 3281 957 3344 nullam
987 3281 1126 3344 omnium
1153 3296 1261 3344 rerum
1291 3279 1493 3363 publicarum
1520 3283 1587 3344 aut
1607 3279 1650 3360 [p.
1667 3272 1740 3341 l77.

414 3384 653 3448 constitutione
682 3388 740 3447 aut
771 3382 987 3468 discriptione
1018 3387 1075 3447 aut
1108 3381 1282 3467 disciplina
1310 3382 1546 3448 conferendam
1570 3402 1644 3449 esse
1666 3402 1779 3452 cumm

415 3507 471 3565 ca,
500 3507 595 3571 quam
625 3491 741 3572 patres
772 3492 878 3552 nostrl
908 3489 1004 3553 nobis
1032 3491 1204 3573 acceptam
1233 3488 1294 3550 iam
1319 3487 1394 3551 inde
1416 3506 1436 3551 a
1459 3487 1636 3553 maioribus
1657 3488 1741 3553 rell-

416 3595 569 3677 querunt.
614 3588 735 3673 Quam,
765 3593 793 3654 si
815 3593 944 3676 placat,
972 3591 1124 3675 quoniam
1148 3609 1207 3673 ea,
1237 3608 1321 3675 qnae
1342 3590 1510 3656 tenebatis
1532 3592 1615 3675 ipsi,
1642 3592 1740 3656 etiam

416 3714 458 3760 ex
481 3715 531 3760 me
554 3694 670 3761 audire
692 3697 859 3776 voluistis,
881 3697 974 3761 simul
999 3700 1033 3760 et
1056 3695 1163 3780 qualis
1185 3696 1228 3758 sit
1248 3698 1282 3758 et
1296 3696 1451 3777 optimam
1467 3712 1542 3760 esse
1557 3692 1741 3779 ostendam,

417 3802 637 3884 expositaque
667 3799 709 3864 ad
733 3801 917 3884 exemplum
941 3802 1056 3863 nostra
1078 3816 1116 3863 re
1139 3798 1287 3882 publica,
1316 3789 1577 3875 accommotdabo
1608 3796 1652 3878 [p.
1669 3788 1740 3856 478.

416 3902 458 3967 ad
481 3921 568 3987 eam,
597 3904 624 3966 si
649 3908 784 3989 potero,
814 3921 939 3969 omnem
969 3904 1055 3968 illam
1079 3904 1280 3979 orationem,
1309 3920 1393 3988 quae
1416 3904 1469 3966 est
1490 3899 1566 3966 mlhl
1587 3900 1779 3968 habendas

417 4005 458 4070 de
481 4006 604 4092 optimo
628 4008 775 4072 civitatis
795 4010 896 4072 statu.
941 4004 1088 4089 Quodsi
1112 4010 1227 4071 tenere
1251 4009 1285 4070 ct
1307 4006 1465 4092 consequi
1488 4009 1646 4092 potuero,
1677 4024 1741 4072 cu-

416 4111 538 4175 mulate
567 4129 684 4175 munus
712 4109 796 4194 hoc,
825 4114 877 4176 cui
907 4130 957 4175 mc
979 4111 1115 4176 Iiaalius
1137 4111 1349 4211 praeposuit,
1376 4112 1413 4174 ut
1436 4110 1547 4194 opinio
1569 4127 1641 4175 mea
1663 4110 1741 4181 fert,

418 4214 642 4381 effecgdrzhill.
669 4312 732 4381 71.
760 4315 842 4382 'lum
865 4317 1015 4382 Laelius:
1044 4314 1148 4380 Tuum
1170 4334 1271 4398 vero,
1293 4315 1409 4401 lnquit,
1430 4311 1557 4403 Scipio,
1580 4333 1621 4382 ac
1643 4315 1742 4383 debl-

418 4423 484 4482 tum
515 4419 643 4504 quidem
674 4440 798 4485 44444444
849 4418 931 4501 Quis
961 4422 1045 4485 enim
1074 4423 1109 4484 tc
1141 4421 1253 4504 potius
1282 4424 1340 4484 aut
1367 4419 1592 4497 damularum
1620 4415 1781 4485 dixerltao

419 4524 601 4606 institutis,
631 4544 703 4591 cum
730 4527 778 4589 sis
809 4527 1001 4592 clarissimis
1031 4527 1103 4611 ipse
1133 4525 1327 4596 maioribus,
1355 4526 1413 4587 aot
1442 4522 1484 4589 de
1506 4524 1630 4608 optimo
1651 4527 1742 4589 statu

419 4629 587 4712 civitatis,
623 4647 717 4714 quem
737 4622 790 4705 144
818 4628 1014 4707 habeamus,
1047 4630 1110 4693 etsi
1140 4646 1182 4692 ne
1211 4646 1299 4693 nunc
1326 4626 1473 4712 quidem,
1500 4629 1582 4692 tunc
1611 4618 1744 4706 [44455.

592 4758 720 4765 ...m—...-

487 4829 510 4877 4.
529 4828 635 4892 optimis]
649 4829 740 4891 primis
758 4828 912 4889 Zachariae,
931 4829 980 4878 nisi
997 4830 1084 4893 potius
1102 4830 1200 4892 optimis
1216 4826 1360 4879 delendum
1378 4829 1419 4878 444
1444 4852 1471 4862 -
1496 4840 1592 4878 44444444
1611 4824 1641 4878 C¹
1666 4853 1693 4865 -
1716 4829 1743 4881 4.

420 4916 471 4952 ο44ο
487 4903 584 4965 aliquid
606 4906 674 4955 coni
694 4905 872 4955 Heinrich-
899 4904 924 4954 3.
943 4905 1090 4955 auctoritati
1102 4904 1248 4967 principum
1263 4904 1289 4953 444
1273 4903 1412 4966 4444444444
1434 4900 1594 4952 Doederlein
1615 4904 1642 4952 at
1662 4902 1745 4953 414444-

421 4979 491 5029 rich:
510 4993 692 5030 aucrournrm
680 4979 970 5036 Uarncrruuaaarroac
989 4980 1135 5028 4444444446
1148 4992 1191 5041 pr.
1202 4979 1326 5042 partilium
1343 4978 1364 5028 0
1381 4990 1414 5027 ex
1431 4989 1479 5027 aua
1496 4978 1612 5027 coni·-
1631 4978 1655 5027 il.
1674 4978 1746 5028 habet

420 5055 646 5118 ponteonem
663 5056 761 5106 Nouius
778 5068 804 5119 p.
815 5053 1056 5162 ldboe-ouasopu
1074 5054 1100 5103 in
1118 5053 1138 5103 C
1155 5067 1213 5119 sup.
1232 5052 1277 5105 lin.
1297 5053 1564 5117 mma-mamam
1580 5065 1633 5103 om.
1646 5054 1745 5104 Nonius

424 5178 495 5227 -.a
515 5151 790 5236 ooonouooooec-
819 5177 843 5227 9
863 5188 1008 5226 consuram
1010 5176 1236 5286 uruaqomsc-
1264 5177 1304 5226 49.
1324 5175 1665 5226 uouemrrrmmrac-

420 5300 569 5361 [4444444444
586 5300 649 5349 bloi:
670 5300 952 5349 conuuranonec-
980 5301 1020 5351 44.
1039 5261 1196 5350 4444440-
1223 5298 1264 5348 46.
1282 5258 1453 5349 4444444410-
1478 5310 1551 5349 siaul.
1567 5282 1594 5349 iu
1612 5298 1631 5349 C
1650 5296 1711 5349 add.
1729 5298 1747 5349 4

660 5383 690 5408 ΔΙ
1050 5399 1057 5411 a

423 5436 459 5472 m.
481 5448 507 5457 -
533 5421 571 5471 49.
592 5422 731 5471 suumne
760 5447 785 5457 -
813 5421 854 5471 49.
874 5423 1114 5480 musculorumue,
1138 5418 1338 5484 descriptioooO
1366 5447 1392 5457 -
1419 5418 1621 5472 44444444444444441
1650 5448 1676 5456 —
1703 5420 1746 5475 44.

423 5498 610 5560 capacitamque
623 5498 678 5559 (sic)
691 5498 848 5545 --ciuitatis
864 5502 931 5546 4444444
947 5497 1045 5548 Nonius
1058 5511 1084 5562 p.
1095 5496 1152 5549 444.
1174 5524 1201 5534 -
1223 5501 1310 5547 nostra
1326 5496 1470 5559 republica
1487 5494 1617 5547 Niebuhr:
1639 5508 1748 5547 4444444444

424 5587 487 5621 44444.
507 5573 525 5621 c
544 5575 571 5620 et
588 5573 701 5625 Nonius;
720 5571 753 5622 ci.
774 5573 804 5631 n,
816 5571 857 5621 89.
879 5598 905 5607 -
925 5572 1116 5623 accommodabo
1128 5599 1167 5610 ··
1179 5574 1317 5622 orationem
1333 5573 1476 5625 Arusianus
1493 5572 1604 5622 llessius
1620 5584 1646 5636 p.
1657 5570 1706 5621 444
1718 5571 1747 5623 l..

426 5647 563 5696 -45.ο
529 5653 616 5709 poatcr
602 5646 733 5696 ‹ainanus
750 5648 777 5696 et
794 5648 951 5698 Arusianus·
970 5659 1081 5697 roruuao
1099 5646 1196 5697 CO—
1216 5645 1443 5699 4444444444ιο4-
1466 5646 1507 5697 46.
1527 5658 1749 5702 4444444444444444

426 5770 503 5819 C1-
521 5768 562 5819 48.
582 5768 832 5817 emececmoc-
859 5769 900 5818 49.
919 5768 1028 5819 debitam
1044 5770 1152 5833 scripsi:
1178 5781 1245 5820 roma
1263 5768 1324 5830 CO,
1348 5773 1427 5819 totum
1442 5768 1583 5831 Reisig-
1609 5766 1650 5818 49.
1668 5779 1751 5820 auur-

428 5891 624 5942 4444044440-
643 5888 684 5940 84
703 5902 790 5940 cousus
807 5890 833 5939 in
850 5890 870 5941 c
887 5890 949 5941 add.
968 5892 1090 5942 444.4.-
1109 5892 1269 5943 44444446-
1295 5892 1336 5945 84.
1353 5889 1487 5942 boboam
1503 5890 1619 5957 iladvig.
1637 5904 1750 5946 4444444444

428 5967 485 6018 co.
509 5967 572 6019 Vix
589 5964 647 6017 44444
664 5966 797 6030 potestat
813 5966 907 6018 cicero
923 5967 1141 6033 conscripserit:
1160 5967 1489 6034 quandhabooeuatlotat
1503 5980 1534 6020 444
1548 5980 1616 6020 ausc
1631 5968 1750 6036 4444444444),
