4342 7459
749 1259 872 1323 men.
902 1258 1147 1324 cmx-xa.
1173 1253 1382 1343 span-oo.
1670 1253 1734 1324 ron

411 1425 485 1508 Quo
511 1429 631 1492 nutem
658 1423 714 1488 llle
743 1428 911 1511 mortuus,
942 1421 1057 1487 eodem
1081 1426 1136 1489 est
1157 1441 1249 1488 ariao
1273 1427 1375 1490 nahts
1398 1420 1593 1490 Simonides
1622 1423 1733 1512 olym-

411 1531 509 1616 piade
538 1532 636 1596 sexta
666 1530 700 1593 et
730 1528 1018 1617 quinquepesima,
1048 1530 1089 1591 ut
1107 1525 1244 1610 facilius
1271 1527 1428 1616 tortetlegi
1458 1532 1570 1613 possit
1598 1530 1668 1593 tum
1691 1527 1734 1593 de

408 1634 548 1699 Romuli
582 1630 826 1711 iamorltalitate
859 1631 1044 1710 creditum,
1091 1649 1164 1697 cum
1196 1634 1259 1696 lam
1292 1633 1481 1698 inveterata
1510 1633 1581 1697 vita
1625 1622 1668 1712 [p.
1683 1625 1734 1691 67.

409 1737 572 1804 hominum
600 1755 640 1803 ac
667 1740 815 1803 tractata
842 1740 934 1801 esset
962 1738 996 1799 et
1024 1738 1172 1824 cognita.
1215 1732 1286 1801 Sed
1314 1736 1469 1816 proiecto
1498 1740 1593 1802 tants
1616 1735 1678 1801 init
1701 1737 1734 1800 ln

408 1862 449 1908 eo
476 1844 530 1908 vis
559 1841 683 1929 ingenii
713 1844 815 1926 atque
843 1840 995 1918 virtutis,
1024 1843 1061 1904 ut
1088 1837 1122 1902 ld
1152 1837 1193 1904 de
1221 1839 1364 1905 Romulo
1387 1839 1532 1907 Proculo
1555 1840 1640 1906 lullo
1669 1838 1759 1904 bo-ii

407 1948 483 2011 mini
506 1946 633 2034 agresti
655 1941 867 2025 crederetur,
896 1942 982 2028 quod
1006 1943 1118 2008 multis
1137 1944 1201 2007 iam
1223 1947 1303 2009 ante
1324 1944 1471 2010 saeculis
1490 1944 1583 2009 nullo
1605 1943 1671 2007 alio
1693 1943 1735 2008 de

409 2050 537 2114 mortali
568 2048 717 2113 homines
750 2046 992 2113 credidissent:
1029 2048 1083 2132 qui
1118 2046 1251 2130 inpulsu
1284 2050 1437 2131 patrum,
1473 2066 1538 2134 quo
1571 2047 1617 2112 illl
1648 2066 1668 2112 s
1697 2064 1735 2112 se

407 2152 563 2217 lnvidiam
587 2152 742 2217 interitus
764 2149 896 2214 Romuli
920 2150 1101 2233 petierent,
1128 2152 1162 2213 in
1189 2151 1347 2215 contione
1374 2148 1500 2216 dixisse
1525 2150 1635 2216 lemur
1655 2168 1675 2216 a
1698 2168 1736 2215 se

406 2260 514 2322 visum
537 2274 612 2321 esse
634 2256 668 2318 in
690 2274 731 2319 eo
753 2253 840 2320 colle
863 2248 1076 2338 litomulum,
1101 2256 1156 2339 qui
1179 2272 1268 2320 nnnc
1291 2252 1471 2335 Quirinalis
1492 2274 1602 2322 vocu—
1625 2247 1734 2337 [μθὸ.

407 2365 479 2426 tur:
508 2379 580 2425 eum
603 2360 665 2425 sibl
688 2357 865 2423 mandasse
893 2363 929 2421 ut
951 2358 1107 2442 populum
1130 2363 1269 2448 rogaret
1298 2362 1335 2423 ut
1357 2359 1419 2424 sibl
1442 2377 1483 2424 eo
1506 2361 1539 2424 ln
1562 2360 1650 2425 colle
1671 2358 1772 2424 dedi

408 2464 535 2529 lubrum
558 2463 668 2528 lieret:
697 2480 735 2527 se
758 2460 853 2527 deum
877 2479 952 2534 esse
974 2463 1009 2527 ct
1031 2458 1202 2541 Quirinum
1225 2463 1351 2528 vocari.

491 2566 555 2632 Xl.
589 2563 653 2630 21.
685 2563 860 2630 Videtisne
890 2565 994 2653 igitur
1023 2567 1120 2629 unius
1147 2566 1212 2628 vlrl
1242 2566 1381 2631 coasilio
1410 2584 1477 2631 non
1498 2567 1604 2632 solum
1628 2570 1735 2632 ortum

408 2690 530 2736 novum
552 2669 707 2755 populum
732 2686 839 2754 neque
862 2673 898 2732 ut
921 2671 954 2733 in
976 2670 1150 2734 cunabulis
1172 2671 1363 2759 vagientem
1385 2670 1548 2756 relictum,
1568 2675 1622 2737 set
1643 2670 1737 2737 adul·

408 2778 476 2838 tum
498 2776 561 2838 lam
584 2776 617 2837 et
641 2788 747 2855 paene
770 2763 955 2857 puberem?
987 2771 1069 2836 'l'um
1088 2771 1241 2837 Laelius:
1264 2773 1334 2838 Nos
1355 2792 1438 2839 vero
1461 2771 1623 2860 videmus,
1643 2778 1678 2841 et
1701 2778 1736 2841 te

408 2877 538 2962 quidem
561 2879 747 2965 ingressum
769 2876 899 2940 ratione
914 2873 958 2939 ad
974 2874 1208 2960 disputandum
1223 2896 1323 2955 nova,
1339 2870 1437 2962 quael
1450 2896 1608 2963 nimquam
1633 2871 1774 2959 [polu

409 2983 461 3047 est
484 2984 516 3045 in
538 2980 742 3047 Graecorum
765 2979 867 3044 libris
910 2979 993 3045 Nam
1018 2982 1174 3065 princeps
1195 2980 1267 3065 lile,
1297 3000 1362 3067 quo
1383 2999 1479 3046 nemo
1502 2981 1735 3048 inscribendo

409 3086 637 3172 praestantior
666 3083 750 3171 init,
782 3102 892 3149 aream
921 3083 984 3150 sibi
1011 3088 1146 3164 sumsit,
1178 3087 1211 3150 ln
1246 3104 1310 3172 qua
1343 3087 1513 3152 civitatem
1545 3089 1737 3153 exstrueret

409 3191 572 3256 arbitratu
594 3210 673 3273 suo,
704 3191 908 3274 praeclaram
937 3191 992 3254 ille
1015 3188 1144 3275 quidem
1169 3191 1330 3265 fortasse,
1360 3194 1414 3256 set
1435 3209 1456 3255 a
1477 3193 1550 3257 vita
1571 3190 1736 3257 hominnm

408 3293 640 3359 abhorrentem
663 3296 697 3358 et
720 3311 740 3357 a
762 3295 916 3358 moribus.
960 3291 1023 3358 22.
1049 3293 1183 3380 Reliqui
1206 3294 1435 3361 disseruerunt
1457 3296 1530 3361 stne
1551 3296 1620 3361 ullo
1640 3297 1736 3362 certo

408 3397 589 3481 exemplari
613 3396 784 3481 formaque
807 3398 855 3461 rei
879 3397 1032 3480 publicae
1055 3396 1097 3462 de
1118 3398 1301 3486 generibus
1321 3401 1356 3463 et
1378 3396 1420 3463 de
1441 3399 1627 3464 rationibus
1647 3396 1777 3466 alvi-²⁰

408 3499 523 3565 tatuln.
566 3499 616 3564 'l'u
638 3499 714 3564 mihi
737 3500 864 3565 videris
891 3506 1064 3586 utrumqne
1095 3494 1353 3588 iacturuspesl
1374 3503 1458 3568 enlm
1481 3504 1529 3568 lta
1550 3504 1606 3568 ln·
1629 3495 1736 3583 [psa.

407 3623 567 3692 gressus,
596 3609 632 3669 ut
662 3623 746 3690 qnae
775 3608 850 3689 lpse
876 3607 1029 3690 reperias
1058 3607 1207 3672 tribuere
1234 3606 1310 3672 aliis
1337 3608 1431 3673 malis
1452 3626 1566 3692 quam,
1594 3609 1631 3671 ut
1652 3606 1736 3673 lacit

408 3714 490 3792 aput
512 3706 686 3773 Platonem
708 3705 889 3791 Socrates,
916 3710 988 3795 ipse
1018 3711 1165 3801 lingere,
1193 3714 1227 3775 et
1248 3711 1306 3776 illa
1328 3710 1371 3776 de
1392 3711 1485 3776 urbis
1505 3711 1571 3776 situ
1592 3728 1737 3777 revoces

408 3811 451 3877 ad
480 3813 662 3894 rationem,
696 3831 780 3896 quae
809 3832 830 3878 a
858 3812 1002 3878 Romulo
1031 3832 1112 3881 casu
1141 3819 1200 3879 ant
1229 3817 1432 3882 necessitate
1454 3815 1669 3899 factasunt,
1702 3817 1736 3879 et

409 3916 561 4001 disputes
582 3935 649 3980 non
670 3918 811 4006 vaganti
835 3920 1003 4003 oratione,
1025 3922 1078 3983 set
1101 3918 1212 3984 delixa
1233 3923 1267 3984 la
1289 3939 1356 3985 una
1376 3937 1414 3984 re
1436 3918 1580 4005 publica.
1624 3916 1773 3999 Quare*

409 4038 531 4108 perge,
560 4023 597 4084 ut
619 4020 812 4084 instituisti:
847 4023 1041 4105 prospicere
1070 4024 1155 4087 enlm
1185 4023 1248 4087 lam
1270 4022 1391 4088 videor
1412 4025 1447 4087 te
1467 4023 1615 4108 reliquos
1633 4040 1737 4111 reges

409 4126 633 4208 persequente
656 4126 749 4208 quast
772 4123 956 4209 perlectam
978 4143 1046 4189 rem
1068 4126 1244 4209 publicam.

492 4225 574 4293 Xll.
604 4224 666 4292 23.
688 4227 798 4316 Ergo,
824 4229 929 4313 inquit
950 4224 1084 4311 Scipio,
1107 4247 1179 4295 cum
1201 4223 1418 4307 illelltomull
1439 4231 1588 4307 senatus,
1612 4218 1736 4308 [pasl.

410 4332 463 4417 qni
486 4332 665 4397 constabat
687 4350 730 4397 ex
752 4331 984 4415 optimatibus,
1012 4331 1131 4417 quibus
1154 4333 1225 4417 lpse
1248 4351 1308 4398 rex
1332 4337 1459 4397 tantum
1482 4332 1670 4415 tribuisset,
1699 4335 1736 4397 ut

409 4453 470 4500 eos
490 4437 607 4520 patres
626 4436 731 4501 vellet
753 4437 913 4500 nominari
936 4436 1162 4521 patriciosque
1184 4453 1296 4500 eorum
1319 4436 1459 4518 llberos,
1488 4438 1637 4501 tentaret
1659 4430 1774 4516 post³⁰

408 4727 467 4772 unte
483 4721 621 4773 liomrrlrm.
656 4722 713 4773 Noa
728 4721 819 4771 mullos
834 4735 915 4772 uanos
930 4722 1021 4785 (immo
1037 4722 1123 4772 maltis
1133 4721 1215 4784 anah)
1231 4727 1286 4785 pou
1301 4722 1428 4772 condimen
1442 4720 1529 4773 when
1543 4727 1620 4774 nuru
1634 4728 1670 4775 ost
1680 4724 1737 4775 Sto-

408 4795 528 4861 sichorlus
557 4823 585 4834 -
614 4810 691 4860 nepos
706 4823 722 4833 ·
732 4822 747 4835 ·
763 4810 796 4847 so
811 4796 875 4862 mio]
897 4798 1083 4863 supplementa
1101 4800 1163 4849 sunt
1179 4796 1325 4849 Niebuhril.

476 4883 498 4932 i.
517 4896 566 4945 quo
584 4883 661 4946 [osro]
677 4882 718 4933 illc
733 4882 857 4947 morltuar
873 4882 967 4947 dodon
984 4882 1028 4948 [est
1044 4882 1122 4949 on]no
1138 4885 1224 4948 nultos
1239 4886 1405 4943 llommssu;
1431 4884 1552 4947 munina
1565 4882 1609 4935 tlte
1623 4887 1738 4934 murm

408 4959 493 5009 eodem
508 4964 544 5009 sot
559 4972 641 5019 oaao;
662 4964 739 5009 amur
755 4958 889 5024 supplevit
904 4959 1035 5020 Niebuhr3
1062 4973 1112 5012 nos
1132 4976 1182 5024 quo
1198 4966 1282 5012 anton
1297 4960 1338 5011 itte
1358 4958 1478 5010 scribere
1499 4957 1655 5019 maluimus,
1673 4970 1737 5010 oum

409 5036 567 5097 praesertim
590 5049 622 5085 ex
644 5034 797 5100 apographo
818 5034 971 5086 lietleisunii
993 5034 1096 5086 litterae
1119 5049 1136 5086 ιι
1158 5038 1220 5087 anm
1242 5048 1298 5086 ιιιιι
1319 5035 1461 5099 vestigium
1483 5046 1627 5100 superesse
1644 5032 1737 5083 videa-

410 5111 461 5160 tur.
476 5137 503 5147 -
521 5110 821 5175 Simontdssnllomuh]
839 5110 907 5161 hoec
924 5109 1057 5177 supplevit
1071 5110 1233 5163 Niebuhrius
1249 5138 1283 5150 -
1303 5112 1328 5162 2.
1345 5116 1374 5161 ut
1388 5111 1490 5175 foedius
1506 5111 1668 5164 liommsen:
1687 5120 1737 5172 quo

1554 5185 1563 5212 Ι

408 5231 510 5294 lombar
524 5231 643 5284 Niebuhr
670 5258 697 5271 -
725 5234 749 5285 6.
768 5196 949 5286 ononaeroac
977 5262 1005 5271 -
1031 5235 1056 5285 ἵ.
1074 5209 1434 5296 neuoarauralrr'nonrnrsc
1461 5261 1490 5273 -
1517 5246 1602 5284 anaor
1619 5232 1639 5284 C
1658 5258 1686 5269 -
1709 5230 1736 5282 8.

408 5313 605 5371 mananseo
634 5344 661 5354 -
688 5318 729 5369 43.
748 5332 908 5369 moonnunrs
925 5320 945 5370 C
963 5322 1031 5371 teste
1049 5318 1210 5371 Detlelsenio
1238 5343 1266 5357 -
1293 5314 1627 5381 rnnrcmerlannnuuiic
1647 5341 1674 5351 -
1694 5315 1736 5367 lb.

409 5414 482 5451 narro
499 5402 519 5453 C
537 5402 599 5453 odd.
619 5417 651 5452 ne
668 5401 785 5467 sup.lin.
813 5429 841 5440 -
868 5417 1084 5473 nonnoprosonarr
1103 5402 1134 5456 (1ι
1150 5432 1182 5442 -
1209 5405 1248 5455 ll.
1267 5413 1381 5468 arpenno
1399 5403 1419 5455 C
1436 5402 1498 5455 add.
1517 5416 1548 5454 an
1565 5413 1625 5467 sup.
1640 5399 1686 5451 lin.
1707 5426 1735 5437 -

410 5523 450 5574 ro.
470 5500 630 5576 nimione.
649 5526 687 5587 c,
717 5524 770 5576 ael.
788 5539 805 5576 ι
821 5528 849 5578 a
865 5540 907 5576 n:
937 5526 1088 5578 namon
1112 5528 1133 5579 o
1163 5553 1190 5564 -
1221 5527 1262 5577 a.
1281 5488 1395 5577 ne'mm
1418 5525 1438 5577 c
1469 5550 1497 5562 -
1526 5525 1568 5575 aa.
1587 5485 1678 5581 ahc
1705 5544 1733 5558 —

410 5657 579 5700 inseramus
597 5651 627 5711 C,
645 5647 698 5701 del.
714 5662 728 5698 r
745 5651 772 5700 ot
787 5652 876 5716 priore
892 5664 909 5701 r
927 5678 955 5689 -
975 5611 1158 5702 rncrrnoraror
1176 5651 1206 5713 C,
1224 5646 1313 5702 deleto
1330 5660 1392 5699 anor
1412 5670 1440 5684 -
1459 5646 1500 5697 23.
1519 5658 1604 5697 murs
1622 5645 1652 5709 c,
1669 5656 1737 5710 pun·

1449 5729 1503 5757 nm

409 5769 479 5823 cteta
496 5787 526 5833 ι,
552 5774 583 5823 ut
598 5772 722 5823 adfirmat
738 5773 855 5825 Dultleu
882 5801 910 5812 -
938 5776 981 5826 hb.
999 5779 1110 5838 coponis
1126 5772 1250 5825 Heinrich
1279 5798 1308 5811 -
1338 5732 1523 5828 onlrro'orrua
1546 5769 1566 5820 C
1589 5765 1643 5819 del.
1666 5780 1684 5816 n
1704 5791 1733 5804 -

409 5893 450 5945 it.
469 5858 624 5948 rmrrrnffc
652 5922 679 5933 -
704 5872 799 5953 uecors
816 5895 836 5947 c
861 5920 894 5935 -
918 5896 959 5947 lt.
975 5900 1137 5959 mouente
1153 5896 1254 5948 llossr:
1273 5888 1481 5953 rmroosarlc
1507 5917 1535 5928 -
1559 5888 1602 5944 28.
1618 5892 1737 5944 mss

409 5978 442 6033 C'
459 6008 486 6020 -
505 5980 547 6031 30.
564 5994 692 6034 rrarmr
709 5982 741 6048 C,
758 5986 887 6048 temtaret
903 5982 1066 6036 stelnucksr.
1422 5971 1435 5994 ⁸
