4342 7459
713 1240 822 1305 nur.
852 1238 1187 1305 cmxvrn-xrx.
1216 1238 1261 1324 §g
1284 1236 1432 1304 ss-os.
1670 1239 1734 1305 cor

407 1402 571 1484 dausque
600 1388 794 1473 communis,
822 1399 973 1475 consilia,
1002 1419 1181 1474 sermones,
1211 1399 1467 1476 cohortationes,
1489 1401 1734 1476 consolationes,

407 1496 568 1560 interdum
597 1494 693 1558 eliam
721 1493 976 1575 obiurgationes,
1004 1498 1038 1558 in
1065 1495 1215 1559 amicitiis
1244 1496 1352 1576 vigent
1379 1494 1533 1571 maxime,
1563 1503 1676 1581 estque
1698 1517 1736 1561 ca

409 1589 640 1654 iucundissima
660 1588 815 1662 amicitia,
837 1608 931 1671 quam
952 1587 1130 1653 similitudo
1153 1609 1276 1652 morum
1298 1589 1489 1672 coniugavit

495 1682 607 1745 XVlll.
638 1679 692 1746 59.
722 1681 786 1745 Sed
814 1684 848 1746 in
878 1682 927 1747 hia
958 1683 1106 1748 omnihus
1134 1681 1247 1747 officiis
1275 1683 1452 1747 tribuendis
1473 1683 1645 1749 videndum
1667 1685 1737 1760 erit,

411 1779 491 1868 quid
514 1778 630 1861 coique
651 1777 790 1841 maxime
811 1796 942 1842 necesse
964 1779 1006 1842 sit
1026 1785 1059 1842 et
1081 1778 1158 1861 quid
1180 1777 1317 1862 quisque
1340 1775 1390 1840 vel
1405 1777 1473 1841 sine
1488 1777 1580 1841 nobis
1594 1787 1649 1840 aut
1664 1792 1761 1861 pos-c

411 1875 454 1939 sit
475 1871 630 1955 consequi
652 1877 792 1935 autnon
813 1872 925 1956 possit.
961 1873 1008 1937 Ita
1031 1890 1095 1935 non
1117 1869 1203 1935 idem
1225 1877 1317 1934 erunt
1337 1870 1607 1934 necessitudinum
1621 1870 1738 1955 gradus

412 1967 469 2051 qui
489 1973 686 2048 temporum,
708 1971 849 2047 suntque
870 1964 994 2041 officia,
1021 1985 1104 2050 quae
1126 1966 1196 2029 aliis
1219 1965 1319 2049 magis
1342 1984 1438 2048 quam
1459 1964 1531 2028 aliis
1554 1963 1739 2040 debeantur,

410 2059 609 2124 utricidam
637 2057 729 2121 citius
757 2057 918 2122 adiuveris
945 2059 978 2122 in
1005 2058 1161 2123 fructibus
1184 2057 1396 2142 percipiendis
1418 2078 1513 2142 quam
1535 2068 1590 2123 aut
1610 2058 1739 2123 fratrem

411 2162 467 2219 aut
487 2152 691 2227 familiarem,
720 2159 769 2226 at,
797 2152 824 2215 si
846 2152 886 2215 lis
907 2152 941 2216 in
963 2153 1083 2217 iudicio
1106 2153 1162 2228 sit,
1183 2152 1396 2237 propinquum
1418 2153 1525 2235 potius
1548 2161 1580 2217 et
1600 2153 1738 2217 amicum

413 2268 510 2332 qnam
531 2246 671 2311 vicinum
693 2244 883 2309 defenderis.
928 2248 1013 2311 Haec
1036 2247 1134 2329 igitur
1155 2254 1187 2310 et
1209 2247 1283 2310 talia
1302 2245 1588 2329 circumspicienda
1608 2256 1684 2312 suut
1705 2247 1777 2310 ino

413 2344 500 2407 omni
522 2339 629 2405 officio
652 2336 696 2423 [et
716 2338 914 2403 consuetudo
936 2342 1184 2425 exercitatioque
1205 2334 1390 2424 capienda],
1420 2349 1456 2403 ut
1476 2340 1553 2404 boni
1575 2341 1741 2404 ratiocina-

412 2443 497 2499 tores
518 2430 694 2497 officiorum
717 2451 788 2495 esse
809 2434 966 2517 possimus
993 2443 1026 2498 et
1052 2434 1199 2499 addendo
1226 2433 1480 2518 deducendoque
1501 2432 1626 2509 videre,
1658 2453 1739 2518 quae

412 2529 528 2612 reliqui
562 2546 683 2592 samma
716 2523 790 2602 fiat,
827 2547 867 2590 ex
899 2547 986 2610 quo,
1018 2537 1173 2611 quantum
1205 2528 1320 2610 cuique
1353 2528 1526 2602 debeatur,
1562 2527 1740 2610 intellegas.

414 2619 466 2685 ab.
494 2618 575 2695 Sed,
604 2627 639 2684 ut
665 2639 726 2683 nec
752 2619 866 2684 medici
894 2641 953 2684 nec
979 2622 1185 2705 imperatores
1214 2641 1273 2684 uec
1302 2628 1463 2697 oratores,
1493 2622 1638 2705 quamvis
1665 2622 1741 2685 artis

414 2723 585 2799 praecepta
605 2714 815 2798 perceperint,
838 2715 1009 2798 quicquam
1026 2734 1145 2799 magna
1165 2715 1260 2780 laude
1282 2714 1414 2799 dignum
1435 2715 1505 2778 sine
1528 2734 1588 2779 usu
1603 2723 1635 2779 et
1650 2730 1780 2778 exer-ss

416 2808 567 2872 citatione
595 2808 749 2890 consequi
777 2816 928 2893 possunt,
957 2810 1004 2873 sic
1032 2807 1129 2874 officii
1150 2809 1360 2874 conservandi
1382 2818 1553 2893 praecepta
1574 2808 1743 2873 traduntur

415 2902 472 2967 illa
492 2899 638 2985 quidem,
659 2909 695 2965 ut
715 2900 849 2967 iacimus
871 2903 950 2986 ipsi,
972 2904 1029 2968 sed
1050 2905 1097 2967 rei
1119 2903 1302 2987 magnitudo
1323 2924 1416 2968 usum
1439 2923 1569 2987 quoquc
1590 2905 1744 2967 exercitu·

415 2998 600 3079 tionemque
621 2993 790 3059 desiderat
832 2997 936 3079 Atque
965 2997 1005 3061 ah
1033 2999 1072 3062 iis
1099 3000 1209 3073 rebus,
1239 3017 1321 3082 quae
1343 3004 1418 3061 sunt
1438 2998 1471 3060 in
1491 2998 1561 3061 iure
1583 2998 1743 3061 societatis

415 3091 592 3166 humanae,
623 3089 781 3174 quemad
803 3089 932 3155 modum
955 3092 1088 3156 ducatur
1107 3092 1294 3167 honestum,
1324 3111 1365 3155 ex
1387 3110 1452 3174 quo
1473 3098 1583 3173 aptum
1605 3097 1655 3154 est
1675 3085 1744 3152 offi-

416 3184 518 3260 cium,
543 3184 619 3249 satis
642 3182 708 3247 lero
731 3184 881 3249 diximus.
1752 3200 1782 3247 so

502 3274 554 3343 dl.
583 3278 836 3361 Intellegendum
858 3286 963 3343 autem
986 3287 1052 3355 cst,
1082 3300 1154 3343 cum
1174 3280 1337 3364 proposita
1362 3280 1426 3343 siut
1447 3298 1563 3363 genera
1585 3284 1744 3362 quattuor,

417 3372 577 3457 equibus
598 3371 750 3436 honestas
779 3369 983 3458 officiumque
1012 3381 1170 3450 manaret,
1198 3373 1488 3458 splendidissimum
1510 3373 1628 3448 rideri,
1656 3370 1744 3456 quod

417 3468 525 3532 animo
554 3486 669 3550 magno
697 3467 845 3552 elatoque
871 3467 1089 3552 humanasque
1113 3490 1165 3533 res
1187 3470 1380 3552 despiciente
1401 3469 1519 3532 factum
1540 3469 1591 3532 sit
1634 3467 1745 3549 ltaque

418 3560 453 3625 in
474 3560 598 3645 probris
620 3561 759 3625 maxime
779 3562 813 3624 in
834 3571 984 3646 promptu
1005 3573 1071 3638 est,
1093 3564 1121 3626 si
1143 3562 1221 3647 quid
1244 3563 1307 3627 tale
1328 3562 1393 3627 dici
1414 3570 1537 3647 potest:

590 3657 664 3720 Vos
691 3658 811 3732 enim,
840 3658 1020 3733 iuvenes,
1048 3658 1211 3722 animum
1240 3657 1376 3741 geritis
1405 3655 1648 3731 muliebrem,
1677 3652 1785 3719 illato

1269 3751 1376 3835 virgo
1405 3750 1493 3825 viri,

420 3842 453 3900 ct
473 3835 501 3899 si
522 3834 602 3919 quid
624 3834 693 3898 cius
717 3834 820 3898 modi:
921 3859 925 3866 ·

590 3928 809 3994 Salmacida
834 3929 964 4013 spolia
989 3931 1074 3994 aine
1103 3931 1242 3996 sudore
1268 3938 1306 3994 et
1333 3930 1529 4012 sanguine.

421 4035 601 4117 Contraque
627 4034 660 4097 in
688 4031 852 4107 laudibus,
881 4052 964 4115 quae
991 4053 1106 4116 magno
1135 4035 1244 4098 auimo
1274 4043 1306 4099 et
1333 4034 1460 4098 fortiter
1487 4032 1749 4115 excellenterque

420 4138 510 4214 gesta
537 4136 629 4203 sunt,
659 4146 698 4190 ca
725 4127 833 4190 nescio
865 4146 929 4209 quo
960 4126 1055 4192 modo
1085 4128 1176 4212 quasi
1204 4128 1348 4213 pleniore
1371 4148 1426 4193 ore
1448 4129 1622 4191 laudamus.
1665 4127 1786 4190 Hinoao

419 4223 583 4288 rhetorum
606 4241 736 4305 campus
759 4221 800 4284 dc
821 4220 1023 4295 Marathone,
1047 4222 1222 4298 Salamine,
1246 4221 1391 4296 Plataeis,
1414 4221 1645 4304 Thermopylis,
1667 4221 1749 4283 Leu-

420 4320 514 4394 ctris,
544 4317 619 4380 hinc
649 4324 758 4380 noster
787 4315 916 4391 Cocles,
946 4315 1020 4379 hino
1042 4318 1146 4391 Decii,
1177 4316 1252 4380 hinc
1275 4316 1330 4379 Cn.
1353 4324 1386 4379 et
1406 4317 1440 4379 P.
1463 4316 1646 4398 Scipiones,
1676 4313 1750 4376 hinc

419 4413 462 4477 hl.
484 4409 671 4485 hlarccllus,
705 4411 952 4475 innumerabiles
981 4409 1053 4484 alii,
1088 4410 1289 4495 maximeque
1321 4409 1389 4494 ipse
1422 4408 1561 4491 populus
1589 4409 1749 4471 llomanus

421 4504 521 4569 animi
544 4504 759 4586 magnitudine
782 4506 921 4568 excellit
971 4504 1156 4569 Declaratur
1176 4512 1282 4568 autem
1304 4503 1445 4567 studium
1466 4501 1598 4566 bellicae
1620 4502 1749 4584 gloriae,

421 4598 508 4683 qnod
531 4606 651 4663 statum
672 4619 801 4683 quoque
824 4598 967 4663 ridemus
989 4607 1101 4663 ornatu
1122 4595 1188 4662 sere
1211 4598 1348 4662 militari.
1759 4608 1788 4654 aa

506 4693 593 4755 xlx.
617 4689 669 4755 62.
692 4692 755 4755 Sed
778 4711 816 4756 ea
836 4694 934 4757 animi
955 4693 1067 4767 elatio,
1089 4711 1172 4776 quae
1195 4692 1335 4757 comitur
1354 4692 1388 4755 in
1410 4689 1559 4775 periculis
1581 4696 1614 4753 et
1633 4688 1752 4753 labori·

422 4786 500 4862 hus,
522 4788 550 4850 si
572 4785 693 4850 iustitia
715 4794 806 4850 vacat
826 4794 1012 4871 pugnatque
1033 4807 1100 4852 non
1120 4807 1179 4871 pro
1202 4786 1304 4851 salute
1327 4787 1504 4862 communi,
1526 4783 1582 4848 sed
1605 4804 1662 4869 pro
1684 4783 1751 4847 suis

489 4965 515 5014 2.
532 4964 645 5014 mcciorc
661 4974 746 5027 emp
773 4989 800 4998 -
828 4968 911 5028 estque
926 4976 958 5015 aa
968 4990 1004 5001 ·-
1017 4964 1164 5029 cocicpocit
1188 4962 1223 5014 ab
1241 4960 1369 5014 hocloco
1386 4959 1471 5014 aliena
1489 4974 1550 5013 csse
1568 4961 1672 5012 censuit
1688 4961 1752 5011 Fac-

424 5038 545 5093 ciolatus.
566 5065 593 5076 -
617 5040 642 5091 3.
661 5041 839 5092 iocundissima
855 5041 925 5091 Boc
944 5065 971 5077 ·-
995 5041 1020 5089 h.
1038 5040 1142 5102 quisquc
1159 5049 1242 5090 ome
1262 5066 1288 5076 -
1311 5038 1336 5088 Ἰ.
1354 5043 1412 5088 aaut
1428 5042 1513 5087 cutem
1529 5036 1612 5101 osttcto
1629 5049 1644 5087 o
1664 5064 1690 5074 -
1710 5038 1751 5087 ll.

424 5121 449 5168 sl
464 5116 615 5166 menstede
631 5117 827 5179 mestumque
843 5117 967 5179 capienda
982 5116 1073 5180 spuria
1090 5126 1150 5165 esse
1168 5115 1270 5178 primus
1286 5113 1352 5162 vidit
1363 5111 1533 5163 fasciolatus.
1548 5136 1576 5148 -
1595 5113 1753 5174 comamque

425 5203 561 5258 superscr.
578 5192 649 5242 ttob
669 5218 696 5229 -·
722 5193 761 5242 th.
781 5193 970 5255 deducendoque
986 5204 1016 5255 p:
1035 5190 1195 5250 docendoque
1209 5188 1341 5239 Altllsb
1360 5190 1502 5252 (superscr.
1517 5199 1572 5237 sec.
1586 5199 1622 5237 m.
1636 5188 1753 5237 demendo

423 5268 451 5319 ln
468 5272 498 5329 Α,
517 5268 631 5319 discam
648 5269 675 5317 in
692 5265 730 5333 a);
755 5269 920 5329 demendoque
937 5278 952 5317 ο
979 5292 1007 5304 -
1035 5266 1076 5315 43.
1094 5268 1218 5326 quantam
1233 5263 1351 5313 &lemae
1367 5264 1502 5324 usumque
1517 5262 1672 5325 intelligatur
1689 5274 1704 5312 o
1724 5289 1751 5299 -

424 5344 466 5395 lb.
485 5356 534 5393 aaa
550 5349 573 5393 ct
589 5343 616 5393 in
634 5355 726 5393 rasura
744 5342 857 5394 duarum
875 5342 1022 5393 litterarum
1039 5350 1122 5392 om.c
1142 5367 1167 5376 -
1191 5340 1231 5390 48.
1251 5338 1282 5388 oh
1298 5340 1337 5388 liis
1353 5339 1373 5389 C
1392 5340 1447 5403 (hijs
1464 5340 1488 5400 c)
1508 5362 1535 5374 -
1560 5338 1600 5386 tt.
1619 5342 1754 5388 actualem

423 5415 470 5467 llo
494 5441 520 5453 -
548 5417 590 5467 23.
609 5418 780 5481 humanusque
797 5420 830 5470 C:
854 5420 978 5469 hrcucuoc
1000 5429 1015 5467 o
1044 5443 1071 5454 -
1099 5415 1141 5466 tl.
1159 5413 1270 5477 reprobis
1286 5415 1329 5464 Ab
1355 5414 1499 5477 (superscr.
1517 5414 1545 5461 iu
1557 5411 1657 5474 probris
1673 5415 1703 5472 Α)
1723 5436 1750 5451 ·-

424 5492 466 5544 25.
484 5494 550 5543 mm
566 5493 710 5544 ABllbc:
730 5496 819 5545 etenim
835 5506 876 5546 ao
896 5519 922 5530 -
948 5491 1092 5542 multebnm
1108 5501 1217 5540 vamum
1235 5488 1421 5539 hexametrum
1439 5486 1536 5537 claudit
1553 5488 1580 5538 iu
1597 5499 1613 5537 o
1630 5514 1662 5524 -
1679 5489 1754 5552 uirgo

426 5566 555 5630 cleliam
573 5569 612 5627 cl:
637 5569 727 5632 virago
744 5582 768 5620 o.
800 5570 838 5621 cl.
854 5570 1005 5620 Lachmann
1023 5566 1056 5616 ad
1075 5568 1180 5616 lucret.
1199 5578 1226 5629 p.
1239 5565 1297 5615 227.
1324 5590 1350 5601 -
1377 5564 1418 5614 28.
1437 5563 1679 5625 Solmactdcapotic
1700 5565 1751 5615 los.

425 5639 544 5704 Scaliger
560 5642 797 5706 (lecticulam.
812 5644 899 5705 1,28):
918 5643 1041 5704 Samum,
1053 5642 1088 5690 do
1104 5641 1185 5702 spolio
1202 5651 1217 5689 o
1243 5667 1270 5678 -
1294 5641 1335 5690 29.
1354 5641 1439 5689 auimo
1456 5643 1479 5687 ct
1493 5638 1594 5701 sortiter
1610 5639 1655 5687 ΑΒ
1667 5640 1687 5689 Η
1697 5641 1751 5690 sb:

426 5716 513 5765 culmo
530 5727 559 5777 c;
578 5718 814 5781 oniomsortitsro
835 5746 861 5756 -
881 5718 1107 5769 summitatum
1123 5715 1228 5776 llllso,
1246 5713 1430 5765 mortomoocb
1446 5739 1471 5748 -
1487 5713 1578 5774 plauit
1594 5712 1677 5772 llsc.
1692 5714 1755 5776 pto-

427 5789 522 5841 mn
548 5816 575 5827 -
604 5792 755 5855 tberuiopilts
772 5794 868 5857 (priore
886 5794 896 5841 l
911 5794 938 5844 in
955 5795 1018 5855 ras.)
1037 5794 1069 5852 B,
1092 5792 1266 5854 nomoplptu
1282 5805 1313 5853 a,
1337 5788 1504 5851 thermopbilts
1518 5789 1547 5847 b,
1571 5789 1755 5850 consopiens

427 5888 463 5905 ···
478 5865 602 5927 mab,
624 5868 681 5917 binc
702 5874 785 5920 conss·
806 5870 889 5920 Cocles
908 5872 1002 5920 Petrus
1025 5867 1181 5919 halduinus:
1205 5866 1293 5917 teutria
1313 5863 1441 5917 starcoclct
1461 5862 1607 5926 ahitub,
1632 5863 1757 5917 meister

428 5941 548 5995 dcdcso
567 5967 594 5978 -
613 5942 654 5994 33.
671 5945 806 5998 marcellus
821 5950 844 5996 ct
859 5944 1051 5998 immobiles
1067 5956 1082 5993 o
1099 5970 1132 5981 -
1148 5943 1199 6010 ipre
1216 5954 1270 5995 om.
1283 5952 1308 5993 c.

514 6031 698 6087 amonis.
1499 6026 1541 6101 42
