4342 7459
439 1225 502 1293 280
770 1228 1092 1296 Tusculananusr
1113 1225 1444 1293 bisaurarlorsiiii

439 1391 517 1455 tium
544 1390 752 1465 mollitudini,
782 1409 841 1453 nos
863 1396 968 1452 autem
990 1388 1164 1451 audeamus
1187 1408 1249 1452 non
1272 1386 1376 1451 solum
1397 1405 1503 1450 ramos
1525 1392 1690 1469 amputare
1710 1388 1769 1452 mi·

440 1484 607 1561 seriarum,
629 1485 685 1548 sad
708 1484 811 1547 omnis
833 1481 973 1546 radicum
996 1479 1089 1545 libras
1112 1483 1257 1546 evellere.
1294 1483 1412 1544 Tamen
1433 1478 1553 1563 aliquid
1568 1480 1769 1565 relinquetur

440 1577 589 1641 lanosae:
611 1580 656 1643 ita
677 1585 752 1641 sunt
772 1577 855 1641 altae
878 1576 992 1659 stirpes
1013 1575 1174 1638 stultitiae.
1205 1575 1267 1638 Sed
1282 1573 1481 1656 relinquetur
1495 1573 1529 1636 id
1544 1572 1656 1647 solum,
1679 1574 1768 1655 quod

440 1671 501 1734 erit
521 1671 743 1735 necessarium.
776 1670 857 1733 lllud
880 1669 1010 1752 quidem
1027 1669 1072 1731 sic
1086 1667 1220 1743 habeto,
1243 1668 1303 1731 nisi
1319 1676 1447 1730 sanatus
1464 1668 1587 1729 animus
1602 1666 1658 1740 sit,
1681 1670 1768 1749 quod

416 1765 509 1828 asine
531 1765 734 1849 philosophia
756 1762 824 1828 fieri
846 1783 909 1827 non
932 1770 1053 1845 potest,
1076 1758 1170 1824 finem
1194 1762 1391 1825 miseriarum
1413 1759 1535 1823 nullum
1556 1760 1635 1824 iore.
1663 1759 1767 1835 Quam

440 1856 586 1933 obrem,
614 1860 765 1942 quoniam
791 1858 969 1941 coepimus,
996 1856 1156 1919 tradamus
1178 1856 1288 1919 nos⁴ei
1311 1853 1487 1917 curandos:
1516 1854 1711 1929 sanabimur,
1740 1855 1767 1918 si

441 1953 593 2016 volemus.
626 1953 667 2016 lit
688 1950 875 2035 progrediar
890 1950 1019 2032 quidem
1041 1947 1184 2030 longius;
1207 1969 1269 2011 non
1285 1948 1370 2011 enim
1385 1947 1425 2010 de
1440 1947 1638 2030 aegritudine
1653 1949 1766 2023 solnm,

441 2066 631 2132 quamquam
653 2045 687 2109 id
710 2044 838 2128 quidem
863 2044 1015 2126 primum,
1038 2041 1094 2105 sed
1118 2042 1157 2105 de
1181 2043 1265 2106 omni
1287 2042 1399 2116 animi,
1429 2050 1464 2104 nt
1485 2061 1545 2124 ego
1567 2041 1674 2125 posui,
1696 2062 1768 2125 per·

439 2140 619 2204 turbatione
641 2172 683 2187 -
699 2138 825 2213 morbo,
849 2144 884 2201 nt
899 2137 1010 2199 Graeci
1027 2136 1137 2199 volunt
1152 2171 1192 2181 -
1207 2134 1383 2219 explicabo.
1418 2137 1458 2198 Et
1474 2138 1589 2218 primo,
1611 2137 1638 2199 si
1654 2136 1768 2218 placet,

403 2248 431 2294 ic
441 2234 618 2298 Stoicorum
634 2253 721 2297 more
738 2252 878 2314 agamus,
897 2230 952 2313 qui
967 2230 1106 2293 breviter
1118 2229 1292 2312 astringere
1310 2230 1413 2293 solent
1431 2241 1634 2312 argumenta;
1651 2231 1768 2297 deinde

439 2336 549 2393 nostro
573 2328 719 2391 instituto
742 2327 935 2409 vagabimnr.

525 2422 592 2484 v11.
615 2417 666 2486 lt.
689 2422 752 2498 Qui
774 2421 863 2486 lortis
886 2427 944 2495 est,
966 2420 1050 2484 idem
1065 2429 1114 2483 est
1131 2416 1242 2492 fidens,
1265 2417 1416 2501 quoniam
1439 2418 1664 2482 confidens
1686 2420 1768 2483 mala

440 2515 671 2580 consuetudine
698 2514 851 2599 loquendi
879 2515 912 2577 in
937 2515 1014 2578 ritio
1043 2515 1188 2597 ponitur,
1216 2512 1345 2576 ductum
1374 2513 1504 2577 verbum
1527 2533 1545 2577 a
1567 2509 1768 2587 confidendo,

440 2610 524 2694 quod
546 2609 650 2674 laudis
672 2617 735 2673 est:
758 2609 813 2691 qui
829 2616 933 2672 autem
949 2615 998 2671 est
1013 2606 1130 2682 fidens,
1152 2611 1179 2671 is
1197 2605 1340 2690 prolecto
1356 2627 1419 2670 non
1435 2608 1628 2683 extimescit3
1650 2608 1768 2671 discre-

403 2709 495 2786 sopat
516 2703 601 2765 anim
622 2722 641 2765 a
662 2703 803 2767 timendo
825 2701 996 2765 confidere.
1032 2702 1129 2786 Atqui
1153 2702 1186 2763 in
1210 2721 1305 2785 quem
1328 2700 1411 2763 cadit
1432 2702 1613 2782 aegritudo,
1634 2702 1667 2766 in
1690 2722 1768 2767 eun-

440 2796 513 2859 dem
541 2796 653 2871 timor;
681 2817 814 2880 quarum
834 2796 920 2858 enim
943 2815 1048 2858 rerum
1071 2796 1253 2877 praesentia
1275 2814 1383 2857 sumus
1405 2795 1439 2858 in
1460 2795 1675 2876 aegritudine,
1698 2816 1768 2861 eas-

441 2889 513 2954 dem
534 2890 744 2972 inpendentes
770 2898 802 2953 et
829 2890 992 2953 vanientes
1020 2889 1177 2952 timemus.
1213 2890 1262 2950 lta
1284 2884 1318 2951 lit
1343 2896 1378 2950 444
1399 2886 1576 2951 fortitudini
1599 2891 1766 2972 aegritudo

440 2994 605 3065 repugnet
620 2986 694 3048 Vari
709 2984 812 3047 simile
824 2993 872 3047 est
887 2984 992 3065 igitur,
1003 2984 1036 3045 in
1053 3003 1149 3066 quem
1165 2984 1257 3047 cadat
1268 2983 1443 3064 aegritudo,
1459 2983 1571 3045 cadere
1584 2982 1616 3045 in
1632 2983 1767 3050 eundem

439 3077 586 3140 timorem
608 3085 640 3140 et
655 3077 882 3141 infractionem
905 3076 1034 3160 quidem
1057 3077 1154 3140 animi
1179 3086 1211 3140 et
1232 3076 1465 3140 demissionem.
1504 3076 1592 3151 Quae
1614 3080 1647 3142 in
1671 3099 1767 3163 quem

402 3170 575 3246 rocadunt,
597 3172 630 3235 in
646 3172 782 3237 eundem
798 3172 884 3236 cadit
898 3180 934 3234 nt
948 3172 1075 3244 serviat,
1097 3179 1132 3234 ut
1146 3173 1271 3245 rictum,
1288 3170 1315 3233 si
1331 3170 1470 3253 quando,
1486 3190 1520 3234 se
1536 3190 1606 3233 esse
1622 3170 1766 3238 fateatur.

441 3265 532 3340 Quae
554 3266 610 3349 qui
631 3265 757 3347 recipit,
780 3265 914 3347 recipiat
936 3265 1019 3327 idem
1035 3284 1165 3327 necesse
1181 3273 1230 3327 est
1244 3263 1442 3326 timiditatem
1459 3272 1490 3327 et
1505 3264 1675 3346 ignaviam.
1697 3268 1768 3331 Non

441 3362 558 3425 cadunt
579 3370 683 3425 antem
699 3359 777 3422 baec
789 3361 823 3421 in
839 3360 938 3422 virum
953 3359 1084 3421 fortem:
1108 3359 1258 3439 igiturne
1274 3357 1437 3438 aegritudo
1453 3357 1594 3441 quidem.
1616 3363 1657 3424 At
1671 3382 1766 3425 nemo

441 3456 567 3539 sapiens
589 3455 650 3520 nisi
674 3452 778 3516 fortis:
803 3473 867 3516 non
890 3452 982 3516 cadet
997 3471 1072 3533 ergo
1087 3452 1119 3513 in
1135 3452 1308 3533 sapientem
1324 3452 1501 3534 aegritudo.
1536 3448 1586 3514 45.
1602 3453 1768 3519 Praeterea

440 3568 570 3613 necessa
594 3556 656 3623 est,
678 3548 734 3631 qui
759 3545 850 3609 tortis
874 3546 929 3620 sit,
953 3545 1088 3608 eundem
1111 3565 1180 3608 esse
1203 3548 1305 3627 magni
1328 3546 1443 3620 animi,
1466 3548 1519 3629 qui
1543 3548 1647 3629 magni
1670 3549 1766 3612 animi

400 3641 494 3716 assir,
516 3642 685 3715 invictum3
714 3641 767 3722 qui
790 3640 926 3702 invictus
949 3639 1006 3712 sit,
1036 3659 1108 3701 eum
1131 3659 1182 3701 res
1203 3638 1358 3703 humanas
1381 3641 1545 3722 despicere
1566 3650 1663 3725 atque
1685 3642 1768 3706 inira

438 3753 472 3796 se
494 3735 613 3817 positas
634 3734 793 3807 arbitrari3
816 3731 979 3814 despicere
1000 3740 1105 3795 autem
1128 3751 1221 3794 nemo
1245 3744 1351 3815 potest
1373 3754 1426 3799 eas
1448 3755 1517 3810 res,
1539 3746 1670 3820 propter
1687 3756 1767 3820 quas

438 3827 637 3909 aegritudine
659 3826 751 3891 adfici
773 3834 892 3909 potest3
915 3844 955 3888 ex
976 3845 1039 3908 quo
1063 3822 1198 3888 efficitur
1218 3828 1329 3891 fortem
1347 3830 1447 3892 sirum
1462 3829 1660 3912 aegritudine
1676 3851 1767 3894 num-

438 3942 533 4004 quam
555 3919 658 3985 adfici.
695 3920 813 3984 Omnes
835 3928 940 3983 autem
963 3920 1122 4001 sapientes
1144 3920 1258 3984 lortes:
1281 3944 1343 3985 non
1367 3924 1451 3985 cadit
1474 3922 1570 4005 igitur
1591 3924 1624 3985 in
1641 3924 1767 4005 sapien·

438 4024 501 4078 tem
525 4015 701 4096 aegritudo.
736 4015 777 4076 Et
803 4033 898 4097 quem
928 4013 966 4075 ad
989 4012 1117 4076 modum
1140 4015 1252 4080 oculus
1275 4018 1479 4081 conturbatus
1501 4037 1564 4081 non
1587 4025 1635 4080 est
1667 4016 1766 4099 probe

398 4107 580 4172 scadieclus
602 4107 641 4170 ad
664 4128 754 4170 suum
777 4127 893 4169 munus
915 4105 1109 4187 lungendum
1133 4117 1164 4171 et
1186 4111 1327 4194 reliquae
1350 4119 1454 4193 partes
1477 4120 1617 4174 totumve
1641 4130 1766 4193 corpus,

438 4210 520 4265 statu
543 4222 615 4264 cum
638 4210 686 4264 est
707 4210 842 4274 motum,
866 4200 956 4263 deest
977 4197 1080 4264 officio
1104 4222 1162 4264 suo
1185 4212 1217 4266 et
1239 4204 1378 4277 muneri,
1402 4204 1448 4267 sic
1470 4203 1676 4267 conturbatus
1698 4204 1766 4267 ani·

502 4417 527 4465 4.
546 4414 632 4476 fybras
653 4416 702 4465 Gli
727 4441 752 4451 -
777 4414 801 4463 3.
820 4414 874 4463 alta
896 4416 915 4463 G
940 4442 967 4452 -
994 4415 1017 4465 8.
1038 4416 1135 4476 quidem
1158 4417 1184 4466 in
1208 4430 1289 4479 marg.
1311 4416 1427 4467 babetll
1449 4444 1474 4453 -
1500 4420 1561 4467 Post
1574 4419 1686 4480 primum
1703 4418 1767 4468 inli

437 4491 543 4553 signum
561 4492 602 4540 est
619 4490 776 4554 compendio
794 4489 868 4539 verbi
886 4495 920 4539 cst
937 4488 1008 4538 haud
1027 4489 1162 4540 dissimile.
1185 4518 1209 4525 —
1236 4493 1275 4541 43.
1295 4494 1338 4553 qui
1353 4493 1427 4554 tortis
1443 4499 1490 4550 est,
1509 4493 1573 4540 idem
1587 4493 1665 4555 pidem
1676 4517 1712 4530 --
1729 4493 1767 4541 lo-

438 4566 566 4630 quentiam
582 4566 608 4614 ia
624 4566 685 4614 citio
697 4592 710 4602 -
720 4592 733 4603 -
745 4569 829 4614 44444444
846 4570 880 4614 est
897 4566 1033 4628 conlidens,
1051 4567 1073 4613 is
1084 4592 1098 4601 —
1108 4592 1121 4601 -
1134 4568 1269 4617 elimando
1284 4570 1362 4631 fldem
1373 4570 1472 4618 Nonius
1486 4581 1510 4631 p.
1523 4567 1579 4618 443,
1595 4593 1621 4603 -
1642 4569 1681 4617 44.
1696 4570 1768 4633 otqoi

438 4641 480 4690 li²z
500 4645 574 4701 msc
591 4641 692 4691 644443.
714 4641 784 4689 ilion
804 4639 910 4699 dubito,
930 4640 992 4702 quio
1012 4641 1205 4691 restituendum
1223 4644 1256 4692 sit
1273 4646 1347 4705 Atqui
1364 4646 1407 4692 cet
1425 4660 1430 4700 ;
1450 4656 1538 4707 neque
1556 4643 1627 4693 enim
1645 4645 1670 4693 in
1689 4656 1768 4693 assu·

438 4714 536 4766 menda
560 4714 737 4765 conclusionis
759 4712 869 4764 alicuius
886 4715 1066 4777 propositione
1084 4717 1187 4765 minore
1206 4719 1312 4780 ponitur
1328 4725 1414 4780 etque,
1433 4718 1481 4768 sed
1500 4719 1570 4778 otest
1586 4716 1625 4778 (ut
1642 4718 1656 4781 S
1674 4719 1715 4767 2⁴.
1734 4720 1766 4778 V,

438 4790 478 4843 40.
498 4789 538 4842 43.
558 4788 615 4850 all,
634 4796 718 4839 cutem
734 4788 777 4853 (ii
795 4788 835 4839 ll.
855 4790 894 4838 44.
913 4790 952 4837 49.
966 4791 1020 4850 it),
1039 4794 1066 4838 at
1083 4790 1114 4852 55
1134 4792 1171 4839 44.
1188 4793 1226 4841 46.
1242 4794 1281 4842 ts.
1302 4794 1332 4854 V,
1345 4793 1400 4855 48),
1419 4798 1442 4842 ct
1460 4792 1499 4855 (55
1518 4793 1541 4842 9.
1557 4793 1595 4842 48.
1611 4794 1649 4843 44.
1669 4794 1700 4853 V,
1714 4793 1766 4854 49).

438 4865 586 4917 Freundius
603 4864 645 4915 ille
663 4864 772 4928 quidem
790 4878 812 4915 s.
826 4878 851 4914 v.
864 4871 938 4925 atque
949 4866 979 4922 ll,
992 4865 1007 4913 8
1020 4864 1073 4914 duo
1088 4865 1223 4929 exempla,
1241 4866 1276 4916 ab
1290 4868 1401 4926 Handio,
1420 4870 1523 4931 opinor,
1541 4871 1655 4931 sumpta,
1674 4868 1766 4931 babet,

437 4944 488 4992 Ati.
509 4942 551 4997 vi,
571 4942 594 4999 4,
613 4940 628 4989 6
646 4945 673 4989 44
690 4939 724 4989 de
742 4940 812 4988 Orat.
832 4940 850 4997 4,
864 4939 910 4996 44;
929 4938 977 4988 sed
995 4939 1058 4989 nibil
1076 4942 1193 5003 apertius
1211 4956 1290 5005 quem
1310 4944 1340 4992 iis
1358 4941 1422 4992 locis
1440 4941 1501 4990 nihil
1514 4943 1621 4990 omnino
1633 4940 1766 4992 concludi.

437 5017 526 5069 Altero
544 5015 602 5065 loco
619 5022 694 5076 atquo
711 5013 906 5063 continuandae
924 5013 957 5062 de
975 5027 1004 5062 re
1022 5013 1161 5064 Salaminia
1181 5018 1321 5066 narrationi
1340 5017 1462 5075 inservit,
1482 5014 1579 5076 altero,
1598 5015 1643 5065 ubi
1660 5028 1768 5067 assum-

438 5095 492 5159 ptio
510 5093 525 5156 5
542 5092 573 5142 43
592 5094 617 5142 in
634 5089 724 5141 verbis
742 5104 806 5154 poce
821 5091 912 5152 poterit
930 5090 1010 5148 inest,
1030 5089 1163 5140 conclusio
1175 5104 1239 5141 vero
1253 5091 1267 5153 5
1279 5093 1310 5140 43
1329 5094 1354 5140 in
1372 5093 1398 5140 io
1415 5093 1452 5140 iis
1463 5118 1499 5127 --
1511 5096 1605 5151 teneat,
1624 5090 1768 5153 disputatio

437 5183 452 5219 a
472 5168 486 5231 S
504 5170 535 5218 tlt
553 5167 587 5217 ad
605 5181 651 5228 ea,
670 5178 738 5229 quae
756 5164 771 5227 S
788 5163 820 5214 44
837 5164 969 5224 dicuntur,
988 5177 1037 5227 per
1053 5172 1128 5228 atquc
1145 5166 1320 5229 progreditur.
1340 5169 1369 5216 N.
1390 5168 1420 5215 D.
1435 5167 1465 5225 ll,
1479 5165 1519 5216 44.
1539 5165 1598 5224 ubi,
1618 5168 1647 5213 ut
1664 5167 1690 5215 in
1702 5179 1766 5215 sera

437 5244 634 5307 assumptione,
656 5245 729 5291 recte
754 5254 823 5291 nunc
845 5240 939 5303 legitur
961 5242 1044 5302 atqui,
1069 5242 1126 5290 sine
1144 5240 1225 5290 dubio
1246 5243 1271 5291 in
1290 5242 1440 5305 archetypo
1459 5242 1505 5291 luit
1522 5248 1606 5301 atquc.
1632 5240 1708 5293 Aliud
1726 5248 1768 5296 est

437 5332 486 5384 per
502 5324 578 5378 atqie
595 5317 700 5367 annecti
719 5329 814 5365 novem
837 5314 951 5378 aliquam
970 5314 1169 5365 conclusionem
1187 5320 1419 5379 argumentum,
1443 5320 1472 5366 ut
1489 5317 1519 5375 V,
1539 5316 1570 5367 43
1586 5316 1674 5380 (Atque
1690 5321 1768 5370 stiam

437 5396 502 5455 cet.)
529 5391 569 5443 49.
588 5391 630 5447 43,
649 5389 708 5444 ubi.
733 5390 859 5453 quoniam
881 5390 914 5439 ad
938 5403 1020 5440 onum
1042 5395 1244 5452 argumentum,
1270 5405 1318 5440 cur
1339 5393 1365 5441 in
1384 5394 1479 5441 virtute
1500 5393 1534 5441 sit
1550 5391 1628 5441 beata
1645 5395 1699 5443 vita
1717 5408 1767 5459 po-

437 5468 540 5527 nenda,
559 5465 630 5530 quod
649 5464 739 5514 «aliter
756 5466 882 5515 virtutum
900 5467 1020 5515 interitus
1038 5468 1232 5527 consequetur·
1245 5466 1279 5528 (id
1292 5467 1362 5529 quod
1375 5467 1389 5530 5
1402 5468 1433 5516 44
1445 5465 1634 5529 concluditur),
1653 5467 1766 5522 alterurn

437 5544 587 5607 adiungitur
604 5540 676 5604 quod
694 5541 736 5590 «in
754 5541 849 5589 virtute
867 5541 930 5591 satis
948 5543 989 5590 est
1001 5540 1125 5604 praesidii
1138 5541 1170 5590 ad
1183 5541 1242 5591 bene
1252 5543 1412 5592 vivendum·
1425 5544 1509 5603 (cuius
1521 5541 1656 5593 conclusio
1669 5543 1765 5596 deinde

437 5619 567 5681 sequitur)
588 5628 700 5667 necesse
718 5618 759 5666 est
776 5615 855 5666 scribi
872 5618 951 5679 Atque
968 5619 1036 5667 cet.»
1055 5617 1097 5665 W.
1120 5644 1144 5653 -
1166 5617 1204 5666 48.
1223 5630 1282 5665 cers
1299 5620 1328 5666 Gt
1349 5644 1374 5653 —
1400 5620 1426 5666 io
1443 5632 1515 5680 pacm
1531 5620 1606 5667 cadat
1623 5621 1763 5682 comiado,

436 5694 525 5742 codem
542 5694 568 5741 in
585 5705 641 5742 eum
658 5691 771 5740 timoren
787 5697 809 5741 ct
826 5692 999 5754 infractionem
1012 5692 1110 5754 quidm
1128 5693 1207 5741 animi
1223 5693 1322 5742 Nonius
1340 5707 1364 5756 p.
1380 5694 1435 5743 iit.
1452 5720 1477 5727 -
1495 5694 1592 5743 caditG
1606 5719 1632 5730 -
1654 5694 1694 5743 49.
1707 5697 1764 5756 pisi·

436 5769 528 5819 dcmC
550 5771 577 5819 et
599 5767 710 5818 Nonius:
739 5767 903 5829 qaocdcmO
928 5792 954 5802 -
982 5768 1140 5818 demisionem
1157 5768 1206 5817 Gli
1230 5792 1255 5801 -
1284 5767 1324 5817 23.
1343 5770 1413 5818 ccdct
1436 5769 1469 5819 C:
1492 5767 1595 5818 coditO
1617 5794 1640 5802 -
1661 5767 1702 5818 ti.
1721 5770 1764 5831 qis

436 5842 523 5906 mopsi
539 5843 618 5892 animi
634 5857 687 5895 om.
707 5843 756 5893 Gli
774 5842 825 5905 (psi
841 5847 925 5892 44444444
942 5844 1028 5906 maai
1044 5843 1124 5892 44444444
1140 5841 1200 5891 cod.
1219 5841 1369 5905 Vaticanus)
1390 5869 1415 5877 -
1436 5844 1477 5893 25.
1496 5845 1532 5893 sic
1547 5842 1669 5892 4444444444
1685 5840 1716 5892 lt¹
1733 5869 1760 5880 -

436 5917 477 5967 34.
495 5916 539 5981 sic]
556 5919 578 5968 si
595 5919 639 5969 G¹.
