4342 7459
751 1249 872 1313 uma.
901 1245 1159 1314 amu-vm.
1190 1244 1376 1333 ssa-to.
1672 1236 1729 1307 stt

408 1413 546 1497 cundia,
570 1433 664 1498 quam
687 1415 807 1478 natura
828 1411 950 1477 homini
973 1411 1063 1478 dedit
1087 1414 1180 1499 quast
1204 1412 1365 1497 quendam
1388 1412 1645 1497 vituperationis
1667 1431 1734 1476 non

407 1521 552 1585 iniustae
575 1520 732 1582 timorem.
775 1516 873 1581 llanc
900 1517 955 1580 ille
985 1520 1098 1582 rector
1128 1535 1236 1581 rerum
1259 1517 1461 1597 publicarum
1483 1518 1578 1581 auxit
1600 1518 1734 1601 opinio-

407 1624 506 1689 nibus
528 1621 735 1707 perfecitque
757 1621 920 1684 lastitutis
946 1628 980 1684 et
1007 1619 1210 1704 disciplinis,
1244 1624 1279 1683 at
1302 1619 1409 1704 pudor
1429 1621 1515 1685 civis
1538 1638 1606 1683 non
1627 1622 1735 1683 minus

408 1746 428 1792 a
450 1724 583 1791 delictis
605 1727 737 1789 arceret
760 1742 856 1809 qoam
879 1725 995 1787 metus.
1039 1723 1153 1808 Atque
1175 1717 1417 1808 baeclqutdem
1440 1721 1483 1788 ad
1505 1724 1581 1789 lau·
1604 1714 1733 1804 [pitili-

408 1828 481 1894 dem
504 1829 690 1912 pertinent,
712 1844 797 1913 quae
819 1824 883 1891 dici
906 1827 1005 1891 latius
1027 1827 1227 1912 uberiusque
1252 1830 1441 1911 potuerunt.
1744 1821 1760 1866 ⁶

410 1957 411 1960 ¹
492 1931 535 1997 V.
568 1925 603 1996 7.
637 1927 692 1994 Ad
721 1930 823 1993 vitam
853 1933 962 1993 autem
992 1947 1151 2015 usumque
1182 1928 1319 1995 vivendi
1350 1947 1390 1994 ea
1418 1929 1586 2015 descripta
1615 1930 1737 1994 ratiost

408 2036 507 2102 iustis
529 2034 672 2118 nuptiis,
702 2033 858 2118 legitimis
880 2032 1011 2112 liberis,
1040 2034 1170 2098 sanctis
1197 2034 1364 2118 penatium
1392 2032 1527 2097 deorum
1550 2033 1736 2115 Larumque

408 2139 616 2206 familiarium
639 2133 789 2205 sedibus,
812 2139 849 2200 ut
872 2153 985 2201 omnes
1009 2141 1044 2201 et
1067 2137 1293 2202 communibus
1316 2135 1495 2204 commodis
1517 2140 1551 2201 ct
1572 2138 1644 2202 suis
1665 2140 1737 2201 ute-

407 2245 540 2322 rentur,
571 2258 632 2305 ncc
665 2240 749 2304 bene
778 2240 848 2303 vivi
877 2241 950 2305 sine
973 2240 1061 2305 bona
1082 2259 1120 2305 re
1144 2240 1275 2325 publica
1299 2245 1416 2324 posset
1439 2258 1502 2307 nec
1525 2244 1618 2306 essct
1640 2243 1738 2326 qule-

409 2366 504 2433 quam
527 2346 666 2410 civitate
689 2344 773 2408 benc
796 2346 981 2409 constituta
1004 2346 1143 2410 beatius.
1166 2342 1333 2425 Quocirca
1349 2345 1522 2428 permirum
1538 2342 1614 2409 mlhl
1630 2342 1737 2409 videri
1747 2347 1775 2395 ⁴⁰

408 2452 515 2532 solet,
537 2464 623 2534 quae
645 2447 672 2510 si
697 2449 792 2510 tanta
814 2444 877 2511 doc
900 2437 929 2494 *i
944 2438 973 2495 'i
989 2438 1018 2495 'i

493 2585 545 2650 vi.
575 2584 606 2646 8.
637 2584 785 2646 Cmuunao
806 2583 905 2665 ipitur
925 2604 1009 2646 omne
1030 2592 1144 2665 tempus
1163 2585 1371 2657 considerans,
1394 2591 1507 2667 quanto
1526 2584 1573 2647 ais
1594 2584 1634 2646 sit
1655 2584 1738 2647 illius

407 2681 487 2757 oiri,
511 2697 596 2762 quem
616 2679 730 2740 nostris
751 2677 838 2740 libris
859 2678 935 2739 satis
955 2678 1127 2760 dilianator,
1150 2688 1184 2741 ut
1205 2682 1260 2742 tibi
1281 2679 1399 2762 quidem
1419 2680 1565 2755 uidemur,
1587 2678 1738 2759 expressi-

407 2796 486 2841 mus.
534 2776 659 2836 Tenesne
687 2773 782 2854 iqitur
810 2774 1027 2835 moderatorem
1053 2775 1140 2836 illum
1166 2774 1212 2836 rei
1235 2775 1372 2856 pscblicoc
1402 2793 1459 2856 quo
1481 2774 1593 2857 referre
1614 2773 1737 2835 uelimus

408 2871 530 2935 anaia?
572 2868 650 2929 Nom
677 2868 721 2929 sic
748 2867 869 2949 quinto,
899 2875 933 2929 ut
960 2869 1083 2948 opinor,
1114 2870 1146 2931 in
1175 2870 1252 2931 libro
1281 2869 1414 2951 loquitur
1435 2870 1556 2950 Scipio:
1592 2866 1631 2930 Ut
1652 2867 1775 2930 enimtti

408 2961 614 3049 gubernatori
638 2981 750 3024 cursus
772 2961 939 3030 secundus,
962 2962 1085 3026 medico
1107 2963 1203 3037 salus,
1226 2964 1409 3047 imperatori
1430 2963 1572 3036 victoria,
1594 2961 1640 3025 sic
1661 2960 1737 3023 huic

408 3056 600 3122 moderatori
621 3056 667 3117 rei
690 3055 835 3137 publicae
857 3055 950 3117 beata
972 3056 1088 3119 civium
1111 3057 1177 3120 vita
1200 3059 1361 3142 proposita
1382 3066 1439 3131 est,
1461 3066 1496 3120 ut
1510 3056 1624 3139 opibus
1638 3050 1737 3127 firma,

409 3150 509 3235 copiis
537 3148 697 3233 locuples,
727 3150 827 3233 gloria
856 3149 975 3233 ampla,
1005 3150 1119 3214 virtute
1148 3149 1283 3213 honesta
1312 3150 1374 3224 sit;
1408 3148 1502 3212 buius
1525 3149 1610 3211 enim
1632 3146 1737 3230 operis

409 3244 540 3307 maximi
562 3243 645 3307 inter
665 3244 812 3307 homines
834 3252 931 3327 atque
954 3245 1062 3328 optimi
1087 3244 1177 3308 illum
1202 3264 1271 3308 esse
1294 3244 1502 3329 perfectorem
1525 3242 1610 3305 volo.
1652 3238 1737 3319 (Cic.

408 3338 523 3400 odAtt.
547 3337 635 3413 viil,
658 3333 720 3421 il.)
1746 3343 1775 3390 2⁰

492 3431 533 3495 itt
559 3431 611 3494 ubi
635 3439 693 3504 est,
716 3429 803 3515 quod
826 3440 858 3494 et
878 3438 1002 3495 vestrae
1025 3432 1147 3496 litterae
1169 3434 1258 3499 illam
1283 3434 1410 3498 laudant
1431 3432 1552 3516 patriae
1570 3439 1737 3504 rectorem,

410 3527 467 3611 qui
494 3527 605 3610 populi
633 3526 762 3589 utilitati
798 3526 897 3607 magis
927 3527 1070 3589 consulat
1103 3546 1196 3610 quam
1230 3529 1408 3593 voluntati?
1463 3523 1736 3609 (Augustinus

410 3622 496 3703 epist.
520 3622 560 3682 ad
580 3621 756 3685 Nestorium
784 3620 860 3693 ClV,
884 3641 900 3681 c
926 3617 960 3695 ἲ,
982 3618 1041 3703 §7
1063 3644 1092 3706 p.
1106 3616 1162 3683 idi
1190 3621 1241 3685 ed.
1256 3617 1427 3704 Benedici.)

493 3732 561 3795 Vll.
591 3728 621 3795 9.
651 3734 766 3796 Tullius
786 3734 856 3797 laiac
876 3735 1068 3798 dissimulare
1095 3755 1155 3798 non
1177 3738 1277 3818 potuit
1298 3738 1332 3798 in
1351 3737 1459 3799 eudem
1480 3735 1581 3805 libris,
1609 3752 1683 3816 quot
1703 3732 1738 3794 de

408 3828 580 3910 republica
600 3829 732 3909 scripsit,
759 3829 810 3891 udi
831 3830 964 3911 loquitur
985 3830 1019 3892 de
1041 3831 1220 3895 instituendo
1238 3832 1376 3913 principe
1397 3830 1537 3899 ciuitatis,
1561 3847 1646 3911 quem
1665 3827 1776 3889 dicim

409 3923 557 3986 alendum
587 3941 657 3985 esse
687 3922 804 4005 gloria,
835 3931 862 3986 et
890 3934 1098 4006 consequenter
1126 3934 1337 3987 commemorat
1371 3923 1504 3987 maiores
1538 3941 1613 3984 suos
1640 3919 1738 3983 multa

410 4018 490 4080 mira
511 4025 607 4101 atque
630 4016 792 4099 praeclara
814 4017 933 4099 gloriae
956 4018 1130 4101 cupiditate
1152 4018 1274 4082 fecisse.
1317 4015 1570 4102 (Augustinus
1597 4015 1631 4077 de
1653 4015 1735 4078 cioit.

498 4206 613 4267 Tullius
638 4205 672 4267 ia
697 4204 783 4265 libris
809 4203 844 4265 de
872 4204 1043 4284 republica
1072 4206 1215 4286 scripsit,
1247 4205 1361 4269 scilicet
1392 4203 1569 4287 principem
1601 4201 1737 4264 civitatis

411 4299 511 4384 gloria
533 4318 603 4362 esse
626 4297 774 4361 alendum
798 4305 830 4360 et
851 4304 911 4365 um
937 4297 990 4361 diu
1014 4307 1185 4362 staterem
1209 4296 1383 4382 publicam,
1414 4317 1509 4380 quam
1532 4295 1587 4357 diu
1608 4294 1648 4358 ab
1671 4299 1775 4357 ουν-30

411 4392 505 4457 nibus
534 4392 639 4454 honor
668 4391 803 4476 principi
833 4390 1045 4455 exhiberetur.
1097 4394 1252 4473 (Petrus
1274 4389 1550 4454 pictaviensis
1578 4390 1677 4471 Epist.
1699 4390 1739 4452 ad

410 4489 538 4550 eduma.
561 4486 640 4549 Bibl.
663 4488 721 4548 ΡΡ.
744 4486 843 4567 Lugd.
866 4487 901 4547 T.
918 4486 1026 4558 xxti,
1048 4505 1119 4570 paq.
1135 4483 1222 4566 sat.)

494 4582 537 4644 Μ.
561 4581 677 4642 Tullius
703 4580 737 4641 de
766 4598 798 4641 re
823 4579 904 4659 publ.
927 4579 977 4641 lib.
997 4581 1036 4642 V.-
1072 4589 1139 4643 tum
1170 4580 1300 4654 virtute,
1330 4580 1454 4653 labore,
1484 4579 1640 4645 industria
1668 4590 1738 4645 tue·

410 4682 498 4739 retur
529 4675 642 4737 summi
677 4674 735 4736 riri
768 4672 925 4747 indolem,
964 4674 1026 4736 nisi
1058 4674 1153 4738 nimis
1189 4674 1331 4737 animose
1367 4674 1459 4738 ferox
1500 4682 1612 4739 natura
1648 4674 1735 4739 illum

410 4767 671 4850 nescioquo-
714 4768 883 4847 (Nonius
912 4789 940 4830 v.
962 4771 1066 4832 animo
1088 4789 1119 4852 p.
1134 4764 1217 4851 233.)
1745 4770 1775 4818 ³⁶

498 4862 722 4943 oCorttemptusu
755 4863 872 4943 pencris
896 4865 1072 4937 masculini,
1107 4864 1320 4943 «contemptio»
1346 4864 1487 4945 seminini
1509 4866 1550 4928 M.
1568 4864 1683 4927 Tullius
1703 4864 1738 4926 de

410 4975 444 5019 re
453 4956 535 5038 publ.
551 4956 600 5018 lib.
618 4957 653 5018 V:
676 4976 757 5040 quae
779 4957 879 5019 virtus
900 4954 1053 5021 fortitudo
1076 4964 1215 5030 vocatur,
1237 4957 1271 5018 ln
1286 4976 1348 5040 qua
1364 4965 1411 5020 est
1426 4960 1610 5041 magnitudo
1629 4958 1737 5031 animi,

411 5050 521 5114 mortis
544 5049 731 5134 dolorisque
753 5070 864 5133 magna
887 5050 1090 5134 contemptio.
1134 5046 1302 5131 (Nonius
1324 5047 1492 5136 pauidi.)

496 5162 579 5224 Vlll.
610 5158 660 5225 ll).
693 5164 853 5225 aLcntuma
877 5163 1026 5244 siqnificat
1050 5162 1180 5225 tardum.
1223 5164 1265 5227 M.
1283 5164 1399 5225 Tullius
1419 5164 1454 5227 de
1477 5184 1510 5227 re
1527 5166 1609 5247 publ.
1634 5164 1682 5226 lib.
1700 5164 1737 5225 l':

412 5256 579 5323 Marcellus
612 5265 647 5320 ut
680 5276 753 5320 acer
785 5265 816 5320 et
848 5277 997 5341 pugnax,
1041 5258 1195 5321 Maximus
1232 5265 1267 5320 ut
1302 5259 1519 5323 consideratus
1555 5267 1586 5323 et
1621 5258 1776 5322 tentasse

412 5349 585 5435 (Nonius
612 5371 683 5436 pap.
698 5348 781 5435 337.)

478 5611 502 5662 t.
521 5623 641 5668 quenula
660 5611 679 5659 c
698 5613 765 5660 teste
778 5612 818 5661 Du
826 5612 900 5670 Rieu,
919 5612 968 5661 uisi
985 5625 1049 5662 vero
1066 5613 1092 5661 in
1111 5610 1170 5661 cod.
1190 5614 1233 5662 ost
1248 5608 1358 5671 cainan,
1376 5612 1510 5662 utstatim
1527 5611 1592 5661 bons
1608 5613 1737 5676 scriptum

413 5689 455 5738 est
471 5683 520 5735 uic
545 5712 578 5724 -
602 5684 626 5735 t,
645 5697 766 5734 abutens
783 5688 803 5736 C
821 5689 890 5737 testa
908 5687 1036 5745 Dultieu,
1060 5697 1187 5735 aurursus
1208 5688 1227 5736 t.
1246 5688 1315 5736 blato
1341 5712 1373 5723 -
1399 5685 1424 5735 9.
1442 5692 1501 5736 uret
1517 5687 1653 5751 quicquam
1668 5689 1737 5738 coni.

412 5808 476 5859 liat:
501 5769 697 5866 scinomannis
716 5807 735 5858 C
753 5810 821 5858 teste
839 5809 879 5859 Du
888 5810 965 5869 ltleu,
988 5806 1036 5858 sed
1054 5808 1106 5857 ilai
1123 5805 1223 5858 litteras
1239 5820 1290 5858 cuc
1305 5820 1365 5871 sup.
1378 5805 1423 5857 ltu.
1440 5806 1490 5858 sibl
1509 5808 1581 5859 visus
1598 5812 1640 5860 est
1655 5807 1738 5873 dispi-

413 5895 490 5939 cere;
509 5896 560 5933 caso
570 5884 709 5948 quidquam
726 5883 746 5933 0
766 5908 793 5919 -
812 5882 853 5934 33.
866 5888 977 5934 tueretur
988 5884 1138 5935 btsrcerus:
1159 5888 1322 5945 quamnam
1335 5882 1413 5934 codd.
1427 5886 1454 5933 et
1465 5884 1495 5946 0,
1506 5884 1550 5934 blo
1561 5884 1651 5936 addito
1662 5886 1738 5950 sigum

415 5956 527 6010 lacunae
546 5986 574 5996 -
593 5957 634 6010 as.
647 5956 705 6024 quo]
717 5956 851 6021 mnaso
867 5956 954 6025 suppl.
966 5959 1104 6011 ltercerus
1123 5984 1149 5997 -
1169 5956 1210 6012 to.
1228 5964 1256 6010 ut
1271 5959 1350 6011 umus
1367 5958 1457 6022 codd„
1475 5958 1582 6013 emend.
1596 5961 1734 6017 mataras.
