4342 7459
643 1280 711 1342 nn.
731 1279 772 1342 ιι.
801 1278 878 1342 etr.
899 1276 1221 1342 xxxu-xxxm.
1247 1274 1293 1362 §5
1315 1272 1501 1343 tos-tos.
1557 1294 1562 1305 ·
1669 1261 1731 1332 tat

410 1450 532 1524 barem3
561 1468 622 1511 nec
649 1450 734 1512 enim
756 1448 879 1511 absolsi
900 1449 991 1511 beata
1011 1448 1076 1510 vita
1097 1447 1250 1531 sapientis
1271 1468 1377 1531 neque
1398 1448 1438 1510 ad
1460 1448 1580 1511 exitum
1602 1447 1732 1529 perduoi

410 1544 539 1628 poterit,
567 1543 595 1605 si
622 1544 725 1625 prima
752 1563 898 1626 quaeque
923 1543 1004 1605 hene
1027 1541 1126 1604 abeo
1148 1541 1292 1605 consulta
1312 1550 1409 1626 etque
1428 1541 1511 1606 facts
1531 1542 1631 1626 ipsius
1653 1542 1734 1605 obli·

410 1639 503 1700 vione
531 1637 712 1701 obruentur.
767 1633 839 1697 too.
869 1635 932 1699 Sed
960 1636 1049 1700 robis
1076 1635 1274 1717 voluptatum
1307 1644 1526 1718 perceptarum
1553 1635 1731 1700 recordatio

410 1733 504 1797 vitam
525 1732 650 1794 beatam
671 1729 760 1802 facit,
783 1738 814 1791 et
836 1729 966 1813 quidem
987 1747 1119 1811 corpore
1139 1738 1370 1812 perceptarum.
1406 1732 1485 1793 Nam
1507 1731 1637 1813 siquae
1659 1739 1734 1795 sunt

409 1826 502 1901 alise,
523 1825 639 1887 isisnm
660 1830 709 1887 est
730 1824 833 1885 omnis
854 1822 951 1885 animi
973 1823 1152 1905 voluptates
1174 1843 1244 1886 esse
1267 1843 1285 1886 e
1307 1824 1449 1908 corporis
1463 1825 1625 1888 societate.
1659 1825 1757 1888 Cone

409 1920 495 2002 poris
520 1926 626 1982 autem
651 1918 797 2000 voluptas
824 1916 851 1978 si
882 1917 977 1979 etiam
1009 1918 1179 1998 praeterita
1208 1917 1359 1991 delectat,
1386 1937 1451 1980 non
1480 1918 1647 1999 intellego,
1678 1937 1734 1980 cur

409 2012 591 2076 Aristoteles
613 2009 831 2093 Sardanapalli
855 2010 1047 2091 epigramma
1069 2018 1156 2073 tanto
1177 2030 1276 2093 opere
1298 2011 1454 2086 derideat,
1476 2013 1509 2074 in
1527 2031 1592 2096 quo
1606 2011 1663 2075 ille
1675 2031 1732 2074 rex

410 2108 517 2189 Syriae
545 2106 700 2187 glorietur
721 2104 824 2166 omnis
847 2123 881 2165 se
904 2123 1011 2166 secum
1033 2103 1202 2168 libidinum
1225 2103 1404 2188 voluptates
1423 2105 1602 2178 abstulisse.
1639 2105 1733 2180 Quod

409 2201 490 2263 enim
512 2219 553 2261 ne
575 2199 667 2262 vivus
689 2198 836 2281 quidem,
857 2198 980 2280 inquit,
1002 2197 1124 2260 diutius
1145 2200 1262 2261 sentire
1283 2206 1422 2281 poterat,
1445 2219 1541 2282 quam
1559 2200 1634 2262 (lum
1648 2199 1734 2262 frue-

409 2294 514 2368 batur,
546 2312 611 2376 quo
645 2292 739 2354 modo
766 2291 799 2353 id
827 2293 932 2373 potuit
960 2299 1085 2353 mortuo
1116 2295 1326 2373 permaneret
1359 2293 1445 2356 Fluit
1472 2294 1568 2375 igitur
1588 2292 1733 2374 voluptas
1744 2308 1771 2352 to

409 2386 548 2469 corporis
570 2393 603 2450 et
623 2387 725 2469 prima
748 2404 896 2469 quaeque
918 2384 1025 2447 avolat
1038 2386 1231 2469 saepiusque
1244 2386 1396 2468 relinquit
1410 2406 1537 2451 causam
1552 2385 1734 2470 poenitendi

410 2499 503 2564 quam
524 2478 724 2544 recordandi.
756 2479 868 2561 ltaque
883 2478 1005 2540 beatior
1017 2478 1183 2542 Africanus
1204 2499 1277 2543 cum
1293 2480 1393 2563 patria
1406 2479 1463 2543 illo
1478 2480 1575 2544 modo
1589 2480 1733 2564 loquens,

575 2574 720 2637 Desine
742 2574 860 2636 Roma
881 2580 969 2634 tuos
991 2572 1124 2635 bostis

409 2669 596 2753 reliquaque
618 2668 796 2753 praeclare,

575 2765 671 2825 Nam
694 2761 773 2825 tibi
795 2761 1063 2823 moenimenta
1084 2761 1160 2823 mei
1182 2781 1367 2844 peperere
1389 2761 1551 2827 labores.
1743 2778 1772 2824 ts

409 2857 583 2920 laboribus
604 2856 657 2919 hie
679 2855 858 2939 praeteritis
881 2854 1014 2936 gaudet,
1037 2862 1071 2916 tu
1093 2854 1185 2917 iubes
1199 2855 1430 2938 voluptatibns;
1452 2866 1484 2919 et
1504 2857 1557 2920 bic
1577 2877 1612 2921 se
1634 2856 1674 2921 ad
1697 2876 1734 2921 ea

408 2959 547 3025 revocat,
579 2970 597 3012 e
626 2949 743 3035 quibus
774 2948 854 3011 nibil
883 2967 1032 3031 umquam
1061 2949 1219 3011 rettulerit
1239 2949 1279 3012 etl
1300 2970 1434 3033 corpus,
1460 2958 1495 3013 tu
1517 2959 1602 3015 totus
1622 2951 1734 3015 haeres

406 3065 440 3108 m
461 3065 607 3127 corpore.

491 3138 640 3202 xxxiii.
664 3133 736 3199 l07.
768 3135 849 3199 illud
876 3143 981 3199 autem
1009 3137 1111 3218 ipsum
1135 3136 1191 3218 qui
1213 3136 1349 3219 optineri
1372 3145 1490 3220 potest,
1521 3141 1606 3224 quotl
1629 3141 1735 3206 (licitis

407 3233 510 3295 omnis
537 3232 634 3294 animi
662 3239 695 3295 et
720 3232 899 3314 voluptates
921 3238 953 3292 et
974 3230 1102 3291 dolores
1124 3229 1163 3292 ati
1186 3230 1328 3313 corporis
1350 3230 1529 3314 voluptates
1550 3253 1587 3296 ac
1609 3234 1771 3299 doloresit

408 3326 589 3408 pertineret
612 3326 739 3388 Nihilne
762 3325 953 3387 te'delectet
974 3342 1124 3404 umquam
1146 3355 1188 3371 -
1210 3324 1315 3396 video,
1337 3324 1466 3407 quicum
1487 3326 1604 3410 loquar
1623 3361 1682 3403 ·-,
1705 3337 1734 3393 te

408 3422 517 3502 ip'tur,
540 3422 716 3502 Torquate,
738 3420 844 3502 ipsum
867 3438 924 3501 per
946 3438 980 3480 se
1002 3417 1081 3479 nihil
1101 3416 1257 3480 delectati
1280 3415 1400 3481 Omitto
1415 3418 1615 3501 dignitatem,
1636 3421 1735 3486 bone-

408 3522 535 3589 statem,
557 3515 694 3598 speciem
716 3514 816 3598 ipsam
838 3513 1005 3585 virtutum,
1028 3511 1067 3573 de
1089 3512 1205 3595 quibus
1226 3512 1433 3575 antedictum
1448 3521 1507 3588 est,
1524 3515 1735 3580 baeoleviora

408 3627 542 3689 ponam:
573 3626 702 3690 poema,
737 3607 913 3669 orationem
946 3626 1017 3668 cum
1051 3613 1105 3669 aut
1136 3608 1247 3669 scribis
1280 3615 1334 3671 aut
1364 3607 1457 3689 legis,
1490 3629 1562 3672 cum
1594 3612 1735 3675 omnium

408 3699 579 3775 laetorum,
612 3721 684 3764 cum
717 3701 883 3781 regionum
916 3701 1077 3783 conquiris
1109 3698 1287 3774 historiam,
1317 3701 1460 3782 signum,
1492 3704 1614 3780 nbula,
1646 3705 1772 3771 locuste

407 3813 574 3868 amoenus,
597 3795 678 3869 ludi,
700 3794 845 3868 venetio,
868 3794 944 3856 villa
966 3794 1090 3857 Luculli
1113 3828 1154 3841 -
1176 3814 1247 3857 nam
1266 3796 1293 3857 si
1308 3803 1395 3858 tuam
1410 3795 1561 3871 dicerem,
1583 3798 1735 3863 latebram

409 3888 560 3951 baberes:
583 3888 622 3951 ad
645 3907 759 3971 corpus
781 3888 903 3950 diceres
926 3887 1084 3972 pertinere
1099 3920 1157 3963 -,
1180 3889 1236 3951 sed
1253 3908 1300 3963 ea,
1323 3908 1405 3974 qnae
1421 3890 1502 3965 (lixi,
1523 3891 1565 3954 etl
1579 3913 1736 3976 corpusne

408 3979 523 4055 resen,
545 4000 585 4043 an
607 3989 657 4045 est
677 3981 814 4065 aliquid,
837 3982 923 4065 quod
946 3988 977 4046 te
998 4001 1056 4044 sua
1077 3991 1191 4065 sponte
1209 3981 1368 4046 delectati
1390 3984 1454 4047 but
1469 3986 1736 4068 pertinacissimus

409 4073 521 4147 fueris,
543 4075 569 4136 si
592 4076 768 4157 perstiteris
790 4076 830 4138 ad
852 4095 966 4156 corpus
990 4095 1038 4149 ea,
1061 4094 1145 4158 quae
1166 4075 1249 4150 (lixi,
1271 4075 1390 4139 referre
1411 4084 1468 4140 aut
1488 4079 1666 4146 deserueris
1687 4090 1737 4145 to·

410 4176 472 4231 tam
494 4170 622 4250 Epicuri
646 4169 850 4251 voluptatem,
873 4169 899 4230 si
922 4170 1097 4250 negaveris.
1142 4163 1213 4230 ⁴08.
1237 4169 1330 4244 Quod
1353 4190 1429 4234 vero
1451 4191 1470 4233 e
1491 4181 1522 4234 te
1544 4174 1773 4257 disputatumso

410 4271 471 4335 est,
496 4263 627 4325 maiores
651 4281 720 4323 esse
743 4263 918 4344 voluptates
941 4270 973 4323 et
995 4260 1122 4324 dolores
1144 4264 1240 4324 animi
1256 4284 1352 4345 quam
1367 4266 1525 4346 corporis,
1548 4270 1624 4351 quia
1644 4272 1735 4332 trium

412 4363 587 4437 temporum
611 4356 766 4437 particeps
790 4356 912 4416 animus
935 4357 985 4426 sit,
1008 4375 1141 4438 corpore
1162 4364 1268 4419 autem
1288 4360 1467 4441 praesentia
1482 4360 1583 4423 solum
1600 4362 1737 4424 sentisn-

412 4457 472 4521 tur,
497 4449 553 4530 qui
575 4448 608 4510 id
630 4447 757 4529 probari
780 4454 901 4529 potest,
932 4456 966 4510 nt
987 4449 1028 4521 is,
1052 4450 1107 4531 qui
1130 4458 1258 4530 propter
1278 4471 1329 4513 me
1350 4452 1472 4535 aliquid
1494 4454 1642 4535 gandeat,
1665 4456 1737 4537 plus

411 4561 504 4624 quam
527 4561 586 4623 ego
608 4542 677 4624 ipse
700 4540 857 4622 gaudeat?
881 4537 1005 4623 [Animo
1027 4542 1172 4625 voluptas
1194 4543 1295 4606 oritur
1315 4557 1444 4627 propter
1460 4548 1654 4629 voluptatem
1670 4569 1737 4612 cor·

476 4776 499 4824 3.
519 4775 683 4823 obruerentur
700 4773 777 4822 ΑΒΕ
799 4799 823 4807 -
849 4774 873 4822 5.
892 4773 1008 4835 uoluptas
1025 4774 1079 4835 (sie)
1098 4774 1178 4824 animi
1199 4778 1248 4827 BE
1274 4806 1300 4816 -
1327 4793 1410 4830 eom.
1429 4782 1448 4831 B
1468 4808 1494 4817 -
1519 4783 1738 4847 terricrepum

413 4853 464 4900 tn:
479 4851 720 4912 &marapetio-
735 4850 759 4898 7.
773 4853 843 4897 torto
854 4849 972 4909 opereii:
991 4856 1121 4912 tantopere
1137 4853 1218 4902 Ali-
1230 4854 1255 4903 8.
1268 4855 1457 4906 manutenes:
1475 4858 1601 4916 omrisb3
1619 4872 1738 4910 seomrtes

413 4928 485 4977 etto
501 4956 527 4964 -
543 4928 611 4976 libid.
624 4926 763 4987 uoluptates
779 4924 906 4975 abstulisse
917 4928 951 4974 A:
971 4926 1098 4975 αὺιιιιίἰιω
1113 4928 1181 4978 libid.
1193 4930 1332 4990 uoluptates
1347 4931 1400 4980 ent
1412 4958 1439 4968 -
1458 4932 1482 4981 9.
1495 4932 1578 4983 verbs
1589 4934 1738 4996 inqaritdiu·

412 5005 458 5050 tius
473 5003 564 5051 sentire
579 5008 676 5062 poterat
693 5002 718 5049 in
731 5002 751 5049 Α
764 5000 806 5047 sir
823 4997 873 5061 legi
891 5006 1008 5063 possunt.
1026 5029 1049 5036 -
1062 5003 1170 5065 poterat]
1185 5006 1267 5065 potuit
1281 5006 1300 5054 B
1315 5032 1342 5043 -
1362 5007 1402 5055 40.
1417 5008 1499 5068 potuit
1513 5022 1548 5058 m.
1561 5011 1596 5059 tt:
1614 5022 1648 5059 m.
1659 5011 1739 5072 potui

414 5078 460 5126 titt
472 5104 498 5114 -
514 5078 578 5126 Fluit
590 5091 642 5126 om.
658 5077 705 5125 BE
720 5101 746 5110 —
763 5077 800 5123 tt.
814 5076 938 5137 penitendi
955 5077 1015 5131 stt.
1032 5078 1171 5138 poenitendi
1189 5080 1240 5128 ΜΟ
1253 5107 1278 5114 -
1299 5082 1339 5130 ts.
1353 5082 1455 5143 Dispice
1466 5096 1516 5132 van
1529 5083 1578 5132 der
1590 5083 1697 5133 Hoeven
1709 5110 1735 5118 -

415 5154 450 5199 ts.
465 5153 532 5200 Nom
549 5152 606 5200 iiot
620 5152 750 5200 ituretus:
770 5162 878 5210 nonique
896 5151 940 5198 AB
961 5177 986 5185 -
1005 5154 1170 5201 moenimenta
1186 5152 1312 5205 Klotzius:
1334 5157 1485 5206 monimenta
1501 5157 1560 5217 tt),
1579 5165 1738 5207 monumenta

414 5229 444 5277 ii:
464 5231 618 5277 munimento
637 5240 697 5276 curn
717 5228 819 5275 Mureto
838 5228 921 5285 (terr.
941 5227 1022 5275 Lectt.
1041 5227 1089 5286 tit,
1110 5228 1132 5286 ti
1150 5228 1213 5277 ΜΟ.
1233 5230 1271 5278 Ci.
1285 5227 1371 5278 Orellii
1389 5232 1470 5280 inser.
1484 5233 1538 5281 Lei.
1558 5232 1623 5293 (Vol.
1637 5236 1678 5284 iil.
1693 5233 1735 5283 ed.

416 5304 527 5362 itenzen)
547 5317 572 5351 n.
591 5301 664 5350 itta.
687 5328 712 5335 -
731 5302 856 5365 peperere]
874 5314 1005 5362 repperere
1023 5305 1040 5350 Α
1056 5329 1083 5336 -
1103 5303 1143 5352 ts.
1162 5308 1185 5352 et
1203 5303 1263 5352 tit:
1283 5316 1336 5353 om.
1355 5306 1409 5356 blo
1423 5331 1449 5341 -
1471 5307 1510 5356 tt.
1529 5308 1590 5356 nibil
1605 5321 1658 5358 om.
1674 5309 1693 5357 B
1708 5335 1735 5345 -

414 5380 522 5427 retulerit
540 5378 618 5426 ΑΒΟ
637 5402 663 5411 -
689 5377 729 5424 io.
748 5378 781 5425 ed
802 5378 915 5437 corporis
931 5378 1069 5438 uoluptates
1085 5390 1116 5425 oc
1132 5378 1228 5426 dobree
1244 5391 1298 5428 om.
1317 5380 1335 5428 B
1355 5406 1381 5414 -
1407 5381 1448 5429 il.
1467 5382 1565 5432 Nibilrre
1580 5388 1603 5432 te
1619 5386 1653 5432 A:
1672 5383 1740 5431 Ntttt

414 5458 465 5502 tene
482 5453 564 5501 sito
586 5479 611 5486 -
631 5453 671 5500 23.
691 5457 766 5499 orrico
782 5453 807 5499 d.
827 5453 845 5500 Β
866 5478 892 5487 -
918 5450 958 5501 ib.
975 5465 1085 5513 portam:
1105 5452 1202 5515 poema]
1219 5467 1309 5515 poema
1323 5468 1417 5515 portam
1433 5456 1482 5503 AB
1502 5481 1530 5492 -
1551 5470 1608 5505 eam
1624 5457 1677 5521 ont]
1695 5464 1739 5506 aut

414 5528 503 5574 esmss
525 5552 551 5561 -
571 5527 681 5574 mortium
696 5525 831 5588 tartonam]
854 5525 981 5574 boninum
1000 5527 1069 5587 facta
1093 5528 1162 5577 Bake
1182 5528 1215 5577 ad
1234 5530 1288 5579 Cic.
1308 5528 1341 5578 de
1359 5532 1436 5591 Legg.
1455 5544 1481 5593 p.
1500 5530 1556 5579 342.
1577 5556 1604 5565 -
1624 5532 1664 5580 25.
1682 5545 1739 5581 cren

415 5602 476 5663 rep]
494 5607 538 5648 cut
559 5613 613 5662 reg.
632 5601 650 5648 B
670 5623 697 5635 -
722 5600 762 5648 ss.
782 5614 884 5649 amento
901 5602 950 5651 ΑΒ
971 5628 998 5637 -
1020 5604 1202 5653 mamooesss
1227 5631 1253 5641 -
1272 5605 1349 5652 tactui
1365 5605 1443 5654 ΑΒΕ
1470 5631 1493 5641 -
1516 5606 1556 5653 27.
1574 5606 1654 5654 emere
1671 5607 1690 5656 E
1710 5632 1736 5643 -

415 5677 453 5724 29.
471 5678 492 5723 si
507 5677 644 5738 perstiteris
655 5701 691 5710 --
702 5675 796 5735 reterre
812 5676 846 5724 B:
872 5677 893 5723 ri
909 5676 934 5724 bi
952 5673 1001 5734 trel
1018 5676 1052 5736 iri
1069 5678 1252 5736 perstiteris·-
1262 5679 1357 5739 referre
1373 5680 1407 5732 tt;
1431 5679 1495 5726 siin
1511 5692 1539 5727 eo
1554 5682 1690 5740 perstiteris
1701 5708 1715 5718 -
1725 5708 1738 5719 -

415 5752 507 5809 reterre
518 5751 552 5803 0:
570 5752 591 5796 si
608 5750 633 5797 in
650 5763 678 5798 eo
693 5751 829 5809 perstiteris
840 5777 854 5786 -
864 5777 878 5787 -
888 5752 979 5813 referri
996 5763 1056 5799 rum
1070 5751 1191 5801 Ernestio
1204 5754 1228 5801 li
1241 5778 1266 5786 —
1287 5766 1351 5813 quoe
1367 5763 1420 5800 om.
1434 5753 1453 5800 ii
1468 5753 1527 5812 (nou
1541 5755 1568 5813 Ε)
1581 5781 1607 5793 -
1626 5757 1667 5806 30.
1680 5771 1739 5807 vero

417 5836 468 5871 orn.
488 5825 507 5872 t:
527 5850 552 5858 —
578 5824 619 5872 33.
637 5824 680 5884 qui
696 5824 722 5871 id
739 5824 772 5871 B:
796 5824 857 5883 quta
873 5827 908 5882 tt;
931 5827 991 5886 quid
1007 5827 1033 5873 iat
1050 5827 1083 5883 E;
1103 5829 1146 5886 qui
1163 5829 1216 5877 bio
1238 5852 1264 5866 -
1281 5829 1390 5890 pausem
1406 5829 1468 5876 AB:
1486 5830 1578 5890 gaudet
1595 5831 1615 5879 0
1632 5858 1665 5869 -
1684 5832 1741 5893 ptus

416 5910 490 5956 qum
505 5910 550 5959 epo
566 5898 618 5958 ipse
633 5899 743 5959 poemat
760 5898 823 5947 CE:
843 5912 897 5949 om.
916 5900 964 5949 ΑΒ
984 5926 1009 5935 -
1035 5900 1076 5950 st,
1094 5903 1183 5952 Anioro
1194 5928 1231 5939 --
1242 5903 1385 5965 mactator
1405 5904 1495 5966 spurio
1515 5916 1575 5955 esse
1592 5906 1658 5957 vidit
1673 5908 1739 5957 Bre-

416 5972 494 6021 mius.
513 5999 546 6010 —
563 5974 649 6021 animo
665 5974 758 6023 Alie:
776 5973 859 6024 Aseni
875 5976 904 6024 0.
