4342 7459
730 1237 799 1305 nn.
821 1240 861 1304 n.
889 1239 963 1304 cn.
985 1237 1129 1303 u-nn.
1155 1237 1202 1325 ss
1224 1235 1411 1305 tos-roe.
1679 1234 1742 1305 sss

476 1405 557 1489 ligo
583 1403 695 1466 deum
721 1418 849 1484 qenes
873 1420 958 1464 esse
984 1421 1144 1484 semper
1170 1401 1258 1464 dixi
1287 1409 1321 1465 et
1346 1401 1471 1466 dicam
1499 1402 1699 1479 caelitum,

477 1497 554 1563 Sed
581 1515 648 1560 eos
673 1515 750 1558 non
775 1513 909 1558 curare
935 1496 1096 1578 opinor,
1119 1496 1215 1579 quid
1240 1504 1329 1579 agat
1350 1496 1564 1562 humanum
1586 1519 1720 1582 genus.

413 1597 453 1662 Et
481 1592 610 1678 quidem
644 1609 702 1654 eur
734 1591 780 1652 sio
809 1590 957 1671 opinetur
985 1591 1142 1655 rationem
1170 1591 1306 1666 subicit3
1346 1591 1403 1654 scd
1429 1591 1509 1655 nihil
1538 1598 1586 1656 est
1612 1612 1742 1658 necesse

413 1690 531 1761 dicore,
553 1704 636 1769 quae
657 1692 824 1748 secuntur:
847 1691 967 1747 tantum
991 1693 1040 1749 sat
1060 1695 1110 1749 est
1129 1685 1272 1769 intellegi
1293 1685 1326 1749 id
1341 1706 1466 1751 sumere
1481 1688 1557 1752 istos
1572 1707 1631 1771 pro
1645 1696 1742 1764 certo,

413 1782 500 1869 quod
522 1781 652 1846 dubium
675 1786 978 1862 contraversumqne
1001 1781 1051 1843 sit.
1750 1790 1766 1837 e

497 1878 549 1939 41.
573 1871 645 1937 loe.
668 1872 952 1958 Sequitur'porro:
981 1874 1095 1937 Nihil
1124 1874 1223 1940 deos
1244 1877 1460 1959 ignorare,
1484 1874 1587 1960 quod
1612 1875 1742 1940 omnia

413 1977 493 2041 sint
521 1972 569 2036 ab
595 1970 646 2033 iis
675 1968 905 2032 constituta.
949 1968 1008 2031 liic
1029 1988 1107 2032 voro
1138 1978 1255 2053 quanta
1280 1988 1386 2054 pugna
1407 1978 1457 2033 est
1477 1970 1742 2034 doctissumorum

413 2069 575 2134 hominum
598 2062 779 2146 negantium
802 2081 872 2124 esse
894 2060 1008 2125 haeoa
1028 2062 1077 2127 dis
1098 2063 1319 2127 inmortalibus
1334 2065 1525 2128 constitutal
1550 2065 1591 2127 44
1610 2071 1742 2128 nostra

413 2165 592 2227 interest
620 2158 727 2221 scire
749 2174 808 2231 ea,
830 2174 932 2239 quae
954 2165 1146 2220 eventura
1168 2158 1258 2221 sint.
1303 2159 1437 2240 qunns
1458 2157 1641 2221 Dicaearchi
1664 2156 1745 2222 liber

414 2264 483 2330 est,
513 2253 637 2318 nescire
668 2271 705 2315 ea
733 2251 847 2314 melius
874 2268 944 2314 esse
971 2270 1066 2334 quam
1096 2252 1188 2314 scire.
1231 2254 1355 2334 Negant
1379 2253 1420 2314 id
1449 2271 1539 2314 esse
1565 2251 1780 2316 altsnnmu

413 2348 633 2414 maiestate
662 2346 831 2408 deorum.
884 2343 1013 2408 Scilicet
1033 2365 1123 2408 casas
1145 2345 1287 2409 omnium
1308 2346 1532 2429 introspicere,
1559 2353 1596 2409 nt
1617 2346 1745 2409 videant

413 2443 491 2528 quid
513 2442 629 2525 cuique
652 2440 818 2502 conducat.
853 2441 990 2522 Neque
1016 2459 1090 2502 non
1114 2448 1284 2523 possunt
1307 2439 1445 2503 futura
1470 2458 1742 2524 praenoscere.

412 2535 485 2600 406.
507 2539 629 2618 Negant
651 2553 744 2617 posse
766 2533 805 2607 ii,
835 2532 950 2616 quibus
977 2553 1041 2597 non
1067 2534 1174 2616 placet
1194 2554 1265 2598 esse
1287 2543 1405 2598 eertum
1428 2533 1506 2618 quid
1527 2533 1667 2597 futurum
1691 2533 1742 2596 sit.

411 2633 550 2697 Videsne
579 2628 675 2709 igitur
702 2646 785 2710 quae
814 2624 910 2688 dubia
940 2628 1018 2700 sint,
1048 2647 1087 2691 ea
1113 2628 1195 2692 sumi
1222 2647 1279 2710 pro
1309 2629 1404 2691 certis
1434 2635 1529 2712 atque
1558 2627 1742 2690 concessis?

412 2724 534 2791 Deinde
556 2728 772 2804 contorquent
794 2720 890 2783 etita
912 2721 1124 2785 concludunt:
1155 2724 1239 2785 Non
1263 2722 1393 2805 iqitnr
1418 2729 1459 2784 et
1485 2727 1581 2786 sunt
1606 2720 1644 2784 di
1671 2731 1781 2784 necte

412 2817 649 2902 significant
669 2813 823 2888 futura;
853 2814 885 2877 id
910 2816 994 2878 enim
1014 2815 1077 2879 iam
1101 2815 1274 2899 perfectum
1296 2816 1496 2879 arbitrantur.
1542 2814 1665 2879 Deinde
1687 2813 1743 2877 ad·

412 2920 560 2979 mmuntt
590 2911 689 2973 Sunt
717 2917 851 2973 autem
880 2908 939 2984 di,
970 2910 1057 2993 quod
1089 2912 1193 2993 ipsum
1223 2930 1287 2974 non
1309 2910 1350 2973 ab
1371 2906 1519 2973 omnibus
1541 2908 1743 2973 conceditur:
1861 2977 1865 2985 ,

412 3005 642 3091 significant
669 3023 774 3085 ergo.
822 3004 869 3065 Ne
891 3002 923 3063 id
946 3003 1076 3086 quidem
1099 3004 1262 3088 sequitur-3
1294 3011 1429 3085 possunt
1451 3004 1535 3066 enim
1558 3023 1623 3066 non
1646 3003 1743 3086 siqni-

412 3100 507 3166 ficare
528 3107 561 3163 et
582 3107 686 3162 umen
709 3118 780 3161 esse
796 3096 838 3159 di.
881 3098 979 3170 Noc,
1001 3096 1033 3159 si
1056 3097 1320 3179 significant,
1343 3117 1422 3161 non
1443 3097 1543 3159 dsnt
1564 3098 1648 3162 viss
1669 3097 1743 3160 ali·

413 3215 507 3282 quos
529 3192 574 3258 sd
598 3191 806 3255 scientiam
828 3189 1161 3271 significationis.
1204 3193 1245 3254 At
1266 3192 1299 3253 id
1322 3210 1453 3276 quoque
1475 3196 1597 3273 potest,
1619 3200 1656 3254 ut
1677 3201 1780 3255 nonae

413 3293 490 3357 dent
510 3286 644 3361 homini,
665 3287 727 3369 ipsi
747 3285 896 3348 habeant
940 3284 1003 3347 Cur
1024 3285 1109 3347 enim
1132 3285 1245 3350 Tuscis
1266 3288 1374 3368 potius
1395 3304 1491 3369 qnam
1514 3284 1665 3348 Romanis
1687 3284 1742 3348 da·

410 3386 504 3449 renti
525 3384 619 3454 Nec,
642 3380 673 3442 si
696 3378 788 3442 dant
808 3380 908 3453 vias,
932 3377 1040 3441 nulla
1062 3387 1126 3442 est
1147 3379 1347 3444 divinatio.
1377 3381 1439 3442 Fsc
1454 3380 1529 3442 dare
1544 3379 1638 3452 deos,
1655 3377 1740 3462 quod

413 3477 587 3542 absurdum
609 3479 676 3547 est,
699 3471 775 3556 quid
798 3471 912 3546 refert,
934 3472 961 3534 si
983 3473 1129 3554 accipere
1150 3493 1216 3538 non
1237 3478 1431 3558 possumus?
1467 3474 1651 3536 Extremum
1674 3479 1740 3535 est:

409 3572 479 3635 Est
507 3570 636 3652 igitur
663 3565 871 3655 divinatio.
916 3565 964 3629 Sit
985 3573 1178 3642 extremum,
1209 3570 1354 3634 effectum
1377 3575 1649 3633 tamennonest.
1692 3567 1741 3628 Ex

409 3665 498 3729 falsis
520 3663 616 3736 enim,
638 3668 674 3723 ut
695 3660 735 3723 ab
757 3660 835 3743 ipsis
857 3658 1036 3735 didicimus,
1058 3680 1168 3726 verum
1190 3660 1272 3727 eflioi
1293 3684 1358 3727 non
1381 3671 1496 3746 potest.
1539 3664 1624 3726 lacet
1644 3662 1778 3744 igiturne

410 3768 476 3825 tota
498 3756 674 3822 conclusio.

495 3851 560 3915 Lil.
588 3846 662 3910 407.
684 3848 858 3912 Veniamus
878 3869 964 3913 nunc
985 3848 1025 3913 ad
1048 3858 1212 3935 optumum
1236 3852 1355 3927 virum,
1377 3851 1564 3916 familiarem
1586 3856 1740 3922 nostrum,

411 3949 602 4032 Cratippum.
647 3942 684 4005 Si
708 3943 793 4004 sine
814 3943 961 4019 oculis,
984 3945 1106 4029 inquit,
1129 3965 1201 4008 non
1225 3952 1361 4028 potest
1381 3953 1538 4009 exstare
1560 3942 1739 4007 officium

410 4052 448 4110 et
476 4058 618 4105 munus
647 4036 881 4110 oculorum,
911 4047 1079 4121 possunt
1107 4046 1239 4103 antem
1269 4039 1490 4123 sliquando
1518 4037 1630 4103 oculi
1660 4056 1739 4099 non

408 4135 520 4219 fungi
551 4151 621 4198 suo
652 4151 832 4204 munere,
872 4133 936 4216 qui
967 4132 1027 4195 vel
1057 4132 1182 4197 semel
1211 4134 1266 4198 ita
1295 4143 1358 4198 est
1385 4155 1477 4197 usus
1507 4132 1664 4204 oeulis,
1698 4138 1779 4194 utro

409 4250 500 4295 vera
528 4234 726 4299 cerneret,
748 4226 782 4287 is
804 4224 927 4288 habet
948 4246 1100 4291 sensum
1123 4229 1333 4293 oculorum
1357 4249 1452 4292 vera
1475 4227 1739 4299 cernentium

408 4326 510 4389 item
531 4321 675 4404 igitur,
699 4320 730 4382 si
753 4320 842 4382 sine
863 4321 1109 4385 divinatione
1135 4341 1210 4385 non
1233 4332 1373 4406 potest
1393 4323 1579 4387 officinm
1602 4329 1640 4384 et
1662 4339 1739 4382 mu·

409 4438 481 4481 nus
510 4414 776 4478 divinationis
803 4423 983 4487 exstare,
1014 4422 1325 4499 potestantem,
1356 4437 1439 4480 oum
1468 4417 1555 4499 quis
1582 4414 1739 4477 divina·

409 4514 558 4576 tionem
586 4509 753 4581 haheat,
783 4527 917 4571 errare
945 4508 1169 4593 aliquando
1200 4530 1272 4574 nec
1300 4531 1392 4574 vern
1414 4530 1604 4583 cernere,
1636 4507 1739 4571 satis

409 4616 472 4671 est
502 4606 548 4669 ad
578 4602 902 4667 confirmandam
932 4604 1228 4668 divinationem
1257 4606 1375 4668 semel
1398 4604 1555 4687 aliquid
1578 4604 1631 4666 ita
1653 4610 1778 4665 essett

409 4700 649 4769 divinatum,
672 4696 774 4759 nihil
798 4705 838 4759 ut
859 4695 1027 4761 fortuito
1050 4698 1249 4762 cecidisse
1271 4699 1475 4775 videatur;
1500 4706 1591 4762 sunt
1613 4704 1738 4760 autem

409 4796 497 4858 eius
523 4793 680 4876 generis
707 4790 1038 4854 innumerabilis:
1070 4813 1163 4856 esse
1193 4794 1316 4876 igitur
1338 4794 1622 4858 divinationem
1649 4810 1739 4854 con·

408 4888 425 4951 f
430 4886 616 4950 itendum
639 4891 709 4948 est.
746 4885 869 4947 Festive
893 4894 924 4947 et
945 4884 1093 4949 breviter.
1130 4887 1193 4950 Sed
1214 4907 1285 4951 cum
1304 4888 1353 4951 bis
1368 4889 1504 4972 sumpsit
1528 4885 1613 4971 quod
1629 4884 1738 4956 voluit,

409 4983 503 5045 etiam
527 4981 553 5045 si
576 4980 685 5043 faciles
707 4999 765 5041 nos
787 4977 827 5041 ad
850 4979 1089 5043 eoncedendum
1111 4981 1267 5057 habuerit,
1289 4981 1321 5043 id
1345 4991 1461 5056 tamen,
1485 4982 1570 5065 quod
1590 4978 1737 5051 adsumit,

408 5074 537 5138 concedi
561 5076 649 5137 nullo
673 5074 766 5138 modo
789 5081 903 5158 potest.
947 5069 1019 5136 108.
1050 5075 1106 5149 Si,
1132 5076 1253 5160 inquit,
1276 5097 1358 5140 cum
1386 5073 1603 5160 aliquando
1631 5071 1775 5135 oeulito

408 5178 593 5253 peccent,
616 5177 766 5243 tamen,
790 5168 884 5253 quia
908 5176 1009 5232 recte
1031 5169 1247 5253 aliquando
1271 5170 1474 5245 viderunt,
1498 5171 1601 5233 inest
1623 5167 1662 5230 in
1686 5166 1736 5229 iis

416 5339 744 5349 ...-—----..---—
997 5339 1057 5346 ——-

471 5438 496 5487 t.
515 5437 675 5486 wororslt
695 5461 721 5471 -
742 5436 766 5486 3.
789 5434 925 5486 4444444440
945 5461 971 5473 -
995 5436 1227 5496 immnerito
1246 5461 1272 5472 -
1291 5436 1398 5499 iststleqt
1416 5437 1435 5486 D
1451 5463 1475 5472 -
1497 5437 1738 5486 ttcostrousrsrmr·

407 5528 454 5577 quo
469 5512 527 5563 v¹0
547 5541 574 5551 -
599 5515 623 5564 9.
642 5514 748 5563 imitere
763 5527 795 5564 so
812 5507 843 5563 Αι
861 5540 888 5551 -
907 5517 965 5562 suat
980 5510 1109 5561 Selisb.0
1129 5537 1156 5548 -
1185 5512 1224 5560 tt.
1242 5523 1334 5560 muros
1351 5511 1408 5560 D’V
1427 5536 1455 5548 -
1482 5508 1687 5572 cosentina
1709 5535 1733 5544 -

407 5590 447 5640 43.
466 5590 501 5637 est
518 5589 565 5639 DV
585 5614 612 5625 —
641 5589 680 5639 44.
699 5603 795 5639 sumen
809 5603 857 5649 pro
876 5586 915 5649 V¹,
933 5600 1029 5638 sumere
1046 5590 1111 5647 ipsos
1126 5600 1174 5648 pro
1191 5583 1224 5634 V¹
1242 5610 1268 5622 -
1296 5587 1335 5636 se.
1355 5587 1434 5650 iqttur
1450 5590 1508 5635 suut
1524 5599 1555 5635 ex
1574 5583 1653 5634 codd.
1672 5585 1736 5646 ling.

407 5668 434 5716 et
451 5663 562 5714 cantab.
584 5666 703 5714 Davisius
723 5691 750 5701 -
773 5678 818 5713 occ
833 5666 854 5714 st
872 5664 902 5719 V.
921 5663 971 5713 sed
987 5664 1008 5712 st
1025 5675 1084 5727 sup.
1099 5662 1143 5712 lin.
1159 5663 1224 5711 snt
1241 5660 1303 5711 add.
1323 5686 1350 5697 -
1371 5661 1411 5711 46.
1430 5662 1568 5725 siqstflcmt
1585 5660 1628 5710 AV
1647 5684 1674 5696 -
1695 5660 1736 5711 43.

406 5742 467 5791 dont
483 5740 562 5791 codd.
582 5739 731 5803 interpolati
750 5741 861 5790 lloseri:
881 5740 943 5788 dure
960 5739 979 5788 C
999 5764 1026 5773 -
1045 5738 1085 5787 34.
1102 5737 1202 5799 Quare
1221 5761 1247 5772 -
1268 5736 1308 5785 33.
1327 5741 1370 5785 est.
1385 5740 1421 5785 cst
1437 5734 1517 5790 codd,
1529 5734 1629 5798 aliquot
1640 5734 1737 5785 Davisii

407 5818 435 5866 et
451 5817 560 5867 lloseri:
580 5821 616 5866 est
632 5816 651 5865 C
670 5842 702 5853 -
720 5815 760 5866 st.
778 5816 1055 5879 tqitur--sctremssn
1072 5825 1127 5861 om.
1142 5811 1162 5858 V
1182 5837 1208 5847 -
1227 5811 1269 5861 37.
1281 5810 1431 5861 4444444414
1451 5837 1477 5848 -
1497 5811 1572 5860 itis
1589 5822 1620 5862 er
1633 5822 1702 5861 corr.
1717 5811 1736 5860 14

407 5916 435 5927 -
455 5891 495 5942 33.
510 5896 690 5955 potestantem
707 5892 762 5952 qots
777 5904 835 5940 cum
851 5888 956 5948 salisb..
975 5891 1004 5938 nt
1021 5888 1150 5950 scriptum
1167 5891 1209 5939 ost
1225 5889 1235 5938 l
1253 5887 1308 5952 87⁴
1329 5914 1357 5923 -
1377 5887 1417 5939 to.
1430 5900 1488 5936 mm
1504 5886 1606 5937 eddidit
1622 5886 1734 5952 iladvig,

406 5968 506 6033 puncto
522 5970 584 6017 ante
601 5967 660 6017 item
675 5967 697 6016 st
713 5964 818 6017 sublato
835 5988 863 6002 -
887 5964 929 6017 44.
947 5964 1064 6015 oum
1079 5963 1197 6028 ttsdvlg:
1215 5963 1363 6015 Mortuo
1383 5989 1410 5999 -
1428 5964 1456 6013 is
1471 5962 1509 6013 tis
1524 5962 1555 6014 B.
