4342 7459
435 1262 498 1329 iso
931 1261 984 1325 DE
1006 1259 1274 1325 DIVINATIONE

564 1423 739 1490 Vocibus
761 1422 887 1486 instat
908 1429 946 1485 et
967 1420 1163 1485 adsiduas
1184 1420 1286 1485 iacit
1307 1438 1373 1485 ore
1395 1420 1626 1505 querellas,

565 1521 652 1586 Cum
674 1518 840 1601 primum
860 1514 1019 1599 gelidos
1042 1534 1157 1579 rores
1179 1534 1323 1580 aurora
1345 1516 1539 1591 remittit3

561 1618 776 1697 Fuscaque
798 1621 1114 1694 nonnumquam
1137 1629 1305 1675 cursans
1328 1610 1549 1691 perlitora
1571 1611 1710 1676 cornix

562 1708 764 1774 Demersit
785 1712 906 1790 caput
927 1714 965 1770 et
985 1704 1153 1768 ilnctum
1176 1705 1339 1770 cervice
1361 1704 1541 1787 recepit

412 1824 428 1871 s
520 1806 577 1869 lx.
600 1798 653 1866 l5.
678 1800 832 1866 Videmus
854 1798 934 1863 baec
955 1798 1047 1881 sigua
1068 1817 1244 1881 numquam
1267 1798 1333 1864 iere
1355 1798 1559 1874 mentientia,
1586 1817 1646 1863 nec
1667 1805 1774 1865 tamen

437 1920 493 1966 cur
514 1900 556 1963 itu
578 1897 634 1960 fiat
655 1894 811 1958 videmus.

562 1994 643 2055 Vos
667 2007 833 2072 quoquc
855 1987 971 2070 signa
993 1987 1168 2062 videtis,
1191 1989 1315 2073 aquai
1338 1985 1464 2052 dulcis
1487 1988 1689 2064 alumnae,

565 2087 657 2150 Cum
681 2084 850 2147 clamore
872 2082 1023 2164 paratis
1047 2082 1181 2146 inanis
1203 2082 1370 2147 inn’dere
1392 2100 1507 2146 voces

562 2178 843 2261 Absurdoque
864 2195 965 2239 sono
987 2176 1120 2239 fontis
1142 2183 1180 2239 et
1202 2186 1351 2260 stagna
1373 2177 1511 2240 ciclis.

399 2294 427 2341 to
438 2277 517 2356 Quis
541 2284 590 2340 est
611 2273 668 2359 qui
690 2273 882 2336 ranunculos
905 2270 966 2335 boc
980 2270 1091 2333 videre
1108 2272 1262 2352 suspicari
1280 2271 1404 2356 possiti
1428 2270 1490 2334 Sed
1505 2271 1589 2334 inest
1603 2270 1627 2353 †
1639 2271 1674 2335 in
1688 2271 1773 2337 reuis

437 2379 469 2435 et
490 2368 674 2434 ranunculis
696 2374 809 2429 natura
832 2365 988 2450 quaedam
1012 2362 1194 2450 significans
1216 2365 1350 2450 aliquid,
1373 2386 1429 2451 per
1451 2385 1485 2430 se
1499 2366 1570 2449 ipsa
1585 2369 1662 2430 satis
1678 2374 1772 2441 certa,

438 2464 613 2551 cognitioni
635 2469 742 2525 autem
763 2458 928 2524 bominum
952 2459 1127 2524 obscurior.

564 2554 903 2638 Mollipedesque
925 2554 1070 2628 boves,
1093 2561 1332 2636 spectantes
1354 2553 1509 2617 lumina
1532 2553 1654 2629 caeli,

566 2649 733 2713 Naribus
762 2648 978 2713 umiferum
1008 2647 1153 2711 duxere
1182 2669 1228 2711 ex
1257 2655 1349 2713 abrs
1378 2668 1528 2713 sucum.

401 2748 510 2813 leNon
532 2762 652 2830 quaero
675 2763 747 2818 cur,
770 2744 921 2828 quoniam
944 2743 1020 2825 quid
1043 2742 1168 2805 eveniat
1191 2743 1354 2826 intellego.

566 2839 644 2901 lam
668 2855 764 2901 sero
786 2857 945 2920 semper
965 2836 1124 2900 viridis
1147 2856 1390 2920 semperque
1412 2845 1586 2921 gravata

566 2932 792 2996 Lentiscus
814 2930 983 3014 triplici
1006 2932 1135 2994 solita
1157 2930 1433 3014 grandescere
1455 2930 1539 2994 ictu

564 3026 639 3091 ’l'er
659 3025 802 3108 fruges
823 3024 1006 3089 fundens
1027 3026 1110 3089 tria
1131 3034 1305 3108 tempora
1328 3033 1525 3090 monstrat
1546 3023 1689 3089 arandi.

441 3119 491 3188 lb.
513 3124 560 3185 Ne
579 3120 642 3184 hoc
666 3118 794 3204 quidem
817 3137 947 3204 quaero,
970 3138 1026 3181 cur
1046 3120 1125 3184 baec
1146 3116 1242 3182 arbor
1263 3140 1326 3183 una
1341 3128 1389 3183 ter
1402 3121 1513 3184 floreat
1526 3129 1582 3184 ant
1595 3140 1652 3184 cur
1665 3116 1774 3183 arandi

401 3216 651 3283 ”maturitatem
678 3213 719 3276 ad
740 3212 874 3295 signum
903 3212 990 3275 Doris
1012 3212 1247 3278 accommodet:
1282 3214 1344 3277 boc
1365 3235 1434 3277 sum
1458 3221 1646 3288 contentus,
1677 3210 1774 3296 quod,

440 3312 534 3376 stiam
558 3309 584 3371 si
600 3307 623 3387 †
639 3326 703 3391 quo
727 3306 870 3390 quidque
893 3302 947 3368 liat
969 3305 1131 3389 ignorem,
1147 3308 1224 3392 quid
1241 3309 1298 3372 fiat
1312 3309 1473 3391 intellego.
1503 3310 1561 3373 Pro
1577 3309 1664 3372 omni
1678 3307 1775 3390 igitur

441 3404 638 3470 divinatione
661 3400 746 3464 idem
769 3401 856 3484 quod
879 3421 938 3482 pro
961 3399 1055 3464 rebus
1077 3401 1134 3477 iis,
1156 3422 1235 3487 quas
1257 3402 1518 3476 commemoravi,
1540 3400 1753 3485 respondebo.

525 3499 566 3561 X.
597 3495 681 3573 Quid
712 3512 932 3557 scammoneae
959 3492 1051 3558 radix
1079 3494 1120 3558 ad
1150 3497 1363 3580 purgandum,
1395 3496 1473 3582 qnid
1500 3495 1708 3561 aristolochia
1732 3494 1773 3558 ad

441 3611 566 3656 morsus
594 3588 791 3672 serpentium
819 3589 923 3671 possit
951 3622 992 3635 -
1022 3608 1107 3671 quae
1128 3609 1246 3654 nomeu
1269 3610 1308 3653 ex
1330 3590 1495 3655 inventore
1517 3589 1673 3673 repperit.
1706 3609 1772 3653 rem

402 3685 542 3769 seipsam
565 3684 711 3746 inventor
732 3701 773 3745 ex
795 3684 919 3747 somnio
947 3682 1121 3756 -video,
1150 3685 1235 3766 quod
1259 3685 1335 3748 satis
1358 3693 1425 3748 est:
1455 3705 1511 3748 cur
1531 3683 1633 3766 possit
1653 3683 1773 3747 nescio.

442 3779 494 3843 Sic
515 3787 683 3843 ventorum
706 3784 737 3840 et
759 3776 908 3841 imbrium
931 3778 1035 3860 signa,
1058 3797 1142 3859 quae
1164 3778 1247 3852 dixi,
1269 3778 1423 3841 rationem
1447 3797 1541 3861 qnam
1556 3778 1696 3840 habeant
1709 3794 1773 3840 uon

441 3874 517 3939 eatis
539 3872 720 3956 perspicio:
743 3871 805 3932 vim
829 3879 1030 3935 elevantum
1053 3890 1208 3955 agnosco,
1231 3871 1312 3945 scio,
1334 3871 1487 3955 adprobo.
1524 3871 1676 3935 Similiter
1695 3869 1774 3955 quid

440 3966 548 4032 fissum
570 3968 602 4031 in
625 3964 725 4039 extis,
749 3963 827 4047 quid
851 3961 927 4027 libra
951 3965 1053 4029 valeat
1073 3965 1219 4048 accipio:
1243 3986 1326 4049 quae
1348 3984 1443 4029 causa
1462 3966 1501 4029 sit
1518 3966 1637 4029 nescim
1670 3969 1774 4049 Atque

439 4062 554 4126 horum
583 4059 711 4143 quidem
741 4058 832 4141 plena
855 4058 920 4122 vita
942 4067 1010 4134 esi3
1040 4059 1123 4122 extis
1145 4059 1230 4123 enim
1254 4079 1363 4124 omnes
1385 4060 1452 4122 iere
1475 4068 1617 4124 utuntur.
1663 4058 1773 4136 Ouidi

401 4156 481 4219 ande
503 4154 661 4237 fulgurum
684 4152 715 4213 vi
739 4152 885 4214 dubitare
908 4173 983 4217 num
1006 4157 1202 4235 possumus?
1245 4157 1358 4218 Nonne
1381 4176 1451 4218 curn
1475 4156 1574 4218 mulia
1596 4153 1659 4217 alia
1681 4154 1774 4218 mira·

439 4250 525 4321 bilia,
549 4257 615 4309 tum
637 4245 714 4307 illud
738 4246 770 4307 in
795 4245 925 4327 primis:
949 4268 1020 4310 cum
1037 4248 1228 4311 Summanus
1250 4248 1284 4309 in
1308 4248 1434 4330 fastigio
1458 4249 1540 4312 lovis
1562 4248 1685 4331 optumi
1709 4267 1773 4311 ma·

439 4344 544 4415 numi,
573 4341 627 4423 qui
656 4349 722 4402 tum
747 4348 814 4402 crat
835 4336 958 4414 fictilis,
987 4342 1115 4405 ecaelo
1139 4343 1219 4404 irtus
1243 4350 1406 4404 essetnec
1429 4361 1562 4425 usquam
1585 4342 1773 4405 eiussimu·

439 4437 515 4500 lacri
538 4442 632 4518 caput
654 4433 861 4508 inveniretur,
885 4434 1070 4517 haruspices
1092 4438 1124 4499 in
1140 4436 1279 4498 Tiberim
1295 4436 1326 4497 id
1343 4436 1511 4518 depulsum
1528 4456 1598 4499 esse
1614 4435 1773 4507 dixerunt,

439 4531 537 4615 idque
560 4531 724 4593 inventum
748 4536 797 4591 est
819 4548 856 4592 eo
880 4529 970 4604 loco,
993 4529 1048 4612 qui
1073 4536 1122 4592 est
1144 4529 1183 4592 ab
1205 4529 1426 4613 haruspicibus
1449 4530 1691 4597 demonstratus.

505 4771 528 4820 4.
552 4769 768 4819 Vocibus··cum
782 4769 895 4830 primum
912 4769 931 4818 ll
950 4769 975 4818 iu
995 4782 1076 4833 marg.
1108 4797 1134 4805 -
1161 4772 1252 4820 instate
1273 4770 1395 4820 adsiduas
1416 4772 1438 4821 Α
1461 4798 1487 4808 -
1512 4770 1626 4833 mscrelaa
1642 4770 1724 4821 uiro
1744 4797 1771 4809 -

438 4849 463 4900 3.
482 4848 568 4897 littora
585 4846 605 4894 0
625 4871 651 4880 -
671 4846 696 4894 5.
714 4844 775 4893 baec
792 4857 862 4894 corr.
875 4845 901 4894 in
918 4858 963 4893 nec
981 4845 1001 4893 ll
1022 4870 1048 4879 —
1067 4846 1212 4894 mentieniia
1231 4846 1381 4908 llottinger:
1400 4846 1558 4895 mentientia
1570 4846 1616 4895 CO
1629 4871 1656 4882 -
1677 4844 1701 4896 8.
1713 4848 1774 4896 ina-

437 4924 516 4974 nesO
536 4924 562 4971 et
579 4922 617 4971 sic
635 4920 690 4969 lere
707 4931 817 4982 semper
834 4919 859 4968 in
878 4920 1037 4968 accusativis
1055 4918 1124 4983 plur.
1144 4921 1237 4969 tertiae
1256 4919 1449 4978 declinationis,
1469 4920 1541 4983 quod
1559 4934 1611 4971 non
1629 4922 1681 4972 iam
1700 4925 1774 4971 nota·

437 4998 526 5050 bimus
556 5024 583 5033 -
603 4996 643 5044 40.
662 4995 809 5044 ranunculis
828 4993 856 5043 44ι
876 5021 901 5028 -
923 4995 980 5043 uide
997 4993 1028 5044 Αι
1048 5022 1073 5029 -
1099 4996 1125 5042 in
1140 5009 1169 5043 re
1186 4996 1225 5043 uis
1242 5000 1265 5043 et
1280 4995 1430 5044 ranunculis
1447 4994 1529 5047 ll¹V¹s
1548 4998 1575 5045 ln
1590 4996 1657 5045 riuis
1672 5000 1695 5046 el
1711 5010 1772 5047 ran.

437 5074 467 5132 B,
485 5074 512 5121 in
528 5073 599 5120 runis
615 5076 638 5118 el
654 5082 710 5118 ran.
731 5070 767 5127 Α,
787 5068 835 5118 sed
848 5069 918 5118 ranis
929 5070 955 5118 in
968 5082 1032 5127 ras,
1050 5071 1114 5119 mire
1124 5071 1164 5117 uie
1175 5074 1199 5119 el
1209 5083 1267 5117 ran.
1282 5067 1359 5129 titv’,
1377 5069 1404 5117 in
1415 5071 1513 5133 pgrinie
1523 5077 1546 5120 et
1556 5083 1607 5119 run
1630 5070 1771 5133 Victorius,

437 5149 465 5197 ln
481 5147 562 5197 bestiis
577 5151 600 5194 et
616 5158 674 5193 ren.
694 5142 783 5204 lilolz,
802 5144 924 5192 mironis
940 5146 966 5192 in
982 5145 1131 5194 ranunculis
1147 5150 1169 5192 ei
1187 5157 1219 5194 ex
1237 5144 1338 5205 liiegeri
1357 5144 1460 5193 conio
1480 5170 1506 5179 -
1532 5147 1572 5195 44.
1592 5150 1674 5195 celera
1692 5143 1724 5195 ll¹
1741 5172 1774 5182 -

438 5223 478 5274 44.
497 5222 632 5284 umiiemsm
649 5219 713 5268 aii:
732 5218 884 5279 bumiierum
901 5218 1006 5278 BVt‘iiO
1022 5245 1046 5254 -
1066 5231 1168 5268 succum
1186 5219 1205 5267 0
1221 5245 1245 5254 -
1268 5218 1307 5267 46.
1327 5217 1409 5267 uirdie
1426 5221 1461 5276 Λ;
1480 5219 1679 5269 lcm·-arandl
1696 5220 1773 5270 alleri

437 5297 534 5351 Plinius
552 5298 581 5346 N.
597 5295 734 5350 llxvlll.
754 5293 874 5343 scetii.
897 5321 923 5329 -
950 5295 989 5343 ti.
1007 5294 1114 5355 [minii
1136 5321 1161 5329 -
1189 5293 1227 5343 t8.
1246 5298 1352 5342 mostrol
1370 5291 1400 5343 Α*
1419 5319 1446 5329 -
1468 5294 1507 5343 49.
1525 5294 1617 5343 neloc
1634 5294 1770 5346 Davisius:

436 5386 481 5423 nec
496 5374 541 5421 noc
559 5371 606 5420 (20
626 5396 651 5406 -
675 5369 727 5433 boc]
741 5367 800 5418 lori.
813 5369 852 5416 lic
873 5396 906 5406 -
928 5382 975 5417 cur
991 5371 1025 5419 ad
1042 5371 1135 5418 arandi
1152 5371 1324 5419 maturitatem
1340 5370 1440 5433 signum
1458 5367 1574 5419 malebat
1592 5371 1721 5420 Davisius.
1742 5396 1769 5405 -

433 5448 476 5499 at.
496 5460 544 5508 quo
562 5446 597 5495 C:
616 5458 666 5509 quo
681 5445 754 5493 modo
772 5443 849 5493 codd.
870 5445 960 5493 Oronn
990 5448 1017 5493 el
1034 5447 1069 5497 0:
1090 5446 1150 5495 vide
1169 5459 1201 5495 ne
1220 5444 1300 5494 lateat
1317 5446 1425 5509 antiqua
1443 5445 1574 5508 scriptura
1592 5458 1664 5506 quor.
1682 5470 1709 5479 -
1728 5444 1770 5494 ii.

435 5522 473 5574 biv
491 5522 519 5571 44Ι
539 5543 566 5557 -
590 5520 631 5570 23.
650 5532 796 5569 scamoneue
814 5519 849 5576 44,
867 5530 1026 5568 scammonia
1044 5522 1172 5571 Davisius.
1192 5548 1224 5558 -
1245 5522 1306 5581 quid
1322 5520 1508 5581 aristolochiae,
1527 5534 1593 5582 quoe
1604 5545 1642 5557 ··
1654 5533 1688 5570 ec
1704 5533 1771 5570 som-

435 5598 492 5657 nio,
511 5598 545 5646 ad
560 5609 658 5645 moreau
675 5595 826 5657 serpentium
839 5595 918 5656 possit
931 5595 1006 5643 uideo
1025 5598 1158 5645 Pearcius.
1179 5622 1205 5631 -
1226 5596 1373 5645 aristboloia
1390 5598 1424 5656 Α,
1444 5595 1492 5645 sed
1510 5596 1540 5645 cll
1556 5610 1615 5662 sup.
1634 5597 1660 5646 oi
1675 5608 1770 5661 supra-

435 5684 499 5730 scr..
517 5670 692 5719 amstclccliae
709 5668 867 5724 Lambinus:
887 5669 920 5718 cl.
942 5670 962 5718 ll
982 5670 1049 5733 544.
1070 5700 1096 5707 -
1117 5670 1158 5720 24.
1176 5673 1326 5732 serpentium
1344 5672 1378 5721 C:
1399 5676 1540 5734 serpentum
1557 5672 1577 5722 0
1598 5698 1624 5708 -
1643 5672 1773 5721 inuentam

436 5747 471 5797 C:
489 5747 591 5795 inventa
607 5759 636 5794 re
652 5748 798 5808 praeeunte
817 5745 930 5794 victorio
949 5744 1101 5795 Lambinus.
1127 5773 1152 5783 -
1171 5748 1281 5808 repperis
1297 5746 1385 5796 inv:
1406 5747 1499 5808 reperit
1516 5746 1566 5796 440
1586 5773 1613 5783 -
1638 5747 1681 5796 25.
1698 5746 1772 5795 uideo

436 5820 551 5871 Marsus:
575 5834 645 5882 paese
661 5821 734 5869 uideo
752 5818 852 5883 [uidebo
870 5820 942 5881 illc
968 5844 995 5855 —
1022 5820 1063 5871 28.
1082 5822 1201 5883 nunna
1231 5848 1256 5857 -
1284 5821 1397 5870 silbin
1415 5834 1469 5871 rae.
1496 5847 1523 5858 -
1548 5820 1589 5871 29.
1608 5821 1769 5872 utunturC:

435 5896 532 5944 utimur
548 5895 626 5945 codd.
640 5895 705 5946 dell.
720 5897 740 5945 0
758 5921 785 5931 -
805 5894 846 5945 34.
865 5908 993 5946 mmcmen
1010 5894 1048 5957 B¹,
1066 5896 1210 5945 subnmmus
1227 5895 1257 5947 θ’
1275 5922 1302 5933 -
1321 5897 1437 5947 maciem
1453 5895 1542 5947 omli
1563 5921 1590 5933 -
1610 5895 1651 5947 33.
1666 5895 1771 5959 semein

436 5971 504 6022 ll-
524 5970 635 6021 diverint
653 5971 674 6021 ll
695 5998 721 6008 -
741 5968 781 6022 34.
800 5970 833 6021 ab
849 5970 1001 6035 sup.lin..l
1021 5998 1048 6009 -
1067 5972 1234 6034 saepiri.
