4342 7459
705 1247 775 1309 nn.
796 1246 822 1309 1.
849 1245 924 1310 cn».
946 1244 1204 1308 xxiv-xxv.
1230 1241 1277 1326 §s
1299 1239 1445 1305 so-oo.
1679 1239 1742 1308 227

408 1406 474 1473 ieri
501 1408 569 1472 ullo
596 1406 695 1471 modo
723 1425 819 1489 posse
846 1415 880 1470 ut
907 1426 926 1469 a
953 1406 1062 1491 pueris
1085 1412 1133 1469 tot
1153 1424 1261 1467 rernm
1282 1411 1379 1488 atque
1400 1413 1558 1469 tanmrum
1581 1405 1692 1469 insitas
1714 1417 1746 1470 et

408 1505 500 1587 quasi
528 1503 729 1584 consignatas
754 1500 788 1562 in
810 1500 922 1564 animis
945 1500 1109 1573 notiones,
1140 1519 1220 1582 quas
1242 1507 1367 1574 ἐννοίας
1388 1507 1518 1573 vocent,
1545 1499 1745 1574 haberemus,

407 1598 468 1661 nisi
496 1597 637 1671 animus,
668 1604 741 1659 ante
770 1614 866 1678 qnam
894 1594 928 1657 in
950 1613 1066 1677 corpus
1087 1594 1282 1669 intravisset,
1312 1594 1345 1656 in
1368 1613 1473 1657 rerum
1496 1595 1677 1677 cognitione
1700 1596 1747 1657 vi·

408 1692 539 1774 gniaset
575 1687 628 1753 58.
652 1688 796 1772 Cumque
824 1687 905 1752 nihil
934 1697 1034 1764 esset,
1060 1697 1097 1752 ut
1117 1689 1265 1751 omnibus
1286 1688 1366 1752 locis
1388 1708 1407 1752 n
1428 1688 1559 1752 Platone
1582 1689 1748 1753 disseritur

407 1818 448 1833 -
463 1784 546 1848 nihil
568 1783 654 1847 enim
676 1782 730 1845 ille
750 1790 842 1865 putat
863 1803 934 1846 esse
956 1784 1043 1867 quod
1067 1783 1188 1847 oriatur
1209 1792 1242 1846 et
1261 1784 1406 1857 interest,
1429 1784 1527 1868 idque
1549 1784 1651 1848 solum
1667 1797 1771 1858 essee

408 1878 496 1964 quod
518 1897 645 1960 semper
662 1876 726 1940 tale
747 1877 802 1950 sit,
821 1876 915 1959 quale
930 1879 980 1952 rit,
1002 1898 1094 1960 quom
1113 1883 1204 1943 ἰδέαν
1218 1876 1357 1961 appellat
1371 1876 1443 1952 ille,
1469 1898 1529 1941 nos
1544 1876 1682 1961 speciem
1695 1910 1748 1952 -,

408 1992 472 2035 non
494 1971 599 2055 potuit
619 1970 745 2033 animus
767 1970 847 2032 haee
869 1970 902 2033 in
926 1991 1061 2054 corpore
1083 1971 1227 2035 inclusus
1248 1970 1456 2055 adgnoscere,
1480 1974 1604 2055 cognita
1626 1972 1748 2035 attulit:

410 2084 450 2129 ex
481 2083 549 2148 qno
579 2072 642 2127 tam
670 2063 841 2128 multarum
869 2083 975 2127 rerum
1005 2064 1196 2147 cognitionis
1221 2064 1388 2130 admiratio
1413 2064 1543 2127 tollitur.
1579 2067 1689 2148 Neque
1712 2082 1749 2126 ea

409 2159 505 2243 mane
527 2157 614 2222 ridet
635 2158 774 2230 animus,
805 2178 875 2220 cum
898 2167 1030 2241 repente
1053 2160 1087 2221 in
1109 2166 1172 2222 tam
1194 2158 1359 2223 insolitum
1382 2167 1512 2242 tumque
1533 2159 1749 2242 perturbatum

411 2253 607 2316 domicilium
637 2252 835 2334 inmigravit,
864 2253 937 2326 sed,
967 2274 1044 2317 cum
1067 2273 1101 2315 se
1123 2252 1253 2335 collegit
1279 2262 1375 2337 atque
1404 2253 1575 2329 recreavit,
1604 2262 1670 2317 tum
1696 2253 1789 2315 ad·to

411 2348 538 2430 gnoseit
566 2347 623 2410 ille
653 2346 901 2410 reminiscendo.
951 2349 999 2411 lta
1028 2346 1109 2412 nihil
1141 2357 1190 2411 est
1219 2348 1305 2410 aliud
1337 2346 1461 2410 discere
1487 2347 1549 2411 nisi
1579 2345 1751 2410 recordari.

412 2438 463 2504 59.
492 2442 561 2523 ligo
589 2449 695 2504 autem
721 2443 842 2505 maiore
871 2442 966 2504 etiam
989 2442 1128 2524 quodam
1154 2441 1248 2504 modo
1271 2441 1458 2504 memoriam
1481 2439 1630 2504 admiror.
1667 2437 1752 2515 Quid

413 2545 461 2599 est
482 2536 567 2599 enim
589 2533 684 2609 illud,
713 2554 778 2619 quo
801 2536 1014 2610 meminimus,
1043 2544 1100 2598 ant
1121 2555 1216 2619 qnam
1237 2534 1334 2597 habet
1356 2534 1421 2597 vim
1442 2542 1498 2597 ant
1519 2533 1604 2596 unde
1626 2534 1752 2596 nutaml

412 2630 482 2692 Non
506 2648 629 2713 quaero
652 2638 770 2712 quanta
793 2631 946 2692 memoria
968 2629 1150 2693 Simonides
1175 2627 1275 2692 inisse
1298 2628 1437 2703 dicetur,
1467 2636 1585 2713 quanta
1607 2626 1754 2690 Theode-

414 2732 494 2799 ctes,
525 2732 645 2807 quanta
671 2723 718 2798 is,
747 2724 802 2807 qui
831 2743 849 2785 a
877 2724 998 2807 Pyrrho
1027 2722 1150 2806 legatus
1172 2722 1214 2786 ad
1235 2730 1380 2787 senatum
1402 2731 1452 2787 est
1472 2722 1606 2795 missus,
1630 2720 1793 2794 Cineas,to

412 2825 536 2902 quanta
557 2837 662 2904 nuper
684 2817 892 2891 Charmadas,
915 2827 1050 2901 quanta,
1073 2819 1129 2901 qui
1152 2817 1248 2881 modo
1270 2815 1346 2893 suit,
1372 2818 1523 2901 Scepsius
1544 2814 1756 2888 Metrodorus,

414 2919 536 2996 quanta
557 2920 667 2975 noster
688 2911 896 2976 Hortensius:
920 2912 960 2974 de
982 2914 1144 2976 communi
1165 2912 1331 2975 hominum
1354 2912 1508 2977 memoria
1525 2910 1642 2993 loquor
1654 2914 1687 2972 et
1701 2927 1757 2971 eo·

412 3026 482 3069 rum
510 3024 679 3080 maxume,
714 3007 770 3089 qui
798 3006 832 3069 in
859 3006 968 3089 aliquo
994 3006 1114 3070 maiore
1136 3005 1242 3070 studio
1265 3014 1297 3070 et
1317 3014 1385 3070 arte
1406 3012 1587 3078 versantur,
1620 3021 1756 3086 quorum

414 3108 534 3183 quanta
556 3119 646 3163 mens
667 3099 710 3162 ait
731 3099 860 3163 difficile
883 3109 932 3164 est
953 3101 1155 3164 existimare:
1177 3103 1221 3166 ita
1242 3101 1341 3165 multo
1363 3101 1584 3164 meminerunt.

499 3193 601 3254 XXV.
623 3188 675 3253 60.
698 3191 846 3266 Quorsus
874 3192 972 3275 igitur
998 3194 1078 3258 haec
1101 3202 1223 3278 spectet
1244 3196 1372 3258 oratiol
1402 3193 1494 3269 Quae
1515 3193 1558 3257 sit
1578 3192 1633 3256 illa
1655 3192 1704 3256 vis
1726 3199 1795 3254 etro

418 3285 507 3351 ande
532 3287 576 3350 sit
602 3285 855 3369 intellegendum
885 3296 973 3370 puto.
1015 3288 1085 3351 Non
1114 3297 1164 3351 est
1189 3296 1274 3351 certe
1303 3307 1363 3351 nec
1386 3285 1491 3350 cordis
1513 3306 1573 3349 nec
1595 3286 1758 3369 sanguinis

418 3398 477 3443 sec
498 3379 624 3442 terebri
645 3399 705 3442 nec
727 3388 919 3444 atomorum:
941 3382 1046 3445 anima
1062 3382 1104 3445 eit
1122 3382 1248 3465 ignisne
1263 3383 1387 3456 nescio,
1411 3402 1469 3445 nee
1484 3380 1599 3463 pudet,
1621 3386 1656 3443 ut
1669 3380 1757 3456 istos,

417 3470 508 3537 lateri
529 3473 654 3537 nescire
678 3474 765 3557 qnod
788 3475 944 3549 nesciam3
972 3475 1066 3550 iilud,
1096 3476 1123 3539 si
1145 3476 1211 3539 ulla
1232 3475 1294 3539 elio
1316 3474 1356 3539 de
1378 3493 1413 3537 re
1435 3474 1569 3538 obscura
1590 3469 1757 3537 adfirmare

420 3585 565 3649 parem,
595 3569 663 3631 sive
689 3569 796 3631 anime
821 3568 889 3632 sive
911 3570 992 3652 ignis
1015 3577 1063 3633 est
1084 3571 1224 3645 animus,
1254 3590 1328 3633 enm
1349 3570 1486 3633 iurarem
1509 3588 1579 3633 esse
1603 3568 1757 3633 divinum.

419 3661 503 3738 Quid
534 3662 645 3726 enimi
674 3662 808 3727 obsecro
837 3672 886 3739 te,
915 3673 1041 3728 terrane
1072 3664 1128 3727 tibi
1151 3666 1214 3729 hoe
1235 3664 1392 3728 nebuloso
1414 3671 1449 3727 et
1469 3662 1645 3746 caliginoso
1667 3662 1796 3727 caeloas

418 3765 471 3820 aut
492 3765 564 3821 sata
584 3765 640 3822 aut
659 3766 806 3822 concreta
828 3758 954 3823 videtur
974 3766 1062 3822 tanta
1084 3758 1132 3822 vis
1155 3760 1353 3823 memoriast
1385 3758 1418 3822 Si
1446 3756 1523 3842 qnid
1545 3757 1671 3822 sithoc
1692 3774 1759 3819 non

419 3991 480 4050 tim,
499 4003 583 4055 qnam
599 3989 652 4041 dici
669 3990 772 4042 indices
789 4005 822 4041 er
840 3989 893 4041 filio
911 3994 1049 4056 tamquam
1067 4006 1099 4043 ex
1117 3991 1250 4044 simillima
1267 3992 1350 4057 patris
1367 3992 1482 4054 imagine
1495 3989 1587 4042 Verris
1599 3988 1759 4042 odolescen-

419 4064 480 4115 tiam
495 4079 645 4129 cogucsesn
661 4070 689 4117 et
703 4067 860 4131 perspicere
878 4068 980 4131 posse?
996 4065 1107 4117 Accedit
1124 4070 1232 4131 praeter
1250 4066 1325 4117 ovid.
1343 4066 1411 4116 Fest.
1430 4065 1473 4125 IV,
1491 4062 1550 4115 its.
1569 4063 1603 4115 ad
1621 4068 1673 4116 itt.
1692 4065 1757 4124 vill,

419 4138 457 4199 it,
475 4141 496 4190 C
514 4140 667 4205 (Pompeii):
693 4141 758 4190 ireos
778 4142 875 4191 tillem
897 4142 1000 4191 liberter
1019 4143 1077 4204 legi.
1104 4142 1241 4206 liccogrooi
1257 4143 1323 4191 enlm
1340 4142 1382 4204 (ex
1400 4141 1439 4203 iis)
1462 4145 1533 4190 tuom
1551 4142 1689 4203 pristinam
1704 4143 1759 4191 oir-

419 4217 492 4265 tum
509 4229 555 4271 -;
580 4228 663 4280 quaro
687 4214 720 4266 ed
744 4214 1143 4279 i'amii.iii1,tiicnssii),i:
1171 4219 1232 4280 Legi
1254 4222 1311 4266 tuos
1330 4217 1443 4276 litterar,
1467 4217 1495 4264 ic
1517 4216 1605 4278 mdiu
1625 4218 1760 4281 militem

419 4292 487 4338 mm
502 4302 568 4353 ergo
583 4303 623 4339 me
639 4303 752 4340 umorem
767 4291 951 4354 recognovi,
971 4290 1017 4342 ubi
1028 4292 1180 4355 Tregderus
1194 4294 1362 4343 correctione
1380 4292 1538 4356 ceteroquin
1555 4290 1690 4344 lenissima
1708 4292 1759 4356 legi

419 4362 472 4413 mit
489 4366 580 4415 umor&
596 4367 715 4429 mortuui,
739 4364 801 4415 nihii
820 4365 979 4415 ululandum
997 4370 1046 4416 est.
1075 4369 1149 4427 Quae
1167 4379 1229 4417 cum
1248 4368 1282 4416 itu
1300 4368 1366 4428 sint,
1388 4366 1445 4416 fleri
1463 4370 1552 4431 potest
1568 4370 1598 4417 ut
1615 4368 1640 4417 in
1657 4368 1760 4418 Arche-

419 4438 481 4503 iypo
497 4451 528 4488 re
544 4437 698 4491 aberrando
715 4453 748 4489 ex
763 4440 943 4489 reminiscendo
961 4440 1104 4504 repetitum
1123 4443 1165 4500 sit;
1184 4439 1338 4492 verisimile
1351 4441 1393 4489 vir
1406 4441 1455 4490 est.
1474 4440 1552 4504 Apud
1569 4441 1670 4492 livium
1683 4444 1714 4503 V,
1728 4444 1759 4494 to

420 4514 461 4577 iai
475 4515 690 4578 monumentor
705 4514 769 4576 res),
788 4514 861 4576 quod
878 4528 988 4579 semper
1005 4514 1039 4565 de
1058 4528 1090 4564 eu
1106 4528 1135 4565 re
1149 4529 1294 4579 ccpncacme
1307 4517 1357 4579 (lii,
1371 4516 1411 4566 to.
1425 4516 1468 4574 IV,
1481 4516 1522 4566 ee.
1537 4516 1602 4575 Viii,
1615 4516 1655 4566 ³9.
1669 4518 1758 4579 xxiv,

419 4571 590 4667 thV,
609 4588 633 4650 t)
651 4591 697 4639 aut
713 4600 814 4638 noscere
831 4589 875 4649 (X,
893 4590 934 4639 20.
954 4590 999 4652 36)
1019 4589 1096 4650 dicit,
1119 4590 1234 4641 tortesse
1256 4597 1286 4642 re
1302 4604 1334 4641 ex
1351 4604 1393 4641 res
1409 4592 1521 4654 neutum
1539 4595 1581 4642 est
1597 4592 1660 4654 (duo
1678 4593 1757 4645 codd.

420 4662 483 4714 dett.
502 4666 538 4714 od
553 4664 738 4729 cognoscendos
753 4666 816 4724 νεὼ
836 4663 884 4712 sed
903 4664 966 4713 nibil
984 4666 1191 4729 praestiterim.»
1209 4667 1252 4716 W.
1271 4693 1298 4703 -
1318 4666 1342 4717 l.
1361 4667 1465 4716 soncior
1482 4667 1501 4717 C
1521 4694 1549 4704 -
1568 4670 1594 4718 ll.
1611 4669 1653 4719 lile
1669 4673 1757 4724 omli

421 4761 446 4774 ·-
464 4739 546 4788 mann
563 4744 624 4790 essct
642 4738 661 4787 C
680 4762 708 4772 -
729 4738 752 4786 o.
772 4739 805 4787 sit
821 4751 898 4800 quom
915 4737 1013 4789 Kellios
1032 4738 1100 4802 (coil.
1119 4740 1201 4790 Acad.
1217 4742 1227 4790 l
1246 4741 1334 4805 5301:
1353 4754 1407 4791 om.
1427 4741 1477 4792 CO
1497 4769 1524 4779 -
1543 4742 1683 4795 ΕΙΔΕΑΝ
1697 4747 1757 4804 Gli.

419 4813 543 4864 mii
564 4840 591 4850 -
617 4814 657 4863 io.
676 4812 807 4875 colligite
829 4839 856 4848 -
876 4812 1042 4876 eTregderus
1066 4827 1098 4864 er
1119 4814 1232 4866 Vindob.
1252 4817 1276 4874 i,
1295 4815 1358 4867 edd.
1377 4818 1442 4866 vett.
1462 4817 1568 4882 soripeit
1589 4822 1702 4883 agnosco
1722 4835 1759 4873 eo

419 4888 608 4948 reminiscendo,
627 4900 677 4950 ego
694 4900 727 4935 ex
745 4887 842 4937 ceteris
854 4888 945 4946 codd..
966 4890 981 4937 i.
996 4903 1020 4939 e.
1035 4903 1067 4939 ex
1084 4890 1249 4955 Archetypo,
1268 4892 1332 4942 item
1350 4905 1382 4941 ex
1400 4891 1624 4944 Pseudo-Boethii
1641 4895 1761 4958 (Pseudo-

419 4962 515 5013 Boiiiii
540 4963 663 5026 inquam,
688 4974 750 5011 nam
774 4976 788 5011 o
810 4962 911 5012 Boethii
929 4962 1036 5014 dicendi
1053 4978 1152 5027 genere
1170 4964 1248 5029 longe
1266 4966 1400 5028 abhorret)
1419 4967 1567 5031 fragmento
1584 4969 1619 5020 sb
1637 4971 1717 5022 liasio
1734 4973 1760 5023 in

420 5037 478 5089 eod.
497 5050 571 5089 saec.
589 5038 643 5087 liii.
664 5039 778 5096 invento,
798 5052 823 5102 p.
843 5038 887 5087 liii
910 5038 953 5088 ed.
973 5040 1038 5088 Bait.
1053 5041 1108 5089 Cic.
1122 5039 1281 5103 Schultestt.)
1300 5044 1411 5093 restituo
1424 5043 1478 5092 illu.
1504 5044 1543 5094 De
1561 5044 1712 5097 insenso
1724 5073 1761 5086 -·

419 5110 906 5171 sluct.111,ir.·w.-it.attso
921 5118 957 5163 est
974 5115 994 5164 0
1013 5139 1040 5148 -
1061 5115 1101 5165 ⁴3.
1121 5116 1179 5176 quo]
1196 5116 1262 5177 quod
1279 5117 1298 5167 C
1318 5142 1345 5153 -
1366 5113 1413 5179 que
1433 5130 1502 5168 corr.
1516 5118 1640 5181 inqodii
1655 5122 1762 5172 -snde

420 5192 541 5237 mm
558 5189 620 5244 Gli:
639 5188 697 5238 inde
712 5192 836 5237 umorum
853 5189 871 5237 Β
891 5214 918 5224 -
937 5188 978 5239 it.
997 5187 1200 5240 cruciniano
1216 5191 1235 5241 C
1254 5217 1280 5226 —
1301 5192 1340 5241 ⁴5.
1354 5196 1451 5253 quanto
1467 5192 1504 5242 iis
1516 5194 1540 5255 (i
1551 5199 1650 5258 puncto
1663 5194 1761 5258 deleta)

421 5265 455 5322 Gi
473 5269 586 5328 quastus
603 5266 747 5328 (superscr.
766 5265 776 5313 i
793 5264 863 5314 inter
879 5278 897 5314 o
914 5267 940 5313 et
957 5266 1014 5329 rili
1040 5292 1068 5302 -
1088 5279 1170 5327 punc
1187 5268 1207 5314 G
1227 5292 1254 5304 -
1278 5268 1412 5318 ccceosc
1432 5293 1459 5304 -
1479 5268 1519 5318 to.
1538 5271 1710 5322 comedunt}
1730 5296 1757 5309 -

421 5340 530 5400 mpsim
540 5340 574 5398 G,
593 5339 702 5401 receptu
713 5351 783 5389 corr.
797 5340 824 5388 in
835 5340 942 5401 secpsius
953 5341 987 5401 ii,
1005 5341 1129 5403 septimii
1144 5367 1171 5377 -
1191 5342 1231 5392 il.
1244 5342 1379 5406 mcum]
1397 5344 1540 5395 omniurnc
1555 5371 1583 5381 -
1601 5346 1643 5396 20.
1663 5347 1761 5409 «Treg-

422 5412 504 5463 dsrua
521 5411 629 5464 exsulo
647 5413 707 5464 cod.
726 5415 873 5464 Bernensi:
899 5416 969 5476 (icoc
988 5416 1019 5464 ait
1035 5416 1080 5464 illo
1096 5417 1135 5465 oie
1151 5422 1174 5466 et
1191 5419 1270 5478 onds,
1292 5419 1338 5468 sic
1359 5418 1549 5484 tuelependran
1562 5425 1634 5484 pulo.
1661 5422 1760 5471 Dicen-

423 5486 487 5537 dum
504 5489 580 5538 certe
597 5488 646 5538 tuit
660 5489 696 5538 sic
711 5489 820 5552 intellegi
842 5489 889 5551 (ci.
909 5489 992 5539 Aced.
1011 5490 1042 5550 ll,
1062 5492 1107 5551 io)
1130 5495 1176 5542 aut
1197 5495 1233 5543 ric
1249 5494 1357 5557 inwleqi
1377 5507 1456 5556 posse.
1475 5496 1530 5558 Ego
1548 5510 1581 5546 ex
1598 5497 1660 5546 cett.
1680 5496 1759 5546 codd.

422 5564 487 5613 uite
502 5564 549 5623 sil,
566 5564 758 5628 &affigendum
774 5563 816 5627 (ct.
838 5566 890 5614 fin.
909 5565 940 5625 V,
954 5565 993 5626 30)
1010 5572 1081 5628 poto,
1100 5567 1172 5630 quod
1190 5567 1304 5619 eandem
1323 5568 1379 5619 tere
1397 5571 1423 5621 in
1436 5572 1595 5621 sententiam
1607 5570 1708 5623 dictum
1720 5574 1762 5622 est

424 5640 503 5702 atque
521 5637 599 5688 illud:
619 5641 732 5701 Quorsus
746 5640 809 5689 loce
826 5641 973 5704 (disputoii
989 5647 1017 5691 st
1032 5642 1163 5706 intellegor
1175 5670 1203 5680 -
1217 5642 1299 5706 (ome.
1313 5643 1410 5703 111,os.
1430 5645 1486 5695 Cet.
1500 5645 1533 5695 ii.
1554 5643 1622 5709 sii.
1641 5657 1668 5709 p.
1681 5644 1760 5697 redit.

425 5713 457 5764 ad
474 5715 548 5774 Quir.
567 5714 582 5778 5
600 5716 635 5775 ii.
658 5713 697 5765 Cl.
716 5716 796 5765 etism
814 5715 925 5780 Philipp.
944 5715 997 5774 Vll,
1015 5717 1061 5767 26:
1089 5718 1262 5778 Quemne·-
1275 5716 1425 5767 orotioln
1438 5720 1653 5770 eccitcti--asse
1673 5719 1761 5770 dele-

425 5801 496 5840 m.
521 5790 562 5840 Do
579 5788 679 5854 duplici
695 5791 728 5839 rit
744 5789 778 5840 ci.
797 5788 829 5850 ii,
848 5792 888 5841 29.
915 5791 966 5840 Fin
989 5791 1019 5851 li,
1038 5793 1063 5841 7.
1081 5792 1124 5850 lV,
1143 5792 1184 5842 ss.
1204 5791 1244 5842 69.
1263 5791 1296 5852 V,
1315 5793 1355 5844 lii.
1374 5796 1405 5845 N.
1424 5794 1456 5844 D.
1475 5795 1518 5853 lli,
1538 5794 1578 5845 tl.
1603 5791 1684 5843 Paulo
1701 5798 1762 5858 post

427 5865 459 5924 tv.
470 5863 511 5927 ἥ]
528 5863 676 5930 probabilis
691 5863 735 5914 ilia
752 5865 862 5928 quidem
880 5867 921 5915 est
937 5865 1048 5915 Bentleii
1065 5868 1218 5917 coniectura
1235 5867 1351 5928 comae,
1373 5866 1422 5918 sed
1445 5870 1536 5918 tamen
1554 5881 1607 5920 non
1625 5869 1661 5920 ita
1678 5873 1761 5933 certa,

427 5939 455 5987 nt
470 5939 496 5996 ia
514 5940 619 5992 testum
634 5938 791 6005 recipienda
807 5941 867 5991 sit.»
877 5940 920 5991 W.
942 5967 969 5978 -
987 5940 1029 5991 ia.
1041 5941 1139 6005 lecim
1149 5939 1308 5994 Lambinus:
1326 5942 1454 6007 igniscat}
1468 5966 1497 5981 -
1510 5943 1551 5996 ae.
1564 5941 1610 5996 tiit
1618 5944 1720 5997 uelim
1730 5946 1761 5999 0.
