4342 7459
432 1242 508 1334 *ddi
733 1250 791 1314 DE*
807 1250 963 1315 FlNlBllS
984 1251 1181 1316 BONORUM
1202 1253 1254 1317 ΕΤ
1277 1252 1477 1318 Maeotium

446 1422 516 1496 dai,
539 1426 736 1501 sumpturum
758 1419 932 1502 sapientem
955 1441 1023 1485 eam
1038 1420 1134 1484 vitam
1156 1422 1277 1504 potius,
1301 1442 1365 1504 quo
1380 1421 1457 1484 baec
1472 1420 1594 1484 adiecta
1609 1420 1683 1495 sint,
1705 1438 1764 1483 nec

444 1516 618 1584 beatiorem
641 1522 745 1576 tamen
766 1514 807 1576 ob
830 1535 897 1577 eam
921 1535 1047 1579 causam
1070 1516 1146 1580 iore.
1190 1512 1240 1577 3i.
1262 1516 1331 1577 Hoc
1350 1517 1451 1579 simile
1467 1515 1591 1578 tandem
1609 1517 1679 1577 esti
1700 1534 1764 1577 non

444 1616 510 1679 risu
533 1610 639 1693 potius
661 1628 755 1691 quam
777 1610 920 1672 oratione
942 1611 1142 1675 eiciendum?
1165 1610 1310 1693 Ampulla
1332 1611 1416 1672 enim
1438 1610 1480 1672 sit
1500 1629 1599 1672 necne
1614 1609 1670 1683 sit,
1693 1607 1765 1691 quis

443 1728 509 1773 non
530 1706 599 1767 iure
621 1701 740 1784 optimo
763 1702 943 1777 irrideatur,
966 1706 992 1767 ei
1016 1704 1159 1767 laborati
1180 1706 1221 1767 Αι
1242 1723 1317 1766 vero
1340 1702 1492 1785 pravitate
1508 1702 1719 1765 membrorum
1735 1708 1767 1764 et

421 1801 584 1868 acruciatu
611 1795 757 1859 dolorum
785 1797 811 1860 si
840 1799 911 1880 quis
940 1819 1033 1881 quem
1063 1799 1162 1872 levet,
1192 1818 1336 1881 magnam
1364 1799 1449 1860 ineat
1477 1798 1623 1880 gratiam,
1650 1816 1709 1859 nec
1739 1795 1767 1859 si

443 1896 571 1980 sapiens
592 1890 631 1953 ad
654 1891 780 1954 tortoris
802 1892 945 1955 eculeum
968 1911 986 1955 a
1008 1902 1141 1975 tyranno
1163 1894 1209 1956 ire
1232 1900 1376 1974 cogatur,
1408 1892 1541 1954 similem
1563 1891 1677 1955 babeat
1697 1889 1766 1953 vul·

441 2000 507 2057 tnm
538 1995 570 2052 et
599 1985 625 2049 si
652 1984 822 2065 ampullam
851 1985 1057 2069 perdidisset,
1089 1987 1145 2050 sed
1175 1993 1210 2049 ut
1231 2005 1378 2067 magnum
1401 1993 1433 2048 et
1454 1982 1586 2047 difficile
1606 1991 1764 2048 certamen

440 2086 561 2157 iniens,
584 2098 656 2142 cum
678 2078 737 2140 sibi
759 2098 831 2141 cum
855 2079 980 2160 capitali
996 2080 1193 2153 adversario,
1216 2078 1345 2152 dolore,
1368 2077 1615 2161 depugnandum
1630 2076 1763 2151 videret,

441 2179 594 2244 excitaret
621 2191 731 2236 omnes
758 2171 897 2234 rationes
925 2171 1117 2236 fortitudinis
1150 2194 1187 2236 ac
1221 2173 1407 2255 patientiae,
1442 2193 1574 2257 quarum
1603 2171 1764 2255 praesidio

403 2273 535 2340 iciniret
556 2265 686 2331 difficile
707 2263 799 2339 iliud,
829 2273 864 2328 ui
885 2265 969 2340 dixi,
998 2286 1208 2349 magnumque
1230 2267 1397 2348 proelium.
1438 2266 1559 2330 Deinde
1581 2285 1645 2329 non
1668 2283 1765 2350 qrrae·

439 2368 555 2438 rimus,
585 2360 663 2446 quid
691 2360 878 2422 obscuretur
907 2367 961 2422 ant
988 2361 1139 2434 intereat,
1172 2360 1247 2444 quia
1269 2361 1311 2423 sit
1332 2360 1503 2423 admodum
1527 2381 1673 2443 parrum,
1707 2359 1764 2422 sed

440 2458 519 2546 qnid
541 2456 604 2520 tale
626 2453 682 2527 sit,
704 2460 739 2516 ει
761 2452 887 2535 expleat
907 2472 1071 2515 summam.
1109 2454 1177 2516 Una
1198 2454 1344 2536 voluptas
1367 2475 1384 2517 e
1406 2456 1515 2518 multis
1530 2456 1717 2519 mseuraaar
1730 2454 1765 2517 in

438 2554 492 2619 ilia
516 2552 581 2614 vita
603 2547 797 2629 voluptaria,
818 2546 874 2609 sed
897 2555 1001 2610 tamen
1024 2566 1078 2620 ea,
1101 2550 1243 2629 quamvis
1266 2569 1362 2631 parva
1386 2551 1441 2622 sit,
1464 2568 1536 2632 pars
1559 2556 1608 2612 est
1629 2547 1699 2610 eins
1718 2547 1765 2611 vi·

439 2656 505 2721 ise,
529 2662 612 2728 qnae
633 2643 736 2724 posita
759 2652 807 2705 est
828 2643 859 2704 in
874 2642 1046 2724 voluptate.
1080 2645 1234 2705 Nummus
1256 2645 1289 2705 in
1308 2643 1415 2706 Croesi
1434 2643 1552 2706 divitiis
1567 2643 1763 2716 obscuratur,
1819 2666 1825 2679 ·

402 2759 510 2825 separe
533 2746 707 2801 esttamen
729 2736 919 2799 divitiarum.
957 2736 1062 2811 Quare
1084 2737 1291 2801 obscurentur
1314 2739 1408 2801 etiam
1431 2738 1523 2812 baec,
1546 2756 1628 2821 quae
1650 2755 1765 2800 secnn-

439 2834 514 2897 dnm
536 2838 680 2894 naturam
703 2849 773 2892 esse
795 2829 946 2904 dicimus,
969 2831 1002 2891 in
1025 2832 1086 2893 vita
1103 2831 1211 2904 beata,
1234 2832 1297 2894 sint
1312 2833 1406 2895 modo
1421 2840 1526 2914 partes
1542 2833 1625 2895 ritae
1640 2833 1762 2895 metae.

522 2925 609 2988 ltili.
629 2920 681 2985 32.
704 2924 800 3007 atqui
823 2925 864 2998 si,
892 2934 927 2987 ει
948 2926 1117 2987 convenire
1139 2926 1234 2989 debet
1255 2927 1337 2988 inter
1358 2946 1435 3001 nos,
1462 2934 1509 2989 est
1532 2925 1687 3009 quaedam
1709 2944 1765 3008 ap·

438 3022 550 3107 petitio
580 3016 731 3081 naturalis
760 3037 813 3093 ea,
847 3038 929 3101 quae
959 3017 1134 3081 secundum
1163 3029 1306 3083 naturam
1333 3030 1423 3095 sunt,
1456 3030 1622 3104 appetens,
1655 3038 1763 3082 eorum

439 3116 580 3181 omnium
602 3118 650 3175 est
671 3111 779 3195 aliqua
800 3132 922 3174 summa
943 3111 1096 3174 iacienda.
1134 3113 1206 3188 Quo
1230 3115 1417 3189 constituto,
1441 3122 1506 3178 ium
1530 3115 1638 3178 iicebit
1659 3114 1763 3177 otiose

402 3210 499 3279 scista
522 3224 690 3292 quaerere,
713 3205 753 3268 de
775 3206 991 3288 magnitudine
1013 3227 1133 3282 rerum,
1156 3209 1195 3270 de
1218 3209 1424 3282 excelientia,
1446 3217 1563 3292 quanta
1584 3208 1618 3272 in
1633 3226 1762 3292 qnoque

438 3306 480 3369 sit
501 3304 541 3369 ad
563 3304 655 3365 beate
676 3300 863 3371 vivendum,
888 3299 927 3361 de
950 3301 1019 3364 istis
1040 3301 1119 3384 ipsis
1140 3302 1430 3375 obscurationibus,
1453 3321 1535 3385 quae
1549 3307 1681 3385 propter
1694 3301 1764 3364 exi·

438 3399 589 3483 quitatem
619 3394 673 3457 vix
701 3400 756 3455 ant
784 3411 824 3453 ne
854 3393 907 3454 vix
930 3394 1058 3475 quidem
1081 3404 1264 3477 appareant.
1307 3395 1408 3470 Quid,
1438 3397 1479 3459 de
1501 3416 1566 3479 quo
1588 3396 1676 3459 nulia
1698 3395 1763 3457 dis·

439 3495 544 3556 sensio
575 3492 646 3554 esti
678 3489 777 3549 Nemo
805 3488 887 3548 enim
917 3489 1041 3569 estqui
1066 3489 1158 3549 aliter
1179 3488 1296 3552 dixerit
1318 3490 1395 3572 quin
1417 3490 1559 3554 omnium
1581 3496 1761 3554 naturarum

438 3587 542 3652 simile
571 3588 656 3647 esset
684 3582 733 3654 id,
761 3582 801 3642 ad
829 3578 917 3664 quod
946 3581 1051 3642 omnia
1072 3582 1278 3657 reserrentur,
1308 3584 1393 3666 quod
1417 3592 1466 3648 est
1486 3584 1634 3647 ultimum
1655 3603 1761 3646 rerum

400 3677 702 3763 auappetendarum3
726 3675 829 3737 omnis
852 3675 934 3737 enim
958 3684 1005 3737 est
1026 3685 1138 3739 natura
1159 3678 1293 3759 diligens
1313 3679 1370 3740 sui.
1408 3679 1497 3754 Quae
1517 3685 1565 3741 est
1579 3678 1664 3741 enim
1679 3695 1762 3761 quse

438 3794 473 3838 se
493 3790 643 3854 umquam
666 3768 792 3832 deserat
812 3779 867 3831 aut
888 3778 1008 3852 partem
1030 3769 1169 3852 aliquam
1191 3771 1240 3833 sui
1262 3779 1317 3834 aut
1339 3773 1407 3834 eins
1431 3772 1528 3854 partis
1547 3771 1690 3835 habitum
1707 3778 1763 3835 aut

438 3867 502 3930 rim
524 3874 579 3929 aut
599 3864 696 3926 ullius
718 3883 825 3926 earum
848 3883 970 3935 rerum,
992 3883 1073 3946 quae
1095 3865 1269 3928 secundum
1292 3874 1435 3928 naturam
1458 3872 1547 3939 sunt,
1567 3874 1623 3929 aut
1641 3873 1765 3929 motum

437 3969 495 4025 aut
521 3960 660 4024 statum?
693 3957 783 4033 Quae
812 3967 918 4020 antem
945 3965 1056 4020 natura
1084 3979 1159 4022 suae
1188 3960 1305 4041 primae
1333 3957 1542 4022 institutionis
1570 3959 1668 4024 oblita
1690 3961 1762 4023 esti

437 4056 496 4118 Est
527 4055 615 4119 nulla
647 4050 803 4133 proiecto,
838 4052 915 4133 quin
948 4071 1035 4113 suam
1065 4053 1128 4114 rim
1162 4056 1296 4117 retineat
1326 4072 1346 4117 a
1374 4055 1475 4135 primo
1504 4052 1544 4115 ad
1575 4061 1760 4117 extremum.

400 4148 489 4214 ³033.
512 4152 584 4227 Quo
606 4147 701 4212 modo
723 4146 820 4227 igitur
841 4147 947 4208 evenit
961 4155 996 4207 ει
1018 4145 1156 4210 hominis
1172 4156 1283 4211 natura
1298 4149 1364 4211 sola
1379 4156 1480 4221 esset,
1503 4166 1586 4230 quae
1599 4146 1761 4209 bominem

437 4246 647 4326 relinqueret,
669 4260 750 4325 quae
773 4240 1013 4303 oblivisceretur
1034 4243 1192 4323 corporis,
1219 4263 1301 4325 quae
1323 4262 1478 4305 summum
1500 4241 1617 4304 bonum
1639 4260 1704 4303 non
1727 4241 1761 4302 in

437 4347 502 4403 toto
531 4338 676 4407 bomine,
706 4334 762 4397 sed
793 4334 826 4395 in
849 4343 936 4416 parte
958 4334 1097 4401 hominis
1119 4340 1271 4418 poneret‘i
1309 4336 1381 4410 Quo
1405 4334 1499 4397 modo
1521 4343 1643 4409 autem,
1672 4334 1759 4419 qnod

437 4434 497 4516 ipsi
520 4433 615 4495 etiam
638 4428 776 4490 latentur
798 4437 982 4509 constatque
1005 4429 1087 4490 inter
1108 4431 1225 4503 omnis,
1254 4428 1509 4501 conservabitur,
1539 4439 1574 4492 ut
1595 4430 1698 4492 simile
1720 4429 1762 4491 sit

438 4527 579 4589 omnium
601 4531 782 4587 naturarum
804 4520 882 4581 iliud
905 4521 1065 4595 ultimum,
1092 4523 1132 4585 de
1155 4543 1218 4605 quo
1242 4524 1427 4607 quaeritnr‘i
1464 4523 1545 4584 Tum
1572 4524 1762 4585 animasset

400 4620 559 4692 assimile,
589 4619 616 4680 si
645 4617 679 4681 in
701 4616 814 4678 ceteris
837 4635 965 4699 quoque
987 4618 1108 4679 naturis
1130 4619 1162 4679 id
1185 4620 1301 4700 cuique
1324 4623 1407 4679 esset
1427 4616 1588 4690 ultimum,
1620 4615 1706 4698 quod
1728 4615 1761 4677 in

439 4732 566 4796 quaque
588 4712 772 4784 excelleret3
799 4710 861 4773 iaie
890 4712 974 4773 enim
1000 4711 1102 4773 visum
1129 4720 1176 4773 est
1203 4712 1345 4775 ultimum
1373 4710 1560 4772 Stoicorum.
1604 4703 1655 4770 34.
1677 4708 1762 4783 Quid

438 4808 564 4871 dubitas
586 4806 683 4888 igitur
697 4813 817 4867 mutare
834 4805 986 4886 principia
1002 4809 1152 4867 naturaei
1179 4805 1264 4880 Quid
1281 4806 1388 4866 enimi
1412 4823 1505 4867 omne
1521 4802 1648 4877 animai,
1670 4801 1761 4865 sinui

438 4908 534 4984 atque
555 4901 597 4963 sit
618 4910 736 4975 ortum,
765 4900 956 4983 applicatum
984 4919 1054 4963 esee
1082 4901 1121 4963 ad
1144 4919 1178 4962 se
1200 4900 1395 4983 diligendum
1418 4917 1551 4981 esseque
1573 4898 1607 4960 in
1629 4915 1666 4960 se
1687 4914 1764 4959 con-

505 5200 529 5248 i.
549 5213 596 5261 quo
614 5197 709 5249 codd:
731 5197 808 5246 uuio
828 5222 854 5231 -
878 5197 902 5245 ι.
921 5198 973 5245 est?
990 5210 1040 5244 aon
1057 5197 1215 5259 Madvigius:
1239 5202 1339 5245 estnon
1356 5196 1376 5244 0
1396 5220 1422 5228 -
1446 5207 1497 5242 ooo
1512 5194 1575 5256 risu]
1592 5193 1683 5243 costms
1698 5193 1761 5242 uiti

441 5298 469 5311 ··
488 5272 512 5323 l.
530 5288 580 5323 coo
597 5286 650 5322 om.
670 5274 688 5322 B
707 5297 733 5306 -
751 5272 878 5333 pravitate
895 5269 1027 5320 Bentleius
1045 5272 1086 5327 (ad
1105 5273 1180 5321 Tusc.
1200 5273 1245 5328 ill,
1265 5270 1279 5333 5
1298 5272 1335 5330 ⁴l²
1353 5268 1479 5332 praedata
1496 5268 1575 5318 codd.
1595 5270 1623 5318 ct
1638 5267 1700 5319 ΜΟ.
1721 5267 1759 5317 Ci.

438 5348 515 5399 luae.
535 5348 578 5405 lv,
596 5347 611 5411 5
628 5346 669 5397 29.
689 5372 716 5381 -
735 5348 759 5395 e.
777 5345 829 5410 uec]
847 5359 878 5394 uc
895 5346 913 5393 B
934 5371 960 5380 -
980 5345 1002 5393 6.
1022 5347 1121 5407 sapiens
1137 5347 1170 5395 B:
1190 5346 1248 5409 [iiie]
1265 5346 1362 5406 sapiens
1379 5345 1417 5401 bi3
1439 5344 1479 5393 itte
1494 5343 1629 5406 sapieusO
1648 5368 1676 5377 —
1695 5341 1719 5391 7.
1738 5346 1763 5391 et

437 5419 697 5473 crizensium.
717 5420 843 5482 thiat.
865 5446 891 5459 -
912 5420 950 5470 io.
970 5419 1426 5482 dispiciieiiiudB:iiiuddispteiteO
1446 5445 1471 5454 -
1492 5419 1635 5478 quaerimus
1651 5416 1695 5467 ed.
1708 5418 1761 5467 lio-

439 5509 530 5547 mana:
553 5509 698 5558 quaeum
720 5494 797 5544 codd.
818 5497 880 5544 eto
904 5522 937 5531 -
961 5496 1000 5544 id.
1019 5496 1045 5543 iu
1060 5496 1123 5555 uita]
1139 5496 1221 5544 intuta
1238 5494 1286 5544 BE
1305 5519 1331 5528 -
1358 5492 1397 5541 49.
1416 5493 1503 5553 atiquo
1520 5505 1646 5543 curuum
1662 5492 1712 5542 ΒΕ
1732 5518 1760 5529 -

438 5574 480 5622 ii.
498 5574 528 5622 de
544 5572 604 5635 uiis]
622 5574 648 5620 iu
665 5573 716 5620 istis
733 5572 791 5620 li-
810 5571 849 5619 23.
870 5577 1021 5618 animarum
1039 5570 1102 5618 BC:
1120 5570 1277 5617 naturalium
1294 5568 1354 5615 0-
1374 5565 1414 5616 ai.
1433 5566 1632 5629 reserrenturli:
1650 5566 1762 5629 reseren-

439 5653 482 5696 tur
498 5649 532 5705 B;
554 5648 700 5711 reseruntur
716 5648 735 5695 0
754 5669 782 5681 -
801 5646 841 5695 29.
860 5646 904 5695 Est
924 5646 993 5693 uuita
1011 5645 1124 5706 profecto
1143 5657 1206 5694 nos:
1229 5642 1299 5691 uuita
1313 5641 1424 5702 prebete
1441 5642 1504 5703 (om.
1522 5641 1564 5703 eui
1583 5639 1662 5691 codd.
1681 5642 1709 5690 et
1725 5641 1760 5699 03

438 5723 509 5771 suita
525 5728 559 5773 set
573 5724 683 5786 proiecto
695 5722 869 5778 Goerenzius3
888 5722 963 5769 Natta
978 5721 1088 5782 proiecto
1105 5725 1138 5768 esi
1154 5719 1179 5768 bl
1199 5745 1225 5754 -
1245 5718 1285 5766 30.
1300 5717 1444 5778 Quomodo]
1466 5717 1519 5778 Qud
1536 5717 1593 5766 BE.
1613 5716 1651 5767 Ci.
1670 5715 1702 5779 §fi
1720 5716 1760 5764 ii.

440 5797 480 5846 36.
500 5796 539 5847 at.
558 5799 599 5849 ed.
626 5825 652 5835 -
679 5797 720 5847 ³2.
736 5802 870 5859 ponerem
892 5796 910 5844 li
938 5820 963 5830 -
989 5795 1028 5845 ai.
1047 5800 1200 5843 naturamm
1221 5792 1280 5843 cod.
1299 5793 1395 5855 Sigonii
1418 5795 1445 5842 et
1467 5790 1603 5841 Leidensis
1625 5788 1761 5851 Madvigii:

439 5870 556 5920 saiwats
573 5872 621 5921 ΒΟ
640 5897 667 5910 -
688 5861 762 5934 'Temni
780 5871 841 5920 Cura
857 5870 906 5919 BE
925 5896 952 5905 -
976 5869 1016 5919 36.
1034 5875 1069 5919 est
1087 5867 1266 5930 Wesenberg:
1292 5873 1351 5916 esset
1368 5854 1447 5917 codd.
1467 5868 1494 5916 et
1510 5867 1531 5917 0
1549 5889 1578 5904 -
1596 5864 1678 5914 ulmi
1694 5862 1715 5915 Ε
1734 5888 1761 5899 -

443 5943 483 5995 37.
501 5946 566 5996 urim
582 5947 616 5997 B:
634 5948 700 5997 εειεε
716 5947 822 5997 diuiso.
