4342 7459
737 1231 805 1294 un.
819 1230 844 1293 1.
874 1229 948 1294 cn.
961 1227 1163 1293 xrx-xu
1193 1225 1239 1311 ss
1254 1222 1400 1290 rso-es.
1667 1218 1731 1285 sia

409 1392 472 1458 alia
486 1392 675 1455 necunturl
698 1387 783 1465 Quin
804 1387 934 1452 labebar
954 1389 1091 1472 longius,
1104 1388 1167 1452 nisi
1183 1407 1232 1451 me
1247 1387 1458 1452 retinuissem.
1501 1385 1573 1449 XX.
1597 1385 1635 1463 Q.
1658 1384 1731 1459 Quo

339 1535 344 1544 .
408 1487 556 1551 taudem?
578 1485 713 1547 libenter
728 1484 827 1556 enim,
842 1482 952 1558 trater,
967 1484 991 1563 †
1008 1482 1092 1566 quod
1114 1483 1205 1545 istam
1227 1483 1400 1546 orationem
1419 1489 1522 1544 tecum
1538 1479 1731 1564 prolaberer.

408 1581 452 1645 Μ
473 1579 521 1642 Ad
543 1575 638 1641 linem
661 1578 827 1650 bonorum,
851 1597 916 1660 quo
937 1577 1117 1641 referuntur
1132 1585 1164 1640 et
1179 1578 1295 1660 quoius
1311 1573 1472 1661 apiscendi
1487 1593 1581 1637 causa
1596 1580 1671 1636 sunt
1687 1571 1734 1635 fa·

409 1675 523 1738 cienda
544 1672 677 1747 omnia,.
696 1680 931 1735 controversam
952 1692 1018 1734 rem
1048 1680 1080 1734 et
1101 1671 1227 1754 plenam
1250 1670 1457 1734 dissensionis
1484 1670 1567 1732 inter
1588 1665 1734 1729 doctissi-

411 1788 497 1841 mos,
524 1767 579 1830 sed
608 1764 779 1849 aliquando
809 1765 870 1827 iam
900 1764 1111 1829 iudicandam.
1164 1763 1216 1827 53.
1247 1765 1308 1828 Att.
1339 1764 1403 1840 Qui
1430 1765 1513 1827 istuc
1539 1758 1606 1823 lieri
1628 1759 1758 1843 potestl

410 1863 446 1927 L.
462 1862 566 1925 Gellio
588 1861 737 1923 mortuui
773 1860 816 1922 Μ.
839 1858 923 1934 Quid
945 1858 1075 1922 taudem
1099 1858 1155 1935 [idl
1178 1857 1217 1922 ad
1240 1862 1330 1924 remi
1373 1858 1434 1922 Att.
1457 1857 1614 1932 Quoniam
1637 1853 1735 1917 Athe·

410 1958 460 2021 nis
481 1955 593 2019 audire
614 1974 655 2016 ex
668 1951 811 2016 Phaedro
835 1971 906 2015 meo
927 1953 1056 2016 memini
1079 1953 1226 2026 Gellium,
1249 1952 1435 2016 familiarem
1457 1959 1558 2023 tuum,
1581 1967 1652 2012 eum
1674 1965 1733 2030 pro

409 2051 540 2115 consule
568 2068 608 2113 ex
639 2055 788 2130 praetura
815 2047 849 2110 iu
871 2045 1035 2110 Graeciam
1056 2047 1164 2109 ainrn
1186 2047 1389 2131 venissetque
1411 2045 1566 2118 Athenas,
1594 2041 1734 2128 philoso-

409 2144 508 2228 phos,
538 2143 593 2226 qui
619 2150 687 2205 turn
714 2148 820 2214 erant,
848 2141 883 2202 in
910 2141 1014 2204 locum
1040 2159 1139 2203 unum
1162 2159 1352 2225 convocasse
1373 2140 1478 2220 iisque
1500 2154 1614 2219 magno
1637 2153 1734 2218 opere

408 2245 570 2302 auctorem
592 2235 702 2308 luisse,
724 2243 759 2297 ut
780 2233 954 2318 aliquando
977 2235 1264 2297 controversiarum
1282 2234 1420 2317 aliquem
1435 2230 1577 2295 iacerent
1590 2230 1772 2292 modum:⁴⁰

409 2329 496 2415 quod
520 2331 546 2393 si
571 2338 678 2393 esseut
699 2348 737 2391 eo
761 2329 877 2402 animo,
899 2336 934 2391 ut
955 2328 1077 2390 nollent
1098 2336 1232 2391 aetatem
1254 2328 1287 2391 in
1311 2328 1420 2390 litibus
1442 2333 1616 2398 conterere,
1637 2342 1733 2406 posse

408 2445 474 2488 rem
498 2424 686 2498 convenire,
712 2431 744 2486 et
770 2423 864 2485 simul
893 2441 1023 2505 operam
1052 2441 1142 2484 suam
1169 2421 1232 2484 illis
1260 2441 1331 2485 esse
1354 2422 1547 2504 pollicitum,
1577 2417 1603 2480 si
1627 2421 1735 2500 posset

407 2520 567 2583 intereos
589 2517 709 2600 aliquid
733 2517 914 2579 eonneuire.
956 2517 999 2578 Μ.
1026 2516 1169 2580 Ioculare
1189 2516 1271 2579 istuc
1294 2516 1437 2599 quidem,
1464 2510 1633 2597 Pomponi,
1662 2515 1735 2573 eta

408 2612 517 2678 multis
539 2632 634 2694 saepe
656 2610 814 2673 derisumt
838 2611 894 2672 sed
917 2629 976 2691 ego
1000 2609 1091 2692 plana
1115 2610 1228 2672 vellem
1246 2629 1295 2672 rue
1310 2610 1460 2672 arbitrum
1475 2609 1558 2671 iuter
1571 2608 1732 2689 antiquam

408 2706 610 2770 Academiam
625 2712 657 2766 et
672 2707 831 2768 Zenonem
855 2705 973 2767 datum.
1009 2703 1070 2766 Ati.
1093 2703 1165 2779 Quo
1187 2702 1312 2766 tandem
1335 2704 1548 2766 istucmodot
1584 2702 1627 2763 Μ.
1650 2699 1772 2774 Quinto

410 2800 450 2863 de
472 2820 506 2862 re
529 2818 591 2862 una
613 2799 716 2861 solum
738 2798 904 2871 dissident,
927 2798 966 2861 de
989 2798 1102 2861 ceteris
1123 2796 1256 2860 mirifice
1279 2805 1465 2880 congruunt.
1501 2797 1562 2858 An.
1583 2795 1643 2857 Ain
1665 2800 1734 2856 tan-

410 2893 506 2957 deml
535 2911 638 2955 unaue
660 2901 709 2955 est
731 2892 833 2955 solurn
855 2892 1036 2954 dissensio?
1079 2888 1131 2953 54.
1158 2892 1199 2954 Μ.
1223 2892 1312 2966 Quae
1334 2890 1463 2973 quidem
1486 2888 1525 2952 ad
1548 2908 1614 2951 rem
1638 2886 1734 2970 perti-

409 2996 497 3063 neat,
524 3005 606 3049 uua:
639 2987 758 3069 quippe
785 3006 857 3049 cum
887 2985 1010 3068 antiqui
1034 3006 1143 3060 omne,
1170 2987 1255 3071 quod
1278 2984 1452 3048 secundum
1473 2979 1617 3045 naturam
1640 2987 1734 3056 esset,

409 3101 473 3163 quo
503 3082 683 3144 inseremur
710 3081 745 3142 in
772 3081 854 3154 vita,
885 3079 1001 3143 honum
1031 3100 1103 3143 esse
1134 3080 1346 3154 decreverint,
1374 3080 1426 3142 hic
1452 3078 1530 3140 niltil
1556 3076 1618 3139 nisi
1647 3075 1734 3160 quod

408 3174 578 3239 honestum
605 3182 691 3237 esset
718 3175 836 3258 putarit
865 3174 993 3237 bonum.
1042 3176 1103 3236 An.
1133 3175 1261 3236 Pernam
1288 3192 1364 3237 vero
1385 3171 1632 3236 controversiam
1654 3171 1773 3234 dicislt

409 3288 446 3333 ao
468 3290 531 3333 non
554 3288 640 3342 eam,
662 3287 743 3351 quae
765 3265 892 3331 dirimat
904 3267 1035 3355 ‚omnial
1071 3269 1115 3332 Μ.
1136 3264 1238 3332 Probe
1261 3267 1389 3351 quidem
1412 3268 1564 3341 sentires,
1592 3265 1619 3329 si
1641 3283 1677 3329 re
1697 3283 1734 3328 aa

408 3384 472 3427 nou
498 3363 601 3427 uerbis
624 3361 827 3425 dissiderent.

408 3692 440 3751 11.
460 3690 757 3756 §sternumento
778 3715 805 3726 —
831 3692 963 3742 uideturne
978 3684 1038 3741 B¹ll
1067 3716 1095 3727 -
1122 3689 1349 3752 sententiarumque
1364 3689 1396 3738 sit
1411 3690 1441 3749 A,
1460 3688 1509 3739 sed
1526 3701 1574 3751 qus
1589 3688 1621 3739 slt
1636 3688 1662 3739 iu
1680 3701 1733 3741 ras.

412 3793 439 3804 -
459 3780 492 3817 ec
508 3766 566 3815 aliis
581 3761 623 3823 B²;
643 3765 695 3815 hoc
712 3767 756 3815 aut
774 3778 807 3815 ec
823 3768 878 3817 olio
893 3767 947 3815 olio
962 3772 1079 3815 rectator
1095 3764 1212 3816 malebat
1228 3764 1359 3817 Davisius.

484 3841 510 3890 Β.
528 3840 638 3890 ludenter
654 3842 674 3891 Β
701 3866 728 3878 -
756 3843 824 3901 quod
839 3844 915 3891 idom
930 3844 1069 3892 nutwnern
1087 3837 1203 3892 A¹is¹ii:
1229 3854 1287 3891 cons
1302 3844 1352 3890 isto
1367 3841 1482 3891 natione
1498 3841 1584 3899 A²B²;
1611 3840 1646 3890 od
1660 3841 1735 3889 marn

409 3916 549 3965 orationem
565 3914 665 3978 aliquot
682 3916 747 3966 dett.
766 3921 794 3965 et
810 3918 843 3977 ος
866 3931 918 3969 nou
936 3917 1041 3967 videtur
1058 3919 1141 3979 quood
1159 3914 1345 3979 corrigendum
1363 3928 1433 3975 esee.
1450 3914 1500 3967 sed
1517 3917 1604 3980 potius
1620 3914 1734 3967 verbum

408 3990 524 4055 aliquod,
544 3994 572 4040 ut
589 3992 685 4051 otdnet,
704 3991 810 4041 deesse.
838 4017 865 4028 -
889 3992 1060 4056 ρνοίαὸονΰ,
1082 3990 1445 4052 contionareturque,
1468 3990 1620 4042 Averbum
1637 3991 1663 4040 in
1681 4002 1734 4042 raa.

408 4064 490 4116 habet
508 4064 550 4127 (de
568 4066 589 4116 ll
607 4064 676 4116 Bake
694 4067 800 4125 erravit)
820 4094 848 4104 -
867 4067 892 4117 3.
911 4067 945 4116 nd
960 4068 1103 4131 Anemosa
1114 4066 1235 4116 donorum
1251 4066 1281 4124 Α,
1300 4066 1334 4115 od
1348 4067 1423 4129 finem
1439 4070 1519 4115 tecum
1535 4066 1657 4116 doemunt
1672 4065 1733 4124 llll,

407 4141 455 4192 sed
480 4142 504 4191 in
524 4141 542 4190 Β
566 4146 645 4190 imum
667 4144 829 4205 expunctum
856 4168 884 4178 -
911 4143 1108 4204 quouiusA,
1133 4141 1264 4202 quominus
1280 4135 1324 4201 13¹,
1348 4143 1419 4191 ndns
1439 4141 1529 4191 ΜΟ
1557 4167 1584 4177 -
1610 4140 1735 4203 merendi

406 4216 539 4267 Manutius
556 4218 584 4265 et
600 4215 708 4267 Lamo:
736 4217 833 4265 mnndi
849 4218 882 4278 Β,
905 4230 959 4266 orn.
978 4216 1074 4276 Allo,
1101 4215 1150 4265 sed
1167 4218 1210 4265 est
1226 4216 1251 4264 in
1268 4216 1290 4265 A
1312 4218 1374 4264 aute
1396 4227 1475 4264 causo
1492 4228 1584 4266 rasura
1602 4217 1686 4266 maior
1701 4242 1735 4253 -

406 4290 431 4341 l.
449 4293 648 4341 controuersiam
663 4286 693 4341 Βι
721 4316 749 4327 -
780 4292 940 4341 dissensiones
955 4287 1024 4341 A¹lt¹
1048 4290 1289 4354 (comrouersicrusn
1310 4302 1364 4339 rena
1382 4289 1484 4351 ptencrn
1504 4294 1527 4340 et
1543 4290 1734 4341 mannil

407 4368 486 4428 corr.)
506 4392 534 4404 -
552 4365 735 4416 sternent:
755 4371 808 4416 torn
825 4368 863 4426 8¹,
882 4373 964 4416 tomen
982 4368 1032 4416 ΗΟ
1051 4392 1078 4402 -
1099 4364 1188 4415 sualim
1206 4365 1394 4415 diiudicandum
1411 4389 1439 4400 -
1459 4365 1520 4427 quis
1537 4370 1557 4416 A
1585 4391 1611 4401 -
1639 4366 1663 4416 Β.
1682 4365 1735 4415 lu

406 4441 465 4506 qetli
482 4445 512 4499 A.
529 4442 588 4504 qelli
605 4453 666 4491 com
681 4441 709 4490 i.
728 4454 787 4505 sup.
802 4439 846 4491 lin.
861 4441 888 4498 Β,
908 4442 998 4503 oqetlio
1016 4442 1036 4491 il
1056 4468 1081 4478 -
1103 4442 1147 4502 qul
1163 4441 1193 4498 C,
1212 4438 1261 4489 sed
1279 4440 1305 4488 iu
1322 4440 1368 4489 AB
1386 4439 1446 4501 quid
1461 4451 1523 4489 corr
1549 4467 1582 4477 -
1598 4441 1625 4490 id
1641 4445 1733 4506 Asup.

407 4516 452 4568 lin.
471 4516 554 4566 habet
581 4542 609 4553 -
636 4517 756 4578 quoniam
772 4518 937 4579 Stephanus:
954 4529 1032 4577 quone
1049 4517 1079 4576 C,
1098 4513 1368 4578 quionredett.et0
1394 4539 1423 4551 -
1449 4515 1473 4563 7.
1493 4516 1649 4565 memernini
1665 4516 1732 4566 conl.

407 4589 566 4653 Feldhuegel
584 4592 610 4641 in
628 4591 718 4641 adnot.
746 4618 773 4628 -
801 4606 876 4654 quarn
893 4594 923 4651 C,
941 4593 1033 4643 sedin
1052 4593 1070 4641 B
1089 4606 1146 4641 corn
1163 4604 1231 4642 corr.
1257 4617 1284 4627 -
1309 4592 1334 4641 8.
1352 4590 1442 4641 conset
1458 4593 1611 4653 nennsesqne
1627 4593 1735 4643 ditesce

407 4669 515 4731 scripsi:
534 4668 688 4728 uenissetque
705 4668 800 4716 almis
816 4666 847 4718 A¹
859 4669 888 4728 tl,
907 4670 1060 4731 oenisntque
1076 4672 1099 4717 et
1115 4667 1211 4717 moenis
1227 4662 1256 4716 lt¹
1274 4667 1340 4726 (stne
1357 4667 1463 4729 odisset),
1480 4669 1586 4718 uenisset
1602 4673 1625 4717 et
1641 4668 1736 4719 ahenis

407 4736 485 4800 A'ii²,
503 4743 621 4803 amisus,
633 4743 769 4792 Atlanteo
797 4768 825 4779 -
852 4743 876 4792 s.
895 4748 1052 4793 conuocosset
1069 4746 1100 4794 A¹
1118 4768 1146 4779 -
1170 4743 1249 4804 iisque
1264 4743 1372 4807 scripsi:
1390 4744 1442 4805 ipse
1456 4744 1527 4805 isque
1542 4744 1572 4804 C,
1591 4743 1639 4794 sed
1656 4746 1735 4805 iisque

407 4815 458 4866 ΒΗ
476 4829 557 4875 corn,
575 4818 627 4878 ipse
642 4816 663 4866 is
682 4818 717 4880 (et
734 4818 797 4866 item
815 4821 970 4881 conuocosse)
988 4822 1009 4869 A
1027 4821 1052 4868 lu
1070 4830 1124 4869 ras.
1143 4817 1238 4875 habet;
1261 4818 1369 4879 ipsisque
1385 4817 1450 4868 dett.
1464 4821 1492 4868 et
1503 4819 1536 4872 oz
1561 4818 1667 4869 videtur
1683 4821 1735 4881 ipse

408 4903 488 4954 prava
506 4891 636 4942 correctio
653 4893 800 4956 scripturae
818 4895 890 4953 isque
906 4919 934 4930 -
953 4906 1104 4957 moqnopere
1120 4893 1139 4942 Β
1159 4916 1186 4929 -
1207 4894 1246 4941 so.
1260 4896 1308 4941 ans
1324 4897 1344 4943 A
1363 4918 1391 4928 -
1411 4895 1451 4944 ti.
1468 4895 1498 4944 ri
1515 4895 1535 4946 A
1549 4896 1575 4944 ln
1588 4908 1640 4946 rae.
1654 4895 1735 4946 habet

410 4990 437 5002 -
456 4965 637 5015 conwnuenire
653 4969 673 5017 A
693 4992 720 5003 -·
739 4968 776 5016 illi
790 4965 820 5018 Βι
839 4995 865 5005 -
886 4968 927 5018 43.
940 4970 1043 5031 aliquod
1059 4969 1078 5018 c
1097 4994 1129 5004 -
1145 4968 1211 5015 istud
1228 4968 1248 5015 0
1267 4992 1293 5003 -
1312 4968 1544 5030 pomponiaeetlit.
1564 4973 1583 5021 A
1602 4977 1625 5020 et
1641 4971 1666 5021 in
1679 4984 1732 5022 ras.

408 5041 490 5093 habet
514 5068 546 5079 -
573 5041 612 5092 tl.
630 5042 735 5091 muni
751 5038 782 5093 Α1
802 5070 829 5081 -
852 5044 941 5093 uelum
957 5047 978 5094 A
996 5045 1022 5094 in
1039 5055 1092 5094 ras.
1110 5040 1206 5099 haben
1230 5040 1306 5092 rnalts
1322 5043 1395 5093 oetirn
1413 5068 1440 5079 -
1464 5045 1504 5094 td.
1522 5046 1589 5094 istud
1606 5045 1627 5095 0
1645 5070 1672 5082 —
1693 5047 1732 5096 td.

406 5127 502 5167 uena·
519 5118 540 5166 A
559 5143 586 5154 -
612 5119 657 5167 uin
673 5118 773 5167 tandem
789 5131 820 5168 ne
835 5132 918 5167 onom
934 5124 970 5168 est
984 5118 1064 5167 solrsm
1082 5119 1118 5175 ll.
1143 5114 1190 5166 sed
1208 5118 1282 5180 priua
1298 5130 1330 5167 es
1345 5120 1430 5182 prima
1448 5132 1484 5170 m.
1504 5123 1666 5184 expunctum
1683 5123 1733 5181 est,

407 5196 437 5243 ut
453 5194 520 5243 coni.
534 5192 698 5256 Stephanus:
725 5195 865 5243 aintendern
880 5207 912 5243 oe
927 5207 981 5242 uno
997 5206 1029 5242 ne
1044 5205 1070 5244 es
1085 5192 1165 5241 solun
1182 5186 1219 5252 ⁸¹,
1244 5197 1373 5243 toeturnne
1389 5207 1443 5243 ono
1458 5195 1488 5243 de
1503 5207 1532 5245 re
1548 5200 1583 5244 est
1598 5195 1678 5244 nine
1694 5195 1732 5253 1³¹.

408 5268 545 5318 Tantumne
561 5280 614 5316 uno
629 5269 659 5317 de
674 5282 703 5318 re
719 5275 755 5318 ess
770 5268 849 5318 solun
865 5269 981 5318 dissensio
998 5265 1029 5319 A²
1045 5269 1070 5317 in
1083 5281 1153 5326 ras,
1175 5270 1267 5316 vetere
1284 5268 1414 5332 scriptura
1432 5267 1531 5328 deleta;
1552 5271 1600 5320 Ain
1614 5269 1735 5320 tndem?

406 5356 460 5392 suso
475 5344 505 5392 de
521 5355 549 5392 re
564 5347 600 5391 est
616 5343 695 5391 salton
712 5343 732 5391 0
749 5355 811 5393 cum
830 5341 921 5393 lamb.
943 5368 970 5379 -
995 5343 1034 5391 st.
1051 5343 1209 5404 pertinemus
1224 5343 1270 5393 AB
1294 5367 1322 5379 -
1348 5344 1387 5394 t8.
1406 5356 1478 5393 omne
1493 5346 1559 5406 quod
1575 5343 1645 5394 Bais
1664 5343 1732 5403 (coll.

407 5417 441 5467 de
459 5417 522 5467 tiun.
542 5415 604 5466 bon.
623 5421 651 5466 et
667 5416 727 5466 mal.
752 5417 1056 5481 11¹,sssoett‚sstt:
1087 5430 1170 5467 omnes
1187 5418 1253 5478 quod
1275 5417 1323 5467 CO
1349 5444 1377 5456 -
1403 5424 1464 5467 esset
1479 5424 1503 5468 et
1519 5432 1569 5480 quo
1589 5420 1680 5471 malim
1704 5446 1732 5456 -

408 5492 447 5542 ts.
466 5497 527 5540 eost
543 5486 573 5541 A¹
602 5516 629 5527 -
658 5492 720 5540 ninii
735 5493 784 5540 niss‘
802 5491 958 5543 Lambinus:
984 5494 1033 5542 nist
1051 5494 1086 5550 Ct
1110 5492 1208 5541 Ouidii
1224 5495 1286 5542 ante
1299 5494 1398 5555 potorii
1415 5492 1509 5551 habet;
1533 5497 1619 5559 poeste
1638 5496 1732 5546 etlam:

406 5564 446 5614 Ais
462 5568 510 5615 nisi
526 5566 593 5627 quod
608 5566 736 5615 loentum
751 5572 820 5627 esset,
836 5573 891 5629 put.
908 5567 999 5617 bonurn
1015 5568 1120 5616 nullum.
1142 5592 1170 5604 —
1191 5569 1231 5618 2⁰.
1249 5570 1336 5630 putori
1352 5563 1384 5619 Λι
1407 5592 1435 5605 -
1459 5582 1571 5630 porocrn
1589 5571 1623 5620 ll:
1639 5584 1735 5632 perenn

408 5639 467 5697 Ait,
489 5642 680 5701 perparvomo
707 5667 733 5677 -
761 5643 801 5692 it.
820 5648 925 5692 sotnon
942 5656 998 5692 earn
1015 5642 1076 5701 ΑΒ,
1101 5643 1299 5692 otnoseornll
1326 5668 1353 5680 -
1381 5644 1488 5692 derirnot
1504 5644 1545 5694 AB
1563 5646 1654 5705 (riam
1671 5648 1690 5695 A
1707 5647 1733 5696 la

407 5727 461 5765 ras.
481 5718 558 5775 mi)
587 5743 612 5752 -
639 5718 741 5766 sentires
761 5718 918 5769 Dresdensis
940 5721 1026 5782 prior:
1049 5720 1123 5767 sentis
1140 5715 1239 5777 ΜΗΘ,
1264 5719 1327 5767 senti
1344 5714 1381 5778 13¹,
1405 5719 1522 5768 sentirent
1538 5720 1585 5769 AB
1609 5731 1677 5769 corr.
1696 5732 1732 5770 ur.

408 5794 510 5841 recenti
540 5815 566 5829 -
597 5806 625 5842 re
641 5806 673 5841 uc
688 5805 738 5841 non
755 5798 775 5843 A
793 5794 818 5843 in
837 5807 889 5844 ras.
910 5793 989 5844 hebet
1020 5819 1047 5830 -
1076 5793 1117 5843 it.
1136 5793 1274 5843 denderent
1289 5789 1357 5843 A¹lt¹
1379 5797 1463 5855 (nent
1479 5797 1500 5844 A
1518 5796 1543 5845 in
1561 5808 1612 5846 ras.
1633 5794 1733 5856 habet).

408 5867 437 5917 ln
459 5869 588 5918 sententia
610 5870 702 5917 vitium
724 5881 784 5919 esse
807 5882 839 5919 es
861 5872 978 5933 vestigiis
999 5882 1107 5934 quoque
1124 5871 1271 5934 scripturae
1289 5872 1314 5920 tn
1330 5875 1351 5921 A
1369 5873 1492 5934 apparet3
1517 5870 1624 5920 videtur
1643 5871 1733 5922 suum

409 5940 461 5994 hoc
478 5942 534 5993 tera
552 5944 666 6009 requiri:
689 5943 768 6007 prole
783 5945 881 6008 quidem
898 5946 984 6007 mois,
1002 5947 1024 5996 si
1039 5959 1090 5995 aas
1105 5958 1143 6009 rs,
1160 5950 1259 5997 untur
1276 5944 1327 6010 (vel
1337 5945 1387 6009 sed)
1402 5944 1484 5997 enno
1499 5946 1626 6000 annone.
