4342 7459
797 1800 799 1803 ‘
830 1846 873 1937 n.
900 1847 1043 1937 uuuu
1068 1844 1299 1939 susumus

516 2053 1047 2163 TUSCULANARUM
1075 2054 1607 2149 DlSPU'PA'l'lONUM

880 2265 943 2329 nu
977 2265 1016 2330 u.
1048 2265 1261 2334 unuuuu

921 2469 1017 2531 LIBRI
1037 2470 1215 2543 QUINQUE.
1231 2478 1235 2485 '

963 2676 1169 2726 RECOGNOVlT

797 2849 854 2911 10.
872 2850 1088 2913 GEOBGIUS
1107 2851 1331 2912 neamus.

904 3298 1089 3360 NOTARUM
1107 3298 1236 3360 INDEX.

406 3443 471 3490 G:
487 3440 547 3491 cod.
566 3439 701 3490 Gudianus
719 3452 791 3490 num.
804 3439 853 3490 ast
871 3443 923 3504 (ap.
938 3440 1027 3491 Ebert.
1042 3454 1067 3490 u.
1080 3442 1138 3499 238,
1157 3440 1224 3491 Gud.
1238 3443 1247 3492 1
1265 3440 1336 3505 apud
1352 3442 1505 3507 lloserum).
1524 3442 1599 3493 lluuc
1611 3441 1732 3493 codicem

487 3519 528 3568 Pr.
546 3518 575 3566 G.
595 3515 810 3565 Schneidewinus
826 3517 852 3564 iu
871 3515 987 3566 editione
1006 3517 1152 3566 lloseriaua
1165 3515 1373 3577 Tusculanarum
1384 3514 1435 3567 vol.
1450 3518 1458 3566 l
1476 3530 1504 3581 p.
1515 3517 1572 3566 xlv
1583 3518 1617 3567 ila
1630 3517 1733 3566 descri-

486 3594 555 3657 psit:
574 3589 811 3642 allembranaceus
828 3591 854 3640 iu
866 3589 890 3640 l.
904 3591 1022 3643 minore:
1042 3592 1069 3640 iu
1081 3603 1132 3640 uus
1146 3604 1251 3655 quaque
1269 3591 1363 3655 pagiua
1377 3591 1409 3641 20
1422 3604 1516 3644 versus
1532 3590 1628 3651 bsbel;
1646 3589 1732 3642 lineae

486 3667 582 3717 ductae
606 3667 668 3715 sunt
689 3666 865 3715 instrumento
887 3669 974 3721 acuto.
998 3668 1027 3713 ut
1048 3663 1148 3728 aliquot
1168 3663 1231 3715 locis
1251 3665 1367 3716 dissecta
1385 3665 1542 3717 membrana
1559 3668 1602 3716 sit.
1626 3668 1734 3716 Praeter

485 3738 648 3791 Tusculanas
665 3738 727 3789 nibil
745 3740 871 3788 continet.
898 3739 927 3788 lu
946 3739 1031 3788 ironte
1048 3738 1266 3799 Lauterbacbius,
1285 3739 1461 3792 bibliothecae
1479 3740 1541 3793 olim
1558 3739 1593 3791 ab
1606 3739 1732 3805 epistolis,

486 3816 600 3865 notavit:
621 3814 707 3864 Codex
722 3815 817 3876 inteper
833 3818 856 3863 ol
872 3813 951 3862 bonos
966 3818 1049 3863 nomo.
1068 3812 1180 3863 Saeculo
1196 3814 1311 3878 scriptus
1328 3817 1370 3865 est
1386 3813 1491 3867 decimo
1509 3829 1613 3866 uonovs
1631 3818 1658 3866 et
1675 3814 1734 3880 ple-

486 3902 601 3954 rumque
618 3891 753 3953 conspirat
769 3901 831 3939 cum
849 3890 929 3951 Regio
945 3892 1064 3952 optumo.
1091 3887 1179 3938 Verba
1196 3890 1253 3952 ipsa
1266 3887 1337 3939 nullo
1353 3888 1489 3940 intervallo
1500 3891 1622 3943 distincta
1633 3891 1735 3942 cobae-

486 3969 558 4025 reut,
581 3965 716 4015 scribendi
739 3964 897 4027 compendia
917 3964 973 4014 iare
990 3962 1068 4013 nulla.
1095 3963 1235 4014 scribendi
1252 3965 1318 4013 ratio
1335 3965 1437 4028 integra
1454 3969 1481 4016 et
1498 3966 1627 4018 Cicerone
1644 3966 1733 4031 digua,

487 4042 517 4089 ut
533 4052 602 4103 quae
620 4041 784 4090 Beierianam
802 4040 932 4088 rationem
950 4037 1108 4103 plerumque
1125 4042 1261 4101 sequatur.
1280 4038 1327 4090 [lbi
1338 4039 1420 4089 verba
1433 4043 1533 4092 mutata
1545 4045 1615 4102 suut,
1633 4044 1734 4093 mutatu

487 4118 549 4164 suut
570 4128 586 4163 a
608 4127 689 4165 mauu
711 4112 819 4163 librario
838 4114 891 4163 lere
909 4111 1026 4175 aequali,
1049 4111 1182 4162 interdum
1201 4111 1234 4161 ab
1253 4112 1347 4163 eadem
1366 4127 1473 4165 mauu.»
1496 4116 1589 4167 Denuo
1607 4129 1668 4167 eum
1686 4130 1735 4167 ex·

488 4190 571 4239 cussit
594 4189 714 4248 lisanum,
739 4189 814 4238 cuius
836 4186 975 4238 collatione
997 4186 1070 4237 multi
1092 4200 1211 4247 errores.
1231 4190 1275 4251 qui
1294 4189 1319 4238 in
1337 4188 1453 4239 editione
1471 4192 1617 4242 Moserlana
1634 4191 1735 4256 depre-

487 4263 649 4329 henduntur,
667 4265 779 4313 correcti
796 4266 867 4313 sunt.
895 4265 918 4313 ls
936 4262 1127 4312 Schneidewini
1146 4261 1235 4312 verbis
1254 4262 1320 4311 buec
1337 4263 1450 4312 addidit:
1477 4265 1632 4331 aCouspirat
1649 4266 1735 4317 codex

488 4352 551 4389 cum
568 4340 661 4402 insigni
680 4340 795 4388 Parisino
814 4353 839 4388 n.
857 4338 930 4397 6332,
949 4348 1030 4399 quem
1048 4338 1158 4400 Regium
1176 4338 1286 4393 vocant.
1306 4336 1361 4387 lere
1378 4338 1412 4388 ad
1429 4338 1557 4398 verbum3
1577 4354 1627 4391 nec
1643 4344 1733 4393 tamen

487 4413 554 4464 aller
570 4413 604 4463 ab
621 4412 704 4464 altero
722 4414 872 4477 descriptus
889 4415 944 4472 est,
963 4411 1011 4461 sed
1029 4425 1061 4460 er
1074 4413 1209 4461 communi
1227 4411 1297 4461 toute
1310 4411 1417 4463 deducti
1434 4417 1505 4474 suut,
1522 4416 1608 4480 pretio
1625 4416 1693 4465 iuter
1704 4429 1734 4467 se

489 4501 575 4552 pares.
603 4488 689 4539 Altera
713 4502 821 4547 manus,
847 4502 916 4551 quae
939 4488 964 4536 ln
982 4485 1074 4536 codice
1093 4489 1211 4550 apparel¹
1231 4484 1348 4549 aequalis
1366 4487 1480 4548 videtur,
1502 4488 1596 4540 saltem
1614 4492 1655 4540 est
1672 4502 1735 4554 per-

487 4567 607 4627 antiqua;
626 4564 783 4627 videturque
801 4562 952 4626 exemplum
970 4561 1004 4611 ad
1021 4560 1094 4620 illud,
1114 4575 1145 4610 ex
1164 4573 1218 4624 quo
1236 4561 1319 4611 codex
1332 4561 1481 4627 descriptus
1498 4569 1548 4625 est,
1567 4565 1600 4616 ab
1619 4564 1669 4615 alio
1686 4566 1736 4615 bo-

489 4641 560 4688 mine
578 4637 716 4700 diligenter
733 4640 898 4701 recognitum
915 4640 942 4686 et
958 4635 1008 4685 loci
1025 4635 1148 4699 quidam,
1167 4648 1235 4699 quos
1252 4634 1374 4686 librarius
1392 4639 1417 4687 in
1436 4640 1637 4691 transcribendo
1657 4654 1735 4704 prae-

490 4714 617 4773 termisit,
641 4712 755 4778 suppleti
776 4726 847 4763 esse.
876 4711 1015 4770 versiculi,
1039 4710 1136 4774 quibus
1154 4709 1212 4761 cod.
1231 4711 1326 4774 Regius
1343 4710 1482 4763 distinctus
1500 4716 1553 4776 est,
1572 4716 1599 4764 in
1617 4714 1735 4764 Gudieno

490 4802 597 4851 quoque
619 4791 783 4851 comparent.
815 4786 894 4837 Plene
918 4788 1021 4836 exstant
1042 4786 1067 4835 in
1089 4799 1173 4848 prima
1192 4785 1291 4835 codicis
1308 4788 1418 4849 pagium
1442 4788 1468 4836 iu
1491 4789 1617 4851 proximis
1633 4790 1735 4854 paginis

489 4862 624 4923 librarius,
649 4863 694 4912 ubi
713 4876 796 4913 novus
814 4875 908 4912 versus
925 4863 951 4910 iu
969 4860 1028 4910 cod.
1048 4862 1196 4924 archetypo
1214 4864 1285 4918 eret.
1310 4863 1394 4911 maius
1412 4861 1580 4914 intervalium
1597 4865 1622 4914 in
1641 4864 1735 4915 mediis

489 4937 565 4989 lineis
582 4938 688 5001 reliquit
699 4940 812 5001 novique
826 4949 919 4986 versus
931 4937 1032 4985 initium
1044 4934 1129 4985 littera
1144 4937 1244 4985 maiora
1257 4935 1381 4986 distinxit.
1401 4935 1478 4995 (Alius
1491 4950 1621 5000 nusquam
1632 4936 1735 4988 litterae

490 5017 605 5064 maiores
627 5015 797 5063 inveniuntur
819 5025 907 5074 neque
930 5012 956 5060 iu
979 5010 1131 5061 nominibus
1154 5010 1316 5074 appellativis
1337 5023 1424 5073 neque
1441 5011 1467 5060 in
1485 5013 1616 5075 propriis.)
1642 5015 1736 5063 Postea

490 5095 580 5140 aulem
603 5093 669 5141 baec
687 5103 794 5152 quoque
817 5086 951 5139 intervella
970 5088 1058 5136 omisit
1075 5090 1103 5136 el
1119 5085 1264 5138 versiculos
1281 5085 1351 5137 uulla
1368 5100 1397 5136 re
1416 5089 1465 5138 nisi
1481 5087 1575 5139 litteris
1592 5088 1736 5139 maioribus

490 5165 615 5215 distinxit.
643 5164 720 5215 Plane
739 5165 819 5214 iidem
836 5166 899 5213 sunt
915 5167 994 5226 atque
1012 5163 1042 5218 ii,
1061 5175 1128 5226 quos
1145 5161 1227 5211 babet
1244 5160 1304 5211 cod.
1323 5162 1427 5223 Regius.
1452 5164 1629 5214 Personarum
1641 5164 1736 5215 distin·

491 5242 593 5289 ctiones
611 5241 695 5290 codex
714 5243 816 5288 tantum
833 5238 915 5287 babet
932 5250 1017 5300 usque
1035 5237 1068 5286 ad
1088 5237 1146 5300 §to
1164 5240 1311 5287 extremam
1329 5235 1388 5286 libri
1406 5236 1425 5285 l.
1451 5237 1560 5287 Constat
1572 5235 1656 5287 codex
1668 5250 1737 5301 qua-

490 5314 655 5364 ternionibus
672 5316 817 5364 numeratis
836 5315 876 5373 ll,
895 5311 961 5362 loliis
979 5312 1035 5371 lili,
1054 5314 1083 5361 ut
1101 5310 1194 5375 singuli
1206 5311 1395 5374 quaterniones
1413 5313 1509 5362 octona
1521 5310 1580 5362 lolia
1592 5310 1736 5361 babeant.»

410 5400 476 5447 ll:
493 5399 553 5448 cod.
573 5400 668 5461 Regius
688 5398 842 5449 Parisieusis
861 5411 886 5447 u.
904 5396 981 5456 osia,
1006 5393 1105 5445 saeculi
1124 5397 1199 5454 noni,
1227 5395 1311 5444 torma
1328 5396 1473 5457 quartana,
1500 5393 1569 5445 binis
1585 5396 1611 5444 in
1629 5407 1735 5458 quaque

490 5474 585 5536 pagiua
603 5473 741 5531 columnis,
760 5471 898 5522 versiculis
915 5471 1062 5520 secuudum
1081 5471 1276 5520 enuntiationes
1295 5471 1321 5519 el
1337 5471 1483 5520 sententias
1498 5469 1646 5530 distinctus,
1664 5467 1736 5519 velut

492 5549 518 5597 L.
533 5550 543 5596 l
566 5548 580 5610 5
598 5551 608 5597 l
631 5551 657 5598 et
674 5549 703 5597 2:
728 5549 973 5598 Com--reuocooi
998 5550 1010 5609 ll
1029 5547 1060 5593 lit
1077 5558 1135 5593 mani
1146 5545 1290 5606 --putaoi
1308 5548 1320 5608 ΙΙ
1345 5545 1479 5605 Nonquia
1490 5569 1526 5580 --
1537 5541 1702 5594 elaborarent.
1716 5546 1729 5607 ll

491 5624 558 5672 Nom
579 5628 741 5672 mores--et
758 5622 860 5685 lapibus.
877 5623 889 5684 ll
910 5622 974 5682 Qoid
996 5620 1223 5681 loquor--etiam
1239 5618 1379 5680 discipline.
1398 5622 1410 5682 Η
1428 5618 1483 5665 lom
1499 5618 1660 5666 itto--runt
1676 5630 1737 5666 con-

490 5699 601 5759 serendo.
612 5703 624 5761 ΙΙ
640 5699 708 5759 Quos
724 5699 789 5747 mim
802 5722 838 5733 --
851 5696 1031 5758 comparando.
1057 5694 1255 5744 Dubitationem
1274 5706 1306 5743 en
1323 5692 1496 5757 repugnantia
1508 5689 1676 5742 collationum
1689 5693 1738 5743 ad-

492 5774 545 5822 buc
562 5774 750 5830 inslitulurum,
769 5770 912 5831 Gudianae‚
934 5770 1118 5833 Bergerianae,
1138 5768 1325 5833 lirsrupiause,
1344 5767 1445 5832 passim
1462 5766 1548 5815 ortam
1565 5778 1675 5830 prorsus
1691 5779 1739 5818 su-

492 5846 565 5897 stulit
582 5847 672 5898 llaauu
691 5845 834 5910 diligentia.
853 5845 899 5909 qui
915 5844 987 5896 bunc
1004 5856 1112 5909 quoque
1129 5843 1251 5895 eodleem
1268 5842 1469 5894 accuratissime
1487 5838 1610 5891 excussit.
