4342 7459
795 1252 1365 1342 mummffimm
1720 1248 1741 1315 s

410 1426 560 1492 iudicium
581 1425 665 1491 tollit
685 1425 840 1509 incogniti
863 1433 896 1491 et
917 1427 1051 1511 cogniti:
1081 1446 1123 1490 ex
1147 1446 1211 1511 quo
1234 1423 1368 1491 efficitur
1388 1425 1468 1490 nihil
1489 1446 1585 1509 posse
1607 1447 1741 1511 conpre-

329 1534 331 1537 ’
407 1521 516 1585 hendi.
559 1521 607 1584 lta
627 1518 804 1604 inprudens
826 1541 880 1596 eo,
909 1543 973 1605 quo
995 1522 1126 1585 minime
1148 1521 1232 1597 volt,
1260 1522 1443 1585 revolvitur.
1487 1522 1614 1597 Quare
1637 1523 1739 1586 omnis

409 1615 511 1678 oratio
534 1623 645 1678 contra
664 1615 867 1679 Academiam
890 1617 1063 1699 suscipitur
1084 1636 1103 1680 a
1125 1617 1238 1691 nohis,
1265 1623 1300 1680 ut
1325 1616 1516 1680 retineamus
1536 1635 1608 1679 eam
1631 1613 1742 1679 delini·

410 1710 547 1783 tionem,
570 1730 666 1794 quam
688 1710 780 1774 Philo
802 1711 904 1774 voluit
925 1717 1078 1774 evertere.
1110 1710 1213 1785 Quam
1228 1711 1291 1774 nisi
1307 1712 1503 1794 optinemus,
1525 1710 1644 1798 percipi
1661 1709 1741 1773 nihil

408 1822 503 1886 posse
525 1804 742 1870 concedimus.
1751 1821 1767 1869 o

470 1899 538 1960 vll.
561 1894 612 1961 te.
645 1898 815 1961 Ordiamur
845 1897 945 1980 igitur
974 1917 993 1961 a
1022 1884 1185 1962 s'ensibus:
1220 1920 1354 1983 quorum
1381 1901 1426 1963 ita
1454 1899 1539 1964 clara
1568 1899 1688 1962 iudicia
1710 1905 1743 1963 et

411 2000 495 2056 certa
515 2001 607 2068 sunt,
634 2001 685 2067 ut,
712 1993 738 2055 si
770 1993 858 2076 optio
880 1999 1010 2056 naturae
1032 2000 1161 2055 nostrae
1183 1993 1275 2057 detur
1297 2002 1329 2058 et
1350 1994 1389 2057 ab
1411 2014 1449 2057 ea
1471 1994 1549 2056 deus
1571 1992 1671 2076 aliqui
1692 2012 1743 2055 re·

411 2087 527 2169 quirat,
550 2093 740 2150 contentane
763 2086 805 2149 sit
827 2087 893 2149 suis
916 2087 1049 2169 integris
1071 2087 1328 2171 incorruptisque
1351 2088 1513 2161 sensibus,
1542 2106 1582 2150 an
1604 2086 1744 2171 postulet

410 2180 522 2244 melius
549 2179 689 2262 aliquid,
720 2199 785 2243 non
807 2178 931 2242 videam
956 2179 1033 2261 quid
1057 2188 1190 2263 quaerat
1214 2181 1360 2263 amplius.
1404 2182 1469 2244 Nec
1489 2200 1565 2244 vero
1587 2180 1648 2244 hoc
1670 2180 1742 2242 loco

410 2275 656 2358 exspectandum
679 2281 744 2348 est,
775 2274 849 2335 dum
872 2273 912 2336 de
933 2293 1022 2336 remo
1043 2272 1162 2337 intlexo
1179 2282 1239 2348 aut
1259 2274 1299 2337 de
1321 2274 1405 2338 collo
1427 2274 1591 2338 columbae
1612 2290 1781 2357 respon-to

409 2368 516 2442 deam3
548 2387 614 2431 non
647 2369 732 2431 enim
761 2369 788 2432 is
817 2387 905 2442 sum,
938 2368 994 2450 qui
1017 2368 1176 2453 quidquid
1197 2369 1323 2432 videtur
1345 2369 1407 2433 tale
1430 2370 1533 2432 dicam
1555 2390 1625 2433 esse
1648 2369 1742 2453 quale

409 2461 561 2526 rideatur.
600 2463 755 2545 Epicurus
777 2461 839 2524 hoc
860 2461 977 2524 viderit
998 2469 1030 2525 et
1051 2463 1115 2525 alia
1136 2463 1245 2526 multa.
1279 2464 1351 2526 hleo
1373 2472 1477 2527 autem
1499 2462 1620 2526 iudicio
1634 2464 1679 2526 ita
1694 2470 1744 2526 est

409 2556 546 2619 maxima
568 2558 602 2619 in
624 2557 771 2619 sensibus
793 2556 926 2630 veritas,
949 2556 976 2619 si
999 2563 1031 2619 et
1052 2557 1122 2619 sani
1145 2563 1219 2619 sunt
1240 2575 1276 2620 ac
1292 2556 1451 2631 valentes,
1474 2565 1506 2621 et
1520 2558 1624 2621 omnia
1639 2577 1743 2621 remo·

409 2656 536 2724 ventur,
562 2669 645 2733 qnae
667 2650 794 2713 obstant
816 2659 847 2712 et
868 2650 1046 2732 inpediunt
1079 2649 1192 2734 ltaque
1215 2650 1375 2714 etlumen
1397 2652 1511 2715 mutari
1534 2673 1629 2736 saepe
1651 2652 1743 2715 volu-

408 2762 477 2805 mus
499 2751 532 2805 et
552 2744 634 2806 situs
656 2763 763 2808 earum
785 2762 912 2817 rerum,
935 2762 1014 2825 quas
1032 2743 1207 2819 intuemur,
1230 2752 1262 2808 et
1275 2746 1441 2809 intervalla
1457 2753 1512 2809 aut
1525 2745 1779 2808 contrahimusss

407 2844 460 2899 aut
482 2836 678 2911 diducimus,
709 2837 874 2921 multaque
898 2836 1031 2899 facimus
1052 2858 1157 2922 usque
1179 2860 1233 2914 eo,
1267 2838 1342 2903 dum
1365 2839 1533 2923 adspectus
1554 2841 1625 2923 ipse
1647 2836 1740 2902 fidem

407 2930 502 2993 iaciat
523 2931 573 2993 sui
596 2930 715 2994 iudicii.
761 2930 853 3006 Quod
879 2929 963 2992 idern
990 2930 1027 2993 fit
1048 2931 1082 2993 in
1104 2933 1253 3006 vocibus,
1285 2933 1318 2995 in
1340 2933 1455 3009 odore,
1488 2935 1520 2996 in
1544 2953 1671 3017 sapore,
1705 2941 1742 2997 ut

407 3044 501 3088 nemo
524 3026 565 3088 sit
587 3033 741 3100 nostrum,
765 3026 820 3108 qui
842 3025 876 3087 in
892 3025 1037 3088 sensibus
1053 3026 1104 3088 sui
1120 3028 1275 3108 cuiusque
1291 3030 1416 3110 generis
1432 3028 1585 3091 iudicium
1601 3028 1742 3111 requirat

407 3119 521 3183 acrius.
558 3116 611 3182 20.
633 3119 784 3184 Adhibita
799 3139 874 3184 vero
897 3120 1125 3184 exercitatione
1148 3129 1180 3183 et
1201 3128 1267 3183 arte
1291 3119 1339 3204 [ut
1359 3122 1443 3184 oculi
1464 3122 1587 3203 pictura
1608 3129 1742 3184 tenean-

408 3220 471 3287 tur,
500 3232 593 3276 aurcs
615 3209 791 3297 cantibus,]
816 3215 888 3296 quis
910 3221 959 3277 est
982 3214 1059 3297 quin
1082 3222 1207 3287 cernat,
1238 3223 1357 3298 quanta
1379 3215 1428 3277 vis
1451 3215 1546 3278 sitin
1568 3214 1778 3278 sensibustsc

408 3306 509 3383 Quam
538 3307 637 3370 multa
662 3307 772 3372 vident
800 3309 939 3390 pictores
961 3308 994 3371 in
1018 3308 1137 3372 umbris
1160 3307 1246 3371 etin
1269 3309 1459 3383 eminentia,
1489 3328 1572 3392 quae
1593 3328 1653 3370 nos
1674 3327 1740 3371 non

408 3402 569 3464 videmusl
593 3422 688 3486 quam
711 3404 822 3477 multa,
845 3423 928 3486 quae
950 3423 1009 3466 nos
1032 3403 1160 3486 lugiunt
1180 3402 1214 3465 in
1237 3410 1349 3477 cantu,
1376 3402 1549 3465 exaudiunt
1568 3402 1602 3464 in
1625 3419 1663 3464 eo
1687 3421 1741 3484 ge-

406 3515 481 3560 nere
504 3497 689 3560 exercitati!
713 3499 768 3582 qui
791 3498 893 3582 primo
916 3498 1027 3561 inflatu
1049 3497 1187 3560 tibicinis
1209 3497 1376 3580 Antiopam
1399 3516 1469 3560 esso
1490 3498 1581 3560 aiunt
1601 3501 1655 3557 aut
1676 3497 1740 3557 An-

407 3590 628 3666 dromacham,
651 3613 723 3655 cum
753 3593 786 3656 id
811 3612 871 3654 nos
896 3611 936 3654 ne
962 3591 1162 3673 suspicemur
1183 3590 1322 3674 quidem.
1361 3588 1446 3653 Nihil
1475 3609 1606 3653 necesse
1629 3598 1678 3652 est
1699 3590 1739 3653 de

407 3695 531 3766 gustatu
554 3695 587 3749 et
608 3686 739 3750 odoratu
763 3687 869 3770 loqui,
891 3688 924 3750 in
947 3686 1063 3770 quibus
1084 3684 1317 3766 intellegentia,
1340 3685 1399 3745 etsi
1423 3684 1555 3758 vitiosa,
1577 3693 1625 3747 est
1641 3698 1796 3768 quae-25⁴

407 3777 478 3841 dam
500 3788 616 3842 tamem
653 3780 736 3856 Quid
760 3780 799 3842 de
822 3783 924 3854 tactu,
953 3787 985 3842 et
1007 3799 1045 3842 eo
1067 3778 1211 3861 quidem,
1236 3798 1329 3861 quem
1352 3777 1534 3862 philosophi
1555 3778 1739 3840 interiorem

407 3883 535 3946 vocant,
563 3880 618 3936 aut
646 3872 767 3936 doloris
795 3882 851 3936 aut
879 3873 1073 3958 voluptatist
1105 3874 1139 3935 in
1167 3892 1230 3956 quo
1254 3872 1417 3955 Cyrenaici
1440 3872 1508 3934 solo
1539 3879 1651 3954 putant
1673 3873 1739 3934 veri

407 3985 476 4028 esse
497 3966 663 4039 iudicium,
690 3968 766 4051 quia
788 3969 962 4031 sentiatur:
984 3998 1026 4012 -
1048 3974 1195 4048 potestne
1217 3967 1314 4048 igitur
1336 3967 1506 4050 quisquam
1529 3968 1635 4029 dicere
1658 3966 1740 4029 inter

407 4079 492 4134 eum,
524 4059 579 4142 qui
609 4060 730 4135 doleat,
759 4071 791 4125 et
819 4062 902 4124 inter
930 4081 1018 4134 eum,
1047 4062 1101 4142 qui
1135 4061 1167 4122 in
1192 4060 1353 4142 voluptate
1375 4062 1431 4135 sit,
1460 4058 1539 4122 nihil
1560 4062 1738 4124 interesset

408 4162 476 4227 aut,
504 4156 547 4217 ita
578 4155 634 4239 qui
663 4157 793 4230 sentiet,
825 4175 888 4218 non
919 4156 1115 4239 apertissime
1138 4155 1298 4216 insaniat?
1342 4151 1392 4216 hl.
1416 4155 1513 4237 Atqui
1537 4156 1644 4237 qualia
1666 4161 1777 4216 suntao

408 4247 500 4322 haec,
532 4269 614 4332 quae
636 4251 784 4312 sensibus
806 4251 926 4333 percipi
950 4250 1102 4323 dicimus,
1132 4248 1205 4311 talia
1228 4258 1378 4311 secuntur
1401 4270 1454 4323 ea,
1478 4268 1559 4331 quae
1583 4267 1645 4309 nou
1668 4266 1740 4307 sen·

409 4343 494 4405 sibus
516 4343 593 4425 ipsis
616 4345 736 4426 percipi
760 4345 923 4417 dicuutur,
945 4344 1001 4406 sed
1018 4343 1156 4427 quodam
1174 4345 1266 4406 modo
1287 4343 1449 4416 sensibus,
1471 4352 1505 4405 ut
1521 4341 1616 4403 haec:
1642 4338 1738 4403 <uliud

409 4444 456 4497 est
476 4436 599 4511 album,
627 4438 688 4500 hoc
711 4438 819 4510 dulce,
854 4459 1002 4500 canorum
1025 4436 1120 4509 illud,
1152 4436 1211 4499 hoc
1237 4438 1448 4510 beneolens,
1478 4436 1538 4498 hoc
1560 4454 1736 4515 asperum.»

409 4534 521 4595 Animo
542 4534 606 4595 iam
628 4533 707 4596 haec
730 4541 874 4596 tenemus
897 4532 1131 4615 conprehensa,
1159 4552 1220 4593 non
1253 4532 1408 4593 sensibus.
1455 4531 1558 4592 ullle»
1591 4531 1739 4611 deinceps

412 4647 530 4710 «equus
559 4635 622 4702 est,
645 4629 699 4690 ille
722 4629 838 4691 canis.»
879 4628 990 4691 Cetera
1012 4627 1110 4689 series
1134 4624 1248 4687 deinde
1271 4626 1430 4708 sequitur,
1458 4626 1577 4686 maiora
1599 4632 1776 4697 nectenstt

410 4728 443 4783 ut
464 4720 559 4794 haec,
581 4741 663 4804 quae
687 4722 776 4806 quasi
802 4722 957 4805 expletam
979 4741 1082 4783 rerum
1100 4719 1403 4802 conprehensionem
1421 4718 1667 4800 amplectuutur:
1693 4718 1739 4780 ssi

473 4982 496 5032 3.
515 4989 670 5030 reteneamus
692 4982 711 5029 C
736 5006 762 5016 -
791 4982 815 5030 9.
834 4995 865 5029 ae
884 4995 945 5029 uero
966 4983 985 5029 A
1011 5006 1037 5015 -
1068 4981 1107 5029 to.
1127 4981 1221 5042 insieco
1238 4980 1268 5035 V,
1296 4992 1365 5028 corr.
1385 4993 1421 5028 m.
1441 4979 1536 5029 eadem
1555 4979 1580 5029 in
1598 4980 1691 5042 inflexo
1709 5007 1735 5016 -

412 5056 448 5103 tt.
467 5057 532 5104 enim
548 5058 650 5104 missum
668 5054 696 5104 1³¹
717 5082 743 5091 -
764 5057 806 5117 qui
824 5059 842 5104 A
862 5067 920 5118 sup.
940 5054 984 5105 lin.
1005 5081 1031 5090 -
1052 5056 1170 5116 quicquid
1187 5054 1278 5103 ΑΒΨ
1295 5080 1321 5089 -
1335 5055 1458 5102 'uideatur
1475 5053 1533 5103 A²l3
1552 5079 1578 5088 -
1601 5055 1639 5103 ta.
1658 5068 1697 5103 mc
1708 5054 1739 5101 Ψ

413 5157 437 5166 -
451 5132 498 5179 istc
514 5139 549 5180 cst
566 5130 597 5177 Ψ
611 5157 638 5167 ·-
659 5131 699 5179 ⁴6*
718 5136 763 5179 out
779 5132 921 5179 deducimus
936 5145 970 5179 m.
983 5132 1091 5193 (ocirnus
1108 5143 1160 5179 osu.
1175 5128 1206 5177 Ψ
1223 5156 1256 5165 -
1272 5130 1356 5177 eodem
1374 5129 1404 5176 Ψ
1418 5155 1445 5163 -
1465 5143 1519 5190 osp.
1534 5129 1582 5179 AB
1595 5154 1621 5163 -
1643 5129 1682 5178 48.
1697 5129 1740 5191 qui

410 5219 457 5253 soa
473 5207 499 5254 in
517 5206 536 5255 Ε
562 5232 587 5243 -
613 5206 652 5255 ss.
671 5204 707 5268 ut]
732 5210 755 5254 et
777 5206 841 5259 AB;
864 5211 891 5252 ut
913 5205 1150 5254 ocuti--ccutibus
1171 5206 1296 5266 suspecta
1320 5206 1396 5252 erant
1418 5205 1537 5261 Davisio;
1560 5203 1684 5254 videntur
1706 5217 1737 5253 ex

411 5282 526 5343 margine
544 5280 646 5331 adiecta
665 5294 739 5341 csse,
758 5280 804 5328 ubi
821 5278 915 5341 aliquis
933 5294 1003 5340 rem,
1024 5282 1057 5331 de
1075 5294 1127 5343 qua
1146 5282 1188 5329 liic
1202 5282 1295 5341 agitur.
1316 5279 1540 5329 adnotaverat·
1559 5280 1600 5329 io.
1620 5279 1663 5342 qui
1679 5273 1737 5336 is,

411 5355 456 5405 sed
473 5352 488 5404 ἦ
504 5357 530 5404 in
547 5368 600 5404 ras.
620 5368 655 5405 m.
674 5358 698 5405 ἱ.
720 5382 746 5391 -
765 5356 806 5404 st.
825 5356 897 5403 multi
914 5354 942 5404 Β1
963 5384 989 5392 -
1007 5360 1130 5406 notante
1147 5355 1262 5403 consid.
1282 5366 1335 5402 om.
1351 5354 1371 5401 V
1388 5380 1414 5389 -
1434 5355 1474 5403 it.
1492 5366 1538 5402 uos
1551 5354 1616 5416 [uiui
1634 5355 1658 5401 in
1677 5353 1735 5400 ll-

411 5431 450 5479 23.
462 5432 607 5492 csthmpcm
618 5432 636 5480 B
648 5457 673 5466 -
687 5433 728 5480 25.
739 5436 831 5492 qrcstuu
840 5429 868 5479 B¹
880 5456 904 5467 -
920 5432 964 5479 etsi
975 5431 1085 5480 obtusior
1096 5431 1222 5482 Schuetz:
1241 5429 1285 5476 etsi
1296 5428 1370 5476 uilior
1382 5429 1469 5477 Baiter
1481 5454 1507 5463 -
1520 5429 1562 5477 io.
1576 5429 1636 5489 quid
1647 5432 1669 5476 et
1680 5433 1739 5475 ortu

410 5499 440 5555 A¹
449 5529 474 5540 -
489 5505 529 5553 it.
542 5506 668 5565 eirenopci
679 5509 698 5555 A
709 5531 738 5542 -
751 5506 792 5554 28.
805 5507 846 5553 cui
863 5507 1032 5554 assentiuntur
1043 5507 1112 5555 coni.
1123 5507 1240 5563 Guietus‚
1254 5506 1294 5553 cui
1306 5506 1471 5553 assentiamur
1479 5506 1583 5561 Darios
1596 5506 1637 5552 cui
1649 5504 1740 5552 adscu-

410 5585 487 5627 tsutur
503 5581 540 5639 t:
557 5580 601 5627 cui
612 5577 816 5629 adsentiendum
834 5580 875 5634 sit,
895 5579 953 5628 coll.
968 5580 998 5642 §S
1011 5581 1042 5628 39
1060 5585 1087 5629 et
1099 5581 1138 5640 581
1157 5581 1260 5643 Madvig
1278 5593 1303 5643 p.
1318 5580 1379 5638 ⁴3⁴3
1400 5581 1426 5628 nt
1437 5594 1462 5628 v.
1476 5582 1545 5629 Serti
1563 5580 1661 5643 Empir.
1676 5578 1737 5628 adv.

410 5655 535 5703 mathem.
556 5656 611 5712 Vll,
635 5654 649 5715 5
669 5654 728 5701 tat:
755 5655 848 5713 φασὶν
871 5645 923 5703 οὖν
945 5656 975 5703 οἱ
995 5654 1171 5726 Κυρηναὶκοὶ
1191 5653 1323 5724 κριτήρια
1346 5650 1419 5703 εἶναι
1441 5650 1477 5703 τὰ
1495 5652 1575 5719 ,τάθη
1593 5655 1642 5702 καὶ
1658 5653 1737 5719 μόνα

410 5727 683 5793 καταλαμβάνεσθαι
700 5732 751 5777 cet.
772 5733 834 5777 etv.
850 5732 914 5779 inira
933 5729 1000 5792 576.
1016 5757 1042 5766 -
1062 5731 1103 5780 29.
1123 5733 1165 5793 qui
1182 5732 1263 5780 dotent
1280 5737 1302 5779 et
1320 5731 1384 5779 inter
1400 5744 1455 5780 cum
1468 5744 1521 5780 om.
1536 5729 1567 5777 Ψ
1579 5757 1611 5766 -
1629 5731 1659 5780 30
1682 5744 1739 5779 scn-

410 5807 450 5853 tiet
467 5809 486 5854 A
499 5804 527 5854 Β1
537 5806 570 5852 V:
589 5807 690 5854 sentient
708 5802 751 5858 B¹;
769 5806 859 5852 sentiat
872 5806 920 5854 EO
937 5833 963 5841 -
981 5807 1072 5854 insanit
1085 5807 1180 5855 Davies
1194 5820 1255 5856 cum
1267 5811 1321 5856 uno
1335 5809 1392 5856 Pur.
1409 5831 1435 5841 -
1456 5806 1533 5869 adqui
1550 5804 1579 5854 ΒΙ
1594 5832 1621 5845 .-
1641 5805 1680 5854 33.
1694 5806 1739 5855 boc

409 5893 507 5941 spu-uus
524 5883 554 5930 A¹
567 5905 593 5916 -
614 5880 654 5930 3i.
674 5880 718 5927 itio
737 5877 765 5928 Ψ
780 5906 805 5913 -
825 5880 866 5929 35.
886 5894 981 5945 aequus
996 5881 1089 5932 AV-
1108 5887 1205 5931 nectens
1223 5895 1288 5945 quoe
1301 5918 1306 5931 .
1319 5918 1325 5930 .
1339 5881 1535 5942 amplectuutur,
1553 5885 1582 5928 ut
1598 5880 1658 5930 buce
1669 5878 1740 5930 Wal-

410 5955 458 6007 ker
476 5982 502 5992 -
521 5956 562 6009 tt.
580 5956 791 6020 compressiones
808 5956 837 6005 A.
