4342 7459
696 1307 765 1370 nn.
786 1306 826 1371 n.
854 1306 931 1372 err.
954 1307 1209 1374 xvir-xviri.
1236 1306 1282 1393 §p
1304 1307 1449 1375 se-sc.
1696 1293 1732 1363 ²⁴

407 1477 530 1541 nitate?
560 1474 651 1559 quod
677 1475 761 1538 velle
791 1472 917 1541 efficere
946 1497 1011 1541 non
1043 1478 1210 1542 mediocris
1240 1480 1382 1542 insaniae
1404 1488 1463 1543 est.
1508 1479 1738 1544 Similitudines

408 1590 483 1635 vero
510 1576 567 1633 aut
593 1570 791 1651 geminorum
812 1580 869 1635 aut
889 1571 1052 1655 signorum
1074 1572 1180 1636 anulis
1202 1573 1417 1656 inpressorum
1439 1572 1605 1656 pueriliter
1626 1592 1739 1636 conse-

407 1669 542 1728 ctantur.
579 1662 659 1738 Quis
681 1664 767 1726 enim
788 1673 932 1729 nostrum
955 1665 1178 1730 similitudines
1200 1675 1293 1748 negat
1312 1687 1397 1739 esse,
1420 1687 1492 1730 cum
1514 1685 1571 1729 eae
1593 1666 1739 1748 plurimis

405 1760 443 1822 in
463 1758 557 1821 rebus
578 1761 777 1843 appareant?
809 1759 888 1833 Sed,
912 1759 938 1821 si
961 1760 1036 1822 satis
1058 1765 1108 1822 est
1128 1761 1168 1823 ad
1191 1760 1363 1823 tollendam
1386 1761 1601 1845 cognitionem
1623 1759 1740 1822 similia

406 1873 481 1917 esse
502 1851 601 1915 multa
622 1852 808 1926 multorum,
831 1873 887 1917 cur
908 1873 947 1916 eo
969 1873 1032 1915 non
1056 1854 1133 1917 estis
1155 1855 1312 1927 contenti,
1335 1854 1518 1938 praesertim
1539 1851 1761 1917 concedenti-o

406 1946 468 2013 bus
490 1946 605 2009 nobis?
627 1952 660 2008 et
681 1966 737 2008 cur
759 1945 791 2009 id
812 1947 919 2029 potius
941 1946 1148 2021 contenditis,
1171 1948 1256 2030 quod
1280 1968 1383 2011 rerum
1399 1957 1511 2011 natura
1525 1967 1590 2011 non
1611 1946 1738 2028 patitur,

406 2048 445 2106 ut
471 2060 538 2103 non
567 2060 626 2105 suo
649 2040 792 2123 quidque
819 2060 935 2124 genere
957 2042 999 2103 sit
1021 2040 1099 2113 tale,
1130 2042 1225 2124 quale
1247 2051 1311 2116 est,
1338 2063 1396 2105 nec
1419 2042 1514 2105 sitin
1537 2040 1662 2104 duobus
1684 2047 1740 2103 eut

405 2134 554 2221 pluribus
581 2133 670 2197 nulla
698 2154 733 2197 re
756 2135 904 2197 differens
927 2134 993 2197 ulla
1014 2137 1249 2198 communitas?
1277 2146 1313 2200 ut
1336 2132 1420 2221 [sibi]
1444 2137 1508 2200 sint
1528 2145 1560 2199 et
1581 2155 1639 2197 ova
1662 2153 1739 2196 ovo-

407 2251 480 2295 rum
511 2236 544 2293 et
570 2249 647 2312 apes
671 2228 778 2312 apium
801 2228 991 2292 simillimae.
1035 2229 1118 2305 Quid
1142 2250 1264 2313 pugnas
1288 2231 1406 2312 igitur‘i
1436 2238 1491 2294 aut
1513 2229 1589 2314 quid
1611 2227 1669 2290 tibi
1691 2226 1739 2289 vis

406 2328 443 2389 in
464 2323 624 2408 geminis?
658 2322 849 2386 Conceditur
870 2323 955 2386 enim
976 2322 1097 2386 similes
1120 2343 1204 2398 esse,
1228 2346 1292 2407 quo
1307 2330 1470 2388 contentus
1486 2344 1556 2387 esse
1570 2329 1777 2406 potuerastro

407 2428 444 2482 tu
470 2426 578 2482 autem
606 2417 656 2480 vis
686 2416 815 2480 eosdem
842 2416 937 2499 plane
964 2437 1051 2490 esso,
1081 2436 1146 2480 non
1169 2418 1305 2492 similes;
1334 2419 1418 2501 quod
1440 2418 1510 2481 lieri
1533 2417 1621 2481 nullo
1644 2413 1739 2479 modo

407 2519 522 2598 potest.
566 2510 618 2574 55.
646 2511 729 2574 Dein
759 2510 903 2592 coniugis
931 2512 971 2574 ad
999 2511 1146 2596 physicos
1176 2533 1249 2585 eos,
1279 2514 1333 2595 qui
1357 2515 1491 2576 maxime
1514 2513 1546 2574 in
1569 2509 1739 2573 Academia

405 2605 597 2680 inridentur,
619 2605 776 2688 aquibus
798 2625 839 2667 ne
854 2613 888 2668 tu
906 2606 1036 2688 quidem
1059 2606 1121 2668 iarn
1144 2614 1174 2668 te
1197 2607 1385 2669 abstinebis:
1409 2614 1441 2669 et
1462 2607 1509 2669 ais
1526 2604 1739 2668 Democritum

407 2700 531 2774 dicere,
560 2698 809 2763 innumerabiles
839 2719 909 2763 esse
937 2699 1089 2772 mundos,
1119 2700 1300 2782 etquidem
1323 2701 1368 2764 sic
1391 2699 1545 2783 quosdam
1566 2699 1649 2762 iuter
1669 2717 1740 2760 sese

407 2813 472 2857 non
495 2793 599 2856 solum
621 2792 755 2867 similes,
778 2794 834 2857 sed
858 2793 1000 2876 undique
1021 2793 1162 2875 perfecte
1184 2802 1216 2856 et
1230 2794 1374 2857 absolute
1393 2788 1459 2877 [ita]
1477 2813 1585 2875 pares,
1607 2800 1643 2855 ut
1657 2791 1777 2856 interit

408 2907 465 2951 eos
487 2887 569 2951 nibil
597 2907 728 2971 prorsus
753 2888 895 2961 intersit,
927 2884 971 2971 [et
992 2907 1047 2949 eos
1070 2886 1200 2968 quidem
1228 2882 1484 2969 innumerabiles]
1515 2887 1654 2969 itemque
1682 2884 1740 2947 ho·

409 2982 523 3044 mines.
559 2981 683 3045 Deinde
705 2981 846 3065 postulas
868 2990 919 3056 ut,
942 2983 969 3044 si
992 2980 1127 3044 mundus
1149 2982 1192 3043 ita
1208 2983 1248 3044 sit
1271 3001 1329 3063 pur
1342 2980 1433 3043 alteri
1449 2980 1584 3054 mundo,
1606 2987 1643 3042 ut
1657 2979 1741 3042 inter

407 3093 465 3139 cos
492 3094 534 3137 ne
562 3075 727 3138 minimum
758 3076 888 3158 quidem
918 3075 1055 3148 intersit,
1090 3075 1281 3138 concedatur
1309 3074 1382 3147 tibi,
1416 3082 1452 3136 ut
1473 3075 1505 3136 in
1528 3072 1590 3136 boo
1612 3091 1740 3156 quoque

407 3176 518 3232 nostro
541 3171 659 3234 mundo
682 3169 803 3253 aliquid
826 3170 919 3233 elicui
942 3170 987 3232 sic
1009 3168 1050 3231 sit
1074 3188 1147 3251 par,
1175 3176 1211 3231 ut
1231 3169 1309 3231 nibil
1332 3166 1473 3241 differat,
1505 3167 1582 3231 nibil
1605 3168 1741 3230 intersit.

408 3262 471 3326 Cur
499 3262 604 3338 enim,
632 3264 776 3348 inquies,
808 3284 849 3326 ex
879 3263 941 3326 illis
971 3261 1159 3335 individuis,
1191 3263 1277 3326 unde
1300 3264 1407 3326 omnia
1431 3261 1632 3325 Democritus
1654 3260 1778 3343 gignieo

407 3352 569 3431 adfirmat,
598 3357 631 3420 in
654 3356 788 3441 reliquis
817 3358 942 3420 mundis
965 3356 1114 3419 cliniis
1140 3357 1268 3439 quidem
1290 3355 1572 3420 innumerabilibus
1595 3355 1739 3416 innume·

409 3449 526 3512 rabiles
549 3448 658 3525 Quinti
681 3450 800 3513 Lutatii
823 3450 923 3514 Catuli
946 3471 1008 3513 non
1032 3450 1127 3514 modo
1149 3452 1274 3533 possint
1294 3471 1380 3524 esse,
1407 3450 1463 3513 sed
1486 3449 1583 3513 etiem
1605 3450 1685 3511 sint:
1707 3450 1741 3513 in

407 3542 469 3607 boc
492 3550 582 3607 tanto
605 3544 725 3608 mundo
748 3544 877 3607 Catulus
899 3545 979 3608 alter
1000 3564 1065 3607 non
1089 3545 1192 3627 possit
1212 3542 1318 3607 efficit

492 3637 609 3700 xvnt.
632 3634 684 3700 56.
706 3638 847 3701 Primum
869 3638 997 3721 quidem
1019 3658 1070 3701 me
1092 3639 1132 3701 ad
1154 3638 1368 3701 Democritum
1390 3657 1500 3712 voces,
1522 3637 1574 3700 cui
1596 3657 1663 3700 non
1687 3637 1742 3700 ed·

407 3732 529 3796 notior
556 3732 723 3815 potiusque
751 3730 861 3796 retello
892 3740 1020 3815 propter
1049 3732 1098 3806 id,
1129 3732 1216 3816 quod
1245 3732 1383 3795 dilucide
1412 3731 1584 3795 docetura
1613 3731 1778 3814 politio-so

407 3827 497 3890 ribus
526 3825 666 3910 physicis
696 3825 890 3908 singularum
918 3846 1022 3888 rerum
1052 3826 1192 3908 singulas
1222 3826 1431 3908 proprietates
1454 3846 1535 3890 esse.
1570 3827 1632 3888 Fac
1655 3825 1740 3888 euim

407 3921 558 4004 antiquos
578 3918 651 3982 illos
674 3919 839 3992 Servilios,
863 3920 918 4003 qui
941 3920 1058 4001 gemini
1081 3920 1227 3993 inerunt,
1251 3927 1312 3983 tam
1328 3919 1447 3983 similes
1463 3939 1558 4003 quam
1576 3919 1739 3982 dicuutur:

408 4034 485 4076 num
515 4032 628 4076 censes
650 4014 745 4076 etiam
769 4013 899 4077 eosdem
921 4012 1040 4078 luisset
1072 4016 1143 4078 Non
1166 4014 1435 4097 cognoscebantur
1456 4013 1551 4087 ioris,
1580 4020 1613 4077 at
1634 4013 1740 4089 domi;

474 4246 498 4292 t.
518 4243 620 4292 insonis
636 4248 671 4292 cst
689 4245 737 4292 ΑΒ
760 4271 793 4280 -
817 4245 842 4293 2.
862 4246 962 4293 annulis
982 4246 1002 4295 0
1029 4273 1055 4280 —
1083 4245 1107 4296 b.
1126 4247 1252 4295 simillimo
1275 4246 1317 4295 ed.
1338 4248 1407 4295 Crat.
1431 4272 1457 4280 -
1486 4246 1509 4296 6.
1526 4246 1613 4308 pocius
1628 4248 1654 4295 id
1672 4250 1691 4296 G
1711 4274 1737 4283 -

408 4321 432 4369 l.
452 4320 558 4381 pemque
573 4319 595 4368 A
608 4344 635 4353 -
654 4319 679 4366 in
697 4332 786 4380 psam
798 4319 904 4369 lamb:
924 4322 945 4369 si
964 4321 989 4369 in
1007 4321 1160 4371 addendum
1173 4325 1228 4380 est,
1247 4324 1308 4371 ente
1325 4335 1370 4369 suo
1387 4320 1506 4370 additum
1519 4318 1608 4371 malim
1620 4349 1653 4358 -
1669 4322 1741 4371 sitole

409 4395 439 4445 A¹
459 4421 485 4430 -
505 4406 550 4442 noc
567 4393 600 4443 C:
620 4398 666 4441 cut
684 4394 717 4453 E,
736 4399 757 4442 et
775 4395 871 4443 Davies
889 4420 916 4429 -
943 4396 968 4443 8.
987 4398 1099 4458 different
1117 4392 1148 4445 V¹
1164 4424 1196 4432 —
1219 4397 1289 4444 nobo
1306 4410 1394 4445 comni.
1415 4396 1524 4454 Lamb.;
1549 4400 1576 4446 st
1592 4412 1617 4445 v.
1637 4397 1741 4458 Madvig

409 4480 435 4531 p.
455 4465 504 4517 tbi
521 4479 581 4530 sqq.
610 4469 859 4518 ·Commemoretur
876 4469 1097 4521 Academicorum
1120 4473 1248 4521 sententio
1272 4474 1381 4534 reperiri
1400 4473 1532 4535 quaedam
1551 4474 1618 4522 odeo
1636 4472 1686 4522 sibi
1704 4472 1741 4520 si-

410 4542 493 4600 milia,
513 4546 542 4592 ut
559 4540 628 4592 nulla
647 4556 756 4606 prorsus
774 4548 834 4593 nota
853 4544 988 4598 uiuerent:
1009 4547 1075 4596 baec
1087 4550 1176 4596 autem
1189 4546 1331 4596 similitudo
1348 4547 1496 4611 appellatur
1507 4549 1577 4598 nulio
1588 4563 1615 4598 re
1626 4549 1742 4610 differens

409 4620 615 4685 munitm·
631 4644 646 4654 -
666 4620 717 4669 Una
736 4621 792 4667 erat
809 4620 949 4678 sententie,
968 4623 1064 4684 partim
1082 4622 1237 4672 affirmative
1256 4623 1351 4687 partim
1371 4626 1491 4686 negative
1504 4638 1640 4688 expressa,
1659 4637 1740 4687 quum

410 4697 435 4744 in
457 4696 530 4744 omui
553 4694 603 4743 bec
620 4693 797 4756 disputatione
819 4696 896 4744 Stoici
920 4696 1062 4746 tenendum
1087 4696 1211 4746 dicebaut
1231 4698 1450 4762 academicisque
1474 4698 1662 4762 opponebant:
1689 4698 1740 4746 Suo

409 4769 518 4829 quidqu
533 4781 623 4831 geum
638 4773 673 4818 ert
689 4769 752 4828 tote,
771 4771 844 4830 quob
859 4776 908 4828 est,
927 4785 971 4819 nec
988 4778 1022 4820 est
1039 4773 1064 4819 in
1082 4773 1176 4820 duobos
1192 4779 1236 4821 col
1250 4774 1364 4835 pluribus
1375 4775 1445 4822 nullo
1456 4788 1485 4822 rc
1496 4775 1610 4836 differens
1621 4772 1738 4835 qualitor.

411 4843 466 4892 iloc
483 4844 562 4905 igilur
578 4856 640 4893 cnm
658 4845 812 4905 negaretur,
835 4858 885 4893 una
904 4845 1026 4894 addenda
1045 4851 1103 4895 erat
1120 4848 1224 4908 negatio
1241 4849 1275 4898 nd
1293 4851 1374 4897 totam
1393 4849 1567 4898 conexionem
1586 4850 1738 4911 pertinens:

409 4931 496 4966 rem
513 4923 610 4967 notura
625 4932 675 4966 non
689 4919 801 4979 patitur,
827 4924 855 4967 ut
871 4934 921 4968 non
937 4934 981 4968 sao
998 4922 1106 4981 quidque
1123 4936 1212 4983 genere
1229 4926 1260 4972 sil
1276 4925 1340 4983 tole,
1368 4924 1441 4984 qualo
1457 4927 1504 4983 cst,
1532 4936 1576 4972 nec
1592 4923 1623 4970 sit
1641 4949 1668 4958 -
1687 4923 1741 4971 olla

409 4993 589 5053 multos,
613 4993 628 5041 i.
649 5006 672 5041 e.
693 5006 744 5042 non
762 4996 870 5056 potitur,
897 4997 925 5043 ut
944 4998 1072 5058 perpetua
1091 4995 1132 5045 illu
1152 4996 1207 5058 lex,
1232 5011 1301 5062 quoe
1318 4999 1385 5048 baec
1403 4998 1456 5046 duo
1474 4997 1671 5062 complectitur,
1690 4997 1741 5047 lol-

410 5066 503 5116 letum
524 5092 552 5103 -
575 5068 729 5116 commonito
745 5071 765 5117 Α
784 5094 811 5103 -
836 5076 864 5117 ot
880 5070 925 5117 sibi
942 5071 991 5118 sint
1008 5071 1071 5119 CE:
1097 5078 1124 5120 ul
1141 5073 1218 5136 igitur
1234 5076 1283 5122 sint
1300 5076 1334 5131 ῦς
1354 5075 1384 5122 At
1401 5074 1444 5121 tibi
1460 5075 1508 5122 sim
1526 5074 1633 5131 Lamb.;
1657 5073 1741 5130 Al,si

409 5144 459 5199 cis,
477 5143 527 5191 sut
545 5143 656 5202 [luviem
675 5150 702 5192 et
719 5143 762 5192 libi
778 5145 827 5193 sint
841 5145 943 5202 Christ;
963 5146 1048 5209 possis
1066 5149 1162 5198 ctiam:
1181 5149 1257 5199 etiam
1273 5150 1294 5199 si
1310 5150 1371 5205 sint;
1392 5150 1452 5209 †l¹t
1467 5149 1513 5197 sibi
1529 5150 1578 5197 sint
1596 5186 1602 5198 ,
1618 5186 1624 5198 .
1642 5148 1740 5198 similli-

1508 5228 1533 5265 se

409 5287 481 5324 noe:
499 5274 561 5337 qnid
576 5275 706 5338 pugnero
720 5302 747 5312 -
768 5277 808 5327 ⁴0.
826 5276 904 5326 simile
921 5291 972 5328 csse
988 5293 1019 5340 qo
1032 5280 1061 5329 Α1
1075 5305 1103 5314 -
1123 5281 1162 5330 ts.
1177 5281 1293 5331 deindeG
1308 5308 1335 5317 -
1356 5280 1396 5330 ll.
1409 5281 1475 5330 inter
1485 5281 1611 5342 esselilse
1622 5292 1657 5329 m.
1671 5281 1694 5340 2)
1710 5306 1736 5316 -

411 5352 449 5399 ts.
467 5352 506 5399 ito
523 5352 632 5400 auctore
650 5350 755 5401 Christo
773 5350 927 5401 inclusimus
945 5379 971 5389 —
993 5355 1032 5403 to.
1052 5359 1074 5403 et
1092 5368 1144 5405 orn.
1163 5358 1185 5405 V
1206 5385 1232 5394 -
1252 5370 1279 5406 eo
1297 5359 1316 5406 C
1337 5383 1365 5393 -
1384 5358 1483 5418 quidem
1500 5358 1533 5405 C:
1557 5368 1653 5416 qaoque
1670 5354 1689 5402 0
1707 5366 1740 5402 ex

411 5424 470 5474 eod.
488 5426 526 5474 St.
539 5423 623 5482 Vlcl.;
642 5439 718 5487 eoque
734 5428 925 5477 inumerabiles
941 5429 999 5478 item
1015 5429 1123 5479 nomines
1140 5433 1209 5480 coni.
1224 5433 1333 5489 Decies,
1353 5435 1444 5481 contre
1462 5432 1577 5481 blunutio
1593 5436 1617 5479 ct
1632 5443 1672 5479 eos
1683 5429 1741 5490 prii

411 5499 465 5548 den
481 5502 579 5549 inam
598 5498 730 5562 glossema
749 5501 860 5551 videtur.
875 5529 902 5538 -
923 5504 963 5552 t8.
981 5504 1012 5552 bo
1030 5510 1161 5565 quoquot
1178 5533 1204 5541 -
1223 5508 1264 5557 20.
1282 5520 1315 5555 ec
1332 5507 1380 5554 illis
1393 5508 1412 5556 C
1423 5507 1534 5556 EGrv:
1552 5518 1628 5567 quein
1644 5518 1676 5552 ce:
1693 5504 1741 5553 illis

412 5630 459 5681 bo
477 5657 505 5667 -
529 5631 571 5679 tr.
590 5632 621 5680 iis
637 5644 663 5680 r:
686 5632 770 5683 troc
791 5659 818 5669 -
841 5634 882 5682 2².
901 5634 943 5682 scd
960 5634 978 5682 D
997 5647 1065 5684 corr.
1086 5648 1117 5683 cx
1136 5640 1158 5684 et
1177 5662 1203 5670 -
1227 5635 1268 5684 23.
1287 5636 1360 5687 tanti
1377 5636 1406 5687 A¹
1426 5664 1452 5672 -
1476 5637 1517 5686 25.
1534 5636 1617 5698 polius
1638 5581 1692 5697 qod
1707 5633 1739 5694 V,

410 5708 491 5769 podas
507 5706 582 5768 quale
598 5708 632 5764 D,
655 5707 704 5756 sed
719 5709 803 5769 potius
820 5708 992 5759 obscuratum
1014 5712 1122 5772 propter
1140 5723 1259 5759 rasurum
1278 5715 1305 5761 et
1322 5712 1514 5762 correctionem
1534 5736 1561 5745 -
1579 5710 1663 5773 refello
1682 5708 1741 5757 ΨΒ

413 5783 469 5830 Gr:
487 5781 594 5841 relullor
610 5779 658 5844 ν’,
682 5783 795 5845 refellam
812 5783 876 5842 ΛΤ,
900 5785 996 5846 refellet
1013 5784 1052 5843 ΑΙ,
1069 5786 1146 5846 scitor
1163 5786 1180 5833 ll
1202 5812 1228 5822 -
1252 5794 1355 5850 propter
1371 5786 1492 5837 V²Grv:
1515 5790 1593 5849 potest
1609 5784 1659 5835 ΑΒ
1670 5781 1701 5830 V¹
1711 5785 1739 5842 Ε,

413 5869 479 5919 quae
497 5854 577 5906 lectio
595 5858 735 5922 archetypi
752 5872 849 5910 vereor
865 5863 893 5908 ut
911 5863 983 5909 recte
1003 5861 1027 5909 iu
1041 5865 1146 5922 propter
1163 5865 1282 5910 correcta
1301 5865 1342 5913 sit.
1359 5889 1384 5898 -
1404 5862 1445 5912 26.
1463 5855 1739 5925 superescripto.

414 5943 447 5980 tn.
465 5932 490 5981 2.
508 5956 543 5967 -
560 5931 602 5984 tr.
620 5934 725 5994 miquo
742 5933 826 5995 ΑΨ,
845 5936 927 5984 antico
944 5934 972 5983 13¹
991 5960 1019 5969 -
1038 5935 1080 5983 illo
1097 5933 1128 5982 V¹
1148 5962 1174 5971 —
1196 5936 1288 5985 similer
1302 5938 1377 6000 [uiue
1395 5936 1486 5987 Lemb.
1507 5964 1534 5973 -
1553 5935 1594 5988 28.
1613 5934 1741 6002 dignosce·

413 6005 502 6057 inter
518 6007 589 6059 coni.
608 6008 719 6072 nevies,
737 6009 827 6061 uem.
846 6008 966 6069 Walter3
985 6013 1012 6060 at
1028 6024 1053 6061 v.
1067 6010 1082 6076 ς
1094 6011 1135 6062 86.
1154 6037 1180 6047 -
1200 6013 1284 6063 odom
1300 6009 1379 6064 A¹V¹.
