4342 7459
453 1184 515 1251 7⁰2
990 1188 1044 1252 DE
1067 1188 1238 1256 osricus

452 1345 505 1421 ita,
527 1352 564 1409 ut
585 1344 816 1410 inliberalitatis
838 1346 1051 1431 avaritiaeque
1072 1349 1157 1413 absit
1179 1350 1326 1435 suspitio.
1359 1352 1457 1418 Posse
1478 1354 1563 1419 enim
1584 1355 1779 1422 liberalitate

451 1442 497 1504 uti
524 1460 590 1504 uon
617 1439 807 1524 spoliantem
835 1461 870 1504 se
898 1442 1089 1523 patrimonio
1117 1444 1263 1508 nimirum
1287 1452 1335 1509 est
1356 1447 1510 1528 pecuniae
1531 1447 1653 1513 fructus
1676 1451 1779 1514 maxi·

371 1535 376 1546 '
451 1558 531 1603 mus.
568 1536 663 1597 Recte
685 1533 779 1596 etiam
801 1553 819 1597 a
840 1533 1059 1617 Theophrasto
1081 1545 1131 1600 est
1152 1537 1278 1602 laudata
1299 1539 1506 1622 hospitalitas.
1543 1543 1601 1605 Est
1622 1543 1720 1618 enim,
1741 1553 1777 1608 nt

449 1630 527 1697 mibi
551 1627 679 1713 quidem
701 1627 840 1703 videtur,
864 1627 956 1691 valde
977 1628 1126 1693 decorum
1149 1639 1257 1713 patere
1280 1632 1392 1697 domus
1413 1636 1577 1699 hominnm
1592 1637 1776 1702 inlustrium

425 1719 628 1809 shospitihus
651 1720 834 1785 inlustribus
854 1721 953 1805 idque
976 1723 1071 1785 etiam
1094 1723 1308 1806 reipublicae
1332 1735 1380 1790 est
1402 1736 1606 1802 ornamento,
1627 1728 1775 1794 homines

448 1827 598 1884 externos
624 1816 686 1878 hoc
712 1813 910 1879 liberalitatis
932 1834 1047 1898 genere
1068 1817 1103 1879 in
1125 1817 1204 1881 urbe
1226 1827 1333 1883 nostra
1355 1840 1420 1884 non
1442 1841 1547 1904 egere.
1588 1822 1646 1885 Est
1666 1830 1774 1888 664614

449 1913 544 1978 eliam
565 1909 768 1973 vehementer
788 1908 866 1972 utile
887 1908 944 1983 iis,
973 1909 1028 1993 qui
1051 1908 1187 1974 honeste
1208 1931 1301 1993 posse
1323 1913 1456 1978 mullum
1476 1914 1608 1990 volunt,
1636 1936 1696 1998 per
1717 1918 1775 1982 bc·

448 2006 545 2090 spites
572 2001 656 2085 apud
686 2009 834 2064 externos
864 2001 1002 2084 populos
1030 2001 1135 2066 valere
1165 2004 1279 2087 opibus
1311 2015 1343 2070 et
1373 2007 1483 2090 gratia.
1534 2007 1775 2092 Theophrastus

449 2100 577 2185 quidem
605 2095 730 2167 scribit,
763 2094 924 2158 Cimonem
958 2090 1114 2180 [Athenis]
1144 2098 1238 2160 etiam
1267 2098 1300 2161 in
1330 2120 1406 2164 snos
1435 2101 1561 2165 curialis
1593 2099 1773 2188 [Laciadas]

410 2190 633 2277 inhospitalem
660 2187 776 2253 luisse:
805 2188 849 2252 ita
877 2188 959 2251 enim
982 2188 1157 2252 instituisse
1180 2197 1211 2253 et
1232 2188 1333 2255 vilicis
1355 2194 1577 2276 imperavisse,
1608 2203 1645 2259 nt
1666 2197 1774 2262 omnia

445 2287 672 2370 praeberentur
693 2282 885 2367 quicumque
907 2281 1057 2344 Laciades
1079 2282 1112 2346 in
1136 2282 1242 2346 villam
1265 2305 1352 2349 suam
1376 2286 1572 2352 devertisset.

530 2377 617 2442 xlx.
644 2374 695 2439 65.
719 2375 807 2449 Quae
828 2383 933 2438 autem
955 2394 1069 2459 opera,
1092 2396 1158 2438 non
1180 2374 1344 2459 largitione
1354 2378 1519 2445 beneficia
1542 2380 1674 2458 dantur,
1694 2383 1774 2450 haec

445 2483 511 2539 tum
545 2472 578 2534 in
610 2470 789 2534 universam
821 2488 888 2530 rem
921 2467 1077 2551 publicam
1109 2477 1175 2531 tum
1205 2469 1238 2532 in
1265 2472 1408 2554 singulos
1439 2475 1540 2562 cives
1555 2476 1772 2544 conferuntur.

444 2570 523 2631 Nam
545 2566 579 2630 in
600 2564 670 2627 iure
692 2581 813 2636 cavere,
835 2560 969 2625 oonsilio
991 2560 1100 2624 iuvare
1122 2570 1218 2646 atque
1239 2562 1300 2628 hoc
1320 2566 1470 2631 scientiae
1485 2588 1601 2651 genere
1615 2572 1771 2655 prodesse

407 2678 541 2744 isquam
563 2656 708 2743 plurimis
733 2655 935 2719 vehementer
955 2662 986 2717 et
1006 2655 1046 2717 ad
1070 2673 1147 2738 opes
1169 2657 1330 2737 augendas
1352 2658 1489 2741 pertinet
1511 2670 1544 2725 et
1562 2666 1602 2728 ad
1625 2666 1770 2748 gratiam.

442 2754 554 2836 Itaque
576 2770 648 2815 cum
669 2747 767 2813 multa
788 2749 948 2832 praeclara
970 2749 1123 2812 maiorum
1154 2756 1221 2811 tum
1251 2751 1334 2832 quod
1364 2752 1483 2835 optime
1505 2758 1670 2822 constituti
1691 2759 1770 2824 iuris

444 2846 546 2911 civilis
568 2863 691 2908 summo
714 2862 840 2925 semper
860 2844 893 2907 in
915 2841 1037 2905 honore
1058 2840 1120 2904 fuit
1142 2842 1279 2925 cognitio
1301 2851 1397 2927 atque
1419 2847 1652 2931 interpretatio:
1673 2872 1770 2935 quam

444 2938 572 3022 quidem
602 2945 675 3002 ante
702 2935 785 2999 hanc
815 2935 1033 3017 contusionem
1055 2943 1232 3020 temporum
1253 2935 1285 2999 iu
1307 2939 1511 3022 possessione
1533 2962 1590 3006 sua
1611 2946 1770 3028 principes

442 3033 657 3103 retinuerunt,
686 3048 787 3103 nunc,
814 3036 850 3092 ut
878 3031 1032 3103 honores,
1060 3036 1096 3093 ut
1123 3049 1232 3092 omnes
1261 3028 1422 3112 dignitatis
1444 3036 1577 3116 gradus,
1606 3038 1770 3103 sicharius

404 3127 594 3194 uiolentiae
616 3122 768 3208 splendor
790 3121 912 3185 deletus
935 3132 996 3196 est,
1017 3122 1116 3207 idque
1139 3143 1177 3186 eo
1199 3121 1376 3206 indignius,
1392 3126 1479 3209 quod
1494 3147 1533 3191 eo
1549 3136 1692 3212 tempore
1707 3131 1770 3197 boc

442 3220 589 3302 contigit,
619 3235 691 3281 cum
712 3217 740 3280 is
761 3224 862 3290 esset,
884 3217 939 3299 qui
961 3237 1070 3281 omnes
1094 3216 1290 3300 superiores,
1313 3218 1428 3300 quibus
1450 3219 1571 3286 honore
1594 3243 1653 3306 par
1673 3233 1769 3302 esset,

442 3315 573 3380 scientia
603 3311 696 3375 facile
726 3311 862 3374 vicisset.
906 3310 992 3373 Haec
1014 3311 1109 3393 igilur
1130 3329 1227 3392 opera
1249 3320 1337 3392 grata
1348 3313 1467 3376 «multis
1489 3324 1521 3379 et
1542 3316 1581 3379 ad
1602 3318 1769 3384 beneficiis

442 3404 683 3489 obstringendos
705 3403 851 3467 homines
873 3404 1119 3468 accommodata.
1168 3400 1219 3465 66.
1248 3405 1353 3487 Atque
1374 3405 1450 3469 huic
1472 3408 1531 3470 arti
1553 3406 1698 3476 finituma
1720 3420 1769 3478 est

440 3501 566 3565 dicendi
591 3492 738 3583 [gravior]
762 3496 893 3560 facultas
916 3505 948 3559 et
968 3497 1087 3579 gratior
1109 3505 1140 3559 et
1162 3496 1313 3559 ornatior.
1363 3498 1447 3574 Quid
1472 3502 1555 3563 enim
1578 3503 1765 3588 eloquentia

401 3592 660 3679 repraestabilius
682 3589 730 3652 sel
753 3589 961 3653 admiratione
983 3588 1179 3655 audientium
1201 3591 1251 3654 rel
1273 3611 1330 3673 spe
1352 3591 1562 3674 indigentium
1578 3595 1628 3659 vel
1644 3615 1767 3672 eorum,

440 3687 495 3770 qui
517 3683 640 3749 defensi
662 3691 751 3754 sunt,
773 3684 894 3766 gratia?
930 3683 1012 3746 Huic
1036 3704 1167 3767 quoque
1189 3703 1264 3765 ergo
1286 3704 1304 3747 a
1327 3686 1498 3749 maioribus
1521 3689 1639 3753 nostris
1661 3700 1712 3755 est
1732 3693 1765 3757 in

438 3787 512 3862 toga
534 3778 693 3860 dignitatis
715 3775 907 3860 principatus
929 3777 1031 3839 datus.
1074 3778 1190 3840 Diserti
1219 3777 1314 3859 igitur
1341 3777 1480 3843 hominis
1508 3788 1540 3843 et
1560 3780 1654 3847 facile
1676 3784 1768 3848 labo-

437 3873 536 3936 rantis
564 3869 714 3954 quodque
744 3870 776 3932 in
805 3869 912 3952 patriis
935 3877 982 3932 est
1004 3871 1145 3933 moribus
1168 3871 1340 3933 mullorum
1362 3892 1474 3936 causas
1496 3883 1528 3936 et
1549 3895 1615 3938 non
1636 3887 1766 3959 greum

438 3975 470 4030 et
491 3964 628 4047 gratuito
651 3961 850 4026 defendentis
872 3962 1025 4026 beneficia
1046 3971 1078 4026 et
1100 3964 1275 4046 patrocinia
1291 3964 1353 4028 late
1370 3973 1487 4049 patent.
1530 3965 1582 4030 67.
1604 3967 1766 4036 444446666-

400 4060 491 4130 sobet
518 4079 569 4121 me
598 4077 649 4119 res
677 4065 711 4119 ut
732 4057 790 4120 hoc
813 4076 942 4139 quoque
966 4058 1035 4120 loco
1058 4058 1322 4121 intermissionem
1345 4059 1566 4142 eloquentiae,
1594 4082 1635 4125 ne
1659 4061 1763 4128 dicam

436 4154 613 4226 interitum,
636 4150 850 4232 deplorarem,
879 4153 911 4212 ni
934 4171 1059 4213 vererer
1081 4173 1121 4213 ne
1144 4152 1183 4213 de
1206 4173 1255 4215 me
1279 4154 1346 4235 ipso
1369 4154 1490 4237 aliquid
1514 4156 1639 4219 viderer
1662 4161 1765 4241 queri.

438 4247 500 4310 Sed
523 4256 627 4310 tamen
651 4243 807 4316 videmus,
837 4244 954 4327 quibus
977 4246 1142 4307 exstinctis
1165 4247 1342 4309 oratoribus
1373 4266 1467 4329 quarn
1490 4250 1522 4311 in
1546 4251 1655 4330 paucis
1679 4273 1766 4336 spes,

439 4349 559 4425 quanto
583 4341 614 4401 in
637 4338 840 4421 paucioribus
864 4337 1007 4413 facultas,
1031 4358 1125 4422 quam
1148 4339 1180 4400 in
1204 4339 1310 4402 rnultis
1333 4340 1374 4402 sit
1388 4340 1528 4403 audacia.
1562 4342 1641 4406 Cum
1655 4354 1765 4409 autem

437 4454 548 4498 omnes
571 4432 796 4514 nonpossint,
827 4452 866 4494 ne
890 4431 979 4494 multi
1001 4432 1150 4514 quidem,
1180 4440 1235 4494 aut
1257 4432 1335 4495 iuris
1358 4433 1451 4516 periti
1473 4455 1542 4498 esse
1565 4443 1619 4498 aut
1640 4436 1764 4513 diserti,

398 4528 512 4598 aslicet
535 4535 638 4590 tamen
661 4544 757 4607 opera
779 4524 929 4608 prodesse
951 4526 1074 4597 multis,
1103 4521 1257 4587 benelicia
1284 4534 1459 4607 petentem,
1488 4532 1765 4596 commendantem

435 4620 609 4692 iudicibus,
631 4618 882 4701 magistratibus,
905 4617 1085 4699 vigilantem
1107 4637 1166 4700 pro
1187 4638 1221 4680 re
1244 4619 1394 4695 alterius,
1416 4640 1470 4684 eos
1492 4622 1597 4704 ipsos,
1627 4627 1683 4708 qui
1709 4635 1766 4690 aut

502 4847 525 4895 4.
544 4841 793 4903 inliberalilulibusp
813 4867 840 4876 -
859 4840 967 4901 asspicio
984 4840 1109 4891 Bllboo
1136 4866 1162 4875 —
1190 4842 1215 4891 2.
1233 4842 1387 4906 spolionup
1406 4869 1433 4879 -
1453 4845 1574 4894 ninsiruns
1589 4851 1624 4896 eil
1639 4850 1766 4908 pecunias

435 4922 548 4973 Baba:
571 4920 690 4968 nimirum
704 4919 825 4980 pecuniae
839 4921 875 4966 esi
894 4917 928 4973 ll;
950 4916 1069 4964 nimirum
1086 4915 1108 4963 is
1125 4920 1160 4965 est
1173 4918 1294 4977 pecuniae
1310 4930 1347 4978 po
1376 4944 1402 4953 —
1430 4917 1545 4969 3146646
1560 4933 1577 4968 6
1595 4920 1766 4984 Theophrasto

435 5023 449 5035 -
459 5024 473 5033 -
482 5001 569 5059 pulcre
585 4994 668 5042 domos
684 4994 810 5042 homiimm
827 4993 963 5040 illustrium
979 4990 1113 5053 hospitibus
1129 4991 1265 5041 illustribus
1286 4992 1436 5043 Laclantius
1454 4994 1516 5043 inst.
1536 4993 1588 5043 div.
1608 4996 1654 5055 vi,
1670 5000 1713 5049 44.
1732 5024 1763 5036 -

434 5071 459 5123 l.
478 5073 591 5120 6646666
611 5094 639 5104 -
658 5070 681 5117 b.
700 5067 836 5115 illustribus
852 5065 1017 5127 hospitibuso
1037 5092 1064 5100 -
1084 5065 1108 5113 6.
1126 5072 1214 5114 nostra
1230 5080 1275 5116 nos
1290 5081 1340 5115 non
1357 5068 1456 5130 eperip
1476 5093 1502 5103 -
1522 5068 1545 5117 ’4.
1564 5071 1641 5117 etiarn
1658 5084 1765 5136 omop

436 5174 463 5185 -
482 5142 940 5204 uiiuiis·-hospiiesapulom.n
966 5168 998 5178 -
1022 5141 1193 5202 hisBllsp‚
1215 5141 1294 5202 hijso
1323 5168 1348 5178 -
1378 5143 1401 5189 9.
1420 5154 1576 5202 sumonemo
1606 5172 1631 5181 -
1660 5147 1766 5197 Armis

433 5221 498 5274 secl.
518 5221 610 5270 lleine.
630 5245 657 5254 —
676 5217 780 5266 66646444
795 5229 825 5278 p:
843 5218 951 5266 66446466
968 5217 1010 5266 Co
1030 5242 1055 5251 -
1076 5215 1200 5263 Laciadas
1217 5214 1268 5264 dul.
1283 5228 1332 5263 ran
1345 5213 1397 5264 den
1409 5216 1452 5265 Es.
1473 5242 1499 5251 —
1524 5216 1564 5265 40.
1583 5218 1765 5272 uillicum

436 5326 462 5335 -
483 5298 582 5347 omnib
605 5320 632 5328 —
661 5295 702 5341 44.
719 5293 807 5340 uilium
823 5306 895 5340 suum
913 5294 946 5342 C:
966 5292 1042 5341 uillas
1058 5303 1118 5339 suus
1135 5290 1185 5340 alii.
1208 5318 1234 5327 —
1259 5292 1395 5339 disertissei
1413 5303 1500 5353 op-
1524 5291 1562 5342 44.
1581 5294 1609 5341 46
1626 5297 1713 5346 om.b
1733 5323 1763 5334 -

433 5378 508 5435 utque
524 5383 608 5431 om.p
628 5394 654 5404 -
676 5367 715 5416 48.
734 5367 907 5427 consessionem
924 5368 940 5416 b
956 5394 988 5403 -
1011 5367 1052 5416 nl.
1070 5380 1127 5415 curn
1143 5367 1181 5414 his
1196 5372 1256 5415 cssel
1273 5378 1303 5418 az
1322 5380 1378 5415 cum
1396 5368 1418 5415 is
1434 5367 1501 5416 estb
1522 5393 1543 5403 -
1567 5368 1611 5428 qui
1627 5381 1766 5419 ornnes--

429 5461 482 5511 por
497 5450 557 5495 esset
573 5443 662 5493 om.b
688 5467 715 5477 -
747 5443 786 5492 43.
805 5443 1008 5505 asirinpendosp
1038 5467 1065 5478 -
1096 5441 1137 5492 44.
1156 5442 1251 5490 dicendi
1273 5454 1327 5490 orn.
1346 5453 1383 5503 cp
1413 5466 1440 5476 -
1469 5442 1578 5503 lacubus
1597 5443 1764 5497 Lambinus:

432 5522 539 5586 prosim
554 5519 663 5581 suculas
680 5518 743 5580 Cpo
766 5544 798 5553 -
820 5518 919 5580 pratior
936 5531 1003 5566 corr.
1023 5515 1082 5565 ead.
1102 5528 1138 5564 m.
1158 5529 1189 5564 ex
1206 5517 1313 5578 pronior
1330 5516 1348 5564 B
1374 5543 1399 5551 --
1424 5516 1464 5565 46.
1484 5528 1580 5576 quoquc
1598 5517 1655 5578 Cp:
1676 5531 1733 5569 om.
1747 5534 1765 5571 ο

434 5625 462 5637 -
481 5611 541 5660 erpo
557 5606 640 5655 om.p
668 5620 694 5629 -
720 5593 747 5641 in
764 5598 825 5654 lopo
841 5593 969 5654 diphilalis
985 5603 1036 5653 cp:
1064 5592 1091 5638 in
1107 5597 1160 5639 4646
1176 5590 1304 5653 6466446446
1322 5590 1405 5649 ulio,
1431 5590 1458 5639 in
1475 5596 1527 5639 4646
1544 5591 1668 5653 4446644646
1690 5605 1709 5643 ι
1731 5619 1763 5632 -

431 5672 473 5723 27.
492 5672 589 5722 Diserti
606 5669 627 5718 ll
651 5694 677 5702 -
701 5667 842 5716 laborantes
859 5667 879 5716 ll
905 5693 930 5702 -
954 5666 995 5716 48.
1014 5666 1079 5726 quod
1096 5666 1139 5725 qui
1155 5666 1214 5715 inc
1240 5693 1265 5701 —
1290 5672 1324 5715 esi
1342 5679 1395 5715 om.
1409 5666 1429 5715 ll
1456 5689 1482 5701 -
1506 5668 1604 5728 prount
1621 5665 1643 5714 ll
1665 5691 1693 5703 -·
1718 5667 1764 5719 30.

430 5747 610 5798 4646666666
626 5744 642 5793 6
667 5770 692 5780 -
716 5744 814 5791 interm.
832 5754 889 5790 cum
906 5741 1045 5802 eloquentia
1062 5741 1168 5790 diccrrms
1185 5755 1201 5803 p
1229 5767 1255 5777 —
1283 5742 1323 5790 34.
1342 5754 1373 5791 ns
1388 5755 1428 5790 nse
1443 5743 1474 5792 ds
1489 5743 1543 5803 ipso
1561 5740 1596 5796 ll;
1615 5753 1656 5791 ine
1674 5743 1706 5792 (46
1722 5757 1766 5795 nra

430 5823 516 5885 lpsob
538 5846 564 5855 -
589 5820 674 5868 uidere
690 5817 811 5880 quaerib
835 5841 861 5852 —
888 5814 927 5866 34.
948 5829 1031 5864 omncs
1049 5815 1216 5879 (hominesllJ
1233 5818 1394 5879 nonpossint
1411 5817 1467 5878 Cp:
1492 5818 1657 5878 nonpossint
1675 5833 1766 5873 mas

431 5896 483 5948 elil.
503 5921 530 5932 -
553 5891 1155 5956 mnnhip-nurriiH-abprnrsp.
