4342 7459
450 1221 512 1289 500
982 1227 1089 1292 CATO
1110 1228 1241 1292 MAIOR
1327 1245 1331 1254 ’

450 1387 567 1451 levium
591 1393 657 1461 est,
687 1407 751 1451 nou
773 1387 925 1450 omnium.
967 1384 1019 1450 37.
1042 1387 1200 1463 Quattuor
1222 1389 1367 1453 robustos
1389 1388 1488 1463 lilios,
1517 1390 1660 1476 quinqua
1682 1388 1780 1469 obss,

450 1490 568 1546 tantam
591 1481 736 1556 domum,
766 1490 868 1545 tantas
898 1482 1060 1545 clientelas
1090 1483 1212 1565 Appius
1242 1482 1371 1565 regebat
1399 1493 1430 1548 et
1456 1503 1568 1549 casoro
1594 1493 1626 1549 et
1649 1505 1779 1564 senen

450 1577 607 1640 intentum
635 1576 720 1638 enim
750 1575 889 1637 animum
919 1583 1080 1657 tamquam
1108 1595 1214 1640 areum
1235 1576 1372 1641 habebat
1393 1598 1451 1641 nec
1473 1579 1683 1663 languescens
1703 1601 1780 1646 sue

450 1670 616 1735 cumbebat
637 1668 800 1732 senectuti.
845 1669 986 1731 Tenebat
1014 1687 1077 1732 non
1100 1669 1195 1733 modo
1217 1671 1454 1746 auctoritatem,
1477 1673 1533 1736 sed
1556 1673 1652 1737 etiam
1674 1674 1779 1759 impe-

426 1766 528 1828 srium
550 1766 583 1828 in
605 1783 700 1838 suos3
723 1762 906 1826 metuebant
920 1763 1017 1837 servi,
1033 1763 1221 1826 verebantur
1235 1764 1335 1839 liberi,
1351 1784 1456 1831 carum
1474 1785 1585 1830 omues
1599 1763 1777 1845 babebauts

448 1860 573 1941 rigebat
600 1860 632 1923 in
660 1857 714 1921 illa
741 1857 836 1920 domo
865 1876 932 1919 mos
954 1857 1073 1939 patrius
1096 1865 1129 1922 et
1150 1857 1328 1941 disciplina.
1373 1854 1427 1922 38.
1452 1860 1499 1924 lta
1520 1860 1606 1923 enim
1627 1869 1777 1927 senectus

447 1952 581 2017 honesta
603 1960 668 2025 est,
697 1951 725 2014 si
747 1971 781 2013 se
802 1950 871 2034 ipsa
893 1948 1051 2025 defendit,
1073 1951 1102 2014 si
1124 1952 1173 2015 ius
1196 1972 1287 2015 suum
1308 1954 1442 2027 retinet,
1464 1954 1492 2017 si
1514 1954 1632 2017 nemini
1655 1956 1777 2020 manci·

447 2056 520 2131 pata
549 2055 614 2121 est,
642 2046 670 2109 si
698 2064 800 2127 usque
827 2046 867 2108 ad
897 2044 1043 2106 ultimum
1072 2045 1220 2126 spiritum
1243 2044 1422 2111 dominatur
1443 2047 1476 2110 in
1499 2068 1584 2112 suos.
1627 2048 1669 2112 Ut
1688 2050 1774 2114 enim

448 2140 702 2215 adulescentem,
724 2138 758 2200 in
780 2158 844 2221 quo
867 2146 916 2201 est
936 2137 1037 2201 senile
1058 2138 1197 2222 aliquid,
1220 2139 1266 2202 sic
1288 2161 1414 2215 senem,
1436 2142 1469 2203 in
1491 2162 1557 2226 quo
1579 2150 1628 2206 est
1648 2141 1773 2227 aliquid

410 2233 676 2308 toadulescentis,
697 2233 818 2316 probo:
842 2232 927 2315 quod
944 2232 999 2314 qui
1014 2233 1158 2314 sequitur
1172 2253 1304 2316 corpore
1320 2254 1419 2297 senex
1434 2254 1504 2298 esse
1519 2236 1649 2318 poterit,
1663 2238 1772 2301 suimo

447 2348 618 2412 numquam
641 2329 710 2392 erit.
754 2325 914 2409 Septimus
945 2325 1019 2388 mibi
1048 2324 1128 2388 liber
1150 2326 1316 2408 Originum
1339 2337 1388 2391 est
1409 2329 1441 2391 in
1464 2329 1631 2405 manibusa
1664 2330 1773 2394 omnia

446 2422 643 2505 antiquitatis
665 2429 870 2504 monumenta
892 2419 1028 2501 colligo;
1061 2439 1227 2482 causarum
1249 2422 1448 2495 inlustrium,
1477 2441 1694 2507 quascumque
1715 2422 1773 2488 de·

445 2513 550 2589 fandi,
572 2536 657 2579 nuuc
679 2535 752 2578 cum
772 2514 909 2578 maxima
931 2513 1064 2577 conficio
1086 2516 1266 2590 orationes;
1297 2514 1347 2577 ius
1368 2534 1540 2598 augurum,
1562 2513 1772 2600 pontificium,

446 2609 538 2672 civile
560 2617 680 2685 tract03
703 2608 836 2672 multum
860 2606 953 2670 etiam
970 2606 1097 2670 Graecis
1120 2608 1233 2671 litteris
1247 2616 1320 2672 utor
1334 2608 1668 2694 Pythagoreorumque
1682 2630 1771 2676 more

408 2702 642 2769 tsexerce'ndae
663 2702 832 2765 memoriae
855 2701 970 2783 gratia,
1002 2700 1079 2784 quid
1101 2721 1230 2785 quoque
1253 2701 1304 2766 die
1328 2702 1480 2776 dixerim,
1502 2703 1674 2779 audierim,
1698 2723 1772 2788 ege·

444 2796 522 2870 rim,
545 2815 757 2860 commemoro
778 2796 912 2878 vesperi.
955 2789 1023 2857 Hae
1045 2803 1120 2857 sunt
1141 2796 1385 2859 exercitationes
1407 2795 1542 2877 ingenii,
1571 2795 1650 2861 brec
1671 2799 1771 2862 curri·

445 2891 516 2954 cula
538 2891 671 2967 mentis-3
694 2889 726 2953 iu
749 2889 800 2953 bis
822 2890 982 2952 desudans
1004 2896 1101 2971 atque
1124 2888 1289 2953 elaborans
1312 2890 1454 2973 eorporis
1472 2891 1555 2954 vires
1572 2910 1639 2954 non
1653 2911 1769 2975 magno

444 3003 542 3068 opero
564 2984 719 3049 desidero.
754 2982 874 3046 Adsum
895 2982 1016 3056 amicis,
1038 2983 1131 3045 venio
1154 2983 1188 3044 in
1209 2991 1352 3046 senatum
1374 2983 1524 3067 frequens
1546 2985 1692 3071 ultroque
1712 2985 1770 3053 ad·

441 3075 510 3141 fero
534 3098 583 3141 res
606 3078 738 3160 multum
760 3086 794 3141 et
815 3076 870 3140 diu
892 3076 1046 3159 cogitatas
1068 3096 1187 3158 easque
1209 3085 1301 3140 tueor
1321 3077 1434 3151 animi,
1455 3096 1521 3140 non
1536 3081 1678 3162 corporis
1692 3080 1769 3144 viri·

405 3172 512 3236 subus.
557 3174 643 3248 Quas
664 3173 691 3236 si
714 3172 832 3255 exequi
855 3172 1037 3255 nequirem,
1068 3178 1173 3233 tamen
1195 3191 1245 3233 me
1268 3171 1402 3235 lectulus
1424 3190 1515 3235 meus
1536 3172 1710 3238 oblectaret
1730 3191 1769 3238 aa

441 3268 511 3351 ipsa
533 3269 739 3350 cogitantem,
763 3285 845 3350 quae
867 3267 928 3329 iam
950 3283 1043 3346 agere
1066 3283 1131 3326 non
1152 3283 1295 3347 possem,
1323 3262 1379 3326 aed
1402 3272 1438 3327 ut
1460 3264 1578 3347 possim
1599 3265 1677 3331 iacit
1697 3276 1767 3331 acta

441 3364 514 3426 rita.
558 3363 690 3445 Semper
714 3360 798 3423 enim
826 3360 859 3421 in
886 3358 936 3422 bis
958 3357 1070 3420 studiis
1096 3356 1323 3440 laboribusque
1346 3357 1461 3421 viventi
1483 3377 1548 3420 non
1570 3358 1768 3444 intellegitur

440 3456 569 3539 quando
591 3455 722 3536 obrepat
742 3461 898 3517 senectus.
941 3454 989 3515 lta
1010 3452 1129 3514 sensim
1151 3452 1220 3515 sina
1243 3471 1337 3514 sensu
1360 3458 1447 3515 aetas
1469 3452 1607 3517 senescit
1632 3473 1692 3518 uec
1713 3473 1766 3518 su·

439 3549 507 3611 bito
527 3548 696 3631 frangitur,
719 3548 776 3610 sed
798 3546 1002 3610 diuturnitate
1025 3546 1229 3626 extinguitur.

402 3656 431 3704 at
525 3642 595 3704 llll.
627 3638 678 3703 39.
710 3640 859 3724 Sequitur
886 3639 978 3702 tertia
1005 3639 1194 3721 vituperatio
1226 3640 1418 3715 senectutis,
1452 3639 1537 3722 quod
1565 3659 1636 3703 eam
1659 3660 1766 3705 carere

342 3749 345 3756 '
440 3736 552 3800 dicunt
572 3734 797 3818 voluptatibus.
840 3732 1086 3817 Opraeclarum
1107 3752 1223 3797 munus
1246 3734 1376 3809 aetatis,
1406 3734 1434 3797 si
1456 3733 1584 3817 quidem
1606 3733 1640 3797 id
1661 3732 1767 3799 suiert

438 3830 580 3905 anobis,
602 3827 688 3913 quod
710 3829 812 3892 estin
833 3826 1049 3890 adulescentia
1072 3827 1322 3892 vitiosissimum.
1364 3828 1507 3910 Accipite
1529 3828 1629 3900 enim,
1653 3828 1766 3911 optimi

438 3924 674 3999 adulescentes,
700 3930 839 3986 ueterem
867 3921 1040 3984 orationem
1068 3922 1223 4005 Archytae
1246 3923 1423 3997 Tarentini,
1455 3923 1561 4006 magni
1590 3922 1623 3984 in
1653 3923 1765 4005 primis

438 4030 470 4085 et
492 4018 642 4104 praeclari
665 4016 741 4091 riri,
772 4035 853 4099 quae
876 4015 953 4078 mibi
974 4016 1089 4080 tradita
1111 4024 1175 4090 est,
1204 4036 1402 4080 cumessam
1425 4015 1611 4079 adulescens
1633 4016 1766 4080 Tarenti

400 4126 510 4178 tocuro
533 4113 571 4188 Q.
593 4112 741 4176 Maximo.
785 4110 907 4173 Nullam
931 4108 1147 4191 capitaliorem
1170 4118 1291 4191 pestem
1317 4128 1412 4192 quam
1435 4110 1627 4192 voluptatem
1651 4130 1765 4194 corpo-

437 4210 480 4271 ris
502 4207 683 4270 bomiuibus
705 4204 829 4267 dicebat
850 4224 868 4267 a
890 4211 999 4266 natura
1022 4202 1144 4277 datam,
1173 4206 1264 4266 ouius
1287 4204 1459 4285 voluptatis
1481 4203 1592 4266 avidae
1615 4203 1764 4267 libidines

436 4310 554 4364 temere
585 4309 616 4364 et
643 4299 801 4363 ecfrenato
828 4298 868 4360 ad
891 4298 1075 4379 potiendum
1098 4298 1313 4361 incitarentur.
1366 4294 1416 4359 to,
1440 4298 1522 4360 ilinc
1546 4298 1666 4379 patriae
1689 4318 1764 4382 pro·

437 4394 591 4469 ditiones,
614 4396 687 4457 binc
709 4414 812 4456 rerum
834 4391 1031 4474 publicarum
1054 4393 1251 4467 eversiones,
1280 4392 1353 4454 hinc
1375 4412 1445 4454 cum
1468 4392 1611 4454 hostibus
1633 4392 1764 4455 claude-

502 4603 524 4649 t.
543 4606 652 4662 qootuor
669 4599 762 4648 BlPS
786 4624 813 4634 -
838 4598 904 4661 filios
919 4602 1017 4646 tootum
1033 4598 1142 4659 qoioqus
1157 4599 1226 4648 BlP
1249 4624 1276 4634 -
1303 4599 1327 4648 3.
1346 4599 1645 4648 intentum--seoeetssti
1662 4597 1764 4649 Nonius

435 4690 461 4741 p.
475 4676 531 4734 329,
545 4676 577 4725 34
602 4702 628 4711 -
655 4675 777 4737 leogoras
793 4672 871 4722 codd.
890 4673 965 4722 Nouii
990 4696 1017 4708 -
1045 4672 1251 4723 sobeoosoeootll
1280 4701 1306 4709 -
1334 4672 1358 4723 l.
1376 4676 1531 4724 scoectotoP
1558 4698 1586 4709 -
1613 4675 1638 4724 o.
1657 4685 1762 4723 reuere-

435 4750 526 4800 buotor
542 4751 585 4800 ER
615 4776 639 4786 -
668 4748 805 4798 outosoot
822 4749 841 4797 R
861 4775 886 4783 -
913 4748 941 4796 io
957 4747 1003 4795 illo
1019 4750 1091 4797 doaso
1107 4762 1161 4798 mos
1178 4750 1237 4798 Eli:
1257 4748 1448 4798 loitluaoimua
1464 4749 1551 4799 Bll’S
1575 4774 1602 4783 —
1624 4748 1764 4810 potone

436 4852 463 4863 —
482 4831 505 4876 st
521 4839 574 4875 om.
589 4828 607 4876 P
631 4851 656 4860 -
682 4826 720 4874 lta
736 4825 802 4874 colos
818 4827 973 4873 senescau
985 4823 1129 4872 dominator
1145 4823 1244 4873 Nonius
1263 4823 1319 4882 too,
1331 4824 1361 4872 l‘t
1385 4850 1408 4859 -
1432 4824 1457 4872 ‘t.
1476 4822 1569 4873 oemiot
1586 4822 1603 4872 S
1621 4822 1647 4871 in
1664 4834 1762 4871 rasura

433 4900 527 4959 babet,
553 4902 628 4951 onita·
651 4902 709 4959 ΒΡ,
734 4901 755 4948 si
771 4913 839 4948 moos
855 4903 978 4961 occupato
995 4906 1029 4949 ost
1053 4900 1076 4956 l;
1108 4898 1202 4949 oemioi
1217 4898 1376 4958 emancipata
1393 4903 1429 4947 ost
1455 4898 1555 4947 Nonius
1586 4923 1613 4932 -
1643 4895 1667 4946 8.
1686 4896 1763 4958 spirl-

432 4981 485 5025 taso
500 4976 614 5025 ultimum
631 4978 650 5025 lt
671 5001 697 5013 —
716 4976 860 5025 dominatur
876 4975 902 5022 io
917 4976 982 5036 suos]
998 4976 1114 5024 ocodicot
1129 4975 1247 5023 iustuml
1269 4998 1293 5009 -
1314 4973 1337 5021 0.
1357 4972 1445 5035 aliquit
1462 4972 1537 5022 scails
1553 4978 1588 5023 ert
1605 4973 1632 5030 l,
1650 4976 1687 5021 sst
1703 4986 1760 5024 om.

432 5052 498 5101 0-
523 5051 618 5112 ailquid
635 5050 799 5112 (anleudol.)
817 5050 905 5099 omli
928 5076 954 5085 -
981 5051 1020 5100 40.
1039 5051 1169 5099 adolescere
1186 5050 1249 5098 tiss
1272 5061 1333 5098 cum
1355 5047 1448 5097 lacuna
1473 5049 1552 5097 trium
1573 5046 1710 5098 literarum
1730 5074 1759 5085 -

430 5127 583 5189 sequestrarit
602 5153 630 5161 —
655 5126 695 5174 ll.
713 5125 775 5174 liber
790 5126 917 5188 originum
934 5130 969 5175 est
986 5126 1110 5175 Etrus:
1130 5124 1192 5173 liber
1207 5130 1243 5173 cst
1260 5125 1388 5186 originum
1405 5125 1439 5182 ll,
1459 5123 1591 5185 Originum
1607 5122 1669 5172 libor
1686 5128 1722 5172 ast
1739 5122 1761 5172 0

434 5227 461 5237 -
480 5203 506 5250 io
524 5214 577 5250 our.
591 5201 633 5250 BS
653 5224 680 5236 -
701 5200 738 5248 ⁴2.
758 5201 909 5249 monimento
928 5201 985 5249 ets
1004 5225 1030 5234 —
1052 5200 1091 5249 lo.
1110 5213 1175 5247 oooc
1193 5212 1269 5261 qoam
1285 5199 1432 5249 meminsse
1452 5198 1760 5262 (sedSoomprooooc,

430 5277 456 5326 iu
474 5276 494 5325 E
512 5280 552 5326 est
569 5288 646 5337 quom
663 5286 721 5338 sup.
733 5272 786 5336 lin.)
806 5301 832 5309 -
857 5277 967 5324 rationes
982 5276 1012 5333 S,
1031 5274 1174 5324 rotiooisll
1196 5300 1221 5310 -
1245 5288 1373 5338 augurum
1391 5274 1530 5324 eules:
1553 5273 1691 5335 auguriosos
1709 5273 1760 5322 ll0

432 5375 460 5387 -
483 5352 628 5413 pontificum
646 5348 706 5398 nul
731 5374 758 5383 -
787 5348 825 5399 44.
845 5351 871 5398 io
887 5350 967 5413 grecis
982 5349 1071 5398 litteris
1089 5349 1122 5408 E,
1146 5348 1235 5397 litteris
1250 5349 1366 5412 grecislt
1393 5375 1418 5385 -
1442 5348 1704 5411 Pajllsoqoreonsmque
1720 5369 1760 5383 --

427 5426 640 5488 usapers'llonlus
657 5424 742 5482 ato
767 5450 792 5458 —
822 5426 861 5473 lo.
880 5437 977 5486 quoque
994 5425 1100 5473 BEPS:
1121 5437 1170 5484 quo
1188 5425 1222 5482 a,
1241 5437 1294 5472 ooo
1310 5424 1433 5485 quoquot
1459 5448 1486 5458 -
1512 5423 1550 5471 46.
1569 5421 1707 5484 uespcrsl'i
1729 5447 1757 5458 -

427 5501 522 5551 mooli
549 5527 575 5536 —
602 5499 841 5553 ltacsuotcorffll
866 5524 892 5533 -
923 5499 1171 5562 limoqooparsc
1197 5523 1224 5534 -
1252 5499 1291 5548 48.
1311 5499 1425 5548 ultrolt¹
1448 5525 1475 5534 -
1502 5497 1755 5559 acoemetus:

427 5589 493 5638 quoa
509 5577 580 5625 Elio
599 5601 626 5610 -
645 5587 684 5624 ms
700 5576 760 5637 post
776 5587 845 5622 meso
861 5572 942 5623 habet
958 5574 977 5630 1,
996 5578 1056 5637 post
1073 5573 1157 5623 oblect.
1179 5575 1207 5632 lt,
1226 5573 1275 5623 sed
1293 5575 1331 5624 sic
1349 5587 1400 5638 sup
1423 5572 1467 5623 lin.
1489 5599 1515 5609 -
1534 5584 1604 5621 meos
1619 5571 1706 5621 obieci.
1720 5572 1756 5621 C:

426 5650 511 5700 obieci.
523 5651 628 5700 mosao
648 5676 673 5685 -
697 5650 739 5698 il.
757 5662 807 5697 ooo
820 5661 921 5710 possam
936 5649 982 5698 BE
1002 5675 1027 5684 -
1051 5650 1092 5697 tt.
1112 5651 1178 5699 colos
1194 5661 1248 5698 orn.
1264 5651 1283 5699 E
1300 5677 1332 5686 -
1357 5650 1397 5699 23.
1417 5649 1519 5710 obrepat
1536 5650 1555 5697 P
1573 5660 1643 5696 corr.
1662 5660 1695 5697 ex
1712 5647 1758 5696 oo-

425 5728 509 5785 reptot
529 5752 553 5760 -
578 5726 618 5773 to.
636 5728 756 5783 sequatur
774 5720 824 5772 BS¹
843 5748 869 5758 —
895 5723 936 5771 27.
955 5736 972 5772 o
988 5721 1058 5770 oooo
1075 5723 1176 5774 lllPS:
1195 5722 1265 5771 oobis
1282 5724 1353 5773 Ello
1381 5751 1407 5760 -
1431 5723 1472 5773 28.
1492 5723 1655 5771 adolescentes
1670 5721 1759 5783 optiort

426 5799 565 5860 (optumis)
583 5800 625 5848 BS
645 5824 670 5833 -
691 5797 785 5846 mellite
802 5798 837 5848 lP
856 5822 883 5833 -
903 5797 943 5845 30.
962 5798 1075 5858 corporis
1090 5797 1243 5858 uoluptatem
1260 5800 1279 5848 0
1298 5824 1325 5833 -
1346 5799 1386 5848 34.
1406 5799 1545 5860 uoluptates
1562 5797 1580 5847 E
1601 5823 1627 5835 -
1646 5795 1759 5845 libidinis

425 5872 455 5921 ΕΙ
474 5898 500 5907 -
520 5872 837 5922 aoidoe--iocitoroolor
854 5871 988 5924 Charisius
1005 5884 1032 5935 p.
1047 5872 1153 5934 498,30
1172 5873 1200 5922 K.
1222 5900 1247 5911 -
1274 5873 1314 5924 32.
1332 5875 1479 5936 pollandum
1496 5873 1532 5922 10
1556 5895 1583 5907 -
1612 5870 1652 5921 33.
1668 5871 1758 5935 popo·

424 5947 551 5999 rumolt
570 5974 596 5984 —
615 5948 773 6013 ghodsstiao
788 5949 826 5998 ΡΙ.
1298 5968 1301 5974 ’
