4342 7459
438 1206 499 1273 ⁴52
608 1209 663 1274 llll
684 1208 802 1273 FINIB.
823 1207 915 1273 BON.
936 1209 989 1272 ΕΤ
1010 1209 1107 1274 ΜΑΙ..
1128 1210 1196 1273 Lus.
1211 1209 1265 1271 ΠΙ.
1288 1207 1364 1285 Gan.
1379 1205 1481 1271 xxlr.
1502 1201 1591 1289 §ld

437 1399 495 1443 rex
520 1397 614 1463 quam
640 1378 846 1462 Tarquinius,
875 1378 932 1460 qui
959 1398 1018 1441 nec
1047 1399 1081 1442 sc
1104 1398 1163 1442 nec
1184 1398 1259 1442 suos
1281 1397 1390 1460 regere
1412 1375 1531 1460 potuit,
1560 1376 1676 1439 rectius
1698 1395 1764 1438 ma·

437 1473 532 1556 gister
554 1472 662 1556 populi
684 1473 774 1535 -is
798 1471 881 1534 enim
905 1478 953 1535 est
975 1472 1172 1536 dictator-
1194 1491 1288 1555 quam
1310 1471 1413 1545 Sulla,
1442 1470 1498 1554 qui
1520 1471 1615 1534 trium
1637 1468 1765 1553 postile-

436 1585 543 1628 rorum
566 1565 730 1639 vitiorum,
762 1566 919 1641 luxuriae,
948 1566 1113 1641 avaritiae,
1137 1565 1330 1629 crudelitatis
1369 1566 1517 1647 magister
1542 1563 1619 1639 luit,
1646 1564 1764 1628 rectius

436 1659 524 1723 dives
547 1679 642 1741 quam
665 1658 813 1733 Crassus,
836 1660 909 1744 qui,
931 1659 994 1723 nisi
1017 1660 1168 1743 eguisset,
1191 1680 1363 1743 numquam
1378 1659 1561 1742 Euphraten
1583 1657 1670 1722 nulla
1687 1657 1764 1722 belli

412 1757 532 1816 lcausa
553 1752 688 1816 transire
710 1752 873 1817 voluisset
908 1756 1004 1818 Recte
1027 1755 1095 1817 eius
1118 1754 1223 1818 omnia
1248 1753 1408 1827 dicentur,
1439 1754 1496 1838 qni
1527 1753 1587 1817 scit
1606 1751 1655 1815 uti
1676 1752 1764 1815 solus

435 1848 598 1912 omnibus:
628 1854 713 1911 recte
735 1849 829 1912 etiam
851 1848 985 1930 pulcher
1005 1848 1231 1931 appellabitur;
1253 1848 1349 1912 animi
1373 1848 1458 1911 enim
1480 1848 1666 1911 liniamenta
1687 1854 1764 1911 sunt

435 1940 618 2025 pulchriora
640 1961 734 2027 quam
758 1942 917 2025 corporis:
946 1950 1031 2006 recte
1053 1942 1141 2005 solus
1164 1942 1244 2005 liber
1265 1963 1324 2006 nec
1346 1942 1555 2006 dominationi
1579 1940 1764 2023 cuiusquam

435 2055 548 2119 parens
577 2054 636 2098 nec
666 2036 839 2099 oboediens
870 2037 1051 2119 cupiditati:
1080 2045 1165 2099 recte
1186 2037 1341 2111 invictus,
1371 2036 1460 2099 cuius
1483 2036 1578 2100 etiam
1600 2035 1627 2099 si
1648 2056 1763 2118 corpus

435 2128 678 2210 constringatur,
701 2129 806 2192 animo
829 2137 935 2193 tamen
950 2129 1077 2193 vincula
1092 2129 1167 2192 inici
1184 2131 1271 2194 nulla
1286 2131 1420 2213 possint.
1453 2128 1504 2192 76.
1519 2131 1584 2194 Nec
1599 2138 1762 2213 exspectat

398 2222 536 2285 wallum
567 2230 691 2305 tempus
720 2223 847 2297 aetatis,
877 2231 915 2286 ut
940 2230 1007 2287 tum
1038 2223 1178 2307 denique
1200 2223 1357 2286 indicetur
1377 2223 1529 2287 beatusne
1551 2223 1663 2298 luerit,
1691 2244 1762 2287 cum

435 2324 612 2380 extremum
634 2317 717 2379 vitae
740 2316 824 2379 diem
846 2326 947 2382 mbrte
969 2317 1160 2392 coniecerit,
1183 2317 1268 2399 quod
1292 2318 1345 2381 ille
1370 2337 1452 2380 unus
1467 2338 1484 2380 c
1501 2325 1621 2401 septem
1637 2318 1763 2400 sapien·

436 2410 520 2472 tibus
550 2429 615 2471 non
644 2408 803 2491 sapienter
825 2410 974 2474 Croesum
1006 2410 1139 2473 monuit.
1179 2412 1258 2473 Nam
1285 2413 1311 2474 si
1335 2412 1445 2474 beatus
1466 2431 1616 2495 amquam
1638 2411 1762 2487 luisset,

435 2503 560 2565 beatam
593 2502 690 2566 vitam
723 2522 826 2585 usquc
858 2504 898 2567 ad
929 2504 1020 2567 illum
1052 2523 1072 2566 a
1102 2504 1183 2588 Cyro
1209 2513 1404 2569 exstructum
1431 2525 1543 2587 rogum
1571 2505 1761 2587 pertulisset.

437 2595 531 2671 Quod
553 2596 580 2659 si
603 2598 647 2658 ila
669 2603 733 2671 est,
754 2606 790 2660 ut
811 2617 915 2681 neque
936 2601 1105 2683 quisquam
1128 2599 1190 2662 nisi
1213 2598 1313 2661 bonus
1336 2598 1383 2661 vir
1404 2605 1436 2661 et
1457 2618 1565 2661 omncs
1586 2598 1662 2661 boni
1676 2597 1762 2661 beati

399 2700 427 2747 ⁴⁵
437 2689 516 2764 sint,
539 2689 615 2773 quid
637 2691 842 2776 philosophia
864 2693 962 2776 magis
984 2692 1153 2757 colendum
1177 2699 1232 2755 aut
1254 2691 1331 2776 quid
1354 2699 1402 2754 est
1422 2691 1538 2755 virtute
1559 2690 1719 2755 divinius?

499 2961 525 3013 2.
543 2960 573 3026 is]
590 2961 663 3010 bisl
683 2987 711 2998 -
734 2966 770 3011 est
786 2962 893 3013 dhtotor
909 2965 944 3013 A:
969 2964 1077 3012 dictator
1092 2967 1127 3012 cst
1143 2963 1197 3012 ΒΜ
1216 2989 1243 2999 -—
1267 2962 1332 3023 sylla
1348 2962 1397 3011 ΑΒ
1419 2990 1445 2999 -
1466 2960 1491 3012 l.
1509 2962 1644 3023 euphraten
1660 2963 1693 3012 A:
1716 2975 1762 3012 cas-

432 3036 516 3097 srctcu
532 3036 565 3094 B,
583 3036 736 3097 Euphratem
752 3038 806 3088 llO
826 3065 853 3075 -
872 3040 896 3089 5.
915 3041 982 3088 omni
998 3040 1138 3087 adicientur
1154 3038 1241 3088 BE-
1262 3038 1286 3087 6.
1305 3038 1452 3087 liniamento
1469 3040 1502 3087 G:
1521 3038 1650 3087 linimento
1666 3039 1702 3092 A:
1720 3038 1762 3086 lc-

433 3110 562 3159 oicmcotu
583 3110 646 3166 BE:
670 3112 820 3161 lineamenta
836 3113 860 3162 bl
870 3113 899 3163 0.
927 3113 965 3163 cf.
985 3113 1000 3175 5
1016 3114 1057 3163 ΕΩ.
1079 3139 1106 3149 -
1130 3114 1154 3163 7.
1173 3112 1292 3177 corporis]
1310 3111 1455 3175 corporibus
1470 3112 1520 3163 ΑΒ
1539 3138 1566 3148 -
1591 3112 1615 3164 8.
1633 3125 1678 3163 uec
1694 3114 1759 3163 AB:

433 3184 588 3246 nqueo-
607 3184 720 3235 obedienc
736 3186 814 3237 codd.
832 3188 929 3238 stato
949 3214 976 3224 -
995 3187 1020 3236 9.
1037 3188 1160 3238 ocelli:
1179 3187 1300 3248 Nequeo
1319 3214 1346 3223 -
1365 3192 1462 3249 expetet
1479 3188 1533 3250 (sict
1550 3187 1601 3238 BE
1620 3214 1648 3226 -
1674 3188 1714 3239 40.
1732 3193 1761 3238 ut

434 3258 495 3323 tun]
511 3260 741 3311 uirtuthB-
761 3260 800 3313 ll.
819 3263 906 3328 viret]
923 3264 1018 3313 iurctll
1035 3291 1062 3300 -
1081 3263 1294 3313 cmoisABE-
1315 3264 1355 3313 ta.
1374 3268 1418 3312 out
1434 3264 1551 3325 quodest
1568 3264 1657 3313 ΒΕ-
1676 3264 1709 3314 nt
1725 3263 1760 3314 sic

437 3340 473 3385 est
486 3335 545 3400 pais
560 3340 628 3398 toccu
644 3335 701 3385 libri
717 3336 748 3387 de
761 3336 851 3401 fluibus
867 3337 987 3388 bonorum
1003 3340 1168 3390 etmalorum
1184 3339 1264 3389 marci
1281 3340 1334 3400 talo
1351 3339 1470 3389 ciceroms
1485 3338 1514 3390 B.
