4342 7459
774 1264 844 1329 nn.
864 1262 905 1327 n
932 1258 1008 1328 cn.
1028 1262 1100 1327 xn.
1128 1258 1175 1347 ss
1197 1257 1346 1327 es-es.
1690 1256 1732 1327 44

407 1444 439 1501 et
457 1436 588 1521 propria
606 1439 693 1499 nola.
726 1432 820 1509 Quod
841 1439 891 1497 est
910 1432 1008 1516 igitur
1020 1432 1103 1495 istuc
1116 1439 1256 1496 vestrum
1269 1430 1458 1513 probabile?
1488 1432 1568 1495 Nam
1582 1433 1623 1508 si,
1645 1433 1733 1518 quod

407 1532 523 1615 cuique
545 1531 684 1593 occurrit
704 1534 736 1591 et
754 1526 858 1611 primo
880 1526 972 1610 quasi
994 1526 1147 1610 adspectu
1168 1524 1330 1609 probabile
1351 1524 1492 1601 videtur,
1514 1527 1547 1589 id
1569 1524 1733 1594 coufirma-

407 1634 470 1699 tur,
502 1623 581 1708 qaid
613 1626 651 1687 eo
682 1623 809 1686 leviusl
851 1617 904 1683 36.
927 1621 983 1683 Sin
1015 1641 1056 1683 ex
1085 1619 1369 1700 circumspectione
1398 1619 1506 1704 aliqua
1531 1628 1563 1684 et
1587 1631 1734 1687 accurata

407 1718 660 1783 consideratione
689 1715 777 1800 quod
807 1716 909 1779 visum
937 1715 995 1788 sit,
1023 1714 1056 1778 id
1082 1734 1117 1778 se
1139 1714 1246 1778 dicent
1267 1713 1378 1795 sequi,
1399 1720 1504 1776 tamen
1527 1718 1647 1780 exitum
1668 1737 1732 1781 non

406 1812 585 1886 habebunt,
615 1811 754 1893 primum
776 1810 854 1893 quia
881 1810 922 1872 iis
945 1808 1037 1884 visis,
1069 1809 1154 1871 inter
1174 1828 1257 1892 quae
1278 1806 1357 1870 nibil
1379 1806 1525 1884 interest,
1557 1811 1756 1895 aequaliters

407 1906 553 1971 omnibus
575 1904 747 1987 abrogatur
766 1899 863 1977 lides3
887 1902 1018 1976 deinde,
1041 1922 1113 1965 curn
1135 1902 1242 1964 dicant
1261 1921 1356 1985 posse
1378 1901 1522 1966 accidere
1536 1906 1672 1987 sapienti
1687 1912 1733 1981 ut,

407 2023 476 2066 cum
490 2001 599 2064 omnia
611 1998 723 2062 iecerit
737 1998 1046 2080 diligentissimeque
1064 1995 1332 2079 circumspexerit,
1354 1995 1487 2059 exsistat
1499 1997 1631 2081 aliquid,
1646 1999 1732 2083 quod

409 2105 439 2160 ct
458 2095 525 2158 veri
547 2094 651 2157 simile
674 2092 821 2155 rideatur
842 2100 875 2155 et
896 2091 978 2154 absit
998 2088 1183 2173 longissime
1204 2108 1223 2151 a
1242 2109 1334 2163 vero,
1356 2091 1438 2153 nesi
1453 2111 1597 2174 magnam
1613 2102 1734 2177 partem

409 2189 550 2273 quidem,
572 2195 609 2251 ut
631 2187 736 2250 solent
759 2185 882 2260 dicere,
904 2184 1075 2247 adrerum
1099 2184 1203 2265 ipsum
1225 2193 1279 2247 aut
1293 2203 1388 2268 quam
1409 2187 1555 2267 proxime
1574 2187 1735 2263 accedant,

409 2280 566 2347 confidere
595 2281 654 2344 sibi
674 2288 836 2363 poterunt.
879 2280 921 2342 Ut
942 2279 1026 2342 enim
1048 2278 1226 2353 confidant,
1253 2287 1364 2341 notum
1385 2279 1424 2342 iis
1447 2298 1516 2343 esse
1538 2280 1667 2344 debebit
1687 2282 1773 2347 into

410 2378 496 2461 signe
518 2375 604 2439 seri:
626 2394 692 2458 quo
708 2374 844 2437 obscuro
866 2380 898 2436 et
912 2391 1065 2455 oppresso
1083 2372 1170 2456 quod
1191 2373 1318 2435 tandem
1334 2392 1442 2437 verum
1464 2373 1524 2437 sibi
1546 2375 1739 2439 videbuntur

410 2472 586 2552 refingeret
624 2467 709 2543 Quid
731 2476 837 2530 autem
860 2476 924 2530 tam
945 2467 1082 2529 absurde
1105 2466 1168 2529 dici
1190 2475 1297 2548 potest
1312 2486 1408 2551 quarn
1423 2488 1495 2530 cum
1514 2468 1558 2531 ita
1572 2468 1736 2532 locuntur:

410 2574 457 2629 est
481 2563 542 2627 hoc
570 2560 700 2644 quidem
727 2560 814 2623 illius
835 2562 881 2624 rei
903 2560 1028 2642 signum
1049 2569 1105 2624 aut
1125 2566 1361 2643 argumentum,
1388 2566 1421 2623 et
1442 2581 1480 2624 ea
1500 2581 1535 2624 re
1555 2562 1588 2624 id
1610 2581 1737 2644 sequor,

410 2658 465 2722 sed
487 2654 554 2720 lieri
583 2662 691 2739 potest
718 2661 755 2718 ut
783 2655 834 2729 id,
862 2656 948 2737 quod
974 2654 1184 2738 significatur,
1217 2663 1271 2718 aut
1291 2654 1406 2719 falsum
1427 2657 1470 2720 sit
1490 2662 1547 2720 aut
1567 2656 1646 2719 nibil
1670 2652 1735 2740 [sit]

408 2752 547 2816 omnino.
590 2750 653 2813 Sed
685 2749 725 2812 ds
756 2749 961 2833 perceptione
993 2748 1156 2811 hactenns.
1198 2749 1232 2812 Si
1263 2749 1335 2830 quis
1357 2750 1442 2812 enirn
1464 2768 1518 2823 ea,
1549 2769 1631 2834 quae
1653 2752 1774 2818 dictato

409 2854 496 2919 sunt,
523 2843 714 2908 labelactare
741 2844 844 2918 volet,
875 2842 969 2906 lacile
1000 2844 1095 2907 etiam
1122 2841 1306 2907 absentibus
1336 2843 1428 2907 nobis
1456 2845 1573 2908 veritam
1601 2866 1637 2909 se
1667 2847 1737 2929 ipsa

409 2939 567 3004 defendet.

491 3033 563 3095 XII.
585 3028 637 3094 37.
663 3031 723 3095 His
752 3031 830 3095 satis
852 3030 1002 3114 cognitis,
1033 3050 1116 3115 quae
1137 3030 1199 3095 iam
1223 3032 1376 3116 explicata
1397 3039 1488 3108 sunt,
1515 3054 1601 3096 nunc
1622 3033 1661 3096 de
1683 3032 1739 3097 ad·

409 3127 557 3192 sensione
579 3133 677 3210 atque
698 3124 946 3208 adprobatione,
969 3145 1064 3209 quarn
1087 3125 1198 3188 Graeci
1221 3120 1470 3207 συγκατάθεσιν
1488 3134 1615 3201 vocant,
1636 3145 1738 3210 pauca

410 3221 565 3296 dicemus,
593 3240 659 3285 non
686 3240 751 3303 quo
778 3238 844 3282 non
872 3219 954 3283 latus
976 3220 1065 3283 locus
1095 3220 1152 3295 sit,
1182 3220 1237 3284 sed
1260 3219 1354 3302 paulo
1375 3229 1449 3283 ante
1471 3221 1551 3284 iacta
1573 3226 1647 3284 sunt
1666 3220 1775 3290 lun-so

410 3315 567 3380 damenta.
608 3316 688 3378 Nam
711 3332 784 3375 cum
805 3314 887 3387 rim,
910 3331 993 3395 quae
1015 3322 1101 3377 esset
1121 3313 1155 3376 in
1177 3314 1339 3387 sensibus,
1362 3312 1615 3396 explicemus,
1643 3312 1738 3377 simul

410 3410 487 3473 illud
511 3408 729 3493 aperiebatur,
760 3407 946 3489 comprendi
968 3407 1066 3470 multa
1089 3416 1121 3471 et
1141 3407 1261 3491 percipi
1283 3407 1447 3484 sensibus,
1469 3407 1556 3491 quod
1576 3407 1647 3471 fieri
1668 3410 1738 3473 sine

410 3504 599 3567 adsensione
620 3521 686 3565 non
708 3508 823 3583 potest.
858 3501 981 3565 Deinde
1004 3521 1075 3565 cum
1097 3502 1181 3564 inter
1201 3502 1376 3566 inanimum
1398 3511 1431 3566 et
1451 3502 1568 3566 animal
1590 3503 1651 3567 boc
1673 3522 1739 3567 ma·

410 3599 494 3660 xime
516 3597 657 3669 intersit,
679 3594 765 3676 quod
786 3593 902 3657 animal
924 3595 989 3678 agit
1010 3594 1132 3679 aliquid
1153 3628 1195 3643 -
1216 3595 1297 3659 nibil
1318 3597 1400 3659 enim
1422 3616 1520 3680 agens
1542 3616 1583 3661 ne
1604 3597 1738 3681 cogitari

412 3692 540 3775 quidem
561 3696 667 3774 potest
688 3688 782 3771 quale
803 3688 846 3752 sit
867 3710 925 3750 -ε
951 3697 1006 3752 aut
1032 3690 1061 3751 ei
1083 3709 1195 3753 sensus
1217 3690 1403 3754 adimendus
1425 3696 1550 3754 estant
1571 3710 1625 3767 ea,
1654 3712 1775 3776 quaere

410 3794 459 3849 est
487 3786 521 3848 in
547 3793 654 3849 nostra
680 3789 839 3865 potestate
866 3782 943 3857 sita,
972 3782 1135 3845 reddenda
1164 3784 1323 3847 adsensio.
1365 3780 1417 3847 38.
1446 3785 1487 3847 At
1516 3804 1591 3849 vero
1613 3786 1737 3850 animus

410 3879 549 3962 quodam
578 3876 675 3942 modo
702 3876 836 3959 eripitur
862 3877 915 3951 iis,
946 3897 1028 3959 quos
1050 3896 1156 3960 neque
1178 3877 1295 3941 sentire
1317 3897 1422 3961 neque
1443 3878 1595 3943 adsentiri
1617 3879 1738 3943 volunt.

409 3973 448 4035 lit
476 3972 564 4036 enim
591 3990 722 4035 necesse
744 3977 792 4033 est
820 3969 943 4033 lancem
966 3971 999 4033 in
1022 3970 1102 4034 libra
1126 3970 1318 4055 ponderibus
1340 3970 1488 4053 inpositis
1511 3973 1663 4056 deprimi,
1692 3976 1738 4039 sic

409 4066 549 4129 animum
578 4064 756 4149 perspicuis
782 4065 906 4127 cedere.
949 4066 1028 4127 Nam
1060 4085 1125 4147 quo
1155 4066 1250 4129 modo
1279 4084 1344 4128 non
1373 4073 1480 4148 potest
1500 4067 1615 4130 animal
1636 4069 1737 4133 ullum

410 4179 473 4222 non
495 4160 645 4242 adpetere
669 4159 718 4232 id,
746 4159 832 4242 quod
861 4159 1129 4223 accommodatum
1156 4160 1196 4222 ad
1225 4168 1369 4223 naturam
1391 4160 1544 4243 adpareat
1562 4194 1605 4209 -
1627 4164 1776 4231 Graecias

409 4252 442 4315 id
471 4249 591 4318 οἰκεῖον
618 4253 782 4337 appellant
802 4286 860 4331 -,
888 4255 936 4317 sic
964 4275 1027 4316 non
1053 4262 1157 4336 potest
1179 4254 1334 4317 obiectam
1363 4273 1430 4317 rem
1452 4258 1651 4339 perspicuam
1672 4277 1737 4321 non

410 4348 595 4431 adprobare.
632 4348 846 4430 Quamquam,
877 4348 904 4410 si
932 4348 1004 4422 illa,
1034 4348 1074 4410 de
1105 4347 1220 4430 quibus
1250 4349 1442 4431 disputatum
1466 4356 1529 4425 est,
1557 4370 1634 4414 rera
1655 4360 1738 4427 eunt,

411 4444 488 4505 nibil
510 4444 625 4507 attinet
646 4442 686 4505 de
709 4443 900 4507 adsensione
923 4444 1051 4505 omnino
1072 4442 1171 4524 loqui.
1209 4444 1273 4519 Qui
1296 4444 1379 4507 enim
1402 4444 1480 4527 quid
1502 4447 1653 4529 percipit,
1682 4449 1739 4511 ad-

411 4540 544 4601 sentitur
565 4538 680 4601 statim.
717 4536 780 4599 Sed
802 4537 880 4599 baec
899 4539 993 4599 etiam
1010 4545 1172 4612 secuntur,
1194 4558 1254 4601 nec
1269 4539 1450 4601 memoriam
1465 4540 1533 4601 sine
1548 4541 1737 4605 adsensione

412 4651 501 4714 posse
522 4639 669 4694 constare
690 4650 750 4693 nec
772 4631 903 4693 notitias
925 4651 1030 4694 rerum
1051 4652 1112 4694 nec
1127 4640 1228 4695 artes:
1250 4632 1366 4716 idque,
1390 4632 1477 4716 quod
1492 4634 1663 4698 maximum
1679 4645 1775 4713 estes

476 4895 499 4945 4.
518 4894 615 4955 Quidv
633 4895 660 4943 et
676 4893 772 4943 Davies
790 4919 817 4928 —
841 4892 967 4944 444444441
986 4921 1012 4931 -
1037 4894 1061 4943 3.
1081 4900 1179 4955 aspecto
1196 4889 1226 4942 B¹
1246 4919 1270 4932 -
1292 4888 1474 4943 3444431-
1494 4895 1617 4945 aisa:
1637 4897 1736 4960 isAV,

411 4969 445 5019 4444
461 4971 481 5020 0
499 4996 526 5006 -
550 4971 574 5019 4.
592 4971 772 5019 4444444444-
794 4970 818 5018 8.
837 4984 854 5018 c
872 4971 897 5020 in
916 4972 935 5020 C
953 4983 989 5020 m.
1009 4968 1104 5018 344441.
1124 4995 1151 5004 -
1174 4982 1206 5017 ne
1226 4969 1247 5017 44
1269 4968 1373 5031 Madvig
1396 4971 1434 5032 (p.
1454 4968 1501 5019 446
1518 4971 1602 5035 sqq.):
1630 4975 1651 5022 44
1668 4975 1688 5024 C
1709 5001 1736 5012 -

411 5040 712 5107 masapcrtellffl-
732 5044 756 5093 9.
776 5044 911 5108 cdlatV,
930 5047 1059 5094 4444444-
1079 5044 1309 5121 40.ρο44444444ι444
1330 5070 1355 5078 -
1375 5041 1503 5092 44444-
1523 5046 1648 5109 4444444
1664 5046 1734 5098 Λί-

411 5136 510 5186 obrem
527 5138 561 5186 C:
581 5135 712 5186 4444444444
728 5137 820 5187 Lemb.
840 5139 860 5188 0
878 5138 976 5199 (abnuo
992 5136 1109 5187 malebat
1126 5136 1229 5196 Davies)
1249 5161 1275 5170 -
1295 5135 1364 5197 obpr.
1383 5133 1414 5184 Αι
1430 5163 1463 5173 -
1480 5136 1526 5186 4444
1540 5151 1628 5189 comm
1645 5142 1695 5191 GO
1709 5169 1736 5178 -

412 5214 451 5263 43.
468 5214 581 5276 etiam
596 5212 628 5262 Αἱ
642 5239 668 5249 -
688 5212 728 5263 ll.
747 5215 778 5262 u't
795 5217 855 5277 post
871 5215 933 5263 444444
950 5215 976 5263 in
994 5216 1013 5263 ll
1032 5225 1091 5275 sup.
1106 5209 1149 5260 lin.
1164 5223 1200 5260 rn.
1213 5212 1238 5259 3.
1252 5237 1279 5246 -
1293 5210 1333 5259 46.
1352 5211 1487 5259 menibus
1502 5212 1572 5263 nobis
1587 5214 1696 5265 Wallrer
1709 5242 1736 5253 -

413 5288 451 5336 444.
469 5288 578 5349 septica
594 5286 638 5346 V¹;
662 5289 729 5351 ecpl.
751 5294 809 5338 444444
828 5301 881 5339 om.
901 5286 931 5339 ll¹
951 5315 978 5325 -
1002 5288 1144 5337 4344444444
1161 5287 1181 5334 V
1201 5310 1227 5319 -
1253 5284 1293 5332 49.
1311 5285 1486 5334 44444444444444444
1503 5288 1522 5337 C
1543 5315 1570 5324 -
1593 5291 1634 5340 30.
1653 5292 1737 5351 quon

412 5375 478 5412 corr.
496 5376 528 5412 er
546 5377 575 5412 co
594 5390 621 5400 -
640 5365 704 5414 444444
721 5366 784 5414 Β-
801 5365 842 5414 34.
861 5379 918 5413 cum
933 5365 1026 5423 uiaque
1043 5367 1103 5412 esset
1120 5360 1163 5421 13¹,
1181 5372 1286 5420 cumque
1302 5360 1392 5409 essctV
1407 5386 1433 5396 -
1453 5360 1493 5410 33.
1513 5363 1578 5412 inter
1593 5366 1737 5415 cnimumC

415 5465 440 5475 -·
458 5438 498 5489 34.
516 5440 583 5500 quod
602 5440 743 5487 inanimum
763 5439 824 5487 nibil
846 5440 912 5502 epit,
939 5439 1036 5487 animet
1053 5437 1070 5486 b
1090 5463 1116 5472 -
1143 5436 1251 5497 cogitari
1273 5434 1337 5483 Vin
1355 5447 1447 5484 rasura
1466 5435 1548 5486 habet
1568 5465 1595 5474 -
1613 5441 1655 5488 33.
1674 5452 1739 5501 quae

412 5528 460 5563 444444
475 5521 510 5566 444
526 5514 647 5572 Walter,
670 5519 699 5564 at
713 5529 739 5563 v.
757 5514 839 5565 lead.
857 5518 926 5578 post.
945 5516 969 5573 l,
990 5512 1004 5574 S
1022 5512 1067 5570 l0;
1087 5512 1174 5576 potius
1193 5508 1285 5560 malis:
1311 5524 1376 5572 quae
1392 5512 1423 5559 444
1439 5512 1466 5559 io
1482 5526 1507 5560 n.
1525 5525 1551 5572 p.
1571 5538 1603 5547 -
1619 5513 1660 5562 36.
1679 5514 1739 5562 red-

413 5590 491 5638 444444
506 5587 620 5640 A²n²vz
644 5590 754 5638 rodenda
776 5590 821 5650 ΑΙ,
844 5590 968 5639 credenda
984 5589 1004 5636 V
1022 5600 1091 5636 corr.
1111 5590 1170 5647 (pot.
1189 5588 1220 5635 tit
1237 5587 1380 5636 adredenda
1397 5587 1449 5649 B¹);
1472 5587 1580 5635 cedenda
1597 5588 1666 5638 coni.
1686 5588 1739 5637 lla-

413 5665 468 5712 4444
488 5690 513 5700 -
538 5664 575 5725 ct]
593 5668 617 5712 et
637 5660 707 5713 B¹V¹
726 5690 753 5700 -
777 5665 819 5714 27.
840 5665 872 5712 iis
891 5664 958 5713 BV:
982 5662 1029 5710 4444
1050 5665 1084 5721 Α,
1108 5661 1146 5709 bis
1167 5663 1187 5712 0
1206 5689 1232 5698 -
1258 5677 1319 5724 quos
1340 5663 1514 5713 sentireconi.
1534 5663 1668 5713 Christ-
1691 5664 1740 5713 nd-

413 5739 500 5788 44444444
516 5738 547 5789 Αι
566 5763 593 5776 -
612 5739 654 5789 33.
673 5738 765 5788 ibrum
780 5740 853 5798 BV‘,
872 5740 977 5788 liberum
993 5734 1024 5784 V¹
1044 5764 1071 5774 -
1090 5737 1130 5786 39.
1149 5750 1198 5786 aon
1215 5751 1270 5788 cnr.
1289 5739 1309 5786 V
1325 5763 1349 5776 -
1371 5738 1412 5787 30.
1430 5750 1536 5787 cccmus.
1555 5734 1586 5787 Αι
1599 5765 1625 5774 -
1645 5738 1686 5788 34.
1697 5752 1741 5789 oe-

412 5815 467 5862 des
482 5818 517 5873 Α,
535 5816 616 5864 oetion
633 5816 667 5873 B,
684 5816 770 5865 accim
785 5815 808 5864 V
826 5843 853 5852 -
869 5829 953 5878 persp.
972 5828 1022 5863 444444
1038 5812 1182 5875 adprobare
1197 5825 1250 5862 orn.
1270 5813 1290 5860 V
1307 5839 1341 5850 -
1358 5813 1398 5863 33.
1417 5813 1529 5861 4444444444
1545 5814 1577 5872 B,
1596 5813 1703 5863 4444444444
1716 5814 1740 5863 V

416 5914 441 5926 -
459 5890 528 5939 4444444·
547 5890 694 5953 laquies,
717 5890 767 5943 sed
786 5890 868 5942 babet
884 5892 903 5942 li
920 5891 989 5953 444444
1005 5891 1030 5940 in
1048 5901 1101 5939 ras.
1121 5889 1229 5952 4444444444
1246 5889 1299 5939 iam
1317 5887 1398 5939 habet
1414 5889 1435 5949 r)
1456 5910 1483 5925 -
1508 5887 1549 5938 tt.
1567 5888 1637 5938 444444
1652 5901 1740 5939 rotem

413 5975 456 6013 4444
471 5970 528 6017 arte
544 5965 602 6025 4444·
620 5966 657 6016 444.
