4342 7459
454 1230 515 1299 lid
740 1234 794 1298 DE
816 1233 972 1340 Ftrtteus
994 1235 1190 1302 BONORUbl
1211 1237 1264 1300 ET
1284 1238 1484 1305 MALORUM

453 1407 509 1473 sed
536 1427 590 1480 ea,
621 1423 703 1489 quae
733 1404 907 1468 secundum
936 1405 1038 1469 locum
1060 1409 1219 1490 optinent,
1248 1421 1451 1492 προηγμένα,
1480 1409 1513 1473 id
1536 1417 1585 1475 est
1606 1410 1771 1493 producta,

452 1503 671 1566 nominentur:
694 1518 776 1582 quae
798 1499 848 1562 vel
870 1499 913 1562 ita
934 1501 1131 1584 appellemus
1152 1535 1194 1548 -
1215 1502 1248 1565 id
1272 1504 1331 1566 erit
1352 1503 1482 1569 verbum
1505 1506 1637 1569 everbo
1657 1539 1700 1553 -
1721 1506 1772 1571 vel

452 1605 597 1681 promota
625 1603 657 1658 et
684 1600 804 1657 remota
833 1594 900 1669 vel,
926 1603 960 1658 ut
989 1595 1108 1659 dudum
1136 1597 1288 1673 diximus,
1316 1600 1495 1683 praeposita
1516 1600 1567 1664 vel
1593 1602 1772 1684 praecipua,

452 1700 483 1755 et
503 1691 558 1753 illa
578 1690 712 1765 reiecta;
733 1707 768 1750 re
791 1688 875 1751 enim
895 1689 1055 1753 intellecta
1076 1693 1110 1754 in
1124 1693 1292 1755 verborum
1307 1713 1367 1756 usu
1387 1694 1497 1757 faciles
1519 1714 1588 1758 esse
1608 1696 1773 1759 debemus.

425 1782 501 1846 ³53.
525 1785 680 1861 Quoniam
703 1792 807 1846 autem
830 1802 939 1857 omne,
970 1785 1055 1866 quod
1078 1793 1125 1848 est
1145 1786 1278 1861 bonum,
1306 1788 1442 1869 primum
1467 1788 1572 1852 locum
1595 1798 1703 1852 tenere
1725 1788 1774 1850 di·

451 1878 568 1953 cimus,
590 1897 719 1941 necesse
742 1884 791 1939 est
812 1897 871 1939 nec
892 1877 1010 1940 bonum
1032 1899 1102 1941 esse
1125 1900 1183 1943 nec
1206 1881 1322 1943 malum
1344 1882 1420 1957 hoc,
1448 1884 1534 1967 quod
1556 1883 1772 1967 praepositum

448 1972 500 2036 vel
521 1973 725 2057 praecipuum
747 1970 957 2034 nominamus.
1001 1972 1101 2055 quue
1122 1974 1167 2037 ita
1189 1973 1373 2049 definimus,
1405 1977 1491 2060 quod
1520 1978 1560 2041 sit
1587 1976 1772 2040 indifferens

448 2087 519 2130 cum
548 2066 766 2131 aestimatione
788 2063 956 2127 mediocri:
985 2066 1072 2147 quod
1094 2067 1178 2131 enim
1201 2068 1250 2130 illi
1272 2069 1462 2154 ἀδιάφορον
1484 2071 1609 2144 dicunt,
1638 2069 1672 2133 id
1694 2068 1771 2133 mibi

446 2160 491 2223 ita
523 2160 674 2235 occurrit,
707 2164 742 2221 ut
773 2157 956 2221 indifferens
989 2158 1144 2224 dicerem:
1178 2182 1283 2245 neque
1317 2164 1402 2227 enim
1434 2165 1515 2228 illud
1547 2162 1615 2228 heri
1646 2168 1771 2247 poterat

410 2256 512 2319 ttullo
533 2254 645 2330 mode,
673 2261 709 2315 ut
730 2249 809 2315 nibil
831 2250 1064 2336 relinqueretur
1084 2254 1118 2316 in
1140 2256 1268 2329 mediis,
1299 2258 1386 2341 quod
1407 2268 1463 2322 ant
1483 2259 1657 2322 secundum
1679 2265 1772 2322 natu-

445 2370 513 2414 ram
542 2356 626 2413 esset
653 2353 708 2410 aut
735 2354 859 2420 contra,
888 2365 964 2421 nec,
991 2367 1062 2410 curn
1092 2346 1125 2409 id
1154 2349 1401 2432 relinqueretur,
1430 2352 1511 2416 nihil
1537 2353 1571 2415 in
1598 2350 1649 2414 his
1681 2350 1771 2434 poni,

446 2442 534 2529 quod
555 2440 750 2507 aestimabile
783 2446 882 2515 esset,
918 2460 979 2503 nec
1009 2442 1072 2504 hoc
1104 2442 1207 2524 posito
1239 2463 1304 2507 non
1335 2445 1444 2528 aliqua
1476 2465 1545 2509 esse
1577 2445 1770 2529 praeposita.

444 2534 496 2600 bl.
518 2539 615 2602 Recte
637 2536 734 2618 igitur
753 2532 832 2596 haec
852 2533 934 2597 lacta
948 2533 1109 2598 distinctio
1125 2542 1182 2610 est,
1204 2542 1300 2619 atque
1320 2539 1414 2601 etiam
1431 2540 1471 2602 ab
1486 2540 1542 2614 iis,
1565 2559 1628 2623 que
1643 2539 1771 2602 facilius

443 2653 494 2697 res
516 2631 653 2717 perspici
675 2629 790 2713 possit,
817 2628 878 2692 hoc
899 2627 1001 2690 simile
1024 2628 1160 2710 ponitur.
1198 2628 1236 2693 Ut
1257 2630 1359 2705 enim,
1386 2631 1555 2716 inquiunt,
1577 2634 1605 2697 si
1627 2633 1687 2699 hoc
1709 2633 1773 2696 lin-

406 2729 553 2814 regamus
577 2745 647 2790 esse
669 2722 761 2807 quasi
782 2721 879 2783 finem
902 2728 933 2783 et
954 2721 1113 2795 ultimum,
1135 2720 1179 2784 ita
1201 2722 1304 2787 iacere
1326 2724 1440 2800 talum,
1461 2734 1498 2790 ut
1511 2733 1617 2790 rectus
1632 2727 1770 2800 assistat,

443 2824 565 2909 quiite
585 2820 668 2883 talus
690 2817 751 2881 erit
771 2816 884 2890 iactus,
914 2820 950 2877 ut
971 2815 1063 2877 cadat
1082 2822 1205 2889 rectus,
1233 2818 1447 2900 praepositum
1469 2819 1618 2902 quiddam
1640 2818 1772 2884 habebit

442 2915 618 2989 adfinem,
640 2912 696 2997 qui
718 2910 827 2982 aliter,
849 2917 977 2982 contra,
1000 2927 1103 2991 neque
1125 2918 1230 2972 tamen
1252 2909 1308 2973 illa
1329 2912 1523 2995 praepositio
1546 2913 1600 2976 tali
1621 2913 1662 2976 ad
1684 2932 1770 2986 eum,

441 3036 538 3100 quem
559 3010 643 3085 dixi,
670 3006 767 3068 finem
788 3002 977 3085 pertinebit:
1008 3005 1129 3078 sicea,
1161 3023 1242 3087 quae
1265 3012 1340 3068 sunt
1361 3006 1559 3089 praeposita,
1588 3005 1771 3070 referuntur

440 3109 497 3173 illa
529 3104 658 3190 quidem
687 3098 727 3162 ad
758 3097 873 3172 finem,
905 3096 962 3159 sed
992 3098 1032 3160 ad
1060 3098 1126 3162 eius
1155 3098 1216 3161 rim
1247 3106 1457 3183 naturamque
1485 3099 1566 3163 nihil
1596 3101 1769 3183 pertinent.

403 3201 492 3265 ²055,
515 3198 666 3283 Sequitur
691 3193 747 3257 illa
775 3190 905 3265 divisio,
933 3196 969 3254 ut
995 3191 1150 3255 bonorum
1172 3192 1235 3255 alia
1256 3194 1320 3256 sint
1340 3194 1381 3257 ad
1402 3193 1481 3257 illud
1501 3194 1649 3256 ultimum
1669 3194 1770 3276 perti·

440 3296 548 3361 nentia
568 3291 671 3354 -sic
692 3286 777 3351 eninr
798 3284 924 3367 appello
950 3303 1031 3367 quae
1053 3285 1163 3349 τελικά
1185 3286 1349 3350 dicuntur:
1371 3308 1445 3352 nam
1466 3286 1528 3351 hoc
1550 3288 1655 3369 ipsum
1676 3288 1768 3352 insti·

440 3400 579 3464 luamus,
599 3394 636 3449 nt
655 3381 791 3466 placuit,
812 3377 956 3461 pluribus
977 3379 1082 3442 verbis
1106 3379 1227 3454 dicere,
1249 3382 1336 3464 quod
1358 3403 1421 3445 uno
1437 3401 1503 3445 non
1523 3381 1711 3464 poterimus,
1733 3389 1769 3446 ut

439 3504 491 3547 res
514 3479 714 3560 intellegatur
734 3508 793 3549 —,
820 3472 883 3535 alia
904 3477 1010 3534 autem
1033 3470 1217 3549 efficientia,
1247 3494 1330 3558 quae
1360 3475 1472 3539 Graeci
1503 3474 1673 3552 ποιητικά,
1704 3475 1769 3558 alia

440 3585 620 3659 utrumque.
655 3573 702 3633 De
727 3566 958 3651 pertinentibus
984 3565 1063 3627 nihil
1086 3576 1135 3629 est
1155 3567 1273 3631 bonum
1294 3577 1420 3652 praeter
1440 3568 1580 3633 actiones
1603 3566 1767 3644 honestas,

401 3669 480 3733 ilde
502 3664 711 3732 efficientibus
732 3660 812 3723 nihil
832 3667 959 3743 praeter
979 3660 1130 3734 amicum,
1158 3662 1214 3724 sed
1237 3671 1268 3726 et
1289 3664 1501 3745 pertinentem
1524 3672 1555 3727 et
1577 3658 1767 3727 efficientem

441 3761 628 3847 sapientiam
656 3757 768 3821 volunt
795 3773 876 3817 esse.
917 3754 995 3816 Nam
1027 3753 1104 3836 quia
1124 3755 1280 3839 sapientia
1301 3765 1350 3820 est
1371 3758 1565 3821 conveniens
1587 3757 1688 3831 ectio,
1718 3764 1768 3821 est

439 3858 474 3921 in
506 3856 562 3920 illo
593 3850 764 3936 pertinenti
798 3866 928 3931 genere,
961 3847 1047 3929 quod
1075 3847 1159 3911 dixi:
1192 3850 1279 3931 quod
1308 3858 1413 3915 autem
1442 3850 1593 3915 honestae
1623 3850 1766 3915 actiones

440 3951 532 4015 affert
553 3957 585 4014 et
606 3945 719 4019 efficit,
742 3942 883 4007 efficiens
905 3940 968 4004 dici
989 3948 1105 4022 potest.

524 4042 623 4106 xvtl.
644 4038 697 4103 56.
717 4041 819 4113 Haeo,
841 4055 923 4121 quae
944 4035 1124 4119 praeposita
1146 4036 1296 4110 dicimus,
1324 4037 1440 4119 partim
1461 4043 1536 4101 sunt
1557 4054 1670 4119 perse
1692 4037 1764 4120 ipsa

404 4137 637 4223 ecpraeposita,
665 4133 779 4216 partim
809 4130 895 4215 quod
922 4128 1040 4212 aliquid
1063 4126 1218 4204 efficiunt,
1245 4130 1357 4212 partim
1380 4140 1547 4214 utrumque
1569 4150 1699 4213 perse,
1728 4138 1766 4195 ut

441 4232 570 4318 quidam
590 4229 717 4294 habitus
739 4227 803 4290 nris
825 4233 856 4288 et
877 4223 998 4295 vultus,
1027 4229 1063 4284 ut
1084 4229 1201 4297 status,
1230 4231 1266 4285 ut
1293 4233 1413 4299 motus,
1442 4223 1613 4308 inquibus
1636 4233 1711 4290 sunt
1733 4232 1766 4289 et

440 4322 662 4411 praeponenda
690 4320 846 4405 quaedam
868 4325 899 4380 et
922 4315 1100 4392 reicienda3
1128 4317 1191 4380 alia
1211 4316 1251 4381 ob
1274 4336 1343 4380 eam
1365 4340 1432 4382 rem
1453 4320 1634 4401 praeposita
1656 4319 1766 4383 dicen·

440 4426 508 4493 tur,
538 4416 624 4501 qued
646 4435 687 4477 ex
708 4433 743 4477 se
763 4412 884 4497 aliquid
906 4405 1058 4479 efficiant,
1088 4416 1124 4473 ut
1143 4410 1296 4494 pecunia;
1322 4411 1386 4474 alia
1407 4418 1511 4476 autem
1533 4411 1575 4474 ob
1597 4420 1765 4497 utramque

440 4530 523 4588 rem,
553 4520 589 4575 ut
613 4510 729 4592 integri
758 4527 885 4580 sensus,
915 4511 951 4568 ut
977 4501 1062 4564 bona
1088 4502 1248 4568 valetudo.
1291 4500 1342 4566 57.
1365 4505 1412 4567 De
1438 4505 1524 4568 bona
1553 4513 1660 4570 autem
1680 4505 1765 4570 lama

405 4624 483 4671 ee-
505 4624 600 4689 quam
627 4603 712 4666 enim
741 4599 903 4684 appellant
927 4596 1076 4670 εὐδοξίαν
1105 4596 1209 4679 aptius
1240 4604 1289 4661 est
1314 4598 1431 4662 bonam
1460 4598 1575 4662 lamam
1603 4600 1665 4664 hoc
1691 4599 1766 4663 loco

442 4698 601 4780 appellare
629 4716 725 4780 quam
754 4694 886 4777 gloriam
914 4725 971 4766 -,
1004 4687 1201 4773 Chrysippus
1230 4691 1360 4774 quidem
1391 4701 1422 4757 ct
1445 4692 1603 4776 Diogenes
1625 4695 1768 4758 detracta

442 4791 577 4855 utilitate
598 4810 639 4853 ne
662 4789 794 4872 digitum
819 4786 948 4871 quidem
970 4784 1039 4848 eius
1061 4804 1158 4850 causa
1178 4785 1404 4870 porrigendum
1422 4807 1492 4851 esse
1508 4786 1671 4862 dicebant,
1695 4787 1767 4872 qui·

508 5091 533 5141 Β.
550 5089 591 5140 uel
605 5087 790 5149 utlncnatut)
803 5085 955 5136 etiamE-
968 5083 993 5136 l.
1005 5085 1164 5136 reiecteh-
1178 5084 1426 5149 c.proporttumte
1441 5111 1468 5121 -
1482 5086 1506 5136 7.
1518 5085 1676 5151 seduth-
1689 5086 1768 5149 quue

442 5165 577 5217 mune:
595 5162 792 5227 Ithaetdo-
805 5162 829 5212 9.
842 5167 870 5211 ut
886 5159 948 5224 tort]
961 5162 998 5210 cit
1012 5160 1064 5211 lod.
1077 5163 1099 5210 Α
1113 5185 1140 5196 -
1154 5161 1194 5210 tt.
1208 5161 1318 5222 occet:
1333 5160 1559 5222 ccodscttthlO
1573 5187 1600 5198 -
1613 5161 1767 5216 cenenu-

443 5239 687 5297 tius:essetAB1);
705 5235 1767 5301 merto-te.tce1ttee—ctrttnctt01ceflnct01)-teteeere-tteot

442 5317 529 5377 aliter,
553 5313 650 5377 rooba]
672 5312 780 5375 quatita
799 5312 842 5374 qai
858 5316 947 5361 contra
963 5313 1000 5370 Α;
1023 5310 1067 5372 qut
1082 5309 1157 5360 aliter
1173 5311 1216 5373 qut
1232 5316 1321 5361 contre
1336 5311 1387 5361 BE
1406 5338 1433 5346 -
1458 5311 1498 5361 ta.
1515 5312 1627 5376 referunt
1642 5310 1688 5361 illc
1705 5312 1767 5375 qctd

441 5398 477 5443 est
492 5391 527 5440 cd
543 5390 562 5441 Β
581 5414 608 5425 -
627 5389 668 5438 tt.
687 5400 751 5450 quea
767 5387 843 5437 celica
859 5388 884 5436 d.
902 5387 951 5437 ΑΒ
970 5411 997 5421 -
1018 5386 1059 5436 22.
1077 5399 1129 5435 uno
1145 5399 1199 5436 om.
1217 5388 1267 5438 ΑΒ
1286 5413 1313 5424 -
1332 5386 1373 5437 ΒΒ.
1392 5389 1484 5450 cutem}
1501 5401 1567 5438 nunc
1583 5389 1602 5439 Β
1621 5412 1648 5425 -
1664 5388 1766 5451 poetica

441 5466 492 5518 ΑΒ
510 5492 538 5503 -
556 5465 597 5514 tt.
616 5462 645 5513 de
661 5460 826 5533 stridentibus]
844 5460 1045 5526 defitientibus
1062 5485 1089 5495 -
1109 5459 1150 5511 26.
1167 5461 1323 5524 septentiam]
1341 5463 1476 5525 replentem
1492 5464 1541 5514 te
1560 5488 1588 5498 -
1607 5462 1648 5513 27.
1666 5463 1694 5513 ia
1710 5463 1766 5513 Da-

441 5540 538 5590 visius:
561 5550 619 5588 crea
635 5534 714 5588 codd.
733 5535 814 5596 dctt.;
837 5548 891 5585 om.
910 5535 989 5585 ΑΒΟ
1007 5560 1033 5569 -
1056 5534 1097 5583 28.
1115 5534 1201 5597 effictt,
1220 5535 1326 5599 efficiens
1341 5549 1404 5586 nos:
1427 5536 1502 5601 efficit
1517 5536 1543 5586 tc
1559 5536 1667 5605 efficient
1683 5535 1764 5589 code.

442 5615 470 5665 et
486 5614 521 5672 0;
544 5605 636 5677 ecfici't,
662 5610 705 5676 [td]
722 5611 831 5674 esseae
848 5611 887 5667 bt;
909 5609 996 5673 elficit,
1020 5610 1074 5659 ideo
1096 5609 1202 5673 efficiens
1218 5609 1360 5661 Lambinus
1379 5636 1407 5647 -
1430 5610 1472 5662 31.
1490 5611 1601 5677 quidam]
1618 5611 1679 5675 qula
1695 5612 1715 5662 B
1735 5637 1764 5648 ·-

440 5688 521 5739 cottus
536 5693 615 5738 stctrsr
630 5693 653 5738 et
668 5691 750 5736 motus
766 5686 785 5734 B
804 5710 832 5719 —
849 5689 906 5734 saort
922 5690 944 5735 et
958 5685 1074 5746 ponende
1090 5687 1126 5741 Α;
1145 5689 1167 5734 et
1182 5685 1358 5747 praeponendo
1374 5691 1431 5735 suet
1446 5685 1495 5737 ΒΕ
1513 5711 1541 5722 -
1560 5686 1601 5738 33.
1620 5690 1705 5739 cutem
1721 5684 1767 5735 cb-

441 5759 1019 5825 ratcmqeer.A—3l.ctb.]etb.E-
1044 5758 1767 5826 bonchrrteercD-catemleeth-bb.boacm

440 5837 538 5901 famem
552 5837 598 5886 hcc
614 5836 667 5887 loco
683 5837 747 5887 AB:
770 5835 815 5884 boc
831 5835 883 5884 lece
900 5834 990 5884 bonam
1005 5835 1104 5899 samem
1120 5836 1173 5885 blo
1192 5861 1219 5871 -
1242 5835 1283 5888 36.
1301 5837 1442 5890 ceecemta
1458 5838 1604 5904 (detractate
1619 5837 1649 5903 Ε)
1667 5836 1768 5901 quidem

440 5928 611 5981 coemes
629 5955 657 5967 -
680 5928 721 5981 er.
738 5928 928 5980 mauce:
951 5923 1050 5993 repro
1066 5909 1106 5992 ἴα)
1123 5927 1153 5978 e.
