4342 7459
650 1240 759 1304 nnn
788 1241 1213 1305 cmxxxru-xxxrv.
1240 1236 1491 1324 §star-raa.
1667 1238 1730 1305 cra

408 1398 449 1464 ad
469 1408 600 1465 naturae
622 1420 699 1464 suae
719 1420 786 1465 non
807 1402 1063 1484 vitiosaegenus
1085 1399 1251 1465 consilium
1273 1399 1401 1464 rirendi
1430 1419 1523 1464 omne
1551 1399 1730 1475 contulerit,

407 1495 435 1557 ia
456 1494 666 1558 constantiam
686 1502 856 1558 teneat-
879 1494 910 1557 id
933 1496 1017 1558 enim
1039 1497 1177 1558 maxime
1199 1494 1290 1559 decet
1310 1529 1369 1571 -,
1398 1496 1457 1558 nisi
1478 1493 1559 1557 lorte
1580 1514 1616 1558 se
1637 1493 1731 1557 intel·

406 1588 521 1652 lexerit
550 1608 670 1652 errasse
697 1588 730 1651 in
758 1588 926 1672 deligendo
956 1609 1071 1672 genere
1095 1590 1186 1653 vitae.
1229 1588 1324 1664 Quod
1346 1589 1373 1652 si
1395 1588 1545 1653 acciderit
1565 1625 1606 1640 -
1625 1597 1731 1673 potest

406 1690 512 1745 autern
533 1681 677 1745 accidere
697 1716 757 1757 -,
784 1682 931 1746 iacienda
952 1703 1074 1747 morum
1097 1682 1377 1767 institutorumque
1400 1684 1531 1746 mutatio
1552 1689 1609 1746 est.
1639 1683 1729 1745 ·Eam

406 1775 613 1845 mutationem
641 1777 669 1839 si
698 1784 841 1860 tempora
869 1777 1081 1852 adiurabunt,
1114 1774 1239 1840 facilius
1270 1777 1531 1857 commodiusque
1559 1775 1753 1839 faciemuszr

406 1870 455 1932 ain
479 1870 594 1943 minua,
616 1871 732 1934 sensim
755 1873 815 1935 erit
836 1871 1123 1955 pedetemptimque
1145 1870 1301 1945 facienda,
1322 1879 1357 1934 ut
1377 1870 1547 1944 amicitias,
1568 1889 1651 1954 quaa
1673 1869 1731 1934 mi·

406 1982 466 2027 nus
488 1962 648 2028 delectent
669 1972 701 2027 et
721 1965 826 2029 minus
848 1965 1039 2048 probentur,
1068 1964 1169 2047 magis
1190 1964 1304 2028 decere
1326 1971 1459 2028 censent
1477 1965 1637 2047 sapientes
1658 1983 1730 2027 sen-

407 2058 465 2120 sim
494 2057 617 2121 diluere
646 2076 742 2142 quam
771 2068 901 2143 repente
928 2058 1122 2143 praecidere.
1171 2053 1243 2121 lSl.
1270 2058 1466 2122 Commutato
1486 2065 1592 2122 autem
1614 2077 1730 2140 genere

408 2150 490 2215 vitae
512 2151 599 2216 omni
621 2152 745 2215 ratione
766 2152 940 2217 curandum
962 2161 1011 2217 est
1040 2161 1075 2216 ut
1103 2152 1136 2215 id
1157 2152 1242 2217 bono
1264 2152 1399 2216 consilio
1420 2150 1535 2216 fecisse
1556 2150 1729 2214 videamur.

407 2243 489 2318 Sed,
517 2243 668 2327 quoniam
697 2245 793 2328 paulo
821 2247 1032 2311 antedictum
1056 2255 1106 2310 est
1125 2247 1296 2310 imitandos
1318 2241 1389 2311 esse
1410 2245 1564 2320 maiores,
1593 2245 1730 2328 primum
1739 2260 1768 2307 to

406 2337 486 2401 illud
509 2346 678 2420 exceptum
699 2339 758 2413 sit,
781 2359 821 2401 ne
843 2340 920 2403 ritia
940 2341 1004 2404 sint
1025 2340 1195 2416 imitanda,
1217 2340 1350 2415 deinde,
1372 2340 1399 2404 si
1421 2348 1534 2403 natura
1554 2358 1619 2402 non
1639 2337 1730 2413 leret,

406 2438 442 2493 ut
463 2432 620 2516 quaedam
641 2432 758 2495 imitari
781 2433 899 2515 possit,
920 2441 956 2497 ut
977 2433 1151 2516 superioris
1173 2431 1257 2498 filius
1278 2433 1429 2507 Africam,
1450 2434 1506 2516 qui
1526 2431 1611 2496 bunc
1632 2430 1730 2495 Paulo

407 2532 515 2586 natum
537 2524 716 2608 adoptavit,
738 2535 869 2611 propter
888 2524 1100 2592 infirmitatem
1123 2527 1317 2592 valetudinis
1338 2548 1403 2590 non
1424 2535 1489 2590 tam
1512 2528 1614 2612 potuit
1633 2527 1731 2610 patris

408 2617 519 2681 similia
541 2639 628 2692 esse,
651 2639 748 2702 quam
769 2619 824 2683 ille
846 2620 950 2684 luerat
971 2623 1037 2685 sui:
1067 2622 1094 2684 si
1117 2622 1212 2704 igitur
1232 2641 1295 2685 non
1318 2622 1434 2704 poterit
1454 2621 1521 2684 sive
1543 2640 1653 2684 causas
1676 2620 1731 2683 de·

407 2710 557 2775 tensitate
578 2712 646 2776 sive
667 2714 823 2795 populum
845 2715 1048 2778 contionibus
1069 2723 1179 2778 tenere
1201 2716 1269 2778 sive
1290 2715 1374 2779 bella
1396 2734 1522 2797 gerere,
1549 2713 1604 2778 illa
1626 2723 1769 2779 tamense

408 2814 568 2889 praestare
590 2806 735 2881 debebit,
758 2827 841 2892 quae
864 2817 956 2871 erunt
978 2810 1011 2872 in
1031 2809 1130 2893 ipsios
1152 2817 1322 2893 potestate,
1343 2810 1503 2885 iustitiam,
1525 2805 1630 2885 tidem,
1650 2809 1732 2871 libe·

408 2899 580 2976 ralitatem,
608 2902 814 2976 modestiam,
841 2904 1100 2986 temperantiam,
1122 2923 1186 2987 quo
1208 2904 1312 2967 minus
1333 2904 1373 2966 ab
1395 2922 1435 2966 eo
1456 2903 1507 2977 id,
1529 2901 1615 2986 quod
1638 2902 1731 2976 desit,

408 2996 601 3077 requiratur.
638 2994 776 3078 Optuma
798 3003 905 3060 autem
926 2996 1087 3060 hereditas
1109 3017 1127 3060 a
1150 2997 1292 3080 patribus
1313 2997 1445 3060 traditor
1458 2996 1566 3059 liberis
1580 2996 1731 3080 omnique

409 3088 597 3170 patrimonio
620 3090 831 3170 praestantior
852 3089 953 3172 gloria
975 3090 1099 3153 virtutis
1120 3110 1291 3175 rerumque
1313 3099 1488 3173 gestarum,
1510 3090 1561 3154 cui
1583 3088 1731 3152 dedecori

410 3200 481 3244 esse
501 3180 592 3245 nolas
614 3189 646 3245 et
667 3182 800 3264 impium
821 3182 1026 3247 iudicandum
1049 3192 1108 3247 est.
1741 3197 1770 3245 at

493 3276 640 3339 xxxlv.
673 3271 744 3338 ⁴22.
773 3278 813 3339 Et
834 3278 984 3360 quoniam
1006 3279 1112 3341 edicio
1140 3297 1205 3340 non
1233 3276 1345 3340 eadem
1372 3275 1552 3361 disparibus
1579 3274 1732 3340 aetatibus

409 3370 592 3434 tribuuntur
611 3369 738 3452 aliaque
760 3378 834 3434 aunt
853 3373 1022 3446 iuvenum,
1051 3371 1114 3436 alia
1136 3370 1314 3445 seniorum,
1343 3370 1464 3453 aliquid
1494 3370 1589 3434 etiam
1612 3371 1652 3434 de
1673 3369 1733 3433 bac

410 3462 614 3527 distinctione
644 3461 813 3527 dicendum
841 3472 900 3528 est.
948 3466 1004 3528 Est
1025 3466 1122 3548 igitur
1142 3463 1356 3528 adulescentia
1376 3464 1512 3528 maiores
1533 3473 1608 3528 natu
1632 3462 1733 3529 vereri

411 3577 515 3640 exque
544 3557 584 3621 iis
615 3557 756 3640 deligere
783 3559 921 3642 optimos
951 3568 983 3623 et
1010 3559 1268 3643 probatissimos,
1303 3576 1437 3641 quorum
1471 3556 1605 3622 consilio
1637 3566 1733 3642 atque

411 3650 596 3714 auctoritate
618 3652 753 3728 nitatur3
780 3653 919 3716 ineuntis
941 3655 1026 3718 enim
1047 3652 1161 3718 aetatis
1183 3652 1306 3715 inscitia
1327 3671 1437 3715 senum
1460 3652 1682 3717 constituenda
1703 3659 1772 3716 etat

411 3743 549 3827 regenda
568 3744 738 3827 prudentia
760 3754 817 3809 est.
853 3747 1002 3810 Maxume
1023 3756 1132 3812 autem
1154 3745 1232 3809 baec
1253 3753 1342 3809 aetas
1363 3745 1582 3811 alibidinibus
1597 3748 1735 3812 arcenda

411 3847 460 3903 est
481 3838 723 3923 exercendaque
743 3840 775 3902 in
798 3839 907 3903 labore
930 3842 1144 3925 patientiaque
1167 3848 1199 3902 et
1219 3839 1317 3903 animi
1339 3847 1372 3903 et
1393 3839 1546 3923 corporis,
1567 3849 1734 3906 uteorum

411 3941 443 3997 et
464 3934 498 3996 in
519 3933 642 3997 bellicis
664 3934 751 3996 etin
774 3934 919 3997 civilibus
942 3931 1054 3998 officiis
1078 3936 1183 4016 vigeat
1203 3932 1370 3997 industria.
1420 3935 1524 4017 Atque
1546 3936 1641 4000 etiam
1662 3955 1734 3998 cnm

411 4027 554 4090 relaxare
583 4027 705 4090 animos
735 4034 768 4091 et
796 4028 871 4090 dare
899 4048 934 4091 se
955 4029 1146 4092 iucunditati
1168 4027 1277 4091 volent
1297 4019 1735 4113 caveant'idtemperantiam,

411 4122 614 4184 meminerint
634 4121 863 4184 verecundiae:
895 4120 979 4203 quod
1002 4122 1062 4185 erit
1081 4121 1221 4195 facilius,
1244 4122 1272 4185 ai
1292 4140 1329 4183 oe
1350 4121 1382 4183 in
1406 4122 1474 4184 eius
1497 4123 1583 4186 modi
1604 4123 1774 4206 quidemto

412 4214 505 4277 rebus
533 4216 666 4278 maiores
696 4223 772 4277 natu
802 4215 910 4279 nolent
933 4216 1097 4279 interesse.
1141 4210 1213 4276 ⁴23.
1236 4215 1371 4277 Senibus
1393 4222 1500 4277 autem
1521 4215 1645 4280 labores
1668 4236 1736 4279 cor-

411 4309 500 4389 poris
522 4310 703 4384 minuendi,
732 4309 977 4373 exercitationes
1012 4309 1109 4372 animi
1138 4308 1233 4372 etiam
1254 4308 1416 4391 augendae
1438 4308 1605 4383 ridentur,
1632 4308 1736 4371 danda

411 4420 485 4464 vero
508 4421 620 4484 opera,
650 4411 739 4467 utet
761 4403 879 4465 amicos
902 4410 933 4465 et
955 4404 1152 4465 iuventutem
1182 4411 1213 4466 et
1236 4404 1371 4466 maxime
1392 4422 1459 4465 rem
1481 4402 1638 4486 publicam
1661 4422 1736 4465 con-

412 4495 484 4558 silio
507 4504 539 4558 et
561 4496 727 4579 prudentia
750 4516 845 4580 quam
868 4495 1037 4579 plurimum
1061 4495 1220 4559 adiuvent.
1269 4495 1353 4558 Nihil
1374 4502 1481 4558 autem
1502 4498 1601 4579 magis
1623 4515 1737 4559 caven·

412 4589 487 4652 dum
510 4598 558 4652 est
580 4590 736 4654 senectuti
759 4609 855 4674 quam
878 4609 918 4651 ne
940 4590 1085 4673 languori
1108 4610 1142 4652 se
1158 4588 1363 4673 desidiaeque
1380 4589 1494 4664 dedat;
1518 4589 1645 4653 luxoria
1659 4603 1773 4653 verear

413 4704 484 4746 cum
507 4684 593 4747 omni
615 4684 711 4747 aetati
733 4685 844 4768 turpis,
866 4690 933 4747 tum
955 4684 1111 4747 senectuti
1132 4682 1318 4746 foedissima
1340 4691 1398 4745 est.
1436 4682 1491 4746 Sin
1513 4691 1618 4746 autem
1641 4684 1735 4746 etiam

483 4900 722 4949 t.soceon1.a-
740 4898 906 4948 madesco
921 4910 1056 4962 superscr.
1069 4910 1106 4948 m.
1120 4909 1176 4948 sec.
1190 4895 1243 4947 tnb
1256 4922 1284 4933 -
1302 4896 1328 4945 a.
1341 4894 1414 4957 mbo]
1425 4908 1482 4945 eaeo
1498 4907 1513 4946 o
1531 4920 1560 4932 -
1578 4895 1603 4947 3.
1616 4897 1739 4961 atticam

413 4970 475 5021 ΒΗι
495 4997 521 5009 ·-
549 4972 572 5021 6.
591 4973 629 5021 sto
645 4974 739 5035 meos,
755 4973 845 5023 moe
860 4974 909 5022 erit
921 4974 1142 5037 pedetemptimque
1156 4972 1299 5035 [modam
1315 4971 1415 5022 Nonius
1431 4984 1457 5035 p.
1470 4971 1512 5021 33.
1537 4997 1565 5010 -
1592 4974 1640 5023 ertt
1656 4984 1738 5023 om.o

415 5071 442 5082 -
459 5045 654 5108 pedeteettwoe
670 5058 708 5097 co
728 5072 755 5083 -
779 5047 921 5109 tuendam
938 5048 998 5099 Stil
1025 5075 1052 5085 -
1079 5050 1104 5098 7.
1123 5051 1238 5098 meoet
1254 5047 1362 5097 cerain
1379 5050 1478 5097 croam
1493 5049 1529 5102 ll·.
1549 5053 1650 5097 emet
1666 5060 1735 5097 corr.

413 5121 439 5169 in
456 5122 601 5172 ceoseoetb
621 5148 648 5159 ·-
668 5122 692 5173 8.
711 5123 806 5173 dttaere
822 5124 855 5173 C:
877 5124 986 5174 dome
1000 5137 1047 5187 po.
1078 5120 1322 5183 03133433-
1341 5120 1544 5174 cmooutattoil
1564 5147 1591 5157 -
1610 5122 1739 5183 tetemet

411 5194 538 5246 A¹B¹llb
557 5222 585 5233 -
605 5197 645 5246 ts.
662 5199 741 5259 poros
756 5198 776 5247 1.
789 5199 823 5249 lt.
837 5199 999 5262 Heusinger:
1015 5199 1111 5261 possiet
1128 5198 1147 5247 C
1166 5195 1291 5258 (etiams)
1312 5220 1339 5231 -
1360 5195 1399 5245 43.
1417 5196 1522 5258 purte
1543 5220 1570 5232 -
1595 5195 1738 5255 tt.·de!ea·

412 5283 501 5321 sorec
521 5299 547 5308 -
568 5272 607 5321 46.
626 5278 699 5322 enses
716 5285 798 5324 cmo
817 5299 844 5309 -
863 5266 983 5335 eserie
1000 5286 1015 5324 o
1035 5299 1061 5311 -
1080 5274 1122 5323 20.
1141 5271 1271 5322 etinres.
1290 5272 1321 5331 Α,
1339 5270 1413 5321 sedb
1432 5295 1460 5306 -
1479 5270 1627 5333 tmptssap:
1646 5271 1738 5319 ultim

413 5347 544 5407 aenan,
563 5347 688 5396 uidem
713 5373 740 5384 -
768 5349 810 5398 st.
824 5347 950 5411 quonum]
965 5361 1013 5409 qao
1028 5350 1045 5400 b
1063 5347 1104 5411 (ct.
1118 5344 1278 5411 p.672‚3l);
1305 5358 1371 5405 quae
1387 5346 1496 5395 cerain
1513 5346 1574 5406 qesta
1590 5348 1611 5394 Δ
1639 5370 1666 5381 -
1693 5346 1735 5395 33.

414 5424 468 5471 otto
485 5437 550 5485 qsroe
566 5428 622 5473 sont
639 5436 656 5473 a
674 5448 700 5458 -
720 5423 761 5473 2³.
780 5424 860 5487 lqttasr
875 5424 1085 5474 cacuminat
1102 5434 1117 5471 o
1134 5418 1223 5469 -33,
1242 5418 1355 5479 tetta,
1372 5419 1453 5480 blico
1472 5444 1498 5454 -
1522 5418 1627 5482 dtttgoee
1642 5421 1688 5471 Ab
1708 5446 1735 5457 -

413 5499 455 5547 33.
472 5500 580 5548 toarmtts
590 5524 624 5535 ·-
635 5500 805 5549 constituendo
821 5500 961 5550 meede
971 5504 1007 5548 est
1015 5498 1152 5561 prudentio
1168 5493 1265 5545 Nonius
1277 5506 1303 5558 p.
1314 5494 1372 5543 abl.
1387 5517 1414 5530 -
1434 5495 1476 5543 26.
1489 5499 1524 5543 est
1531 5495 1694 5556 pnsderttoo
1708 5521 1735 5531 —

413 5574 455 5624 23.
473 5580 496 5624 et
513 5577 582 5637 (ante
595 5576 681 5636 cetmt)
694 5586 774 5624 omo
795 5601 818 5613 -
839 5576 881 5626 28.
894 5574 1056 5627 ettobetttcta
1072 5569 1186 5624 atl¹bo:
1206 5573 1229 5619 et
1244 5568 1370 5620 tabetttcte
1386 5582 1415 5622 a:
1434 5574 1457 5619 et
1472 5568 1590 5620 tobecttttr
1607 5567 1652 5625 u¹;
1671 5573 1696 5619 et
1710 5570 1737 5618 ts

415 5647 512 5699 bettuB
533 5676 559 5685 -
578 5649 674 5713 efflatis]
686 5650 760 5699 rebus
777 5660 792 5698 o
807 5674 831 5685 -
852 5650 893 5700 tt.
906 5662 931 5699 se
947 5661 1000 5699 om.
1015 5661 1052 5711 cp
1068 5672 1102 5685 -
1118 5645 1266 5696 tocaodttott
1282 5644 1352 5695 Bac
1371 5669 1397 5680 -
1416 5644 1739 5695 maurocenorum

415 5735 433 5772 a
452 5747 478 5759 -
506 5723 818 5773 30.stoetn--eoleot
839 5722 1017 5786 Sttirenburg:
1044 5718 1396 5776 ese-metretarum
1422 5717 1628 5768 attenuebant
1646 5729 1683 5768 oo
1708 5744 1736 5755 -

416 5795 457 5847 33.
476 5802 499 5847 et
517 5800 585 5860 (ante
596 5800 717 5861 mamma)
735 5811 811 5848 omo
842 5826 868 5836 -
898 5798 939 5850 et.
956 5799 1019 5849 silet
1035 5803 1119 5847 osteo
1130 5796 1252 5846 --dedot
1271 5795 1371 5846 Nonius
1393 5807 1419 5857 p.
1432 5794 1489 5846 338.
1520 5820 1547 5832 -
1578 5794 1619 5844 db.
1638 5794 1739 5860 toepwt

416 5873 511 5923 labo
531 5899 557 5911 -
576 5874 683 5924 azoer
698 5874 907 5937 oeroutuspts,
923 5878 984 5924 trare
999 5874 1117 5924 mactati
1131 5869 1275 5935 {mosee
1289 5873 1326 5922 eat
1341 5868 1440 5920 Nonius
1457 5867 1551 5935 ptdb.
1569 5894 1603 5907 -
1626 5868 1668 5922 36.
1686 5876 1740 5922 trae

416 5949 492 6000 ettam
507 5948 625 5998 mutat
641 5959 666 6000 c.

501 6036 592 6086 tamo
609 6037 635 6086 τ.
650 6036 688 6088 IV.
1483 6034 1524 6103 13
