4342 7459
782 1255 851 1319 no.
866 1254 906 1324 u.
935 1253 1009 1318 ur».
1025 1252 1164 1317 n-n1.
1190 1250 1236 1337 ss
1252 1248 1355 1316 s-s.
1669 1248 1732 1314 sss

410 1414 456 1478 sio
484 1432 543 1477 nos
574 1421 605 1477 et
634 1432 704 1477 eam
731 1414 863 1497 patriam
892 1413 1053 1487 ducimus,
1082 1413 1139 1477 ubi
1165 1413 1246 1487 uati,
1283 1421 1311 1475 et
1336 1412 1439 1482 illum
1460 1412 1495 1473 iu
1514 1429 1604 1492 psum
1625 1411 1732 1491 recepti

409 1527 530 1571 sumus.
560 1508 622 1571 Sed
643 1527 775 1571 necesse
798 1516 847 1570 est
868 1508 996 1570 caritate
1018 1527 1088 1570 eam
1111 1515 1281 1590 praestare,
1304 1525 1366 1590 qne
1387 1506 1433 1569 rei
1457 1505 1602 1589 publicae
1616 1524 1732 1568 nomen

409 1603 575 1666 universae
597 1602 732 1665 evitans
754 1610 819 1675 est,
841 1621 899 1683 pro
921 1620 984 1684 qua
1006 1604 1085 1664 mori
1109 1610 1142 1664 et
1163 1601 1215 1664 cui
1237 1621 1295 1664 nos
1316 1607 1400 1663 totos
1422 1599 1539 1663 dedero
1561 1608 1593 1663 et
1613 1599 1647 1661 in
1668 1618 1733 1680 qua

409 1703 517 1758 nostra
544 1698 651 1758 omnia
680 1715 798 1777 ponere
828 1703 861 1757 et
885 1695 975 1777 quasi
997 1715 1185 1758 consecrare
1207 1695 1368 1759 debemus.
1411 1693 1520 1757 Dulcis
1541 1701 1646 1756 autem
1668 1711 1733 1756 non

409 1788 509 1851 multo
531 1807 623 1852 secus
645 1798 693 1853 est
714 1810 769 1859 ea,
798 1807 880 1871 qnae
902 1789 1028 1869 gennit,
1049 1809 1143 1870 quam
1165 1788 1236 1862 illa,
1260 1807 1341 1872 quae
1363 1788 1497 1874 excepit
1540 1789 1652 1870 ltaque
1673 1799 1756 1867 egos

408 1884 490 1945 hanc
511 1902 614 1945 meam
635 1902 706 1946 esse
728 1883 863 1966 patriam
886 1901 998 1964 prosus
1020 1902 1193 1966 numquam
1217 1883 1358 1965 negabo,
1387 1881 1461 1945 dum
1483 1882 1527 1945 sit
1546 1881 1602 1945 illa
1622 1881 1732 1954 maior,

407 1975 487 2040 haec
507 1978 540 2039 in
563 1996 602 2040 ea
623 1978 829 2040 contineatur.

493 2072 548 2134 lll.
581 2071 612 2133 6.
640 2073 702 2133 Att.
732 2072 827 2133 ltecte
849 2069 947 2151 igitur
967 2071 1102 2152 hlagnus
1123 2070 1177 2133 ille
1200 2077 1311 2133 noster
1330 2089 1381 2132 me
1402 2067 1551 2133 audiente
1571 2069 1680 2152 posuit
1699 2068 1734 2131 in

409 2166 544 2239 iudicio,
575 2185 671 2248 quom
693 2184 751 2248 pro
774 2164 888 2245 Ampio
919 2171 1022 2226 tecum
1045 2163 1138 2227 simul
1160 2161 1298 2237 diceret,
1326 2161 1571 2245 rempublicam
1593 2170 1733 2224 nostram

410 2259 599 2321 iustissimas
630 2256 704 2322 huic
733 2257 909 2340 municipio
938 2258 1054 2336 gratias
1085 2276 1179 2339 agere
1208 2277 1321 2340 posse,
1348 2254 1435 2340 quod
1465 2275 1506 2319 ex
1532 2275 1571 2318 eo
1598 2256 1663 2318 duo
1683 2255 1771 2318 suin

410 2360 651 2414 conservatores
672 2352 888 2422 exstitissent,
916 2351 1035 2412 utiam
1058 2350 1167 2414 videar
1187 2350 1302 2414 adduci
1324 2350 1406 2413 hanc
1428 2368 1572 2433 quoque,
1599 2368 1680 2434 quae
1701 2356 1733 2412 te

410 2445 602 2528 procrearit,
629 2465 700 2508 esse
728 2444 861 2526 patriam
889 2451 987 2507 tuam.
1031 2443 1094 2506 Sed
1116 2452 1244 2507 ventum
1266 2445 1300 2508 iu
1321 2444 1456 2507 insulam
1478 2451 1543 2506 est:
1574 2441 1733 2506 bucnero

411 2537 490 2601 nihil
513 2545 562 2602 est
581 2540 755 2602 amoenius.
798 2538 923 2600 Etenim
949 2537 1011 2599 hoo
1037 2538 1129 2618 quasi
1150 2547 1253 2600 rostro
1276 2534 1404 2602 finditur
1424 2538 1579 2600 Fibrenus
1600 2544 1634 2599 et
1654 2537 1734 2599 disi-

410 2652 465 2695 sus
487 2632 664 2714 aequaliter
684 2632 717 2694 in
740 2634 818 2695 duae
842 2640 946 2713 partes
968 2632 1065 2694 latera
1088 2631 1167 2694 haec
1188 2630 1291 2693 adluit
1310 2629 1486 2714 rapideque
1508 2630 1650 2713 dilapsus
1671 2629 1733 2693 cito

410 2725 444 2787 in
469 2745 570 2789 unum
598 2726 730 2789 conlluit
758 2734 790 2789 et
816 2734 938 2788 tautum
961 2725 1172 2807 conplectitur
1193 2725 1278 2807 quod
1301 2725 1376 2787 satis
1399 2725 1441 2787 sit
1461 2725 1606 2788 modicae
1628 2724 1770 2807 palae-to

410 2824 493 2881 strae
515 2818 588 2881 loci.
634 2819 707 2895 Quo
734 2821 866 2891 ellectu,
894 2827 1055 2901 umquam
1084 2819 1116 2881 id
1146 2818 1294 2881 habuerit
1319 2819 1426 2900 operis
1453 2837 1490 2881 ac
1515 2819 1671 2892 muneris,
1699 2825 1735 2881 ut

410 2911 493 2974 hanc
515 2911 608 2975 nohis
630 2911 770 2977 efficeret
792 2912 899 2975 sedem
922 2913 962 2974 ad
984 2909 1220 2994 disputandum,
1243 2912 1347 2975 statim
1370 2912 1558 2994 praecipitat
1578 2912 1611 2975 in
1629 2913 1734 2976 Lirem

409 3012 456 3078 et,
478 3008 571 3087 quasi
592 3008 625 3069 in
647 3006 799 3069 familiam
821 3007 984 3088 patriciam
1007 3006 1138 3077 venerit,
1161 3005 1275 3069 amittit
1296 3024 1413 3068 nomen
1435 3006 1599 3069 obscurius
1615 3007 1735 3069 Lirem·

410 3118 474 3182 que
496 3099 596 3163 multo
618 3100 804 3182 gelidiorem
826 3098 908 3162 lacit.
944 3102 1009 3161 Nec
1031 3099 1116 3161 euim
1138 3098 1237 3162 ullum
1259 3098 1321 3162 hoc
1342 3097 1488 3179 frigidius
1502 3099 1619 3162 llumen
1634 3098 1735 3180 attigi,

410 3211 482 3254 cum
512 3191 553 3254 ad
580 3193 678 3255 multa
707 3192 912 3265 accesserim,
944 3202 979 3254 ut
1007 3192 1060 3253 vix
1091 3192 1171 3273 pede
1200 3201 1355 3274 temptare
1377 3192 1409 3254 id
1432 3193 1566 3275 possim,
1594 3193 1680 3275 quod
1701 3193 1772 3256 ino

410 3284 555 3348 Phaedro
584 3287 721 3350 Platonis
749 3286 825 3349 facit
851 3286 1007 3348 Socrates.
1061 3283 1091 3347 7.
1121 3286 1163 3348 Μ
1191 3287 1249 3350 Est
1270 3305 1345 3349 vero
1367 3288 1426 3359 ita,
1455 3286 1511 3349 sed
1533 3294 1638 3349 tamen
1660 3285 1735 3350 huic

412 3380 613 3452 amoenitati,
644 3400 740 3462 quem
762 3400 802 3442 ex
830 3380 951 3454 Quinto
980 3399 1076 3461 saepe
1105 3380 1217 3453 audio,
1246 3379 1394 3462 Thyamis
1415 3379 1563 3461 Epirotes
1584 3388 1659 3442 tuus
1680 3378 1735 3442 ille

410 3472 506 3544 nihil,
530 3474 660 3557 opinor,
682 3474 885 3537 concesserit.
930 3474 966 3549 Q.
989 3473 1046 3535 Est
1068 3474 1122 3543 ita,
1144 3481 1180 3536 ut
1202 3472 1299 3546 dicis;
1322 3492 1398 3535 cave
1419 3473 1504 3536 enim
1527 3482 1619 3555 putes
1640 3472 1735 3536 Attici

410 3566 511 3627 nostri
539 3566 697 3630 Amalthio
728 3567 927 3652 platanisqne
956 3566 1019 3628 illis
1047 3567 1215 3650 quicquam
1244 3586 1315 3629 esse
1346 3566 1548 3649 praeclarius.
1603 3568 1680 3641 Sed,
1706 3566 1735 3629 si

410 3658 552 3731 videtur,
583 3660 784 3724 considemus
812 3661 863 3723 bic
891 3660 924 3721 in
946 3657 1057 3722 umbra
1078 3667 1174 3743 atque
1195 3660 1236 3722 ad
1259 3680 1326 3722 eam
1351 3669 1471 3743 purtem
1493 3660 1666 3735 sermonis,
1694 3673 1772 3724 exso

410 3770 475 3833 qua
497 3753 617 3833 egressi
640 3773 759 3827 sumus,
781 3761 987 3817 revertamur.
1025 3754 1068 3816 Μ.
1090 3754 1252 3818 Praeclare
1275 3755 1389 3835 exigis,
1410 3754 1539 3830 Quinte,
1561 3792 1602 3804 -
1623 3764 1656 3819 at
1676 3775 1735 3838 epo

410 3842 559 3927 effugisse
589 3845 765 3911 arbitrabar
796 3878 838 3895 -
867 3857 899 3909 et
927 3846 983 3909 tibi
1009 3846 1123 3910 horum
1154 3847 1233 3910 nihil
1256 3844 1366 3912 deberi
1389 3856 1503 3933 potest.
1555 3848 1592 3926 Q.
1621 3847 1735 3912 Ordine

410 3938 521 4019 igitur3
552 3958 626 4002 num
649 3940 735 4004 hunc
757 3940 813 4004 tihi
836 3948 935 4004 totum
957 3940 1099 4002 dicamus
1123 3939 1217 4003 diem.

493 4034 536 4097 Μ.
569 4032 596 4096 A
624 4035 715 4099 love
740 4036 930 4099 Musarum
958 4033 1188 4114 primordia,
1221 4035 1303 4098 sicut
1324 4035 1358 4097 in
1379 4034 1488 4099 Aratio
1511 4037 1649 4100 carmine
1669 4036 1735 4099 orsi

409 4147 528 4191 sumus.
572 4128 608 4206 Q.
632 4128 792 4203 Quorsum
815 4128 931 4222 istuc‘t⁸
959 4127 1002 4189 Μ.
1025 4126 1106 4201 Quia
1126 4147 1212 4189 nnnc
1233 4128 1309 4190 item
1330 4127 1370 4190 ab
1393 4128 1505 4191 eodem
1528 4140 1599 4192 eta
1621 4130 1772 4192 ceterisuo

409 4331 534 4392 Schuetz,
552 4328 758 4403 συμφράτορες
774 4336 847 4381 eram
864 4330 938 4379 tidros
954 4334 977 4380 et
992 4330 1022 4380 Δ.
1046 4342 1143 4380 censor
1164 4330 1283 4392 (Peter‘t)
1306 4331 1332 4381 ln
1356 4332 1485 4382 aletuchr.
1503 4331 1522 4394 s.
1534 4332 1733 4383 Altertbumsw.»

411 4405 483 4466 rust,
501 4420 527 4472 p.
539 4405 600 4464 4ΒΒ;
624 4407 693 4457 cont.
713 4419 743 4456 eu
762 4418 870 4469 qnoque
888 4417 956 4468 quae
974 4404 1118 4470 disputavit
1133 4405 1333 4457 Schoemonnns
1350 4405 1375 4457 in
1393 4406 1490 4471 Opusc.
1508 4407 1529 4467 1,
1543 4406 1590 4457 470
1607 4419 1667 4471 sqq.

475 4483 499 4533 4.
512 4481 625 4532 dudm
640 4481 700 4532 AB:
718 4482 824 4531 dicimus
839 4480 887 4530 440
906 4504 933 4516 -
953 4485 976 4530 ct
986 4480 1056 4529 idam
1067 4482 1094 4529 tu
1105 4493 1182 4542 quom
1192 4481 1283 4544 recepti
1294 4493 1344 4532 nos
1354 4480 1548 4545 supplevimus:
1567 4487 1591 4532 ct
1601 4485 1736 4548 --rsospti

409 4567 463 4605 orn.
477 4556 512 4614 (ξς
531 4562 554 4605 ct
570 4555 640 4604 ittam
657 4568 709 4620 pua
725 4555 823 4617 sucepti
839 4554 869 4613 0,
887 4558 917 4605 ut
933 4554 1084 4621 suppletum
1103 4560 1144 4607 est
1160 4557 1185 4606 ln
1204 4555 1283 4606 codd.
1302 4556 1367 4607 dett.
1387 4582 1414 4592 -
1433 4557 1458 4607 Β.
1476 4557 1609 4608 caritates
1624 4553 1684 4610 Il¹ll
1702 4583 1735 4598 -

408 4642 465 4679 sam
482 4630 571 4681 omll
591 4655 619 4667 -
643 4643 694 4693 pun
712 4631 797 4691 (quam
810 4629 839 4691 ll)
856 4630 885 4679 u.
899 4630 924 4678 Ρ.
942 4644 1031 4681 comen
1048 4632 1081 4681 C:
1106 4644 1186 4693 equa
1200 4633 1288 4697 populi
1304 4632 1411 4686 homost
1426 4645 1515 4682 men
1531 4633 1566 4690 0;
1590 4632 1654 4685 ullas
1672 4648 1737 4686 con-

408 4706 523 4755 iecturas
540 4704 574 4756 de
591 4703 651 4755 loco
667 4718 692 4755 ν.
711 4706 738 4755 in
756 4702 930 4768 Teldhuegelii
948 4709 1093 4757 comment.
1112 4720 1137 4770 p.
1152 4707 1208 4757 tto.
1235 4733 1263 4744 -
1291 4706 1315 4758 3.
1332 4719 1447 4770 proquo
1463 4709 1546 4758 amosi
1562 4708 1601 4771 13¹,
1621 4724 1670 4774 pro
1686 4724 1736 4774 pue

407 4780 533 4830 ononfl
560 4806 587 4817 -
615 4782 971 4831 ummtowsscamfl
998 4807 1025 4818 -
1053 4781 1372 4847 tpoumtqnaritt-
1397 4786 1735 4848 damnauerunt!

407 4866 466 4918 sup.
481 4853 525 4905 lin.
545 4858 555 4905 t
571 4868 607 4906 m.
621 4882 648 4893 -
667 4857 692 4907 Β.
703 4853 883 4919 procusum:
900 4869 1006 4918 proruo
1021 4850 1142 4908 A²u²rt0
1161 4884 1187 4894 —
1206 4859 1230 4908 7.
1243 4858 1311 4925 hoec]
1323 4863 1347 4910 ct
1364 4859 1422 4918 All,
1439 4859 1482 4909 sed
1498 4859 1517 4909 Β
1538 4887 1564 4898 -
1584 4863 1737 4926 postcontt-

407 4933 498 4978 ncutsr
515 4932 555 4980 est
571 4930 596 4980 in
614 4931 633 4981 c
651 4930 798 4995 glossema:
821 4930 895 4981 habet
907 4931 1018 4981 deitatis
1034 4932 1090 4996 (sic)
1107 4937 1130 4983 ct
1145 4946 1224 4983 mom
1240 4934 1310 4984 mam
1328 4933 1406 4996 (mun
1423 4935 1455 4995 ll)
1471 4934 1599 4987 anuum
1613 4942 1688 5000 putot
1705 4963 1732 4974 -

408 5005 432 5055 9.
450 5007 538 5069 Anrpto
555 5008 646 5058 nescio
663 5009 723 5072 quis
740 5006 811 5073 apud
830 5007 933 5059 lumb:
952 5008 1034 5058 ambio
1051 5009 1108 5068 ΑΒ,
1127 5008 1398 5070 commentatio
1417 5037 1444 5048 -
1471 5011 1510 5062 tt.
1528 5010 1687 5062 seuuemo·
1702 5014 1733 5074 A,

407 5083 568 5132 tmtbstmom
585 5082 631 5134 ult
652 5110 678 5119 -
697 5084 736 5132 sut
753 5087 786 5133 A:
804 5089 862 5133 sunt
878 5083 936 5139 BH.
955 5082 1003 5133 sed
1021 5084 1048 5133 ln
1066 5084 1084 5133 Β
1102 5096 1154 5134 vox
1171 5091 1248 5135 erasa
1268 5111 1294 5121 -
1314 5086 1355 5135 44.
1372 5090 1401 5134 ut
1416 5086 1568 5136 wmoidcor
1584 5086 1645 5137 edd.
1658 5089 1733 5137 vett:

406 5158 505 5207 whom
521 5159 622 5208 uidem
639 5158 658 5208 C
679 5185 705 5195 -
725 5159 765 5207 44.
784 5158 844 5207 Acce
854 5170 915 5208 uero
931 5158 969 5218 13¹,
987 5157 1150 5208 occsurum
1167 5159 1240 5222 Aloe
1257 5160 1335 5211 estin
1348 5160 1411 5223 ras.)
1430 5185 1457 5197 -
1478 5159 1518 5211 ⁴3.
1531 5163 1619 5211 statu
1631 5160 1734 5212 hamb:

408 5237 436 5281 ut
451 5233 517 5282 cutm
534 5233 582 5283 co
601 5260 627 5269 -
647 5231 688 5282 44.
707 5233 831 5295 dilapsum
848 5233 869 5283 ll
889 5259 914 5269 -
935 5233 975 5282 ts.
989 5232 1142 5296 efflccrttffl,
1161 5234 1267 5297 effecerit
1283 5230 1367 5285 AB¹H
1387 5261 1414 5272 —
1431 5236 1626 5298 praecipitatu
1638 5238 1656 5286 A
1670 5233 1736 5298 (syl-

408 5305 468 5357 laba
480 5313 507 5357 ot
519 5308 543 5356 in
557 5309 632 5369 ras.);
651 5308 757 5357 videtur
773 5319 798 5356 es
815 5307 840 5357 ln
853 5304 911 5355 locu
924 5319 1000 5357 eraso
1012 5306 1109 5356 deesse
1130 5334 1154 5343 -
1173 5308 1265 5358 illicem
1277 5310 1297 5359 44
1318 5336 1344 5345 -
1364 5309 1404 5359 tt.
1416 5309 1495 5358 ulturi
1507 5309 1543 5359 ll:
1561 5309 1631 5359 tttson
1646 5310 1691 5359 AB
1706 5335 1734 5347 -

390 5436 392 5440 ,
409 5383 483 5446 attat
492 5383 557 5445 mm]
570 5383 685 5433 attidem
696 5383 754 5444 All,
773 5382 876 5432 attcium
888 5383 907 5433 B
921 5409 947 5420 -
968 5383 1008 5433 ΞΟ.
1021 5383 1148 5433 tentorco
1165 5410 1197 5420 -
1211 5384 1343 5446 possumis
1356 5411 1387 5421 -
1404 5385 1431 5434 tn
1439 5386 1518 5447 pedro
1530 5385 1548 5434 Β
1562 5409 1588 5419 -
1608 5385 1649 5435 22.
1663 5397 1736 5447 pum

409 5458 438 5511 Β.
457 5461 486 5507 ut
503 5459 616 5508 coniecit
633 5458 729 5508 Decies
746 5459 796 5521 (est
812 5459 838 5508 in
857 5458 891 5508 B:
911 5459 938 5520 p;
956 5458 974 5507 l.
988 5471 1012 5507 e.
1032 5471 1079 5520 oue
1096 5470 1157 5508 cum
1174 5456 1267 5521 lines):
1291 5470 1340 5529 pop
1356 5460 1387 5519 A,
1404 5472 1481 5521 puom
1498 5458 1550 5508 llo
1569 5484 1596 5494 -
1622 5458 1738 5521 moneta

409 5531 562 5583 Turnebus:
580 5533 699 5582 Munus
716 5533 735 5582 C
755 5555 783 5569 -
802 5537 914 5595 spproter
929 5533 960 5591 A,
979 5534 1100 5596 cpbtrotcs
1117 5534 1136 5583 Β
1156 5559 1183 5571 -
1209 5531 1250 5584 hl.
1269 5533 1392 5583 Amalthio
1408 5532 1558 5584 Turnebus:
1578 5534 1685 5583 mathiu
1702 5533 1734 5593 li,

409 5608 523 5668 matheo
541 5608 587 5657 AB
607 5634 634 5644 -
653 5608 694 5657 26.
713 5620 798 5657 umus
813 5614 836 5658 st
851 5613 1011 5658 rmtmuur
1027 5604 1057 5658 u·
1075 5634 1103 5645 -
1120 5608 1253 5671 musetum
1268 5621 1302 5658 σω
1317 5608 1354 5658 Ais
1370 5605 1430 5658 B¹ll
1450 5633 1476 5642 -
1500 5619 1548 5668 qus
1564 5606 1649 5668 wate
1664 5604 1736 5658 ΒῑΗΙ

412 5708 439 5719 -
458 5683 500 5733 27.
518 5683 641 5746 aprique
658 5684 680 5734 ll
699 5710 727 5721 -
745 5684 786 5733 29.
804 5684 873 5734 AAA
889 5683 945 5734 Ioue
960 5683 1114 5734 Turnebus:
1131 5684 1228 5733 miore
1247 5680 1312 5744 ΛΜ,
1330 5682 1453 5732 maiorem
1470 5683 1529 5733 B¹ll
1550 5708 1576 5718 -
1593 5681 1736 5744 primodio

410 5757 484 5808 8¹11:
510 5760 651 5820 primordio
666 5755 697 5809 13²
713 5760 740 5809 et
757 5761 778 5809 A
795 5770 864 5809 corr.
892 5786 919 5797 -
945 5760 973 5809 tn
988 5759 1077 5809 Aratio
1094 5757 1249 5820 Turnebus,
1274 5762 1304 5808 ut
1319 5760 1373 5808 ium
1390 5757 1453 5808 inA
1470 5756 1573 5822 punctis
1591 5768 1662 5807 nunc
1678 5756 1735 5807 tere

411 5878 530 5930 evanidis
547 5882 700 5931 correctum
714 5883 769 5931 est:
797 5881 980 5932 hemam:
1010 5906 1037 5916 -
1067 5834 1240 5932 town
1262 5882 1395 5945 (psorem
1414 5881 1456 5931 est
1471 5879 1507 5930 ab
1524 5877 1622 5930 eudem
1639 5878 1686 5943 m.)
1706 5903 1734 5918 -·

410 5953 1110 6020 tstudO-ittdsmo-ctollsup.lin.a2m.
