4342 7459
446 1264 509 1332 620
899 1266 954 1330 DE
975 1263 1146 1329 DEORUM
1165 1264 1330 1329 NATURA

448 1448 489 1493 ex
509 1426 625 1490 fabulis
647 1426 707 1489 tria
728 1445 826 1508 regua
847 1425 958 1488 divisa.
994 1428 1107 1489 Datum
1131 1433 1178 1489 est
1200 1425 1297 1508 igitur
1318 1425 1479 1507 Neptuno,
1510 1420 1600 1485 alteri
1621 1420 1718 1493 loris,
1738 1426 1778 1484 ut

446 1521 572 1597 volunt,
593 1520 699 1594 fratri,
722 1521 912 1583 maritimum
936 1540 1028 1583 omne
1044 1540 1192 1601 regnum,
1215 1539 1395 1601 nomenque
1417 1517 1622 1599 productum,
1643 1523 1679 1579 ut
1699 1515 1777 1578 Por-

445 1622 541 1678 tunus
563 1635 581 1677 a
604 1623 713 1697 portu,
737 1615 783 1676 sic
803 1615 969 1695 Neptunus
992 1633 1009 1674 a
1029 1614 1149 1686 nando,
1173 1613 1300 1695 paulum
1325 1612 1434 1694 primis
1457 1610 1569 1674 litteris
1592 1609 1775 1675 immutatis.

445 1710 584 1771 Terrena
605 1715 711 1771 autem
735 1708 783 1770 ris
806 1708 907 1769 omnis
931 1716 1027 1790 atque
1049 1714 1161 1769 natura
1178 1707 1238 1769 Diti
1256 1707 1336 1788 patri
1353 1705 1498 1768 dedicata
1513 1712 1575 1780 est,
1598 1704 1653 1787 qui
1667 1703 1776 1780 Dives,

420 1809 480 1864 sut
500 1803 585 1885 apud
607 1802 743 1865 Graecos
765 1800 935 1874 Πλούτων,
959 1802 1034 1883 quia
1055 1808 1088 1862 et
1109 1801 1256 1864 recidunt
1273 1801 1379 1863 omnia
1401 1801 1433 1862 in
1456 1808 1555 1862 terras
1578 1806 1609 1862 et
1630 1799 1777 1862 oriuntur

444 1896 584 1957 eterris.
623 1894 681 1957 Cui
709 1904 833 1976 nuptam
861 1896 964 1956 dicant
986 1894 1222 1977 Proserpinam,
1246 1894 1330 1978 quod
1355 1895 1547 1957 Graecorum
1569 1913 1686 1956 nomeu
1708 1902 1775 1969 este

444 2006 483 2051 ea
504 1989 587 2051 enim
610 1995 673 2063 est,
704 2008 785 2071 quae
808 1988 1009 2070 Περσεφόνη
1032 1989 1152 2051 Graece
1181 1990 1370 2061 nominatur,
1400 2008 1493 2072 quam
1515 1987 1643 2072 frugum
1665 2009 1776 2053 semen

443 2101 514 2145 esse
536 2082 648 2146 voluat
668 2082 947 2167 absconditamque
970 2084 1079 2166 quaeri
1101 2103 1120 2145 a
1143 2090 1240 2145 matre
1255 2079 1387 2165 fingunt.
1424 2080 1475 2144 67.
1491 2085 1710 2146 blaterantem
1726 2089 1776 2147 est

443 2194 462 2238 a
484 2177 633 2258 gerendis
652 2174 795 2259 frugibus
819 2176 927 2251 Ceres,
950 2186 1111 2259 tamquam
1134 2176 1250 2250 Geres,
1273 2196 1412 2259 casuque
1430 2178 1532 2260 prima
1546 2176 1650 2239 littera
1665 2175 1775 2239 itidem

405 2267 618 2345 toimmutata,
641 2279 678 2335 ut
698 2290 717 2332 a
740 2271 885 2346 Graecis3
916 2290 988 2333 nam
1009 2270 1049 2332 ab
1071 2270 1135 2332 illis
1157 2291 1286 2353 quoque
1308 2272 1461 2353 Δημήτηρ
1486 2272 1576 2353 quasi
1597 2271 1649 2349 Γῆ
1669 2269 1774 2354 μήτηρ

441 2363 602 2428 nominata
623 2372 681 2427 est
717 2365 782 2426 lam
805 2366 862 2447 qui
886 2383 998 2445 magna
1012 2372 1147 2428 verteret
1161 2366 1301 2439 Mavors,
1322 2367 1464 2428 Minerva
1479 2371 1603 2437 autem,
1626 2383 1710 2445 quae
1723 2364 1775 2427 rel

441 2459 597 2523 minueret
617 2459 667 2522 vel
690 2459 872 2521 minaretur.
909 2459 1037 2521 xxvu.
1059 2458 1200 2542 Cumque
1223 2459 1256 2521 in
1271 2459 1419 2522 omuibus
1434 2458 1528 2521 rebus
1543 2458 1607 2519 vim
1621 2456 1775 2523 baberent

440 2570 622 2614 maxumam
650 2553 751 2635 prima
775 2560 806 2615 et
827 2561 982 2626 extrema,
1010 2552 1185 2635 principem
1208 2553 1241 2614 in
1264 2553 1471 2616 sacrificando
1493 2553 1604 2615 lanum
1626 2572 1698 2615 esse
1718 2572 1774 2616 vo·

440 2642 584 2720 luerunt,
606 2646 693 2729 quod
715 2643 756 2709 ab
778 2646 882 2710 eundo
905 2666 1022 2709 nomen
1045 2656 1093 2710 est
1115 2646 1256 2721 ductum,
1280 2668 1320 2709 ex
1336 2668 1400 2729 quo
1419 2646 1622 2710 transitiones
1644 2647 1772 2730 perviae

404 2738 503 2802 asiani
524 2737 674 2824 foresque
696 2740 913 2804 inliminibus
935 2740 1138 2823 profanarum
1161 2740 1289 2804 aedium
1310 2742 1424 2804 ianuae
1446 2741 1661 2805 nominantur.
1693 2744 1772 2805 llam

440 2834 555 2897 Vestae
577 2852 693 2897 nomeu
715 2854 733 2897 a
756 2834 884 2897 Graecis
903 2854 997 2897 -ea
1020 2843 1068 2897 est
1090 2835 1188 2908 enim,
1212 2856 1295 2919 quae
1317 2836 1356 2897 ab
1377 2835 1441 2897 illis
1458 2836 1577 2899 ‘Eorta
1592 2835 1708 2899 dicitur
1721 2873 1772 2912 -,

439 2929 489 2992 ris
520 2934 625 2993 autem
654 2929 723 2991 eius
751 2928 792 2991 ad
822 2947 892 2991 aras
914 2936 946 2991 et
966 2928 1056 2991 focos
1076 2930 1222 3011 pertinet.
1258 2930 1370 3012 ltaque
1393 2929 1425 2990 in
1449 2948 1486 2991 ea
1509 2929 1583 3004 dea,
1613 2929 1700 3014 quod
1724 2939 1773 2997 est

363 3096 365 3099 y
439 3042 545 3086 rerum
574 3031 681 3085 custos
710 3022 919 3096 intumarum‚
951 3023 1053 3086 omnis
1075 3030 1108 3084 et
1129 3024 1266 3104 precatio
1290 3031 1321 3085 et
1343 3019 1529 3086 sacrificatio
1550 3032 1692 3088 extrema
1714 3034 1772 3089 est.

440 3112 492 3178 68.
506 3118 571 3179 Nec
593 3116 685 3199 longe
702 3118 816 3179 absunt
830 3117 870 3179 ab
885 3116 944 3179 bac
957 3118 989 3178 vi
1004 3116 1036 3180 di
1051 3118 1183 3179 Penates
1200 3118 1266 3180 sive
1285 3137 1304 3179 a
1318 3138 1403 3202 penu
1419 3116 1514 3179 ducto
1530 3118 1657 3182 nomine
1669 3153 1709 3165 -
1725 3126 1773 3184 est

401 3210 525 3276 neuim
548 3231 657 3284 omne,
680 3232 743 3294 quo
766 3218 937 3273 vescuntur
957 3209 1117 3285 bomines,
1139 3230 1241 3294 penus
1262 3245 1305 3256 —
1327 3212 1392 3274 sive
1408 3210 1446 3273 ab
1462 3231 1515 3285 eo,
1538 3212 1623 3294 quod
1646 3215 1771 3295 penitus

439 3304 594 3379 insident,
627 3325 667 3368 ex
697 3325 761 3388 quo
790 3305 883 3367 etiam
914 3306 1092 3387 penetrales
1121 3325 1140 3368 a
1169 3306 1272 3387 potitis
1301 3312 1461 3368 vocantur.
1521 3307 1587 3369 Iam
1615 3308 1771 3390 Apollinis

440 3419 556 3463 nomen
580 3407 628 3463 est
641 3399 810 3472 Graecum,
833 3420 927 3481 quem
950 3400 1048 3462 solem
1067 3419 1138 3462 esse
1160 3399 1284 3474 volunt,
1313 3401 1446 3462 Dianam
1468 3408 1574 3464 autern
1596 3410 1629 3466 et
1649 3404 1770 3468 Lunam

441 3493 574 3558 eandem
601 3513 671 3556 esse
703 3500 828 3576 putant,
862 3512 932 3555 cum
966 3494 1013 3557 sol
1044 3493 1148 3555 dictus
1182 3494 1240 3568 sit,
1275 3494 1324 3556 vel
1350 3495 1424 3576 quia
1450 3495 1538 3558 solus
1561 3516 1602 3558 ex
1623 3498 1769 3561 omuibus

440 3589 595 3652 sideribus
616 3593 663 3651 est
685 3595 790 3649 mutus
813 3587 862 3649 vel
883 3591 970 3670 quia,
990 3608 1060 3651 oum
1082 3595 1131 3650 est
1149 3596 1299 3662 exortus,
1320 3588 1493 3651 obscuratis
1518 3591 1664 3653 omnibus
1681 3591 1769 3655 solus

402 3690 587 3765 nappurch
609 3682 700 3744 Luna
721 3701 740 3743 a
761 3680 898 3744 lucendo
921 3682 1082 3745 nominata
1106 3684 1162 3755 sit;
1185 3682 1295 3744 eadem
1317 3690 1365 3744 est
1386 3684 1470 3745 enim
1494 3685 1623 3748 Lucina.
1646 3686 1767 3771 ltaque,

439 3784 475 3840 ut
496 3775 581 3859 apud
605 3776 742 3838 Graecos
764 3774 897 3837 Dianam
919 3795 1052 3857 eamque
1075 3775 1266 3850 Luciferam,
1294 3776 1339 3838 sio
1361 3778 1445 3859 apud
1469 3785 1592 3841 nostros
1614 3780 1768 3844 lunonem

440 3870 590 3933 Lucinam
613 3869 647 3932 ia
669 3868 821 3951 pariendo
843 3869 1005 3943 invocant,
1028 3890 1110 3953 quae
1133 3870 1242 3934 eadem
1258 3872 1356 3933 Diana
1379 3872 1543 3954 omnivaga
1558 3871 1767 3947 dicitursnon

440 3963 628 4038 avenaudo,
644 3963 700 4026 sed
717 3962 804 4046 quod
818 3964 851 4025 iu
867 3971 987 4047 septem
1004 3973 1186 4027 numeratur
1201 3974 1360 4048 tamquam
1374 3967 1571 4046 vagantibus.
1601 3964 1652 4029 63.
1666 3969 1768 4032 Diana

441 4056 540 4132 dicta,
563 4059 639 4142 quia
661 4067 754 4122 noctu
779 4059 869 4142 quasi
889 4057 972 4120 diem
995 4054 1150 4131 alliceret3
1173 4057 1339 4121 adbibetur
1361 4068 1466 4121 autem
1482 4060 1521 4121 ad
1542 4068 1660 4141 partus,
1683 4063 1768 4145 quod

401 4153 462 4217 soii
485 4162 698 4217 maturescunt
719 4161 773 4215 aut
795 4162 914 4235 septem
938 4173 1001 4215 non
1024 4172 1197 4235 numquam
1221 4162 1290 4228 aut,
1315 4162 1348 4215 ut
1369 4154 1569 4236 plerumque,
1594 4176 1706 4218 novem
1720 4157 1768 4220 lu·

441 4268 501 4310 nae
524 4248 681 4322 cursibus,
705 4249 850 4332 quiquie
874 4267 982 4310 mensa
997 4247 1098 4329 spatia
1115 4244 1284 4309 conficiunt
1307 4236 1430 4308 menses
1446 4248 1657 4312 nominantur.
1688 4250 1769 4313 Cou-

440 4342 613 4425 oioneque,
641 4350 676 4404 ut
698 4342 810 4415 multa,
838 4344 999 4416 Timaeus,
1030 4343 1176 4423 quicum
1203 4341 1234 4402 in
1258 4341 1389 4403 historia
1411 4341 1559 4415 dixisset,
1590 4362 1653 4425 qua
1676 4350 1770 4406 nocte

440 4446 533 4500 uatus
562 4437 742 4499 Alexander
769 4444 866 4509 esset,
898 4436 1006 4499 eadem
1036 4437 1155 4499 Dianae
1181 4436 1338 4519 Ephesiae
1362 4436 1512 4517 templum
1535 4436 1768 4518 deflagravissc,

504 4616 528 4664 l.
549 4614 624 4663 atteri
641 4613 658 4673 (t
675 4614 700 4662 in
717 4624 809 4661 rasura
827 4612 940 4661 duarum
959 4611 1116 4666 litterarum)
1135 4614 1169 4660 A:
1193 4613 1301 4660 atteram
1318 4612 1413 4663 BCE:
1435 4612 1514 4660 attero
1533 4612 1611 4660 PVO
1630 4613 1652 4673 (c
1669 4612 1695 4660 in
1714 4625 1765 4662 ras.

439 4690 515 4740 duar.
534 4688 581 4739 litt.
600 4690 630 4750 V)
650 4715 677 4726 -
702 4693 729 4736 at
745 4688 860 4735 uoluntas
877 4685 909 4734 V¹
928 4713 955 4722 —
980 4687 1004 4735 3.
1021 4694 1097 4749 porta
1115 4688 1193 4737 BCP
1213 4691 1290 4748 (corr.
1310 4701 1343 4736 ex
1357 4693 1432 4749 porta
1449 4688 1524 4748 Bclz
1544 4692 1622 4747 porta
1638 4686 1719 4735 AEV
1738 4713 1766 4723 ·-

436 4768 534 4827 primus
554 4762 585 4812 V¹
612 4790 640 4800 -
668 4763 692 4815 l.
713 4763 820 4811 Terrena
840 4767 925 4812 autem
937 4776 999 4811 --e
1015 4766 1089 4812 terris
1112 4763 1213 4813 Probus
1231 4762 1246 4812 l.
1267 4762 1283 4812 l.
1309 4790 1335 4799 -
1363 4765 1388 4813 b.
1407 4768 1434 4811 at
1456 4776 1591 4825 superscr.
1610 4774 1647 4809 m.
1666 4772 1721 4809 sec.
1741 4761 1768 4811 in

440 4840 459 4890 C
481 4866 506 4875 —
526 4844 587 4901 apat
603 4838 652 4888 BE
672 4864 699 4874 -
716 4838 804 4899 platon
821 4833 844 4886 u
864 4864 890 4871 -
909 4838 1022 4886 recidant
1039 4840 1098 4886 Aet
1110 4838 1230 4888 Probus:
1248 4838 1361 4887 recidant
1378 4838 1545 4887 BCEPVO
1560 4864 1586 4872 -
1600 4840 1705 4885 terram.
1719 4835 1768 4885 Sed

439 4916 476 4971 C;
496 4920 590 4964 terram
606 4914 648 4962 scd
666 4916 700 4970 P,
719 4913 792 4961 terris
807 4916 830 4960 et
848 4912 867 4960 Ε
888 4938 914 4947 -
934 4914 1051 4961 emantur
1067 4915 1206 4963 ARCPV
1226 4917 1252 4963 et
1270 4913 1387 4964 Probus:
1407 4915 1545 4962 on'ants'am
1562 4912 1598 4964 E:
1617 4911 1767 4961 ostantarO

441 5017 467 5027 -
488 4990 512 5038 6.
531 4990 572 5038 eut
586 4990 761 5050 proserpinam
778 4987 901 5044 ABEV;
920 4990 961 5037 cai
976 4993 1125 5051 proserpina
1141 4991 1206 5047 CP;
1226 4991 1249 5038 Is
1265 4993 1351 5051 rapuit
1369 4991 1542 5050 Proserpinam
1559 5002 1574 5037 e
1592 4987 1684 5036 codice
1702 4986 1768 5036 blal-

438 5065 488 5115 laei
506 5066 535 5114 0.
554 5061 772 5127 Supplcmeuturn
789 5067 895 5123 nuptam
911 5065 996 5112 dicant
1012 5064 1125 5113 debetur
1143 5065 1228 5113 codici
1246 5066 1325 5126 Regio
1343 5065 1452 5120 Desisti,
1475 5065 1502 5113 in
1520 5077 1572 5127 quo
1590 5062 1709 5111 additum
1726 5064 1769 5112 est

438 5141 499 5205 post
515 5151 604 5187 nomen
620 5142 664 5188 est.
684 5164 710 5173 -
731 5139 797 5199 qnod
814 5138 968 5186 Graecorum
986 5142 1012 5188 et
1029 5154 1058 5188 ea
1075 5141 1140 5189 enirn
1157 5146 1191 5189 est
1208 5154 1262 5189 orn.
1280 5141 1299 5188 C
1314 5166 1339 5174 -
1360 5140 1384 5188 7.
1402 5140 1530 5200 persefone
1545 5142 1565 5187 A
1576 5139 1595 5187 B
1606 5138 1624 5187 C
1636 5137 1665 5196 V,
1682 5150 1768 5199 perte-

435 5214 547 5277 pboneE
566 5238 594 5248 -
613 5212 637 5260 9.
650 5216 765 5262 caerem
785 5239 812 5250 -·
833 5214 872 5262 ⁴0.
887 5213 1076 5283 demeterqaass'
1088 5213 1228 5277 cemeterll
1247 5240 1273 5250 -
1294 5216 1333 5263 ta.
1351 5214 1439 5263 babere
1459 5214 1479 5261 V
1499 5242 1524 5250 -
1546 5213 1585 5261 ⁴3.
1602 5206 1687 5275 prima
1704 5213 1723 5261 C
1739 5238 1766 5249 -

439 5289 479 5341 tt.
493 5288 559 5350 qood
569 5287 696 5335 babwndo
708 5289 728 5335 A
744 5312 769 5320 -
783 5287 906 5336 dictamc
927 5315 952 5324 —
974 5291 1012 5337 ⁴5.
1027 5292 1128 5338 aedium
1139 5290 1244 5338 tonaeC
1265 5315 1291 5325 -
1312 5289 1351 5338 46.
1370 5295 1435 5338 ueste
1453 5290 1500 5337 AB
1512 5290 1531 5338 C
1543 5288 1563 5334 V
1578 5314 1603 5324 -
1617 5288 1715 5350 praecis
1726 5283 1748 5336 tt
1759 5298 1765 5333 :

438 5366 542 5416 Graecls
558 5368 592 5412 est
610 5362 766 5420 Lambinus,
786 5362 846 5410 0-
865 5363 942 5411 bestia
960 5364 1085 5422 ACEV;
1105 5366 1214 5414 oesttaB
1230 5390 1255 5400 —
1279 5365 1317 5412 ⁴7.
1337 5366 1402 5426 qood
1418 5364 1573 5414 ARCPV:
1593 5378 1639 5426 que
1651 5364 1684 5420 E,
1703 5374 1769 5423 qaae

438 5441 459 5491 0
478 5468 505 5478 -
526 5438 564 5488 49.
583 5439 655 5501 torpe
672 5439 732 5486 eote
751 5449 871 5486 rasuram
889 5437 1002 5487 duarum
1021 5438 1167 5488 litterarum
1185 5442 1205 5489 A
1220 5466 1246 5476 -
1266 5440 1318 5489 aldi
1336 5454 1405 5490 corr.
1424 5441 1449 5488 in
1466 5440 1520 5488 diat
1536 5440 1554 5488 Β
1569 5465 1595 5474 -
1615 5440 1691 5487 docto
1708 5437 1767 5488 PV¹

439 5544 466 5553 -
486 5517 526 5565 20.
545 5518 646 5563 cessant
662 5510 751 5563 APV'
771 5540 797 5549 —
817 5513 857 5563 tl.
877 5515 949 5563 Lana
966 5528 983 5563 a
1000 5514 1103 5565 lacendo
1119 5517 1259 5574 nonstnota,
1278 5516 1363 5564 eadem
1380 5516 1476 5563 Lacino
1488 5540 1501 5550 -
1512 5540 1526 5550 -
1537 5528 1630 5564 menses
1645 5513 1768 5564 nominati

437 5589 541 5641 Probus
553 5588 570 5639 l.
582 5588 598 5639 Ι.
609 5602 634 5653 ρ.
647 5590 687 5638 20.
700 5615 724 5625 -
738 5588 779 5638 26.
793 5594 854 5650 aput
872 5592 969 5652 postet
988 5591 1035 5639 BE
1054 5617 1080 5626 -
1098 5596 1159 5651 apat
1171 5594 1231 5652 post
1243 5592 1307 5638 ss'cA
1322 5615 1348 5624 -
1363 5596 1459 5639 nostros
1477 5589 1598 5638 ABEV:
1618 5596 1716 5638 nostros
1727 5589 1765 5647 C;

436 5678 483 5715 nos
499 5667 519 5715 0
538 5692 565 5702 -
588 5665 620 5714 28
648 5665 689 5712 sed
711 5664 778 5725 qaod
798 5676 894 5723 semper
909 5670 1021 5727 oaqatur
1038 5671 1169 5727 tamquam
1185 5666 1331 5715 venantibus
1348 5664 1458 5715 Probus.
1480 5690 1506 5700 —
1529 5670 1679 5713 numerator
1695 5676 1766 5713 corr.

438 5753 474 5791 m.
493 5754 549 5791 sec.
567 5744 593 5791 tu
610 5746 754 5788 nssmaetnr
770 5738 791 5786 V
810 5764 838 5774 ·—
857 5739 898 5787 29.
917 5741 984 5799 qood
999 5739 1017 5788 u
1035 5754 1104 5790 corr.
1124 5753 1160 5789 m.
1179 5752 1234 5789 sec.
1249 5755 1280 5790 ex
1298 5741 1373 5802 quodi
1391 5740 1427 5798 V;
1446 5740 1513 5801 quod
1531 5737 1712 5802 (superserit)
1731 5738 1764 5796 B,

438 5816 504 5877 qssod
521 5818 661 5879 (superscr.
675 5816 708 5876 ln')
727 5816 764 5871 C;
783 5827 832 5878 qao
849 5815 883 5875 dy
900 5816 936 5874 E,
956 5817 974 5863 n·
991 5828 1043 5865 om.
1058 5815 1168 5866 Probus.
1185 5842 1212 5851 -
1226 5816 1265 5865 30.
1280 5831 1330 5864 non
1346 5829 1459 5878 anquam
1479 5815 1528 5864 CE
1544 5840 1571 5849 -
1589 5818 1618 5862 ot
1634 5825 1688 5862 om.
1702 5814 1767 5862 Pro-

438 5889 498 5940 bus.
520 5918 545 5926 -
570 5890 609 5941 3³.
627 5894 688 5939 esset
703 5890 847 5939 Alexander
864 5891 883 5939 0
903 5918 929 5927 -
955 5892 1046 5940 dianae
1061 5891 1210 5952 macrianae
1227 5892 1261 5949 A,
1286 5886 1365 5938 dionei
1381 5888 1467 5952 effestd
1484 5888 1514 5950 (ἃ
1529 5890 1643 5951 utroque
1661 5885 1722 5938 loco
1739 5888 1766 5938 tu

437 5967 539 6030 rasura)
557 5966 590 6028 B,
614 5965 706 6015 dionae
722 5966 811 6029 essene
828 5966 865 6028 C,
889 5966 980 6015 danae
995 5966 1076 6028 efferte
1092 5965 1127 6029 E,
1151 5966 1242 6018 nona
1259 5966 1358 6028 effectae
1374 5966 1396 6015 V
1414 5991 1441 6001 -
1461 5964 1549 6029 canpto
1566 5977 1635 6016 corr.
1654 5977 1688 6016 ex
1703 5968 1767 6016 um·
