4342 7459
445 1251 508 1318 328
771 1250 1094 1316 Tusculanarum
1117 1248 1441 1313 DlSPUTATIONUbl

446 1412 598 1478 blondum
631 1419 730 1476 totum
764 1432 798 1476 se
824 1412 863 1474 ad
891 1432 1029 1476 amorem
1053 1431 1146 1474 snum
1168 1406 1397 1473 sublevandum
1420 1425 1644 1470 conversurum
1666 1411 1774 1490 putat3

445 1510 600 1571 Venerem
622 1526 717 1570 unam
739 1505 880 1570 excludit
900 1512 936 1567 ut
958 1506 1118 1589 iniquam:

1002 1618 1084 1662 nam
1107 1596 1206 1681 quid
1228 1616 1298 1679 eqo
1322 1603 1358 1658 te
1380 1595 1597 1681 appellem,
1621 1596 1773 1659 Venus?

446 1697 522 1759 Eam
545 1715 619 1778 prae
641 1695 783 1758 lubidine
806 1694 1233 1776 negatourarequioquam:
1256 1691 1441 1776 quasivero
1464 1690 1532 1775 ipse
1555 1709 1619 1754 non
1642 1698 1774 1827 propter

421 1788 620 1853 slobidinem
644 1796 730 1852 taum
753 1789 871 1872 flagitia
893 1796 925 1851 ct
946 1786 1041 1850 faciat
1063 1795 1095 1850 et
1117 1785 1210 1849 dicat.

532 1882 660 1948 XXXV.
676 1877 726 1944 74.
749 1883 801 1946 Sic
823 1882 920 1963 igitur
938 1879 1064 1943 adiecto
1084 1880 1163 1942 baec
1178 1875 1357 1941 adhibenda
1373 1878 1493 1941 curatio
1508 1886 1565 1952 est,
1589 1886 1623 1941 ut
1637 1887 1669 1941 et
1682 1820 1772 1955 illud,

446 1976 532 2060 quod
555 1975 676 2083 cupiat,
698 1976 881 2040 ostendatur
904 1995 998 2059 quam
1021 1972 1106 2047 leve,
1136 1992 1231 2056 quam
1254 1971 1534 2047 contemnendum,
1563 1992 1655 2056 quam
1679 1971 1771 2035 nihili

445 2069 488 2134 sit
517 2068 663 2144 omnino,
694 2089 788 2153 wem
817 2067 909 2131 facile
934 2067 982 2130 vel
1011 2067 1141 2131 aliunde
1164 2065 1213 2128 vel
1235 2065 1297 2128 alio
1320 2064 1415 2127 modo
1438 2065 1546 2149 perlici
1568 2067 1618 2131 vel
1640 2070 1772 2133 omnino

445 2160 570 2244 neglegi
593 2162 701 2246 possit
734 2162 947 2225 abducendus
969 2162 1061 2224 etiam
1084 2169 1134 2223 est
1156 2179 1217 2221 non
1241 2176 1414 2241 numquam
1436 2159 1475 2220 ad
1495 2158 1556 2221 alia
1571 2159 1687 2237 studia,
1709 2162 1773 2227 sol·

408 2254 641 2331 solicitudines,
663 2276 768 2331 cures,
790 2256 937 2339 negotia:
959 2255 1022 2319 loci
1038 2254 1178 2337 denique
1193 2252 1374 2325 mutatione,
1398 2260 1558 2337 tamquam
1573 2257 1691 2337 aegroti
1707 2277 1772 2321 non

444 2349 717 2423 convalescentes,
738 2369 835 2433 saepe
857 2349 1015 2412 curandus
1038 2355 1098 2411 est.
1136 2344 1187 2408 75.
1208 2346 1310 2408 Etiam
1334 2365 1417 2408 novo
1437 2348 1567 2429 quidam
1588 2369 1695 2413 amore
1718 2373 1771 2415 ve·

445 2448 543 2505 terem
565 2460 703 2506 amorem
727 2452 885 2527 umquam
908 2443 996 2507 olavo
1018 2441 1139 2530 olavum
1160 2439 1338 2502 eiciendum
1361 2448 1490 2522 putant3
1515 2444 1650 2506 maxime
1665 2452 1770 2508 autem

444 2535 664 2599 admonendus
685 2546 741 2611 cst,
763 2545 899 2619 quantus
923 2536 962 2600 sit
982 2535 1071 2600 furor
1091 2534 1225 2608 amoris3
1250 2531 1398 2595 omnibus
1420 2534 1504 2597 enim
1525 2537 1678 2601 exanimi
1699 2559 1772 2621 per·

444 2631 676 2694 turbationibus
699 2639 747 2693 est
768 2629 909 2713 profecto
932 2630 1019 2693 nulla
1034 2627 1274 2699 vehementior,
1301 2633 1351 2712 ut,
1381 2627 1408 2688 si
1430 2628 1492 2689 iam
1515 2629 1581 2713 ipsa
1603 2631 1659 2696 illa
1680 2652 1772 2697 aceu-

407 2742 435 2791 ts
444 2745 515 2789 sare
536 2724 634 2798 nolis,
657 2732 765 2808 stupra
787 2724 858 2787 dico
880 2733 912 2786 et
932 2722 1128 2806 corruptelas
1147 2730 1178 2783 et
1191 2718 1362 2792 adulteria,
1385 2720 1505 2784 incesta
1519 2722 1668 2807 denique,
1690 2747 1772 2810 quo-

443 2838 514 2882 rum
536 2820 676 2882 omnium
700 2819 887 2883 accusabilis
910 2827 959 2885 est
980 2817 1155 2900 turpitudo,
1177 2813 1231 2877 scd
1256 2821 1291 2875 ut
1311 2811 1390 2876 haec
1412 2815 1554 2891 omittes,
1576 2819 1771 2900 perturbatio

390 2953 391 2958 κ
444 2911 513 2995 ipsa
540 2914 655 2977 mentis
686 2907 719 2976 i'n
747 2932 854 2976 amore
880 2910 975 2974 loeda
1002 2932 1058 2995 per
1087 2930 1121 2973 se
1144 2917 1201 2971 est.
1238 2904 1288 2968 76.
1310 2907 1405 2982 Nam,
1431 2917 1467 2971 ut
1488 2908 1543 2973 illa
1563 2918 1770 2995 praeteream,

445 3024 528 3090 qnae
550 3015 625 3070 sunt
644 3006 773 3082 furoris,
805 3006 883 3069 haec
909 3005 979 3089 ipsa
1000 3026 1057 3087 per
1078 3023 1148 3067 sese
1171 3021 1266 3086 quam
1287 2999 1407 3064 babent
1427 3001 1600 3079 levitatem,
1622 3024 1702 3089 quae
1724 3007 1772 3070 vi·

443 3096 559 3163 dentur
579 3119 650 3163 esse
672 3098 865 3163 mediocria?

405 3211 434 3257 no
1032 3191 1230 3263 lniuriae,

570 3288 849 3370 Suspitiones,
871 3287 1135 3360 inimicitiae,
1159 3283 1357 3359 indutiae,

568 3381 740 3456 bellum,
763 3401 836 3464 pax
859 3401 1032 3443 rursum:
1055 3381 1210 3443 incerta
1231 3377 1326 3439 haec
1348 3378 1381 3439 si
1404 3385 1444 3440 tu
1468 3378 1656 3461 postules

568 3469 1420 3554 Rationecertatacere,nil1iloplusagas

569 3568 691 3643 Quam
714 3570 746 3630 si
768 3567 836 3629 des
859 3587 1015 3649 operam
1039 3574 1080 3628 nt
1102 3587 1185 3629 oum
1208 3564 1372 3627 ratione
1394 3566 1591 3632 insanias.

404 3663 528 3729 soliaco
550 3663 758 3725 inconstantia
780 3661 1037 3745 mutabilitasque
1061 3661 1176 3725 mentis
1192 3681 1286 3743 quem
1309 3681 1373 3723 non
1395 3662 1464 3744 ipsa
1487 3666 1642 3745 pravitate
1664 3666 1769 3730 deter-

441 3754 532 3820 reat?
562 3758 617 3818 Est
638 3755 731 3816 etiam
754 3754 849 3828 illud,
871 3754 957 3838 quod
979 3756 1011 3818 in
1034 3757 1120 3819 omni
1144 3756 1378 3838 perturbatione
1401 3756 1525 3831 dicitur,
1549 3757 1770 3824 demonstran·

440 3849 531 3924 dum,
555 3848 674 3912 nullam
696 3868 766 3911 esse
789 3850 849 3912 nisi
872 3849 1080 3931 opinabilem,
1111 3852 1171 3912 nisi
1203 3849 1322 3912 iudicio
1344 3859 1537 3932 susceptam,
1569 3852 1629 3915 nisi
1654 3854 1769 3918 volun·

440 3942 559 4008 tariam.
600 3942 725 4005 Etenim
755 3944 782 4006 si
812 3943 964 4006 naturalis
992 3963 1080 4006 amor
1109 3952 1207 4016 esset,
1237 3951 1268 4005 et
1290 3953 1431 4005 amarent
1453 3963 1563 4007 omnes
1586 3955 1619 4009 et
1641 3966 1769 4031 semper

439 4044 581 4100 amarent
602 4045 634 4099 et
647 4037 732 4099 idem
748 4046 899 4109 amarent,
920 4058 1023 4120 neque
1039 4037 1135 4100 alium
1152 4037 1313 4117 cogitatio,
1328 4036 1424 4099 alium
1441 4038 1567 4100 satietas
1585 4039 1767 4104 deterreret.

401 4149 431 4198 sc
524 4130 669 4191 xxxvl.
691 4127 743 4194 77.
772 4134 821 4194 lra
844 4151 933 4205 vero,
962 4152 1044 4216 quae
1074 4130 1244 4214 quamdiu
1276 4131 1437 4211 perturbat
1465 4133 1622 4207 animum,
1645 4134 1768 4197 dubita-

440 4221 559 4285 tionem
582 4223 723 4288 insaniae
745 4244 809 4287 non
831 4225 941 4299 habet,
964 4226 1052 4288 ouius
1075 4226 1202 4308 inpulsu
1223 4224 1329 4286 existit
1351 4225 1445 4287 etiam
1468 4226 1551 4288 inter
1573 4225 1684 4290 iratres
1705 4228 1767 4292 tale

439 4315 596 4400 iurgium:

483 4489 485 4494 Ι
565 4411 602 4473 Δ.
636 4409 737 4485 Quis
766 4410 879 4473 bomo
906 4419 944 4474 te
973 4414 1243 4495 exsuperavit
1265 4432 1426 4496 usquam
1450 4415 1628 4495 gentium
1652 4413 1768 4497 inpu-

1122 4507 1291 4568 dentia‘l

564 4598 606 4660 dl.
640 4596 738 4672 Quis
761 4606 890 4662 autem
913 4600 1073 4663 malitia
1097 4602 1156 4662 tel

400 4692 527 4753 soNosti
556 4710 639 4800 quae
667 4701 832 4769 secuntur3
863 4693 993 4756 alternis
1023 4694 1107 4756 enim
1136 4693 1277 4756 versibus
1306 4695 1528 4779 intorquentur
1551 4702 1633 4762 inter
1653 4699 1767 4763 fratres

437 4785 643 4867 gravissimae
671 4787 897 4861 contumeliae,
927 4797 962 4851 ut
990 4788 1081 4851 facile
1108 4795 1257 4871 appareat
1278 4789 1365 4851 Atrei
1395 4787 1476 4853 lilios
1502 4811 1588 4866 esse,
1619 4793 1688 4856 eius
1710 4794 1765 4878 qui

438 4877 607 4941 meditatur
628 4898 763 4961 poenam
787 4882 818 4942 in
841 4880 968 4944 tratrem
991 4902 1125 4944 novam.

563 4973 686 5035 ldaior
708 4973 799 5035 mihi
823 4973 961 5047 moles,
983 4978 1106 5038 maius
1129 4978 1420 5041 miscendumst
1442 4978 1597 5052 malum,

564 5063 637 5139 Qui
659 5065 774 5128 illins
796 5067 981 5130 acerbum
1004 5089 1073 5131 cor
1094 5071 1337 5134 contundam
1360 5080 1399 5134 et
1420 5072 1679 5154 conprimam.

1022 5203 1131 5210 ..-.....-.
1146 5205 1178 5211 “.
1190 5207 1204 5212 ...
1214 5206 1312 5213 ...uu-
1337 5207 1419 5213 ...ψ-...η
1433 5210 1437 5212 „
1451 5206 1680 5215 ..--——--——.
1693 5208 1763 5217 ...-

503 5269 526 5318 6.
545 5273 573 5317 st
588 5269 611 5317 ei
626 5268 689 5319 diod
705 5271 725 5320 0
745 5296 772 5307 —
791 5271 815 5320 7.
833 5274 978 5321 ostendetur
995 5273 1128 5322 Davisius:
1148 5278 1259 5325 ostendat
1276 5277 1326 5326 CO
1342 5304 1368 5314 -
1386 5276 1456 5325 sibili
1473 5277 1506 5326 C:
1526 5277 1588 5326 nibil
1599 5278 1626 5327 0.
1648 5278 1713 5329 Vide
1731 5279 1765 5331 ed

438 5342 538 5406 lgtb.
563 5368 589 5377 -
615 5344 638 5392 9.
658 5350 694 5394 est
713 5347 788 5395 etiam
811 5349 831 5398 0
853 5373 886 5383 -
913 5348 952 5397 ⁴3.
971 5353 1007 5396 est
1029 5362 1092 5398 nos:
1115 5363 1169 5399 om.
1194 5352 1243 5401 CO
1269 5377 1295 5387 -
1322 5352 1402 5401 aaa
1425 5358 1452 5401 tn
1470 5349 1513 5401 13²:
1536 5353 1715 5404 sitotGltB¹
1733 5381 1765 5391 -
1810 5387 1815 5396 ·

436 5416 478 5466 23.
494 5417 553 5478 ptus
569 5430 622 5467 orn.
643 5418 672 5469 (3¹
692 5445 720 5456 -
738 5421 779 5470 26.
798 5422 874 5471 etiem
891 5424 1036 5472 Manutius:
1060 5426 1126 5473 enim
1145 5427 1192 5475 CO
1212 5453 1238 5464 -
1263 5427 1303 5475 ²9.
1323 5427 1429 5475 deterret
1447 5431 1588 5489 (superscr.
1606 5442 1635 5476 re
1652 5441 1685 5477 m.
1708 5442 1763 5480 sec.

436 5491 486 5544 sed
504 5491 580 5542 valde
598 5495 714 5556 antiqua)
732 5497 752 5543 G
771 5519 798 5531 -
823 5495 864 5545 ³0.
884 5510 949 5558 quos
965 5495 1056 5548 delent
1073 5498 1156 5549 multi.
1177 5502 1287 5550 «Nescio
1305 5514 1338 5551 an
1360 5504 1393 5551 ita
1411 5501 1517 5552 delendi
1536 5505 1633 5564 possit,
1657 5508 1686 5553 ut
1703 5516 1766 5555 seu-

436 5568 516 5619 tentia
535 5581 583 5632 per
601 5568 785 5619 saecolutbian
803 5571 817 5632 s
835 5571 866 5619 79
884 5573 1061 5621 continuetur.
1085 5573 1124 5623 Cl.
1138 5573 1153 5634 5
1165 5574 1270 5624 72-75.
1284 5576 1324 5624 59.
1344 5577 1386 5635 lll,
1401 5576 1441 5625 36,
1455 5577 1512 5626 3ῖ.»
1525 5578 1567 5626 W.
1586 5576 1625 5626 ct.
1639 5577 1668 5625 0.
1683 5578 1765 5629 Heine

436 5643 471 5694 de
489 5646 543 5695 Cic.
562 5646 639 5695 Tosc.
658 5645 731 5709 Disp.
750 5657 776 5708 p.
792 5645 825 5694 27
843 5658 883 5709 sq.
905 5672 931 5683 -
957 5646 996 5695 33.
1016 5661 1123 5707 osquam
1141 5647 1264 5710 Bentley:
1283 5651 1439 5710 amquomc
1461 5677 1484 5686 -
1511 5649 1551 5700 34.
1571 5652 1626 5713 quis
1642 5659 1665 5700 te
1681 5658 1766 5702 ouem

435 5720 535 5770 mutto
546 5721 674 5771 Bouhier:
689 5721 745 5779 quis
755 5724 802 5769 tete
812 5727 896 5770 auum
905 5723 1004 5772 molitio
1016 5722 1132 5772 Ribbeck
1142 5739 1147 5779 ;
1160 5725 1216 5785 quis
1226 5727 1285 5774 item
1295 5726 1393 5774 metitis
1404 5732 1427 5775 te
1438 5725 1632 5786 Fleckeisenus,
1652 5727 1764 5778 «eadem

436 5792 555 5853 medela,
578 5807 658 5859 quam
676 5796 777 5846 Brixiae
793 5795 838 5859 (de
856 5796 938 5847 Plauti
956 5798 1092 5861 prosodia,
1111 5802 1224 5861 quaestt.
1239 5799 1342 5850 vratisl.
1356 5799 1428 5850 4844.
1449 5814 1473 5863 p.
1487 5802 1525 5860 ³2)
1544 5801 1665 5850 adhibuit
1681 5800 1763 5853 Plauti

436 5868 525 5917 sticho
542 5869 565 5926 l,
584 5870 608 5928 3,
627 5870 671 5919 60:
697 5875 756 5932 quot
774 5873 887 5932 potiones
908 5873 996 5934 maai,
1020 5881 1079 5936 quot
1101 5875 1159 5923 item
1177 5877 1315 5936 prandio.»
1336 5902 1362 5912 -
1385 5877 1426 5927 ³5.
1445 5877 1509 5926 caim
1531 5876 1595 5926 GB:
1616 5890 1673 5927 cum
1695 5878 1714 5930 a
1734 5905 1761 5918 -

435 5941 477 5993 38.
495 5943 668 5997 mitorum
683 5944 794 5997 wolfius
811 5950 853 6010 tea
870 5948 899 5998 n.
912 5948 944 5998 D.
956 5948 990 5997 111
1007 5947 1077 6011 56⁸·
1097 5948 1130 5999 de
1148 5949 1218 6001 Orat.
1231 5951 1265 6001 111
1281 5950 1381 6015 ἕως
1399 5951 1550 6002 nomadum
1567 5951 1601 6002 C.
