4342 7459
772 1260 840 1323 nn.
862 1259 915 1323 rv.
944 1258 1018 1323 cn.
1039 1259 1177 1323 n-rv.
1204 1254 1250 1341 ss
1271 1253 1376 1321 a-o.
1670 1245 1732 1314 tos

412 1430 445 1492 iu
467 1447 585 1510 genere
607 1426 732 1490 dicendi
754 1427 887 1510 copiam.
930 1426 961 1490 7.
984 1430 1099 1492 Totum
1121 1447 1221 1510 genus
1241 1426 1303 1490 hoc
1325 1429 1410 1489 Zeno
1434 1430 1466 1487 et
1480 1424 1592 1514 quiab
1608 1442 1646 1488 eo
1662 1429 1736 1487 sunt

411 1529 552 1585 autnon
574 1529 747 1603 potuerunt
767 1529 823 1584 aut
843 1522 1029 1596 notuerunt,
1051 1530 1135 1585 certe
1158 1522 1373 1603 reliquerunt:
1395 1538 1587 1603 quamquam
1611 1516 1739 1600 scripsit

411 1625 511 1680 artem
532 1615 720 1680 rhetoricam
743 1617 927 1691 Cleanthes,
951 1616 1145 1699 Chrysippus
1170 1615 1282 1689 etiam,
1304 1614 1360 1678 sed
1382 1615 1444 1687 sic,
1465 1621 1515 1687 ut,
1536 1614 1564 1676 si
1586 1611 1658 1697 quis
1681 1608 1739 1671 oh·

412 1718 586 1773 mutescere
609 1710 820 1794 concupierit,
843 1710 923 1773 nihii
938 1708 1024 1773 aliud
1039 1708 1144 1790 tegere
1160 1709 1283 1772 debeat.
1317 1710 1425 1792 itaque
1440 1707 1540 1782 vides,
1562 1727 1626 1791 quo
1641 1703 1737 1768 modo

412 1803 593 1887 loquantur.
635 1806 725 1866 Nova
753 1804 849 1867 verba
874 1801 1013 1886 tingunt,
1042 1802 1195 1866 deserunt
1223 1803 1346 1866 usitata.
1383 1804 1423 1866 At
1451 1811 1570 1886 quanta
1591 1797 1762 1864 conaturlt

414 1900 589 1960 «Mundum
616 1897 702 1960 hunc
730 1917 855 1961 omnem
884 1896 1036 1982 oppidum
1059 1915 1129 1959 esse
1151 1905 1322 1960 nostrum.»
1361 1897 1474 1970 Vides,
1496 1904 1645 1978 quantam
1672 1912 1738 1955 rem

410 2000 495 2074 agat,
517 2000 553 2055 ut
575 1991 705 2055 Circeiis
727 1992 781 2076 qui
804 1991 923 2054 habitet
944 1999 1044 2054 totum
1065 1990 1151 2053 hunc
1173 1991 1325 2054 mundum
1340 2010 1433 2053 suum
1447 1990 1653 2071 municipium
1669 2005 1739 2050 esso

411 2088 579 2150 existimet
619 2087 789 2150 stncendit
819 2088 914 2169 igitur
946 2106 1016 2159 eos,
1049 2084 1104 2168 qui
1134 2083 1298 2147 audiunt.»
1345 2083 1455 2159 Quid?
1486 2084 1540 2147 iile
1568 2080 1739 2146 incendat?

410 2181 586 2263 restinguet
614 2182 720 2253 citius,
753 2182 779 2243 si
811 2180 973 2244 ardentem
1003 2181 1169 2263 acceperit.
1206 2180 1268 2241 Ista
1297 2179 1383 2261 ipsa,
1416 2198 1497 2262 quae
1524 2186 1559 2241 tu
1590 2175 1738 2247 breviter,

411 2293 536 2354 regem,
557 2274 757 2347 dictatorcm,
781 2274 911 2337 divitem
934 2274 1035 2337 solum
1059 2292 1130 2336 esse
1152 2273 1344 2355 sapientem,
1366 2291 1385 2336 a
1406 2280 1437 2335 te
1459 2270 1586 2356 quidem
1608 2277 1681 2352 apte
1702 2287 1774 2332 acto

411 2369 560 2430 rotunde:
583 2368 719 2450 quippe;
741 2367 839 2429 habes
862 2368 946 2430 enim
969 2386 987 2429 a
1008 2367 1204 2430 rhetoribus:
1227 2367 1354 2430 illorum
1377 2386 1452 2430 vero
1472 2368 1533 2431 ista
1554 2367 1624 2449 ipsa
1642 2382 1736 2448 quam

412 2461 506 2523 exilia
529 2460 568 2523 de
590 2461 715 2524 virtutis
737 2461 788 2523 rit
819 2481 914 2543 quam
937 2467 1053 2524 tantam
1077 2461 1189 2525 volunt
1210 2482 1296 2534 esse,
1325 2469 1361 2524 ut
1386 2462 1513 2525 beatum
1535 2482 1593 2545 per
1613 2480 1648 2523 se
1670 2453 1738 2520 effi·

411 2574 482 2618 cere
511 2556 622 2638 possit.
662 2557 811 2637 Pungunt
839 2556 930 2638 quasi
959 2554 1078 2618 aculeis
1100 2555 1411 2638 interrogatiunculis
1432 2558 1590 2638 angustis,
1621 2552 1737 2638 quibus

412 2650 506 2711 etiam
537 2648 593 2731 qui
622 2650 839 2712 assentiuntur
866 2649 945 2712 nihii
974 2658 1207 2714 commutantur
1235 2650 1339 2713 animo
1368 2656 1400 2711 et
1428 2649 1511 2712 idem
1538 2650 1657 2713 abeunt
1682 2645 1738 2729 qui

411 2749 579 2806 venerant:
609 2763 660 2805 res
682 2744 766 2805 enim
787 2743 921 2807 fortasse
942 2763 1050 2817 verae,
1078 2752 1163 2807 certe
1185 2764 1311 2827 graves,
1341 2763 1406 2806 non
1427 2745 1470 2807 ita
1491 2750 1675 2815 tractantur,
1701 2743 1774 2802 utre

413 2836 541 2908 debent,
564 2834 621 2897 sed
643 2836 806 2919 aliquanto
828 2836 992 2901 minutius.

495 2929 548 2990 iv.
570 2926 600 2990 8.
625 2929 776 3011 Sequitur
790 2931 965 2994 disserendi
984 2933 1063 2995 ratio
1079 2930 1284 3014 cognitioque
1299 2940 1449 3007 naturae3
1471 2951 1542 2995 nam
1558 2930 1736 2993 desummo

410 3023 493 3085 bono
516 3042 605 3095 mox,
628 3030 665 3085 ut
685 3023 770 3097 dixi,
792 3023 968 3087 videbimus
991 3034 1023 3088 et
1046 3026 1084 3088 ad
1110 3027 1141 3087 id
1164 3026 1387 3107 explicandum
1403 3026 1648 3108 disputationem
1670 3042 1737 3085 om·

410 3137 483 3179 nem
510 3115 719 3179 conferemus.
768 3118 803 3179 ln
834 3117 873 3179 iis
901 3119 997 3200 igitur
1024 3119 1165 3202 partibus
1195 3118 1316 3181 duabus
1345 3121 1425 3182 nihil
1453 3127 1520 3182 erat
1542 3117 1629 3201 quod
1651 3120 1736 3178 Zeno

412 3218 605 3276 commutare
629 3212 774 3293 gestirct3
797 3231 849 3273 res
870 3213 954 3274 enim
977 3233 1011 3275 se
1035 3213 1194 3295 praeclare
1215 3212 1367 3288 habebat,
1390 3222 1422 3277 et
1445 3212 1574 3296 quidem
1596 3214 1628 3274 in
1652 3217 1774 3271 utra-ro

414 3325 476 3389 que
499 3312 598 3386 parte.
637 3302 722 3379 Quid
746 3305 830 3367 enim
853 3306 893 3368 ab
915 3308 1055 3389 antiquis
1077 3327 1118 3369 ex
1140 3326 1179 3368 eo
1202 3326 1333 3387 genere,
1356 3308 1441 3389 quod
1462 3306 1503 3369 ad
1519 3302 1736 3369 disserendum

411 3400 514 3473 vaiet,
538 3399 795 3481 praetermissum
817 3402 887 3463 esti
911 3400 966 3482 qui
989 3410 1021 3463 et
1043 3399 1231 3464 definierunt
1252 3401 1385 3484 plurima
1408 3410 1440 3465 et
1460 3398 1632 3465 definiendi
1654 3405 1737 3459 artes

410 3495 621 3576 reliquerunt,
644 3492 795 3576 quodque
818 3501 867 3556 est
888 3493 1062 3558 definitioni
1083 3495 1285 3568 adiunctum,
1308 3504 1344 3557 ut
1364 3517 1415 3558 res
1436 3496 1470 3558 in
1492 3504 1596 3578 partes
1617 3489 1737 3554 divida-

410 3596 477 3663 tur,
508 3587 540 3650 id
569 3595 601 3649 et
626 3583 662 3648 tit
688 3587 728 3648 ab
758 3587 820 3650 itiis
842 3594 875 3650 et
896 3607 991 3671 quem
1013 3589 1053 3651 ad
1077 3588 1206 3652 modum
1229 3585 1295 3651 heri
1317 3596 1462 3670 oporteat
1483 3588 1632 3651 traditur:
1659 3584 1736 3646 item

410 3682 451 3744 de
480 3681 662 3753 contrariis,
693 3700 712 3742 a
739 3682 856 3764 quibus
886 3682 925 3745 ad
955 3703 1071 3764 genera
1092 3684 1273 3766 formasque
1296 3702 1444 3764 generum
1467 3687 1629 3746 venerunt.
1671 3679 1774 3740 lamas

409 3774 586 3856 argumenti
609 3775 731 3836 ratione
753 3776 893 3840 conclusi
917 3787 1009 3860 caput
1031 3796 1101 3839 esse
1123 3777 1317 3848 faciuntea,
1340 3794 1422 3858 quae
1440 3776 1604 3861 perspicua
1620 3773 1736 3846 dicunt,

410 3868 526 3932 deinde
548 3867 691 3931 ordinem
714 3879 880 3945 secuntur,
903 3881 967 3934 tum
989 3871 1067 3955 quid
1090 3890 1201 3933 verum
1224 3870 1319 3932 sitin
1341 3870 1474 3952 singulis
1499 3878 1640 3933 extrema
1661 3887 1736 3929 con·

409 3962 511 4025 clusio
533 3970 591 4024 est.
634 3959 665 4025 9.
688 3962 814 4037 Quanta
836 3974 940 4027 autem
962 3967 1001 4028 ab
1023 3965 1088 4027 ittis
1104 3967 1238 4027 varietas
1255 3972 1511 4045 argumentorum
1526 3964 1648 4026 ratione
1663 3980 1737 4025 con·

409 4054 603 4117 cludeutium
620 4075 796 4139 eorumque
812 4077 883 4119 cum
900 4060 1049 4140 captiosis
1065 4058 1363 4140 interrogationibus
1376 4057 1616 4120 dissimilitudo!
1641 4057 1736 4132 Quid,

410 4148 496 4231 quod
526 4148 668 4231 pluribus
699 4150 775 4213 locis
802 4153 894 4235 quasi
926 4153 1130 4225 denuntiant,
1171 4159 1205 4213 ut
1231 4171 1336 4231 neque
1366 4171 1517 4214 sensuum
1546 4148 1639 4213 fidem
1668 4152 1773 4214 sineso

408 4243 532 4304 ratione
562 4265 620 4305 nec
650 4246 782 4307 rationis
814 4248 882 4308 sine
905 4246 1050 4308 sensibus
1073 4247 1275 4328 exquiramus
1298 4254 1392 4329 atque
1414 4256 1450 4309 ut
1472 4267 1580 4309 eorum
1603 4247 1735 4309 aiterum

408 4332 448 4397 ah
471 4336 570 4398 attero
591 4358 627 4398 oe
650 4342 854 4421 separemus?
889 4338 994 4413 Quint
1018 4358 1070 4411 ea,
1093 4359 1174 4420 quae
1197 4339 1352 4401 dialectici
1374 4360 1458 4403 nunc
1480 4339 1608 4402 tradunt
1628 4349 1660 4402 et
1681 4340 1737 4401 do·

408 4439 496 4502 cent,
518 4450 624 4493 nonno
648 4432 687 4494 ab
710 4432 773 4495 ittis
795 4434 936 4496 instituta
958 4436 1056 4495 sunt?
1089 4435 1135 4496 De
1158 4434 1273 4516 quibus
1296 4433 1354 4497 etsi
1374 4455 1392 4497 a
1409 4435 1584 4517 Chrysippo
1600 4435 1736 4498 maxime

475 4761 497 4807 t.
517 4760 579 4808 Zeno
597 4763 662 4812 AB:
682 4766 705 4809 ct
722 4760 785 4808 Zeno
802 4760 822 4808 0
843 4786 868 4795 -
888 4759 1339 4824 qoiaoeoA810beoqat0-
1359 4762 1383 4811 Β.
1401 4762 1531 4810 volucritat
1547 4762 1595 4811 ΒΕ
1615 4790 1641 4798 -
1659 4763 1737 4812 retic-

408 4841 516 4900 qoemnt
534 4840 553 4885 A
573 4862 599 4871 -
620 4840 644 4886 5.
663 4837 701 4899 At]
720 4841 765 4884 aot
782 4836 800 4884 E
816 4861 841 4869 -
861 4842 969 4883 conatur
986 4836 1028 4884 ed.
1042 4836 1142 4885 Veneta
1161 4850 1184 4885 a.
1199 4835 1275 4896 ttae,
1295 4838 1427 4896 Davisius,
1447 4837 1596 4887 Ernestius:
1615 4843 1738 4887 conantur

408 4910 487 4960 codd.
514 4911 585 4960 «Sed
605 4924 733 4961 numerus
749 4908 857 4974 pluralis
875 4910 926 4959 hoc
944 4909 1003 4960 loco
1015 4914 1090 4961 ortus
1108 4914 1149 4961 est
1166 4924 1180 4961 e
1199 4910 1422 4974 praecedentibus
1439 4913 1737 4977 toquentur--flnquot,

407 4988 547 5035 deserum.-
566 4987 612 5034 Da.
635 5013 660 5021 -
680 4988 704 5035 6.
723 4992 845 5033 nostrum.
868 4986 936 5033 Videt
947 4987 1082 5036 Davisius:
1103 4993 1223 5036 nostram.
1242 4989 1338 5036 iacendi
1355 4989 1433 5051 igitur
1450 4991 1516 5051 (crgo
1529 4989 1555 5049 D)
1573 5001 1614 5037 sos
1630 4990 1672 5049 qui
1689 5002 1739 5037 ao-

407 5063 487 5110 diant.
506 5061 657 5115 uidctA133
682 5066 804 5109 nostrum.
829 5060 938 5108 Incendit
956 5062 1034 5124 igitur
1051 5075 1102 5122 cos,
1123 5063 1167 5125 qui
1183 5063 1297 5111 audiunt.
1319 5062 1388 5111 Vides
1403 5065 1428 5112 Μ
1450 5090 1483 5100 -
1503 5068 1597 5125 quanto
1614 5064 1688 5113 rctB
1709 5090 1736 5102 *

407 5138 431 5186 7.
450 5141 512 5197 aqut
529 5135 571 5183 ed.
585 5136 684 5184 Veneta
702 5148 726 5183 a.
746 5135 824 5193 ⁴480,
844 5134 923 5194 aliae,
942 5137 1076 5185 Davisius:
1097 5150 1160 5200 ugos
1176 5138 1224 5186 AB
1238 5138 1256 5186 C
1268 5139 1291 5186 Μ
1309 5164 1335 5173 -
1354 5143 1382 5187 ut
1399 5139 1499 5188 Circeiis
1516 5140 1602 5189 om.B
1618 5166 1644 5174 -
1663 5154 1738 5189 mun-

407 5212 466 5259 dum
490 5216 566 5257 totum
588 5210 688 5258 AuncB
709 5236 735 5244 —
761 5211 785 5258 8.
804 5211 1079 5259 Incendit--oadiunt
1096 5226 1110 5259 o
1128 5226 1207 5262 versu
1231 5214 1245 5261 6
1264 5213 1316 5262 buc
1339 5217 1500 5277 transposuit
1523 5216 1657 5265 Davisius:
1683 5228 1735 5265 orn.

407 5283 487 5334 codd.
506 5287 533 5332 et
550 5284 572 5332 Μ
593 5309 619 5318 —
639 5285 663 5333 9.
682 5287 815 5345 rectinaret
833 5298 886 5333 orn.
908 5285 927 5333 Β
947 5311 973 5320 -
994 5283 1021 5334 ai
1038 5288 1057 5334 Β
1078 5312 1104 5321 -
1125 5287 1164 5335 to.
1184 5300 1266 5350 regem
1279 5288 1464 5337 --rbetoribus
1480 5289 1579 5338 Nonius
1596 5303 1622 5353 p.
1637 5289 1692 5339 tot.
1709 5316 1735 5325 κ

408 5360 448 5408 43.
465 5364 579 5419 ponqunt
597 5363 631 5407 A:
650 5364 764 5421 ponqunt
780 5362 846 5408 enim
863 5360 916 5408 ΒΜ
933 5386 958 5395 —-
978 5362 1129 5423 interrogati
1145 5362 1250 5410 vincatis
1268 5363 1316 5411 DE
1331 5390 1357 5399 -
1377 5362 1415 5412 tt.
1435 5364 1499 5411 idem
1515 5364 1578 5413 AB:
1596 5365 1669 5412 iidem
1687 5365 1737 5412 ΜΟ

411 5459 436 5470 -
458 5435 497 5481 t6.
517 5434 655 5495 aliquando
672 5435 720 5483 ΒΒ
740 5460 766 5469 -
787 5435 827 5483 49.
846 5436 886 5495 iis]
903 5435 940 5482 bit
956 5439 974 5484 A
989 5435 1043 5484 ΒΜ
1058 5462 1082 5471 -
1105 5436 1200 5484 duobus
1217 5450 1269 5486 om.
1284 5437 1344 5485 Β-
1363 5437 1404 5485 20.
1423 5444 1574 5487 cornmotors
1590 5440 1735 5500 qestirctA;

407 5514 530 5556 comntoto
547 5509 660 5569 registirs
677 5509 722 5557 ΒΒ
738 5536 764 5545 -
782 5522 807 5557 sc
820 5510 848 5567 [si
860 5510 886 5568 Bt
898 5510 1029 5570 praeclare
1040 5513 1058 5558 A
1070 5511 1100 5558 D:
1120 5513 1251 5571 proestare
1262 5512 1318 5560 seO
1333 5537 1359 5546 -
1379 5511 1482 5561 babebat
1494 5526 1556 5562 nos:
1575 5511 1663 5561 babeat
1675 5513 1735 5568 ΑΒ;

408 5584 497 5631 habent
510 5584 560 5632 ΜΟ
576 5610 600 5619 -
621 5585 661 5632 id.
681 5586 832 5647 diffinierunt
850 5589 884 5643 A;
903 5586 1074 5646 dimiserant
1091 5586 1138 5635 BE
1159 5613 1184 5620 —
1208 5586 1248 5636 ih.
1268 5588 1373 5648 itemque
1389 5588 1419 5637 da
1436 5588 1454 5636 B
1473 5590 1533 5647 (uon
1547 5586 1573 5645 E)
1587 5612 1613 5621 -
1633 5587 1674 5635 25.
1692 5599 1738 5635 tto·

409 5663 529 5706 arnmot
546 5661 566 5707 A
581 5682 607 5693 —
628 5659 668 5707 26.
688 5673 736 5707 esse
752 5663 906 5722 suspectum
925 5660 970 5710 tuit
988 5661 1093 5708 Bromio
1107 5685 1135 5696 -
1154 5674 1199 5720 so,
1218 5674 1283 5724 quos
1301 5663 1334 5711 D:
1357 5675 1437 5722 coquo
1448 5664 1494 5711 AD
1509 5688 1535 5696 -
1554 5661 1595 5710 28.
1611 5662 1737 5722 Quantum

410 5734 458 5783 BE
472 5757 497 5767 -
517 5732 556 5780 30.
574 5734 687 5793 pluribus
699 5739 732 5782 A:
751 5734 866 5795 piurimis
883 5735 931 5784 BC
945 5761 972 5770 -
991 5741 1018 5783 ut
1036 5749 1098 5783 nsaw
1110 5762 1122 5772 ·
1132 5762 1145 5773 -
1158 5749 1206 5784 ocu
1217 5738 1323 5785 rationis
1333 5737 1498 5797 Wesenberg
1514 5735 1546 5783 ad
1559 5748 1598 5784 or.
1613 5749 1639 5799 p.
1653 5735 1737 5784 Sestio

411 5823 437 5873 p.
457 5807 497 5856 36.
520 5833 544 5841 -
569 5808 607 5855 34.
627 5810 680 5857 sinc
696 5821 748 5857 om.
769 5810 818 5859 AB
837 5835 864 5844 -
883 5816 910 5858 ut
927 5810 989 5859 AB:
1011 5823 1063 5858 om.
1083 5812 1103 5858 0
1122 5836 1149 5845 -
1168 5811 1207 5859 ΒΞ.
1227 5825 1258 5860 ns
1278 5811 1435 5861 Lambinus:
1455 5825 1507 5860 om.
1527 5811 1605 5861 codd.
1625 5816 1652 5861 ot
1669 5812 1688 5862 0
1708 5836 1735 5848 -

410 5882 452 5931 ³³.
470 5883 582 5929 instituto
603 5890 659 5931 sant
680 5883 739 5932 cod.
758 5884 893 5934 Leidensis
915 5885 1049 5949 Madvigii:
1071 5887 1186 5935 instituto
1207 5892 1262 5936 sunt
1279 5888 1382 5937 inuento
1398 5893 1453 5936 svnt
1472 5887 1531 5941 AB:
1550 5886 1664 5936 instituto
1680 5890 1736 5935 suot

410 5963 433 6008 ct
451 5960 550 6006 incentu
567 5970 628 6007 cum
647 5958 689 6007 ed.
708 5959 809 6008 Iuntina
826 5960 855 6009 0.
