4342 7459
661 1234 730 1299 nn.
752 1236 791 1297 n.
820 1234 894 1298 cn.
914 1234 1244 1300 xxxa-xxxiv.
1268 1232 1315 1318 ss
1336 1230 1483 1298 oe-ra.
1673 1229 1736 1297 aaa

492 1396 641 1461 XXXIII.
662 1392 715 1458 70.
737 1394 821 1458 Satis
841 1394 941 1458 multa
962 1394 1002 1457 de
1025 1396 1168 1459 ostentis.
1200 1395 1350 1479 Auspicia
1371 1399 1490 1458 restant
1507 1399 1539 1457 et
1553 1400 1655 1457 sones
1670 1411 1736 1469 eae,

410 1511 492 1576 quae
521 1489 697 1565 ducuntur,
726 1510 791 1553 non
817 1490 910 1564 illae,
940 1509 1023 1573 quae
1052 1489 1275 1553 vaticinatione
1304 1488 1496 1563 funduntur,
1527 1508 1609 1571 quac
1631 1488 1737 1551 oracla

407 1588 515 1650 verius
538 1585 695 1659 dicimus;
720 1584 760 1647 da
783 1584 898 1667 quibus
919 1593 985 1647 tum
1001 1584 1161 1658 dicemus,
1177 1604 1248 1646 cum
1264 1582 1304 1646 ad
1319 1583 1497 1647 naturalem
1512 1582 1737 1646 divinationem

407 1680 599 1744 venerimus.
633 1680 742 1742 Restat
764 1679 859 1742 etiam
883 1678 924 1741 de
947 1675 1123 1742 Chaldaeis.
1159 1678 1221 1741 Sed
1243 1678 1379 1759 primum
1401 1677 1543 1759 auspicia
1564 1677 1737 1742 videamus.

407 1774 555 1837 Difficilis
578 1774 690 1855 auguri
713 1772 801 1835 locus
823 1772 864 1835 ad
887 1780 995 1835 contra
1018 1772 1196 1835 dicendum.
1233 1772 1337 1834 Marso
1359 1770 1503 1845 fortasse,
1525 1772 1582 1833 sed
1597 1772 1762 1835 bomanel

407 1867 597 1930 facillumus.
640 1869 711 1930 Non
741 1868 825 1930 enim
855 1887 965 1929 sumus
987 1867 1009 1930 ii
1032 1887 1090 1930 nos
1113 1884 1269 1949 augures,
1299 1864 1354 1946 qui
1376 1864 1481 1927 avium
1503 1864 1739 1947 reliquorumve

409 1962 572 2044 signorum
594 1961 815 2025 observatione
836 1959 943 2023 lutura
965 1961 1118 2024 dicamus.
1160 1962 1202 2022 Et
1222 1966 1329 2022 tamen
1351 1959 1447 2021 credo
1469 1959 1655 2032 Romulum,
1684 1959 1740 2041 qui

411 2056 521 2120 urbem
543 2055 709 2138 auspicato
731 2053 883 2127 condidit,
904 2054 1055 2117 babuisse
1078 2053 1265 2137 opinionem
1286 2070 1356 2115 esse
1378 2051 1412 2114 in
1426 2051 1634 2133 providendis
1649 2053 1742 2117 rebus

410 2150 586 2232 augurandi
602 2149 815 2213 scientiam-
827 2147 952 2210 errabat
965 2149 1048 2211 enim
1065 2146 1171 2211 multis
1186 2148 1219 2210 in
1231 2146 1326 2210 rebus
1341 2145 1514 2228 antiquitas
1521 2175 1574 2220 —,
1584 2165 1680 2229 quam
1693 2144 1744 2209 vel

409 2263 470 2306 usu
488 2244 551 2306 iam
573 2243 624 2305 vel
646 2242 791 2305 doctrina
813 2241 864 2303 vel
885 2249 1044 2305 vetustate
1060 2242 1256 2305 immutatam
1271 2238 1424 2303 videmus.
1459 2239 1624 2304 Retinetur
1638 2247 1782 2303 antemtt

412 2345 445 2401 et
465 2336 504 2400 ad
528 2337 713 2419 opinionem
736 2336 822 2417 vulgi
845 2334 938 2399 etad
962 2355 1092 2416 magnas
1113 2335 1266 2399 utilitates
1288 2333 1336 2398 rei
1357 2331 1505 2416 publicae
1521 2353 1605 2408 mos,
1620 2334 1744 2416 religio,

411 2431 598 2513 disciplina,
628 2431 679 2493 ins
706 2448 878 2512 augurum,
908 2427 1037 2509 collegii
1063 2430 1245 2491 auctoritas.
1288 2424 1341 2490 ll.
1369 2429 1434 2491 Nec
1462 2445 1540 2491 vero
1567 2448 1631 2492 non
1657 2429 1746 2494 omni

412 2525 566 2608 supplicio
589 2523 677 2607 digni
699 2524 733 2586 P.
756 2522 887 2587 Clodius
909 2522 945 2585 L.
968 2524 1076 2588 Iunius
1098 2521 1261 2597 consules,
1291 2521 1346 2605 qui
1368 2529 1479 2585 contra
1499 2522 1636 2605 auspicia
1657 2522 1746 2586 navi·

411 2626 573 2700 paverunt
614 2616 791 2681 Parendum
813 2617 898 2680 enim
920 2617 1069 2698 religioni
1091 2615 1154 2679 init
1179 2634 1239 2678 nec
1260 2615 1381 2700 patrius
1403 2634 1473 2679 mos
1494 2623 1558 2680 um
1580 2624 1747 2681 contuma-

411 2713 490 2775 citer
510 2710 736 2794 repudiandus.
780 2711 852 2775 lure
878 2711 976 2794 igitur
1003 2710 1084 2773 alter
1110 2708 1220 2791 populi
1241 2707 1363 2772 indicio
1386 2708 1550 2773 damnatus
1573 2718 1636 2785 est,
1665 2710 1784 2775 alteru

412 2813 546 2868 mortem
566 2806 631 2869 sibi
652 2806 723 2888 ipre
744 2805 907 2868 conscivit.
940 2802 1116 2867 Flaminius
1130 2822 1197 2866 non
1212 2802 1315 2886 pamit
1329 2802 1497 2885 auspiciis,
1519 2803 1631 2889 itaque
1652 2805 1747 2889 periit

412 2920 484 2963 cum
505 2899 659 2963 exercitu.
695 2902 737 2962 At
756 2919 841 2963 anno
865 2906 939 2981 post
958 2898 1076 2962 Paulus
1097 2898 1211 2982 paruit.
1246 2898 1328 2961 llum
1350 2898 1455 2961 minus
1476 2898 1591 2963 cecidit
1609 2900 1642 2963 in
1666 2899 1748 2964 Can-

412 2993 505 3056 nansi
526 3011 633 3075 pugna
654 3010 726 3055 eum
749 2993 915 3056 exercitui
950 2992 1095 3065 Etenim,
1117 3000 1154 3055 ut
1174 2991 1239 3054 sint
1259 2991 1415 3075 auspicia,
1438 3011 1522 3075 quae
1543 2993 1631 3057 nulla
1653 3000 1747 3069 sunt;

412 3085 492 3149 baec
513 3094 616 3160 certe,
647 3086 765 3169 quibus
786 3086 921 3160 utimur,
943 3087 1010 3150 sive
1032 3085 1174 3169 tripudio
1196 3084 1266 3149 sive
1287 3083 1327 3148 de
1350 3084 1454 3160 caelo,
1483 3087 1652 3151 simulacra
1673 3095 1747 3152 sunt

415 3178 651 3261 auspiciorum,
672 3181 815 3261 auspicia
836 3181 926 3244 nullo
948 3180 1055 3244 modo.
1752 3186 1782 3236 ¹⁰

498 3273 644 3337 XXXIV.
674 3273 713 3350 Q.
733 3274 849 3349 Fabi,
876 3282 911 3338 te
934 3274 1026 3337 mibi
1050 3274 1090 3336 in
1109 3272 1293 3354 auspicio
1316 3292 1405 3337 esse
1426 3270 1533 3338 volo:
1563 3276 1747 3357 respondet,

414 3366 553 3430 audivi.
587 3368 646 3431 ilic
668 3366 754 3450 apud
776 3370 911 3432 maiores
932 3367 1141 3431 adhibebatur
1162 3368 1299 3449 peritus,
1322 3387 1406 3431 nunc
1421 3368 1578 3451 quilebet
1607 3370 1747 3435 Peritum

414 3470 519 3524 antem
540 3479 612 3523 esse
634 3480 763 3525 necesse
784 3471 832 3526 est
853 3483 941 3537 eum,
971 3462 1028 3546 qui
1050 3461 1212 3525 silentium
1233 3460 1313 3544 quid
1334 3461 1377 3525 sit
1396 3462 1576 3546 intellegat,
1605 3463 1639 3526 id
1661 3464 1746 3529 enim

415 3557 575 3620 silentium
597 3556 732 3618 dicimus
754 3556 788 3619 in
809 3557 976 3640 auspiciis,
998 3554 1085 3640 quod
1109 3556 1196 3618 omni
1218 3556 1297 3619 vitio
1318 3562 1414 3618 caret.
1458 3552 1509 3618 72.
1533 3557 1600 3620 lloe
1620 3557 1746 3621 intelle·

415 3670 489 3733 gere
512 3650 643 3734 perfecti
665 3651 795 3731 auguris
817 3660 886 3725 est3
919 3650 966 3713 illi
989 3658 1112 3722 autem,
1140 3648 1195 3732 qui
1217 3649 1251 3712 ia
1271 3649 1447 3731 auspicium
1468 3650 1651 3727 adhibetur,
1673 3659 1786 3716 euml!

414 3746 458 3807 ita
479 3744 644 3826 imperarit
665 3742 709 3816 is,
732 3746 789 3827 qui
809 3743 1009 3826 auspicatur,
1031 3742 1162 3806 dicito
1190 3743 1223 3805 si
1252 3742 1458 3807 silentium
1484 3763 1571 3809 esse
1597 3746 1747 3811 videbi·

416 3845 496 3911 tur,
519 3856 578 3900 nec
599 3838 733 3919 suspicit
755 3856 814 3899 nec
836 3838 1067 3919 circumspicit;
1103 3836 1209 3900 statim
1230 3837 1403 3920 respondet
1427 3837 1636 3904 silentium
1659 3860 1747 3906 esse

415 3933 555 3996 rideri.
597 3933 679 3994 Tam
701 3931 770 3994 illes
793 3930 917 3993 dicito
946 3933 977 3995 si
1005 3931 1231 4015 pascuntur.
1260 3966 1302 3975 -
1330 3932 1561 3998 Pascuntur.
1585 3969 1626 3984 -
1655 3934 1748 4011 Quae

416 4029 511 4089 aveat
533 4033 587 4090 aut
602 4026 679 4088 ubil
708 4025 833 4099 Attulit,
854 4025 970 4107 inquit,
992 4026 1027 4087 in
1048 4043 1143 4088 cavea
1166 4024 1271 4109 pullos
1292 4025 1336 4100 is,
1357 4027 1414 4109 qui
1436 4046 1477 4089 ex
1499 4046 1538 4091 eo
1559 4028 1630 4111 ipso
1645 4031 1747 4092 nomi·

416 4128 510 4183 natur
530 4121 696 4202 pullarius.
728 4119 795 4182 Hae
815 4130 890 4182 sunt
910 4120 1008 4202 igitur
1028 4139 1103 4183 aves
1123 4119 1337 4184 internuntiae
1356 4121 1458 4196 lovis;
1480 4140 1563 4203 quae
1578 4131 1787 4205 pascanturao

482 4448 506 4495 t.
525 4445 577 4510 ece]
590 4446 669 4496 aecii
690 4473 716 4482 -
736 4446 761 4496 Ξ.
781 4445 909 4510 quoe1qut
926 4449 946 4496 Α
964 4460 1033 4497 corr.
1047 4460 1079 4496 ex
1098 4459 1163 4507 quo,
1182 4448 1212 4495 ut
1228 4445 1335 4495 videtur
1352 4470 1378 4481 -
1399 4446 1541 4497 oracutoo
1561 4474 1586 4486 ·-
1607 4450 1632 4499 a.
1645 4450 1750 4515 munst

418 4520 438 4570 C
453 4546 480 4557 -
499 4521 523 4570 i.
537 4523 662 4570 discemus
672 4520 799 4578 cobctus,
818 4520 867 4571 scd
884 4520 945 4571 vide
963 4535 1011 4572 nos
1029 4521 1063 4570 sd
1081 4522 1116 4581 ll,
1130 4520 1203 4584 5⁴08
1223 4546 1247 4558 -
1270 4522 1293 4571 9.
1312 4522 1470 4584 reparandis
1486 4522 1550 4571 Β-
1566 4522 1639 4572 robus
1653 4530 1677 4574 st
1692 4530 1747 4575 oet.

417 4594 480 4644 V·
499 4598 763 4657 pens--immetotos
774 4594 906 4652 clericam
927 4596 1008 4647 verbu
1027 4596 1317 4655 mobnt--ootioeitos
1334 4596 1437 4648 uncinis
1449 4595 1613 4649 incluserunt
1625 4594 1749 4652 l’earc'ias

418 4675 498 4736 atque
511 4671 631 4732 Orellius,
650 4676 680 4722 ut
696 4685 773 4734 quom
790 4671 824 4720 ad
842 4675 987 4737 aequandi
1004 4672 1134 4722 scientiam
1150 4669 1192 4721 vei
1209 4672 1242 4720 ed
1255 4672 1396 4733 opinionem
1407 4672 1553 4723 relerretur
1566 4698 1593 4707 -
1613 4675 1652 4724 lt.
1663 4677 1748 4738 opple.

418 4748 484 4796 Α·
511 4748 550 4798 ll.
569 4749 608 4796 iasa
623 4761 750 4811 superem
772 4747 851 4798 codd.
871 4748 952 4808 dett,
979 4751 1008 4797 ut
1024 4747 1092 4797 inlra
1113 4746 1172 4811 §75
1194 4745 1271 4796 codd.
1290 4746 1343 4796 iide
1361 4747 1464 4809 legitur,
1481 4749 1523 4797 lus
1538 4751 1675 4814 capenum
1692 4750 1748 4814 00,

418 4832 500 4886 quam
516 4820 657 4873 lectionem
677 4825 711 4873 ita
729 4823 846 4874 detendit
857 4824 912 4874 lac.
924 4822 1079 4882 Gronovius,
1099 4826 1128 4871 ut
1144 4823 1282 4885 oupurism
1294 4834 1405 4872 munere
1418 4823 1532 4874 nominis
1544 4823 1665 4875 adlecltvi
1677 4826 1749 4890 iungi

419 4896 501 4957 dicat,
523 4900 552 4947 ut
569 4899 623 4949 Cic.
641 4897 676 4947 de
693 4901 795 4949 senect.
815 4912 839 4948 c.
859 4900 891 4950 lv
908 4901 936 4947 et
953 4910 1015 4962 epp.
1034 4896 1068 4945 ad
1088 4897 1150 4947 lam.
1170 4898 1216 4957 iit,
1235 4898 1251 4946 9
1270 4898 1338 4947 teas
1352 4901 1456 4963 cupere
1479 4901 1629 4964 scripserit,
1651 4914 1750 4965 quave·

420 4985 500 5035 quam
518 4986 626 5029 vereor,
645 4986 679 5022 nc
697 4975 722 5023 in
741 4972 790 5023 illis
808 4972 872 5024 Iocis
889 4975 954 5023 iuris
970 4974 1073 5036 cuparii
1091 4972 1188 5022 eodem
1201 4973 1281 5022 modo
1299 4972 1399 5023 dictum
1417 4976 1452 5025 sit
1468 4988 1522 5037 quo
1539 4976 1603 5026 inira
1622 4976 1681 5040 576
1698 4978 1751 5027 dis-

418 5049 512 5109 cipline
527 5048 631 5111 cupa-ii
649 5074 677 5083 -
697 5050 736 5098 li.
756 5049 843 5112 ooltcpi
859 5049 903 5099 AV
922 5073 950 5086 -
975 5049 1014 5097 43.
1028 5048 1147 5098 Claudius
1162 5050 1183 5099 0
1205 5075 1231 5086 -
1251 5061 1300 5099 cor.
1315 5052 1354 5110 Αἱ,
1373 5063 1434 5111 quos
1451 5049 1481 5099 V¹
1502 5077 1530 5087 -
1549 5050 1601 5115 qui]
1614 5053 1643 5113 Q.
1657 5052 1682 5101 ln
1696 5065 1749 5103 rae.

420 5124 439 5172 Β
460 5148 483 5159 -
504 5124 663 5185 acciperunt
681 5124 744 5181 VO,
769 5123 830 5173 inde
848 5136 933 5186 usque
951 5123 985 5172 ad
1003 5136 1025 5172 c.
1039 5124 1081 5173 XL
1099 5122 1194 5173 cod.V
1212 5137 1293 5174 mann
1310 5127 1460 5175 recentiore
1477 5125 1569 5186 simlii,
1589 5130 1619 5176 ut
1635 5127 1749 5188 videtur,

420 5197 564 5262 exemplari
581 5203 661 5261 atque
679 5199 740 5247 cod.
760 5197 854 5248 Seiisb.
874 5198 1024 5263 descriptus
1042 5201 1097 5257 est,
1122 5197 1193 5249 unde
1215 5198 1329 5250 leviores
1351 5200 1445 5252 calami
1467 5200 1557 5265 lapsus
1577 5204 1603 5253 in
1625 5202 1667 5253 bis
1684 5202 1751 5252 loliis

421 5276 500 5325 etiam
517 5277 604 5324 minus
623 5286 701 5335 quem
720 5276 797 5324 antea
817 5274 904 5324 couvi
928 5302 954 5313 -
980 5273 1020 5325 tt.
1038 5274 1087 5334 tuit
1102 5274 1218 5337 relictori
1235 5276 1281 5325 VO
1304 5300 1332 5311 -
1359 5277 1398 5326 te.
1416 5277 1518 5327 Pondus
1534 5279 1554 5328 0
1573 5302 1601 5315 -
1625 5280 1753 5330 cumulas

420 5352 452 5397 Αι
470 5374 496 5385 -
514 5350 615 5397 comesi
632 5352 653 5397 Α
672 5373 700 5385 -
724 5349 765 5399 it.
785 5350 825 5411 Q.]
838 5362 885 5411 pse
902 5350 963 5407 ΑΒ;
987 5361 1151 5412 praenomen
1170 5349 1222 5399 boc
1239 5349 1338 5414 expulit
1354 5351 1477 5414 ilatbius,
1501 5366 1564 5403 cum
1587 5355 1613 5404 in
1632 5352 1751 5405 formulis

420 5421 584 5475 solemnibus
596 5421 748 5473 nominibus
760 5422 828 5473 fictis
839 5424 1010 5487 praenomina
1024 5437 1075 5474 non
1088 5424 1265 5483 adderentar;
1283 5429 1311 5476 at
1321 5425 1355 5476 cl.
1366 5427 1512 5478 Varronem
1530 5427 1563 5477 de
1581 5427 1598 5478 l.
1611 5426 1628 5478 Ι.
1642 5428 1683 5488 Vi,
1694 5428 1709 5493 8
1719 5428 1751 5479 88

421 5500 466 5562 qui
483 5499 508 5548 in
526 5496 605 5547 simili
623 5495 733 5547 lormula
751 5510 850 5549 nomen
867 5499 960 5549 lictum
977 5499 1004 5549 C.
1018 5500 1139 5563 Calpem
1162 5499 1270 5551 exbibet
1292 5526 1321 5539 -
1347 5502 1388 5553 Ii.
1406 5503 1515 5553 maiorer
1530 5509 1628 5554 nostros
1649 5505 1751 5555 Marsus

421 5574 441 5623 0
461 5599 488 5610 -
506 5576 603 5623 emsa
622 5596 650 5608 -
669 5574 731 5634 qaid
746 5573 811 5623 iubet
828 5573 859 5635 V,
878 5574 980 5636 oolliba
997 5575 1017 5625 0
1035 5599 1063 5611 -
1082 5573 1271 5626 Μαιον-
1289 5576 1476 5628 ibodltibstar
1491 5576 1584 5642 vulgo:
1603 5577 1752 5628 adlabente·

421 5647 441 5698 C
461 5673 488 5684 -
507 5648 548 5697 26.
566 5649 598 5699 iis
613 5650 649 5709 Α,
673 5648 711 5699 bis
727 5648 794 5699 B¹V¹
818 5674 846 5685 -
872 5650 1022 5712 carpente
1036 5650 1118 5701 A¹B¹t
1145 5650 1290 5713 comestor
1306 5652 1380 5714 A¹B1,
1404 5655 1570 5716 ammonetu-
1586 5654 1606 5703 v
1625 5679 1653 5690 -
1677 5653 1752 5704 dicito

421 5724 450 5782 ii,
468 5722 517 5774 sed
534 5729 560 5773 to
576 5724 602 5773 in
620 5736 672 5775 ras.
693 5751 720 5762 -
744 5723 901 5789 ebriane:
920 5737 974 5775 om.
993 5725 1013 5776 C
1033 5752 1060 5763 -
1083 5726 1125 5775 27.
1143 5727 1301 5788 nepetam
1318 5727 1340 5775 v
1356 5753 1389 5765 —
1405 5727 1446 5780 28.
1463 5732 1599 5791 pausetsr
1615 5728 1751 5792 Kayseraa
1785 5739 1791 5748 ·

424 5823 451 5835 -
469 5798 511 5849 29.
524 5803 569 5847 ost
585 5795 624 5859 ³¹,
642 5803 670 5847 at
686 5800 756 5849 13¹-
774 5800 856 5860 moab
872 5797 932 5849 vide
950 5812 983 5850 ne
1001 5813 1034 5851 aa
1051 5799 1211 5864 glossemate
1229 5801 1364 5853 adlectum
1380 5802 1415 5852 sit
1427 5826 1455 5838 -
1474 5801 1515 5852 30.
1528 5801 1576 5852 bas
1586 5800 1672 5852 mil:
1690 5801 1753 5853 iaec

421 5869 462 5931 ΑΙ,
479 5883 562 5936 qaam
583 5871 697 5925 turmam
720 5875 856 5927 ciceronis
876 5875 966 5926 aetate
986 5875 1015 5927 ia
1034 5888 1085 5927 asu
1108 5875 1190 5927 laissa
1207 5875 1334 5929 Varronis
1354 5877 1510 5929 armate
1531 5876 1606 5930 alsus
1622 5888 1700 5942 aeno.
1720 5899 1749 5917 -

418 5946 606 6009 WV.
