4342 7459
440 1233 503 1299 080
976 1233 1029 1295 DE
1052 1232 1222 1297 offlclts

441 1397 593 1468 afferunt,
614 1392 764 1457 adbibere
787 1391 896 1456 doctos
917 1389 1062 1455 hominos
1085 1392 1135 1455 ret
1157 1394 1251 1456 etiam
1273 1414 1333 1457 usn
1356 1395 1476 1476 peritos
1498 1402 1538 1471 ct,
1562 1397 1639 1481 quid
1660 1396 1701 1462 iis
1724 1399 1767 1464 de

442 1510 570 1576 quoque
593 1485 687 1552 officii
711 1507 826 1570 genera
849 1485 987 1569 placeat,
1010 1487 1187 1570 exquirere.
1231 1488 1332 1551 Maior
1354 1490 1440 1551 enirn
1462 1509 1536 1571 pars
1556 1511 1597 1554 eo
1616 1491 1685 1556 fere
1709 1492 1767 1557 de·

440 1584 515 1649 terri
539 1582 635 1655 solet,
666 1601 731 1665 quo
753 1601 772 1644 a
794 1588 905 1644 natura
926 1582 995 1663 ipsa
1018 1579 1195 1643 deducitur.
1239 1582 1275 1642 ln
1298 1582 1412 1666 quibus
1434 1584 1607 1648 ridendum
1628 1593 1678 1650 est
1698 1607 1767 1652 non

441 1678 536 1743 modo
558 1676 634 1761 quid
656 1676 795 1760 quisque
817 1674 980 1758 toqunmr,
995 1675 1052 1738 sed
1067 1675 1163 1737 etiam
1179 1674 1255 1757 quid
1271 1673 1408 1759 quisque
1423 1678 1541 1741 sentiat
1558 1686 1654 1764 atque
1668 1681 1767 1745 etiam

417 1773 481 1844 nde
503 1790 565 1855 qna
585 1789 680 1834 cansa
702 1769 838 1853 quisque
860 1769 984 1832 sentiat.
1028 1769 1068 1831 Ut
1089 1769 1174 1830 eninr
1196 1769 1334 1851 pictores
1356 1770 1450 1844 etii,
1480 1772 1535 1854 qui
1558 1773 1650 1856 signa
1670 1773 1768 1838 fabri·

441 1874 566 1938 oantur,
595 1871 627 1928 ot
655 1883 730 1927 vero
760 1863 998 1944 etiam.poetas
1028 1883 1121 1926 auum
1150 1864 1287 1946 quisque
1309 1884 1389 1945 opus
1412 1883 1430 1927 a
1451 1865 1547 1947 vulgo
1569 1867 1767 1931 considerari

441 1960 525 2036 vult,
552 1967 603 2031 nt,
632 1957 658 2020 si
688 1955 763 2041 quid
791 1955 1019 2039 reprehensum
1048 1958 1090 2020 sit
1116 1977 1135 2020 a
1157 1957 1317 2042 pluribus,
1346 1958 1379 2020 id
1402 1960 1594 2042 corrigatur,
1623 1960 1712 2046 iique
1735 1970 1768 2026 et

441 2074 548 2118 secum
571 2059 602 2115 et
623 2050 662 2114 ab
684 2050 771 2125 aliis,
801 2050 879 2133 quid
900 2051 933 2111 in
955 2070 993 2113 eo
1016 2060 1179 2132 peccatum
1202 2052 1259 2124 sit,
1288 2053 1472 2135 exquirunt,
1495 2054 1541 2117 sic
1560 2055 1695 2119 aliorum
1716 2057 1767 2119 iu-

441 2149 525 2213 dicio
547 2144 705 2231 permulta
726 2143 819 2207 nobis
849 2149 882 2206 et
908 2142 1052 2207 iacienda
1081 2154 1112 2208 et
1139 2165 1203 2208 non
1225 2145 1370 2209 iacienda
1393 2154 1425 2209 et
1445 2148 1594 2213 mutanda
1615 2158 1648 2215 et
1668 2149 1767 2214 corri-

404 2244 543 2327 sogenda
564 2246 648 2304 sunt
692 2234 763 2299 448.
787 2237 876 2313 Quae
899 2257 973 2300 vero
997 2257 1083 2302 more
1105 2247 1239 2321 agentur
1258 2239 1474 2323 institutisque
1496 2242 1655 2317 civilibus,
1670 2243 1711 2307 de
1725 2243 1765 2307 iis

440 2334 520 2400 nibil
543 2341 591 2397 est
611 2331 888 2415 praecipiendum
918 2332 972 2394 illa
994 2334 1078 2395 enim
1101 2334 1170 2415 ipsa
1193 2340 1361 2415 praecepta
1383 2344 1470 2410 sunt,
1493 2355 1551 2399 nec
1573 2356 1765 2421 quemquam

440 2431 502 2494 boc
524 2446 629 2491 errore
652 2426 724 2489 duci
746 2433 879 2509 oportet,
902 2433 950 2499 ut,
973 2426 999 2488 si
1023 2428 1100 2510 quid
1123 2427 1269 2490 Socrates
1290 2434 1345 2489 aut
1365 2428 1545 2512 Aristippus
1567 2439 1678 2493 contra
1699 2450 1765 2493 mo·

440 2545 506 2590 rem
529 2518 854 2603 consuetudinemque
876 2519 1001 2582 civilem
1022 2520 1156 2584 fecerint
1178 2520 1313 2583 locutive
1328 2522 1406 2596 sint,
1422 2521 1506 2584 idem
1522 2524 1582 2586 sibi
1597 2525 1765 2589 arbitretur

441 2621 552 2684 licere:
576 2616 696 2698 magnis
719 2614 764 2677 illi
787 2621 819 2676 et
841 2612 956 2677 divinis
979 2613 1070 2678 bonis
1093 2614 1174 2677 banc
1198 2612 1358 2677 licentiam
1374 2616 1637 2701 assequebantur.
1670 2618 1765 2703 Cyni·

404 2734 551 2782 iocorum
572 2730 648 2773 vero
670 2708 751 2772 ratio
773 2714 840 2771 tota
862 2714 912 2770 est
932 2708 1093 2783 eicienda;
1124 2715 1173 2771 est
1194 2709 1279 2771 enim
1300 2708 1428 2773 inimica
1450 2712 1673 2786 verecundiae,
1695 2714 1764 2777 siue

441 2828 505 2892 qua
526 2804 606 2870 nihil
627 2811 749 2867 rectum
770 2821 840 2865 esse
863 2809 984 2885 potest,
1000 2802 1081 2865 nibil
1095 2803 1275 2866 honestum.
1320 2798 1392 2865 449.
1414 2805 1477 2868 Eos
1491 2814 1612 2882 autem,
1626 2825 1764 2889 quorum

440 2904 505 2967 rita
526 2904 692 2986 perspecta
718 2896 752 2960 in
779 2897 873 2960 rebus
894 2895 1036 2960 honestis
1059 2904 1155 2980 atque
1178 2894 1299 2979 magnis
1321 2905 1386 2973 est,
1415 2898 1497 2963 bene
1518 2900 1559 2963 de
1580 2919 1615 2963 re
1636 2899 1765 2983 publica

441 2995 614 3062 sentientes
649 3013 686 3056 oc
717 2992 799 3054 bene
836 2992 963 3054 meritos
994 3000 1050 3055 aut
1079 3000 1234 3055 merentes
1264 2992 1328 3067 sic,
1358 2998 1394 3055 ut
1421 2993 1530 3077 atiquo
1559 2994 1682 3059 bonore
1709 3000 1766 3059 aut

441 3090 572 3176 imperio
594 3087 740 3160 affectos,
768 3082 936 3148 observare
966 3095 997 3150 et
1026 3087 1130 3151 colere
1152 3087 1318 3160 debemus,
1352 3084 1491 3151 tribuere
1513 3088 1607 3152 etiam
1629 3089 1762 3153 muttum

403 3183 613 3257 sosenectuti,
641 3183 753 3245 cedere
775 3181 830 3254 iis,
860 3182 915 3263 qni
937 3180 1154 3263 magistratum
1175 3175 1492 3255 habebunt,'babere
1513 3182 1664 3246 dilectum
1686 3184 1764 3247 ciris

441 3288 472 3345 et
493 3276 652 3363 peregrini
673 3277 706 3339 in
728 3275 861 3359 ipsoque
884 3276 1068 3357 peregrino,
1100 3275 1285 3357 privatimne
1315 3295 1354 3339 an
1384 3277 1511 3359 publice
1539 3278 1674 3341 renent.
1714 3278 1763 3341 ad

440 3391 604 3445 summam,
626 3388 666 3432 ne
688 3388 777 3451 agam
800 3369 840 3431 de
862 3368 1007 3452 singuiis,
1029 3387 1225 3431 communem
1244 3370 1344 3460 ¹totius
1366 3372 1491 3452 generis
1510 3371 1764 3438 bominumoon·

441 3462 633 3532 oiliationem
656 3470 688 3526 et
709 3462 974 3526 consociationem
997 3461 1117 3536 colere,
1141 3460 1239 3537 tueri,
1261 3482 1387 3527 semare
1410 3464 1572 3529 debemus.

525 3558 621 3622 Xth.
651 3553 722 3619 150.
751 3556 817 3618 lam
839 3555 879 3617 de
901 3551 1040 3618 artificiis
1070 3563 1103 3619 et
1130 3557 1330 3639 quaestibus,
1358 3559 1413 3642 qui
1441 3559 1587 3623 liberatos
1615 3561 1763 3637 habendi,

402 3655 495 3738 toqui
518 3651 636 3716 sordidi
658 3648 731 3724 sint,
752 3649 831 3712 baec
851 3648 918 3712 tere
940 3651 1130 3732 accepimus.
1173 3650 1313 3713 Primum
1328 3651 1546 3734 improbantur
1562 3654 1584 3717 ii
1599 3664 1762 3739 quaestus,

441 3747 497 3832 qui
519 3747 552 3808 in
574 3744 646 3807 odia
668 3743 831 3806 bominum
855 3742 1033 3816 incurrunt,
1063 3753 1099 3806 ut
1120 3745 1323 3826 portitorum,
1347 3754 1382 3808 ut
1403 3745 1644 3812 faeneratorum.
1689 3749 1763 3812 loli-

439 3840 562 3904 berales
594 3846 697 3901 autem
729 3845 760 3899 et
790 3836 909 3899 sordidi
939 3844 1089 3919 quaestus
1119 3840 1405 3901 mercennariorum
1433 3842 1594 3916 omnium,
1627 3861 1762 3926 quonam

441 3953 575 4017 operas,
604 3952 668 3994 non
700 3951 832 4015 quorum
861 3939 944 3993 artes
966 3938 1130 4007 emuntnr;
1161 3938 1208 3993 est
1229 3931 1312 3994 enim
1335 3933 1367 3995 in
1389 3932 1454 3996 illis
1476 3936 1543 4019 ipsa
1565 3956 1686 4000 merces
1707 3956 1763 4002 au·

441 4033 670 4091 etoramentum
692 4026 860 4089 servitutis.
905 4024 1031 4088 Sordidi
1058 4026 1151 4089 etiam
1182 4026 1333 4107 putandi,
1361 4028 1416 4110 qui
1444 4037 1621 4093 mercantur
1641 4051 1660 4094 a
1682 4051 1763 4095 mer·

402 4122 618 4195 necatoribus,
647 4119 733 4204 quod
763 4120 867 4182 statim
897 4120 1054 4193 vendant;
1091 4120 1167 4181 nibil
1191 4121 1273 4182 enim
1297 4120 1479 4203 proficiant,
1509 4124 1570 4186 nisi
1592 4124 1762 4190 admodum

441 4216 641 4288 mentiantur,
664 4234 722 4277 nec
744 4234 819 4276 vero
842 4222 890 4276 est
912 4214 1081 4298 quicquam
1105 4214 1227 4297 turpius
1250 4215 1397 4277 vanitate.
1434 4215 1636 4301 Opificesque
1652 4239 1762 4283 omnes

440 4309 473 4371 in
497 4308 624 4371 sordida
646 4316 712 4371 arte
735 4317 920 4383 versantur;
942 4326 1004 4404 opo
1025 4308 1109 4369 enim
1134 4309 1304 4390 quicquam
1327 4309 1499 4392 ingenuum
1521 4309 1637 4373 habere
1659 4321 1763 4395 potest

441 4400 577 4466 officina.
621 4403 813 4484 Minimeque
841 4409 923 4465 artes
953 4420 1010 4465 eae
1039 4400 1240 4483 probandae,
1272 4422 1353 4484 quae
1384 4404 1544 4468 ministrae
1572 4414 1647 4469 sunt
1673 4407 1763 4470 votu-

440 4504 577 4579 ptatum,

508 4674 529 4722 t.
549 4672 665 4736 nomines]
682 4674 751 4721 uiros
767 4685 782 4722 o
802 4700 829 4708 -
853 4673 891 4720 bis
908 4686 937 4731 a,
957 4674 991 4722 eis
1007 4685 1022 4721 o
1042 4695 1067 4709 -
1095 4671 1117 4723 t.
1135 4673 1225 4722 sentiat
1241 4679 1269 4722 at
1285 4677 1360 4724 etiam
1378 4677 1438 4737 quid
1454 4677 1557 4738 quisque
1573 4690 1624 4739 qua
1640 4678 1670 4727 de
1686 4691 1765 4728 cansa

439 4749 560 4798 untiato
588 4774 615 4782 -
643 4754 718 4808 atque
734 4748 972 4809 etiam--qaisque
988 4749 1077 4797 sentiat
1094 4747 1238 4797 om.B¹-
1266 4751 1540 4812 tt.dsquaBiteb:
1560 4756 1714 4815 qnadooo
1734 4782 1761 4791 -

439 4830 467 4873 ut
484 4824 549 4872 enim
563 4824 667 4884 pictoris
682 4828 706 4871 et
721 4822 755 4882 bi,
774 4823 816 4883 qui
832 4824 905 4885 siqna
920 4822 1079 4884 fabricantur
1096 4825 1196 4874 Nonius
1213 4838 1239 4887 p.
1250 4824 1306 4876 tu.
1328 4852 1355 4861 -
1379 4827 1398 4875 ii
1416 4828 1471 4876 Bb:
1494 4828 1529 4876 tis·
1546 4829 1583 4889 Η,
1607 4830 1633 4878 bi
1649 4842 1677 4891 a,
1696 4831 1764 4893 bijo

442 4926 469 4935 -
487 4898 613 4958 fabricant
631 4910 645 4946 o
665 4924 692 4933 -
717 4897 741 4946 6.
760 4898 847 4959 aerip
867 4924 894 4932 -
914 4899 989 4947 etiam
1006 4911 1060 4949 om.
1080 4912 1094 4948 o
1111 4923 1145 4936 -
1167 4900 1190 4949 7.
1209 4900 1282 4961 bique
1298 4914 1324 4959 a,
1342 4902 1425 4963 bijque
1442 4915 1457 4951 o
1476 4927 1503 4938 -
1528 4903 1552 4953 8.
1571 4910 1594 4954 et
1611 4905 1642 4955 ab
1659 4906 1716 4955 attis
1731 4920 1763 4957 a:

440 4981 463 5026 et
480 4975 539 5024 otiis
556 4974 637 5025 suu
662 4978 757 5022 etcum
774 4972 832 5021 attis
853 4985 902 5031 oo;
927 4979 999 5023 etex
1016 4974 1074 5022 otiis
1095 4976 1189 5036 Unger.
1218 5003 1245 5011 -
1274 4976 1639 5037 succensuimus
1667 5008 1694 5017 —
1722 4983 1763 5033 to.

440 5056 553 5115 apuntur
568 5050 735 5109 institutisque
752 5048 860 5097 consitiis
876 5049 989 5097 ciuilibus
1006 5062 1020 5098 o
1040 5075 1066 5084 ·-
1088 5051 1117 5098 de
1133 5051 1170 5097 iis
1187 5051 1285 5111 ditch,
1305 5052 1334 5100 de
1349 5052 1397 5113 iiis
1415 5065 1429 5101 o
1449 5080 1475 5090 —
1502 5055 1541 5103 tt.
1560 5055 1616 5116 ipsa
1632 5068 1714 5105 omo
1735 5082 1762 5093 -

442 5127 481 5177 43.
501 5125 656 5174 arbitrentur
677 5123 735 5186 (titt.
754 5139 770 5172 n
788 5125 933 5188 expuncta]
952 5137 980 5180 a;
1009 5124 1204 5175 arbitrantaro
1231 5152 1256 5161 -
1289 5127 1328 5175 ts.
1347 5133 1382 5175 est
1399 5128 1535 5177 adhibenda
1553 5130 1714 5180 obiciendae
1734 5156 1761 5168 -

442 5204 482 5252 tn.
500 5201 641 5263 perfectae
669 5225 695 5233 —
725 5199 764 5250 48.
782 5202 826 5255 sic,
845 5204 873 5248 ut
889 5200 1112 5261 atiquo--cotere
1129 5200 1242 5249 debemus
1263 5203 1362 5251 Nonius
1384 5216 1410 5265 p.
1427 5203 1489 5259 359;
1516 5205 1615 5266 siquos
1631 5207 1764 5266 atiquo--

441 5277 520 5326 coiere
536 5275 649 5324 debemus
666 5273 736 5324 idem
755 5287 779 5337 p.
791 5275 838 5322 sse
856 5288 896 5337 sq,
918 5302 944 5310 -
972 5277 1008 5324 sic
1023 5281 1052 5324 nt
1068 5290 1084 5337 p
1103 5280 1128 5324 et
1145 5278 1257 5325 Nonius:
1277 5290 1329 5325 om.
1346 5279 1364 5326 C
1384 5278 1471 5339 (etiam
1484 5282 1508 5339 a)
1533 5305 1559 5315 -
1589 5281 1628 5330 ta.
1648 5283 1765 5331 senenati

440 5353 546 5401 mattam
563 5363 577 5400 o
597 5376 623 5384 -
643 5350 683 5400 20.
701 5349 738 5397 isis
755 5350 818 5399 Heo
837 5376 863 5384 —
883 5352 1078 5413 maqistratuso
1100 5378 1125 5385 -
1145 5351 1264 5400 deiectam
1280 5352 1339 5401 boo
1360 5378 1385 5387 -
1405 5354 1446 5402 at.
1459 5355 1565 5415 et]nco
1585 5366 1611 5391 -·-
1632 5357 1684 5417 ipso
1701 5370 1765 5418 quo·

442 5440 489 5492 que
506 5428 524 5476 B
545 5453 571 5463 -
588 5427 721 5487 priuatene
737 5426 777 5473 uei
791 5425 917 5487 pubiiceo
939 5454 963 5461 κ
981 5427 1081 5489 puplice
1098 5428 1116 5476 B
1137 5453 1162 5461 -
1182 5427 1223 5478 tt.
1242 5428 1338 5489 penoris
1355 5429 1428 5477 totius
1444 5430 1571 5478 bominum
1586 5431 1726 5480 secutatem
1741 5437 1765 5481 et

441 5503 632 5552 consotationem
648 5506 672 5550 et
687 5501 884 5550 occultationem
901 5513 915 5549 o
936 5528 961 5537 -
982 5503 1021 5551 33,
1035 5508 1057 5551 et
1070 5504 1275 5551 consociationem
1292 5515 1344 5552 om.
1359 5502 1387 5552 13¹
1401 5530 1428 5538 -
1447 5504 1486 5553 td.
1501 5510 1557 5553 sunt
1574 5518 1588 5554 o
1608 5530 1634 5541 -
1651 5507 1765 5568 annun

442 5577 664 5639 inprobantur„
676 5577 845 5639 feneratorum
861 5577 961 5627 Nonius
977 5577 1052 5640 pti.
1075 5604 1101 5614 -
1121 5578 1139 5626 ii
1157 5579 1238 5627 nun:
1257 5578 1281 5628 bi
1298 5591 1323 5634 a.
1341 5578 1377 5640 iiij
1393 5592 1407 5628 o
1427 5604 1454 5615 -
1474 5580 1513 5629 26.
1527 5581 1698 5643 [moratorum
1710 5584 1762 5633 Co.

443 5654 483 5704 ct.
502 5654 523 5702 11
541 5653 605 5715 389.
625 5679 651 5688 -
677 5653 717 5702 at.
736 5658 818 5701 autem
836 5665 917 5701 omo
939 5679 964 5688 -
988 5655 1201 5703 mercenariorum
1218 5666 1254 5704 oo
1272 5682 1304 5690 -
1328 5656 1438 5705 omnium
1455 5668 1538 5718 om.p
1557 5654 1654 5717 (nona)
1674 5680 1700 5691 -
1721 5656 1762 5706 28.

443 5729 574 5789 sperabo
593 5754 619 5763 -
642 5730 669 5777 in
686 5740 819 5791 supersor.
837 5729 853 5776 b
871 5755 903 5764 -
924 5730 965 5781 29.
983 5731 1090 5790 pumnai
1106 5735 1163 5778 sunt
1179 5731 1254 5792 quio
1275 5754 1299 5763 —
1320 5730 1498 5780 mercatoribus
1514 5731 1541 5780 id
1558 5731 1654 5791 qnodo
1674 5755 1702 5767 -
1721 5730 1762 5782 3⁰.

443 5804 504 5852 ninii
514 5805 579 5853 enim
590 5831 603 5841 -
611 5831 625 5841 -
636 5805 734 5865 turpius
744 5804 856 5853 uanitate
867 5805 964 5853 Nonius
975 5819 1000 5870 p.
1010 5805 1066 5856 uo.
1083 5831 1108 5840 -
1120 5805 1255 5868 proficiunt
1266 5818 1280 5854 o
1296 5832 1322 5841 -
1337 5807 1480 5856 ammodum
1491 5807 1548 5866 ΒΗ,
1562 5808 1626 5856 item
1638 5820 1665 5870 p.
1673 5806 1762 5867 68t‚8.

446 5904 471 5912 -
492 5877 533 5927 31.
551 5880 665 5930 uanitate
680 5880 794 5943 opiticum
811 5880 854 5941 qui
870 5893 954 5931 omnes
969 5895 986 5944 p
1003 5909 1036 5919 -
1058 5881 1099 5932 32.
1117 5882 1183 5932 enim
1200 5894 1283 5932 oms
1307 5907 1334 5918 -
1359 5881 1400 5934 33.
1419 5895 1462 5935 eae
1478 5882 1562 5935 bitb:
1580 5882 1625 5954 bqq
1640 5895 1673 5944 a,
1689 5882 1765 5934 deso

443 5954 825 6017 -protandaesuntqnosu
