4342 7459
760 1255 828 1319 Lis.
849 1256 888 1317 ll.
919 1254 994 1318 Car.
1016 1256 1153 1319 V-Vl.
1181 1251 1228 1339 §§
1249 1249 1395 1320 ta-io.
1719 1256 1740 1321 7

408 1432 527 1490 cratem
541 1425 704 1508 profertis.
737 1424 800 1489 Sed
815 1445 921 1509 neque
937 1426 1137 1498 Saturninus,
1158 1432 1195 1487 ut
1209 1433 1348 1488 nostrum
1364 1426 1527 1490 inimicum
1543 1431 1741 1512 potissimum

408 1521 589 1593 nominem,
622 1520 724 1582 simile
751 1519 922 1603 quicquam
953 1518 1065 1581 hahuit
1093 1527 1235 1581 veterum
1258 1520 1400 1592 illorum,
1428 1541 1488 1583 nec
1509 1524 1669 1587 Arcesilae
1691 1545 1743 1588 ca·
1774 1522 1779 1530 ’

407 1613 530 1677 lumnia
552 1611 747 1677 conferenda
769 1622 817 1676 est
838 1634 910 1675 cum
925 1613 1098 1675 Democriti
1121 1612 1321 1676 verecundia.
1357 1616 1397 1675 Et
1417 1621 1522 1677 tamen
1544 1617 1596 1680 isti
1618 1618 1742 1701 physici

407 1728 479 1770 raro
501 1707 688 1783 admodum,
710 1729 782 1771 cum
803 1708 934 1771 haerent
956 1707 1066 1788 aliquo
1082 1706 1169 1780 loco,
1192 1707 1371 1769 exclamant
1385 1710 1475 1789 quasi
1490 1718 1596 1773 mente
1611 1713 1743 1787 incitati,

407 1801 621 1885 Empedocles
650 1803 798 1885 quidem,
830 1809 865 1864 ut
893 1801 1051 1863 interdum
1082 1799 1160 1863 mihi
1188 1801 1293 1863 furere
1316 1802 1473 1877 videatur,
1503 1805 1647 1869 abstrusa
1672 1825 1768 1872 esset

409 1896 534 1970 omnia,
563 1895 645 1960 nihil
672 1917 730 1959 nos
757 1898 888 1969 sentire,
918 1895 999 1958 nihil
1027 1915 1175 1969 cernere,
1206 1896 1285 1958 nihil
1316 1897 1446 1959 omnino
1469 1898 1565 1980 quale
1587 1899 1630 1961 sit
1649 1920 1745 1983 posse

409 1991 568 2073 reperire:
590 1990 744 2053 maiorem
767 1999 871 2052 autem
894 1998 1013 2070 partem
1036 1989 1113 2053 mihi
1136 1990 1265 2074 quidem
1288 2010 1398 2052 omnes
1421 1991 1473 2054 isti
1488 1992 1636 2056 videntur
1650 1995 1744 2057 nimis

410 2084 505 2146 eiiam
520 2083 680 2166 quaedam
695 2082 860 2146 adfirmare
876 2084 1012 2166 plusque
1026 2080 1168 2165 profiteri
1183 2106 1217 2147 se
1233 2085 1313 2145 scire
1328 2103 1425 2166 quam
1440 2087 1549 2148 sciant.
1584 2082 1633 2149 l5.
1650 2088 1744 2163 Quod

411 2177 435 2239 si
458 2176 507 2238 illi
529 2184 598 2239 tum
618 2177 652 2240 in
675 2180 764 2241 novis
787 2178 896 2250 rebus,
919 2178 1010 2258 quasi
1035 2177 1130 2240 modo
1154 2186 1329 2250 nascentes,
1354 2177 1601 2254 haesitaverunt,
1623 2182 1745 2247 nihilne

411 2279 456 2333 tot
482 2270 640 2344 saeculis,
672 2273 805 2334 summis
832 2271 987 2353 ingeniis,
1020 2274 1178 2335 maxumis
1207 2271 1321 2333 studiis
1350 2270 1541 2353 explicatum
1572 2280 1785 2358 putamustto

411 2384 533 2439 nonne,
557 2384 629 2427 cum
652 2366 715 2428 iam
732 2365 993 2449 philosophorum
1009 2365 1197 2446 disciplinae
1213 2365 1416 2446 gravissimae
1430 2369 1656 2442 constitissent,
1679 2378 1746 2434 tum

411 2469 542 2524 exortus
571 2468 634 2535 est,
662 2466 699 2523 nt
727 2461 760 2521 iu
787 2468 917 2540 optuma
938 2478 972 2519 re
999 2458 1127 2541 publica
1149 2459 1196 2519 Ti.
1220 2458 1396 2530 Gracchus,
1424 2460 1480 2541 qui
1502 2462 1601 2524 otium
1623 2471 1748 2544 pertur-

410 2556 516 2627 baret,
538 2554 586 2617 sic
607 2554 779 2627 Arcesilas,
802 2552 858 2634 qui
881 2552 1086 2615 constitutam
1110 2551 1343 2633 philosophiam
1358 2562 1515 2617 everterat
1535 2565 1568 2618 et
1588 2558 1620 2619 in
1636 2578 1746 2621 eorum

410 2648 599 2711 auctoritate
621 2645 832 2718 delitisceret,
855 2645 911 2728 qui
933 2644 1137 2725 negavissent
1152 2646 1322 2729 quicquam
1337 2646 1410 2708 sciri
1425 2655 1481 2711 aut
1494 2650 1614 2733 percipi
1631 2655 1747 2734 posset

412 2762 551 2827 quorum
574 2762 592 2805 e
615 2760 747 2804 numero
771 2740 930 2801 tollendus
953 2748 1047 2802 estet
1070 2741 1157 2804 Plato
1173 2750 1204 2803 et
1223 2743 1385 2805 Socrates:
1408 2743 1506 2820 alter,
1528 2746 1604 2828 quia
1618 2746 1786 2829 reliquitis

411 2836 679 2922 perfectissimam
701 2833 916 2915 disciplinam,
938 2834 1164 2916 Peripateticos
1180 2844 1212 2898 et
1225 2835 1442 2909 Academicos,
1464 2840 1645 2903 nominihus
1660 2839 1750 2903 dille-

412 2941 535 3004 rentes,
558 2950 595 2994 re
617 2937 844 3011 congruentes,
867 2947 886 2989 a
909 2928 1025 3010 quibus
1041 2930 1139 2991 Stoici
1161 2930 1221 3011 ipsi
1238 2930 1341 2993 verbis
1357 2931 1456 3012 magis
1472 2950 1569 3015 quam
1583 2933 1748 2996 sententiis

413 3026 644 3090 dissenserunt.
682 3025 828 3086 Socrates
850 3029 955 3085 autem
979 3023 1018 3085 de
1041 3044 1076 3087 se
1099 3025 1168 3105 ipse
1191 3023 1360 3086 detrahens
1381 3025 1415 3085 in
1438 3024 1654 3107 disputatione
1676 3025 1748 3108 plus

413 3118 576 3183 tribuebat
595 3119 651 3193 iis,
674 3138 756 3201 quos
778 3117 904 3181 volebat
925 3116 1080 3181 refellere.
1115 3120 1163 3179 lta
1178 3139 1249 3179 cum
1263 3117 1350 3179 aliud
1366 3118 1483 3181 diceret
1497 3125 1593 3200 atque
1608 3119 1749 3193 sentiret,

413 3214 554 3276 libenter
574 3214 622 3276 uti
644 3212 758 3294 solitus
781 3218 830 3273 est
852 3229 890 3273 ea
904 3210 1174 3300 dissimulatione,
1197 3231 1292 3294 quam
1308 3210 1419 3272 Graeci
1441 3205 1605 3296 εἰρωνείαν
1621 3220 1788 3281 vocanttso

413 3327 510 3390 qoam
532 3307 579 3370 ait
600 3306 695 3369 etiam
718 3305 751 3367 in
774 3303 922 3367 Africano
944 3303 1042 3367 luisse
1065 3307 1222 3379 Fannius,
1245 3304 1343 3388 idque
1365 3313 1532 3388 propterea
1552 3304 1700 3368 vitiosum
1715 3305 1749 3366 in

414 3402 469 3466 illo
491 3421 557 3465 non
581 3399 775 3483 putandum,
799 3398 886 3481 quod
908 3398 993 3461 idem
1015 3398 1165 3462 fueritin
1189 3401 1329 3462 Socrate.

499 3496 554 3558 Vl.
579 3492 630 3556 ld.
653 3493 715 3557 Sed
738 3494 854 3556 fuerint
875 3493 931 3555 illa
953 3495 1130 3569 veteribus,
1158 3494 1185 3557 si
1208 3492 1317 3567 voltis,
1338 3492 1510 3574 incognita.
1553 3491 1680 3556 Nihilne
1701 3498 1751 3556 est

413 3592 512 3675 igitur
541 3597 664 3663 actum,
695 3587 782 3671 quod
805 3588 993 3668 investigata
1016 3598 1104 3662 sunt,
1138 3594 1345 3670 posteaquam
1367 3586 1523 3649 Arcesilas
1545 3586 1685 3661 Zenoni,
1714 3593 1751 3648 ut

414 3693 564 3769 putatur,
587 3683 781 3753 obtrectans,
811 3680 891 3743 nihil
914 3682 987 3743 novi
1010 3683 1196 3764 reperienti,
1219 3681 1274 3742 sed
1298 3680 1478 3742 emendanti
1499 3680 1679 3763 superiores
1701 3680 1787 3749 in-ss

416 3780 593 3844 mutatione
624 3776 808 3847 verborum,
836 3774 910 3837 dum
944 3774 1039 3837 huius
1068 3773 1267 3837 definitiones
1289 3774 1478 3837 labefactare
1501 3775 1584 3847 volt,
1616 3782 1749 3838 conatus

415 3882 464 3938 est
490 3870 676 3936 clarissimis
706 3869 799 3932 rebus
827 3870 973 3931 tenebras
1003 3869 1186 3932 obduceret
1232 3870 1328 3931 Cuius
1358 3869 1460 3951 primo
1490 3888 1555 3931 non
1577 3869 1749 3933 admodum

415 3969 548 4055 probata
581 3966 676 4034 ratio,
710 3985 902 4046 quamquam
935 3962 1044 4027 lloruit
1074 3985 1147 4025 cum
1179 3963 1323 4026 acumine
1352 3963 1548 4044 ingenitum
1572 3961 1748 4026 admirabili

417 4062 557 4144 quodam
580 4058 688 4140 lepore
711 4058 854 4129 dicendi,
878 4060 1023 4139 proxime
1045 4077 1062 4119 a
1084 4058 1209 4139 Lacyde
1233 4057 1300 4119 solo
1324 4065 1444 4120 retenta
1467 4066 1529 4130 est,
1552 4066 1623 4140 post
1645 4066 1749 4121 autem

418 4153 560 4217 conlecta
584 4172 602 4214 a
625 4152 806 4223 Carneade,
829 4153 883 4233 qui
907 4161 954 4213 est
976 4160 1106 4232 quartus
1128 4152 1166 4212 ab
1189 4151 1346 4225 Arcesila;
1369 4151 1491 4212 audivit
1512 4151 1596 4212 enim
1618 4150 1788 4231 Hegesiae

418 4270 511 4320 num,
535 4247 591 4329 qui
611 4246 795 4307 Euandrum
814 4246 967 4317 andierat,
991 4245 1107 4328 Lacydi
1124 4246 1324 4327 discipulum,
1347 4267 1417 4308 cum
1434 4246 1593 4308 Arcesilae
1608 4246 1750 4329 Lacydes

419 4341 540 4405 luisset.
576 4338 637 4402 Sed
662 4340 730 4420 ipse
755 4340 931 4401 Carneades
955 4341 1007 4401 diu
1031 4340 1133 4400 tenuit
1152 4359 1278 4401 —nam
1303 4340 1474 4420 nonaginta
1490 4340 1568 4401 vixit
1581 4359 1683 4401 annos
1701 4372 1750 4413 -,

419 4436 530 4518 etqui
553 4436 642 4498 illum
665 4435 848 4508 audierant,
871 4435 1040 4497 admodum
1064 4435 1252 4496 lloruerunt:
1277 4454 1294 4494 e
1318 4434 1433 4517 quihus
1456 4432 1630 4494 industriae
1652 4432 1752 4514 pluri·

485 4755 510 4803 ἰ.
530 4758 638 4802 seimon
655 4751 699 4810 A¹,
718 4758 827 4800 ueterum
846 4753 875 4809 V,
894 4758 976 4803 uetere
993 4751 1021 4801 Βι
1041 4780 1067 4788 -
1088 4751 1219 4800 arcessitae
1237 4747 1324 4799 A¹Bv
1344 4777 1370 4786 -
1390 4747 1414 4798 l.
1433 4749 1498 4798 olim
1514 4748 1578 4799 oeci.
1598 4745 1629 4799 V¹
1643 4777 1670 4787 ·-
1688 4751 1753 4799 inci-

419 4831 494 4878 uituli
511 4824 597 4886 A¹v¹;
621 4828 738 4875 concitati
756 4826 848 4876 Luiuh.
868 4841 882 4875 e
901 4827 960 4875 cod,
983 4855 1009 4863 -
1033 4828 1057 4875 i.
1077 4828 1183 4888 reperiri
1200 4823 1229 4875 θ’)
1250 4853 1274 4860 -
1299 4826 1324 4873 8.
1343 4838 1367 4873 se
1384 4837 1438 4874 om.
1457 4825 1479 4872 V
1499 4852 1525 4862 -
1547 4825 1572 4873 9.
1592 4827 1664 4886 poesi
1679 4827 1752 4875 modo

418 4910 547 4954 mentes
562 4904 652 4968 spuria
672 4902 795 4951 iudicavit
814 4904 839 4950 l’.
860 4903 1007 4952 Ciacconus
1022 4929 1046 4938 -
1070 4905 1109 4952 ll.
1129 4908 1181 4951 lons
1198 4907 1300 4953 enoria:
1315 4906 1350 4950 est
1366 4906 1394 4948 ot
1411 4902 1436 4949 in
1454 4902 1579 4949 Gruterus
1598 4916 1612 4950 e
1630 4902 1685 4951 suis
1701 4905 1753 4952 Pa-

419 4978 522 5037 latinis,
542 4982 570 5027 ut
587 4978 706 5026 videtur:
726 4983 777 5024 ion:
796 4981 859 5039 (tum
875 4984 902 5026 ot
916 4977 953 5037 Ψ)
971 4992 1076 5026 seorsus
1093 4984 1127 5027 est
1144 4979 1171 5025 in
1189 4978 1207 5027 C
1222 5003 1248 5012 -
1270 4977 1309 5025 tt.
1329 4975 1373 5024 tibi
1389 4988 1495 5037 procem
1512 4975 1574 5022 V-
1593 4977 1675 5025 mom
1691 4976 1751 5025 B-

417 5055 613 5118 perroderetur
635 5054 656 5101 si
681 5055 810 5101 arcessitus
829 5051 857 5100 V¹
877 5081 904 5089 -
930 5054 1146 5103 :semmurum
1168 5057 1191 5102 et
1209 5053 1228 5099 V
1248 5079 1275 5089 -
1299 5050 1338 5101 tt.
1358 5051 1534 5099 oricioritotern
1550 5050 1602 5099 AV
1622 5077 1647 5086 -
1672 5051 1755 5099 deliti-

420 5138 495 5181 sceret
517 5130 585 5180 An:
610 5130 757 5178 delitesceret
779 5130 798 5174 V
809 5130 882 5187 4⁹50:
907 5128 940 5178 ct.
960 5131 1023 5178 Bait.
1043 5130 1076 5178 ad
1095 5143 1134 5178 or.
1154 5143 1179 5192 p.
1199 5126 1280 5176 Tullio
1298 5127 1312 5189 g
1330 5126 1361 5174 33
1383 5139 1407 5188 p.
1427 5125 1467 5184 97,
1487 5125 1511 5173 l.
1533 5151 1559 5159 -
1584 5131 1629 5173 out
1645 5126 1664 5174 B
1682 5138 1752 5174 corr.

422 5221 452 5257 er
470 5213 497 5255 ot
517 5232 544 5242 -
570 5207 608 5254 ld.
627 5206 735 5267 reliquid
755 5202 824 5254 A¹ll¹
842 5233 874 5241 -
897 5205 936 5253 49.
955 5206 1117 5254 trihuoeboiis
1134 5205 1230 5268 qrwsB
1257 5226 1282 5237 -·
1310 5203 1347 5249 his
1363 5200 1415 5251 AV
1435 5227 1461 5236 -
1486 5201 1576 5248 diceret
1593 5212 1647 5254 om,
1665 5198 1702 5255 V:
1727 5199 1754 5248 lu

422 5296 505 5345 marg,
526 5294 562 5331 m.
581 5281 596 5329 Ξ
615 5281 676 5330 add.
695 5286 838 5342 aprrosccret
857 5306 883 5316 -
903 5281 943 5328 20.
962 5286 1021 5329 esset
1039 5282 1058 5329 C
1079 5307 1105 5315 -
1126 5279 1263 5327 tronione
1284 5303 1310 5313 -
1330 5277 1370 5326 23.
1388 5274 1509 5325 animitas
1525 5274 1648 5336 Bentley:
1668 5280 1756 5324 ostem

423 5358 485 5408 c-
504 5356 632 5405 incondito
649 5357 817 5404 llermannus
835 5353 850 5402 l.
865 5368 887 5404 c.
907 5368 931 5417 p,
946 5353 1002 5412 tos,
1021 5361 1105 5404 uetera
1123 5357 1280 5404 retinens-
1301 5351 1342 5402 at.
1356 5350 1462 5400 ocium?
1480 5353 1544 5412 Quot
1560 5351 1755 5413 inoestipaion

422 5428 563 5482 obducere?
584 5430 708 5492 Bentley;
733 5434 759 5478 at
777 5433 847 5478 recte
867 5430 1011 5489 Madvigius
1029 5429 1044 5479 l.
1065 5446 1089 5480 c.
1113 5445 1137 5494 p.
1159 5431 1204 5477 itt
1222 5443 1282 5491 sqq.
1301 5428 1459 5477 sententiam
1483 5424 1532 5476 loci
1551 5427 1589 5476 sic
1607 5425 1754 5489 expedivit:

423 5511 470 5557 «At
487 5507 586 5556 luerint
602 5503 644 5554 illa
663 5504 798 5555 veteribus
817 5507 919 5566 ignota:
944 5507 1034 5568 postea
1053 5509 1127 5554 certe
1145 5507 1300 5566 investigata
1318 5506 1392 5560 sunt:
1412 5503 1479 5552 haec
1498 5504 1576 5564 igitur
1592 5515 1660 5551 vana
1678 5504 1756 5552 eruut

423 5585 562 5644 inanisque
580 5593 663 5644 opera
681 5582 706 5629 in
725 5582 755 5629 iis
774 5579 961 5640 investigandis
979 5582 1076 5643 posita,
1096 5584 1237 5643 postquam
1250 5576 1381 5628 Arcesilae
1401 5575 1499 5640 placuit
1514 5577 1611 5627 Zenoni
1629 5574 1755 5638 obloqui‘l

424 5655 573 5709 ltabchitne
591 5655 661 5706 hanc
675 5658 727 5705 vim
740 5656 871 5705 Arcesilae
885 5656 1040 5718 disputatio,
1060 5659 1089 5704 ut
1107 5654 1167 5703 nihil
1187 5658 1275 5703 actum
1294 5657 1433 5717 putmnus¹
1453 5654 1525 5716 quod
1544 5651 1585 5702 illa
1603 5651 1755 5713 investigata

423 5735 488 5788 sint,
511 5733 717 5794 reiiciamurque
740 5730 772 5779 ad
798 5736 887 5779 vetera
912 5730 994 5779 illut»
1015 5757 1040 5766 -
1066 5732 1184 5779 ocersiios
1202 5734 1221 5779 A
1239 5756 1271 5765 -
1294 5731 1334 5779 25.
1354 5727 1496 5778 obtrectans
1512 5728 1534 5775 V
1552 5754 1579 5763 -
1599 5727 1758 5776 emosdondis

422 5809 567 5870 reperimus
583 5805 611 5856 u¹
632 5832 658 5841 —
682 5807 855 5854 tumulationes
872 5809 892 5855 A
903 5804 932 5853 13²
950 5832 977 5840 -
1001 5806 1041 5854 27.
1060 5806 1192 5854 ciorisimis
1214 5809 1234 5854 A
1260 5831 1286 5839 -
1312 5804 1353 5853 29.
1373 5804 1453 5853 lucide
1472 5804 1521 5853 sole
1538 5803 1568 5850 V¹
1588 5828 1614 5837 -
1637 5802 1678 5852 30.
1696 5815 1757 5851 con-

423 5883 488 5941 iecto
506 5884 652 5932 Alanutius:
670 5883 775 5943 cmflcio
793 5883 812 5928 t:
833 5905 858 5914 -
878 5881 1002 5942 :petinam
1020 5881 1050 5940 V,
1069 5881 1229 5943 tepemimom
1246 5880 1264 5928 B
1286 5906 1311 5915 -
1331 5878 1373 5928 34.
1391 5878 1550 5929 coaoadrom
1566 5878 1585 5927 B
1601 5903 1626 5916 -
1646 5876 1756 5927 iocidiV

425 5983 452 5993 -
470 5958 563 6009 locide:
580 5956 601 6004 V
620 5982 648 5993 -
667 5955 709 6005 3³.
727 5959 749 6006 et
766 5956 870 6018 quilium
888 5960 918 6004 A.
