4342 7459
742 1256 809 1317 Lis.
832 1256 869 1316 V.
897 1253 970 1317 Can.
993 1254 1154 1317 vl-vll.
1182 1252 1228 1336 §5
1252 1252 1398 1318 ia-ao.
1681 1254 1736 1321 l8l

412 1444 522 1490 omnes
543 1424 595 1499 id,
618 1424 651 1487 in
674 1443 738 1507 quo
762 1422 929 1506 prudentia
952 1428 1130 1486 versaretur
1151 1430 1181 1487 et
1203 1424 1290 1506 quod
1309 1427 1437 1509 assequi
1454 1426 1567 1500 vellet,
1589 1434 1696 1511 aptum
1711 1436 1743 1493 et

410 1518 836 1584 accommodatumnaturae
858 1537 929 1579 esse
951 1523 1097 1599 oportere
1118 1528 1150 1580 et
1171 1517 1251 1592 tale,
1276 1527 1312 1580 ut
1333 1519 1436 1602 ipsum
1459 1541 1517 1604 per
1538 1541 1572 1584 se
1594 1522 1743 1585 invitaret

410 1621 443 1677 ct
469 1613 613 1676 alliceret
639 1611 814 1696 appetitum
835 1611 951 1686 animi,
978 1630 1073 1694 quem
1097 1611 1201 1692 ὁρμήν
1225 1611 1336 1674 Graeci
1360 1623 1482 1677 vocant.
1528 1614 1612 1689 Quid
1635 1622 1740 1678 autem

410 1707 466 1780 sit,
489 1705 578 1789 quod
599 1705 644 1768 ita
664 1712 792 1769 moveat
812 1706 920 1787 itaque
943 1725 962 1767 a
984 1713 1097 1767 natura
1119 1706 1151 1766 in
1173 1705 1275 1788 primo
1291 1712 1362 1768 ortu
1378 1716 1559 1790 appetatur,
1583 1728 1648 1771 non
1664 1728 1741 1772 con-

410 1807 486 1871 stat,
516 1797 622 1881 deque
645 1819 684 1862 eo
707 1806 756 1862 est
778 1799 861 1860 inter
882 1797 1108 1881 philosophos,
1138 1817 1209 1861 cum
1231 1819 1389 1863 summum
1411 1801 1529 1864 bonum
1551 1802 1765 1885 exquiritur,⁶

410 1893 513 1955 omnis
535 1893 702 1956 dissensio.
740 1892 851 1956 Totius
873 1892 958 1955 enim
982 1892 1180 1973 quaestionis
1203 1893 1289 1966 cius,
1311 1912 1392 1975 quae
1414 1893 1550 1957 hahetur
1571 1895 1610 1958 de
1626 1892 1741 1958 tinibus

409 1988 565 2049 bonorum
594 1995 626 2050 et
655 1989 827 2059 malorum,
856 2007 928 2049 cum
959 1986 1124 2069 quaeritur
1151 1986 1183 2047 in
1205 1985 1255 2048 his
1278 1985 1353 2069 quid
1377 1987 1417 2049 sit
1440 1995 1643 2068 extremum,
1663 1988 1739 2072 quid

410 2080 570 2154 ultimum,
597 2079 670 2144 tons
699 2080 907 2164 reperiendus
929 2088 992 2153 est,
1020 2081 1053 2142 in
1077 2099 1142 2162 quo
1165 2081 1229 2142 sint
1249 2080 1351 2163 prima
1373 2081 1578 2145 invitamenta
1600 2090 1741 2157 naturae,

410 2193 474 2256 quo
503 2174 633 2238 invento
656 2176 760 2238 omnis
789 2173 829 2236 ali
858 2193 896 2236 eo
919 2175 1010 2257 quasi
1038 2175 1139 2256 capite
1162 2173 1201 2236 de
1222 2194 1345 2237 summo
1367 2175 1451 2238 bono
1473 2184 1506 2239 et
1526 2174 1610 2238 malo
1632 2175 1741 2258 dispu-

412 2266 489 2329 tatio
511 2266 646 2330 ducitur.
1750 2282 1777 2326 io

493 2361 560 2422 Vll.
585 2357 637 2423 l8.
659 2360 841 2445 Voluptatis
864 2362 919 2423 alii
940 2360 1075 2443 primum
1099 2360 1273 2443 appetitum
1296 2369 1409 2443 putant
1429 2369 1462 2426 et
1481 2362 1614 2447 primam
1629 2361 1741 2445 depul-

410 2457 531 2517 sionem
559 2455 699 2520 doloris:
728 2457 917 2519 vacuitatem
940 2453 1068 2524 doloris
1087 2453 1142 2516 alii
1164 2463 1295 2517 censent
1317 2456 1452 2537 primum
1474 2457 1603 2520 ascitam
1625 2464 1657 2520 et
1678 2458 1741 2539 pri·

410 2570 495 2612 mum
524 2548 718 2612 declinatum
748 2548 906 2613 dolorem:
938 2548 976 2609 ab
1004 2548 1043 2609 iis
1073 2547 1144 2619 alii,
1173 2565 1255 2630 quae
1278 2549 1378 2632 prima
1400 2549 1575 2614 secundum
1598 2558 1740 2615 naturam

411 2642 590 2716 nominant,
620 2640 879 2728 proficiscuntur,
908 2641 943 2702 in
972 2640 1089 2724 quibus
1118 2650 1284 2704 numerant
1304 2642 1551 2706 incolumitatem
1574 2664 1741 2708 conserva·

410 2738 596 2819 tionemqne
618 2737 760 2799 omnium
791 2736 944 2817 partium,
971 2733 1199 2806 valetudinem,
1227 2754 1339 2798 sensus
1361 2737 1520 2819 integros,
1547 2738 1666 2802 doloris
1688 2752 1778 2800 vra-is

411 2832 574 2905 cuitatcm,
597 2831 689 2904 viris,
711 2827 997 2914 pulchritudinem,
1020 2834 1125 2890 cetera
1146 2828 1272 2908 generis
1287 2830 1445 2905 eiusdem,
1469 2850 1603 2914 quorum
1625 2830 1741 2893 similia

411 2932 485 2986 sunt
514 2924 615 3006 prima
643 2923 676 2986 in
698 2923 811 2986 animis
836 2922 927 3005 quasi
950 2922 1101 2983 virtutum
1124 2919 1253 3002 igniculi
1276 2927 1308 2983 et
1328 2922 1460 2986 semina.
1496 2923 1546 2984 Ex
1566 2922 1618 2985 his
1640 2924 1740 2986 tribus

414 3038 484 3080 cum
506 3036 606 3079 unum
628 3017 751 3101 aliquid
773 3016 832 3088 sit,
854 3036 920 3097 quo
942 3014 1078 3099 primum
1101 3022 1212 3077 natura
1230 3022 1395 3079 moveatur
1408 3016 1459 3080 vel
1472 3017 1512 3103 ad
1526 3015 1739 3099 appetendum

416 3112 464 3175 vel
486 3111 528 3175 ad
550 3109 787 3194 repellendum,
809 3129 868 3171 nec
891 3109 1063 3191 quicquam
1078 3106 1207 3170 omnino
1228 3116 1353 3190 praeter
1373 3109 1451 3172 haec
1470 3110 1530 3173 iria
1543 3109 1646 3192 possit
1659 3130 1740 3184 csse,

413 3225 544 3270 necesse
566 3212 615 3267 est
637 3204 767 3266 omnino
790 3202 930 3265 officium
951 3210 1006 3266 aut
1026 3200 1169 3283 fugiendi
1191 3208 1247 3264 aut
1268 3201 1421 3285 sequendi
1441 3202 1481 3266 ad
1496 3222 1607 3266 eorum
1621 3201 1778 3285 aliquidne

412 3299 536 3374 referri,
569 3306 607 3362 ut
636 3297 690 3360 illa
720 3296 904 3381 prudentia,
933 3315 1029 3380 quani
1058 3301 1158 3356 artem
1186 3297 1268 3357 vitae
1297 3315 1367 3358 esse
1390 3295 1546 3370 diximus,
1577 3295 1612 3358 in
1633 3315 1740 3359 aarum

344 3407 346 3414 ·
413 3394 509 3457 trium
530 3412 638 3456 rerum
661 3390 768 3473 aliqua
790 3397 946 3463 versetur,
968 3408 988 3450 a
1009 3407 1074 3470 qua
1095 3388 1193 3451 totius
1215 3389 1297 3452 vitae
1312 3390 1405 3453 ducat
1420 3391 1593 3454 exordium.
1627 3385 1677 3451 t9.
1691 3389 1739 3451 Ex

411 3507 450 3550 oo
477 3493 599 3560 autem,
630 3482 716 3568 quod
739 3483 886 3545 statuerit
907 3501 991 3556 esse,
1019 3502 1083 3564 quo
1110 3481 1247 3565 primum
1269 3491 1381 3547 natura
1402 3491 1581 3559 moveatur,
1610 3484 1741 3548 exsistet

410 3581 485 3643 recti
519 3580 615 3643 etiam
645 3578 726 3640 ratio
755 3584 850 3659 atque
877 3575 1022 3649 honesti,
1054 3593 1137 3657 quae
1164 3596 1236 3639 cum
1262 3576 1371 3659 aliquo
1398 3598 1463 3641 uno
1486 3598 1526 3641 ex
1554 3577 1654 3641 tribus
1675 3577 1739 3642 illis

414 3691 590 3755 congruere
612 3671 732 3754 possit,
753 3679 790 3732 ut
811 3678 865 3733 aut
886 3670 919 3732 id
941 3668 1112 3733 honestum
1131 3670 1186 3744 sit,
1207 3667 1311 3733 iacere
1326 3672 1433 3734 omnia
1448 3670 1618 3754 voluptatis
1634 3688 1775 3746 causano

413 3768 509 3831 etiam
535 3767 564 3830 si
591 3784 661 3828 eam
690 3784 755 3827 non
782 3783 995 3846 consequare,
1027 3770 1083 3824 aut
1109 3782 1174 3825 non
1203 3763 1348 3838 dolendi,
1382 3765 1477 3828 etiam
1508 3765 1534 3827 si
1557 3764 1590 3828 id
1611 3766 1739 3848 assequi

412 3880 567 3945 nequeas,
596 3867 653 3922 aut
675 3879 801 3933 eorum,
833 3879 916 3942 quae
938 3856 1112 3921 secundum
1135 3864 1277 3919 naturam
1299 3865 1388 3931 sunt,
1409 3858 1623 3940 adipiscendi,
1645 3859 1739 3923 etiam

408 3956 437 4019 si
458 3954 541 4017 nihil
563 3972 772 4035 consequare.
817 3954 863 4014 lta
885 3949 919 4015 lit
940 3958 988 4027 ut,
1011 3959 1129 4034 quanta
1146 3948 1321 4013 differentia
1343 3951 1445 4015 estin
1468 3952 1633 4035 principiis
1650 3961 1740 4016 natu-

411 4048 550 4122 ralibus,
584 4054 671 4110 tanta
704 4046 745 4108 sit
772 4048 805 4109 in
835 4042 951 4108 finibus
981 4046 1136 4108 bonorum
1164 4043 1381 4127 malorumque
1409 4044 1642 4109 dissimilitudo.
1677 4045 1738 4108 Alii

409 4161 534 4205 rursum
565 4139 666 4202 isdem
697 4162 716 4202 a
753 4140 914 4223 principiis
948 4159 1041 4201 omne
1069 4136 1206 4200 officium
1234 4138 1370 4200 relerent
1398 4144 1453 4201 aut
1480 4138 1520 4201 ad
1546 4139 1778 4223 voluptatemso

411 4246 467 4299 aut
499 4234 540 4298 ad
575 4254 639 4296 non
674 4234 843 4296 dolendum
879 4242 933 4295 aut
973 4232 1012 4296 ad
1045 4232 1147 4314 prima
1184 4231 1238 4293 illa
1274 4233 1448 4295 secundum
1484 4241 1626 4296 naturam
1661 4233 1741 4296 obti-

411 4330 526 4393 nenda.
571 4324 623 4388 ⁶20.
647 4329 810 4411 Expositis
833 4329 894 4390 ianr
918 4327 1013 4408 igitur
1034 4347 1092 4388 sex
1115 4325 1153 4387 de
1181 4346 1303 4387 summo
1330 4326 1415 4388 bono
1444 4326 1624 4399 sententiis,
1645 4329 1739 4388 trium

407 4423 623 4506 proximarum
650 4422 683 4484 hi
714 4422 889 4503 principes:
923 4420 1094 4501 voluptatis
1117 4419 1313 4500 Aristippus,
1345 4439 1407 4480 non
1431 4418 1560 4481 dolendi
1584 4420 1740 4501 Hierony-

408 4537 491 4590 mus,
522 4515 649 4578 lruendi
680 4517 774 4580 rebus
802 4516 856 4589 iis,
884 4535 964 4597 quas
996 4515 1110 4597 primas
1133 4512 1307 4574 secundum
1331 4519 1473 4574 naturam
1497 4532 1567 4575 csse
1589 4512 1738 4584 diximus,

408 4611 587 4675 Carneades
619 4630 682 4672 non
712 4609 766 4672 ille
797 4610 923 4693 quidem
951 4615 1076 4680 auctor,
1106 4607 1162 4668 sed
1185 4605 1334 4668 defensor
1355 4605 1532 4668 disserendi
1555 4626 1649 4669 causa
1670 4604 1777 4671 fuitus

407 4706 596 4788 Superiores
629 4711 691 4766 tres
726 4712 815 4766 erant
846 4722 925 4784 quae
961 4721 1031 4764 esse
1065 4710 1211 4782 possent,
1246 4720 1378 4781 quarum
1416 4708 1463 4761 est
1490 4719 1554 4762 una
1586 4698 1655 4761 sola
1687 4698 1741 4761 de·

406 4799 516 4872 tensa,
547 4816 648 4879 eaque
675 4796 888 4859 vehementer.
932 4798 1009 4858 Nam
1044 4796 1210 4878 voluptatis
1240 4813 1335 4856 causa
1367 4794 1470 4856 facere
1511 4792 1634 4865 omnia,
1670 4812 1740 4855 cum

470 5127 496 5175 Ξ.
515 5124 641 5187 incitaret]
664 5128 772 5172 mutomt
790 5123 808 5171 E
835 5150 860 5158 -
887 5129 910 5171 et
928 5134 982 5172 non
1003 5136 1056 5172 om.
1077 5124 1095 5171 E
1121 5147 1146 5157 ν
1171 5121 1194 5171 l.
1214 5121 1306 5184 itaque]
1329 5126 1405 5181 atquc
1421 5121 1440 5168 B
1460 5121 1521 5181 (nori
1539 5119 1566 5180 Ε)
1587 5146 1613 5156 -
1638 5121 1662 5169 i.
1681 5121 1742 5182 quid

406 5202 522 5250 monaco
540 5197 600 5247 cod.
619 5200 766 5261 Spirensis:
786 5203 808 5246 ct
826 5199 886 5258 quid
905 5199 1022 5246 ultimum
1038 5199 1069 5254 B;
1089 5204 1112 5246 et
1128 5198 1242 5246 ultimam
1260 5198 1342 5245 ceteri
1354 5196 1431 5245 codd.
1446 5221 1473 5230 -
1493 5197 1518 5245 8.
1535 5195 1592 5259 sirit]
1609 5201 1666 5245 sont
1681 5196 1739 5245 E·-

408 5278 432 5325 9.
452 5276 525 5339 quasi
542 5287 596 5323 om.
616 5274 635 5322 B
656 5300 683 5309 ·-
704 5275 744 5323 ti.
763 5275 915 5323 vacuitatem
935 5274 1028 5322 doloris
1045 5275 1079 5322 B:
1100 5287 1153 5322 om.
1167 5274 1187 5322 0
1201 5297 1227 5307 -
1247 5273 1384 5320 oscitomG
1403 5274 1429 5319 et
1445 5270 1603 5333 Madvigius:
1622 5276 1743 5320 assertum

408 5352 472 5403 BC;
497 5349 603 5398 ascitum
626 5350 708 5398 ceteri
732 5347 827 5405 codd.;
854 5349 977 5408 ascitum,
1001 5362 1049 5395 non
1069 5348 1150 5395 dolere
1167 5361 1228 5396 cum
1247 5348 1338 5397 Ursino
1356 5348 1375 5394 0
1395 5373 1421 5383 -
1446 5345 1486 5395 t3.
1504 5347 1548 5407 lips
1565 5347 1597 5403 133
1620 5347 1657 5394 tis
1674 5345 1693 5394 0
1713 5371 1739 5381 -

408 5424 448 5475 tt.
466 5428 584 5473 smol
601 5423 651 5472 BE
672 5450 698 5460 -
719 5424 759 5472 ts.
779 5424 876 5482 otiqoid
896 5419 1077 5481 Wesenberg:
1098 5424 1200 5481 aliquod
1217 5421 1295 5471 codd.
1315 5425 1341 5470 et
1358 5423 1378 5469 0
1398 5447 1424 5456 -
1440 5422 1526 5481 primo
1543 5422 1562 5469 B
1579 5448 1605 5457 —
1624 5421 1741 5481 selinon

409 5505 444 5561 uti
461 5500 628 5562 oppetendam
641 5503 704 5558 (om.
719 5499 761 5559 od)
774 5499 823 5548 BE
837 5524 863 5533 -
886 5499 925 5546 is.
942 5500 1036 5559 possint
1054 5498 1072 5546 B
1089 5524 1112 5532 -
1134 5499 1175 5545 20.
1189 5498 1230 5557 od]
1249 5497 1323 5545 uuili
1340 5522 1366 5531 -
1386 5495 1488 5558 aliquod
1504 5496 1581 5545 BEO
1594 5519 1621 5530 —
1640 5496 1681 5544 it.
1694 5508 1744 5546 ccxc

408 5589 461 5625 om.
480 5575 499 5623 B
520 5601 547 5610 -
567 5574 741 5622 diacrimusss
763 5600 787 5607 -
808 5574 854 5622 as.
873 5579 917 5620 out
933 5574 959 5620 id
976 5574 1010 5622 B:
1029 5585 1083 5621 our.
1103 5572 1123 5620 0
1141 5600 1167 5607 -
1186 5572 1319 5632 voluptatis
1336 5584 1397 5619 nos:
1417 5576 1462 5619 out
1475 5571 1609 5631 voluptatis
1625 5569 1703 5619 codd.
1717 5577 1744 5623 et

409 5651 442 5701 0;
461 5648 525 5712 [cut]
542 5648 679 5711 voluptatis
696 5648 720 5696 ll
741 5674 764 5683 -
787 5648 828 5696 26.
848 5650 923 5696 etium
941 5648 962 5696 si
979 5648 1014 5708 id]
1032 5653 1077 5695 cot
1093 5647 1114 5694 si
1131 5647 1157 5693 id
1173 5647 1192 5695 B
1213 5672 1237 5681 -
1264 5648 1304 5696 tl.
1323 5647 1398 5695 elium
1414 5647 1435 5693 si
1451 5646 1512 5693 citit
1527 5658 1678 5705 conuocare
1694 5645 1742 5694 ΒΕ

407 5725 465 5784 (scd
485 5723 554 5773 male
573 5723 669 5773 additis
682 5721 771 5771 verbis
789 5728 834 5769 aut
851 5722 911 5770 nituit
926 5722 1046 5781 dolendii:
1067 5733 1121 5769 om.
1136 5721 1219 5770 ceteri
1232 5721 1324 5776 codd.;
1342 5720 1508 5768 etiamsinon
1520 5720 1661 5782 adipiscare
1673 5721 1743 5778 tcum

408 5799 451 5848 ed.
470 5812 496 5848 a.
519 5797 594 5860 isso)
611 5800 631 5848 0
648 5824 682 5834 -
698 5797 738 5846 30.
758 5811 859 5844 iurarem
876 5798 908 5845 ii:
934 5810 1023 5845 rursus
1039 5798 1059 5846 Ο
1080 5824 1106 5832 -
1129 5797 1235 5857 reserent
1251 5798 1287 5845 B:
1309 5796 1420 5857 referunt
1436 5796 1457 5844 0
1476 5821 1502 5830 -
1522 5795 1562 5844 34.
1581 5794 1615 5842 od
1630 5808 1680 5842 ooo
1697 5795 1743 5844 do-

409 5874 516 5938 lendum]
535 5888 586 5922 noo
602 5873 701 5923 dolendi
718 5872 737 5920 B
757 5898 783 5907 -
809 5872 849 5919 32.
868 5872 920 5920 iam
937 5873 1015 5935 igitur
1031 5873 1064 5920 B:
1089 5872 1166 5935 igitur
1182 5872 1234 5919 tom
1252 5871 1270 5920 E
1289 5869 1331 5929 lde
1349 5882 1401 5933 quo
1418 5867 1562 5931 Madvigius
1580 5866 1661 5919 talsus
1678 5871 1740 5932 est};

408 5948 477 6012 [iam]
495 5950 575 6013 ἱρᾶν·
590 5949 616 5999 lt
637 5974 664 5984 -
683 5947 724 5997 33.
740 5947 889 6010 proximare
906 5948 964 5996 BE.
