<?xml version="1.0" encoding="UTF-8"?>
<!DOCTYPE html PUBLIC "-//W3C//DTD XHTML 1.0 Transitional//EN"
    "http://www.w3.org/TR/xhtml1/DTD/xhtml1-transitional.dtd">
<html xmlns="http://www.w3.org/1999/xhtml" xml:lang="en" lang="en">
 <head>
  <title>
</title>
<meta http-equiv="Content-Type" content="text/html;charset=utf-8" />
  <meta name='ocr-system' content='tesseract 3.04.00' />
  <meta name='ocr-capabilities' content='ocr_page ocr_carea ocr_par ocr_line ocrx_word'/>
</head>
<body>
  <div class='ocr_page' id='page_1' title='image "./operaquaesupers00halmgoog/operaquaesupers00halmgoog_0487.png"; bbox 0 0 4342 7459; ppageno 0'>
   <div class='ocr_carea' id='block_1_1' title="bbox 658 1277 1734 1365">
    <p class='ocr_par' dir='ltr' id='par_1_1' title="bbox 658 1277 1734 1365">
     <span class='ocr_line' id='line_1_1' title="bbox 658 1277 1734 1365; baseline 0.007 -20"><span class='ocrx_word' id='word_1_1' title='bbox 658 1281 729 1346; x_wconf 80' lang='lat' dir='ltr'><strong>nn.</strong></span> <span class='ocrx_word' id='word_1_2' title='bbox 754 1281 809 1346; x_wconf 93' lang='lat' dir='ltr'><strong>1n.</strong></span> <span class='ocrx_word' id='word_1_3' title='bbox 837 1280 911 1346; x_wconf 73' lang='lat' dir='ltr'><strong>cn.</strong></span> <span class='ocrx_word' id='word_1_4' title='bbox 933 1279 1227 1345; x_wconf 75' lang='lat' dir='ltr'><strong>xxvia-xxx.</strong></span> <span class='ocrx_word' id='word_1_5' title='bbox 1253 1277 1300 1365; x_wconf 79' lang='lat' dir='ltr'><strong>§t</strong></span> <span class='ocrx_word' id='word_1_6' title='bbox 1324 1277 1471 1354; x_wconf 79' lang='lat' dir='ltr'><strong>rt-rs.</strong></span> <span class='ocrx_word' id='word_1_7' title='bbox 1675 1281 1734 1354; x_wconf 81' lang='lat' dir='ltr'><strong>su</strong></span> 
     </span>
    </p>
   </div>
   <div class='ocr_carea' id='block_1_2' title="bbox 407 1437 1780 4539">
    <p class='ocr_par' dir='ltr' id='par_1_2' title="bbox 409 1437 1739 1622">
     <span class='ocr_line' id='line_1_2' title="bbox 409 1437 1739 1527; baseline 0.007 -21"><span class='ocrx_word' id='word_1_8' title='bbox 409 1440 563 1527; x_wconf 80' lang='lat' dir='ltr'>Idemque</span> <span class='ocrx_word' id='word_1_9' title='bbox 594 1441 721 1506; x_wconf 77' lang='lat' dir='ltr'><strong>facilem</strong></span> <span class='ocrx_word' id='word_1_10' title='bbox 753 1449 786 1507; x_wconf 89' lang='lat' dir='ltr'><strong>et</strong></span> <span class='ocrx_word' id='word_1_11' title='bbox 817 1437 980 1506; x_wconf 87' lang='lat' dir='ltr'><strong>liberalem</strong></span> <span class='ocrx_word' id='word_1_12' title='bbox 1012 1449 1135 1527; x_wconf 90' lang='lat' dir='ltr'><strong>patrem</strong></span> <span class='ocrx_word' id='word_1_13' title='bbox 1165 1441 1401 1509; x_wconf 90' lang='lat' dir='ltr'><strong>incommodum</strong></span> <span class='ocrx_word' id='word_1_14' title='bbox 1430 1464 1501 1510; x_wconf 91' lang='lat' dir='ltr'><strong>esse</strong></span> <span class='ocrx_word' id='word_1_15' title='bbox 1529 1449 1647 1513; x_wconf 84' lang='lat' dir='ltr'><strong>emanti</strong></span> <span class='ocrx_word' id='word_1_16' title='bbox 1673 1448 1739 1515; x_wconf 87' lang='lat' dir='ltr'><strong>lilio</strong></span> 
     </span>
     <span class='ocr_line' id='line_1_3' title="bbox 409 1536 564 1622; baseline -0.006 -21"><span class='ocrx_word' id='word_1_17' title='bbox 409 1536 564 1622; x_wconf 88' lang='lat' dir='ltr'><strong>disputat,</strong></span> 
     </span>
    </p>

    <p class='ocr_par' dir='ltr' id='par_1_3' title="bbox 537 1630 1740 1717">
     <span class='ocr_line' id='line_1_4' title="bbox 537 1630 1740 1717; baseline 0.007 -24"><span class='ocrx_word' id='word_1_18' title='bbox 537 1630 655 1705; x_wconf 90' lang='lat' dir='ltr'><strong>Quem</strong></span> <span class='ocrx_word' id='word_1_19' title='bbox 678 1649 808 1715; x_wconf 91' lang='lat' dir='ltr'><strong>neque</strong></span> <span class='ocrx_word' id='word_1_20' title='bbox 833 1649 911 1715; x_wconf 92' lang='lat' dir='ltr'><strong>quo</strong></span> <span class='ocrx_word' id='word_1_21' title='bbox 934 1636 1048 1715; x_wconf 90' lang='lat' dir='ltr'><strong>pacto</strong></span> <span class='ocrx_word' id='word_1_22' title='bbox 1069 1630 1207 1696; x_wconf 88' lang='lat' dir='ltr'><strong>fallam</strong></span> <span class='ocrx_word' id='word_1_23' title='bbox 1230 1651 1364 1717; x_wconf 90' lang='lat' dir='ltr'><strong>neque</strong></span> <span class='ocrx_word' id='word_1_24' title='bbox 1386 1642 1430 1698; x_wconf 91' lang='lat' dir='ltr'><strong>nt</strong></span> <span class='ocrx_word' id='word_1_25' title='bbox 1450 1633 1740 1715; x_wconf 88' lang='lat' dir='ltr'><strong>indeaufersm,</strong></span> 
     </span>
    </p>

    <p class='ocr_par' dir='ltr' id='par_1_4' title="bbox 535 1725 1679 1810">
     <span class='ocr_line' id='line_1_5' title="bbox 535 1725 1679 1810; baseline 0.006 -21"><span class='ocrx_word' id='word_1_26' title='bbox 535 1725 612 1789; x_wconf 81' lang='lat' dir='ltr'><strong>Nec</strong></span> <span class='ocrx_word' id='word_1_27' title='bbox 633 1745 747 1809; x_wconf 91' lang='lat' dir='ltr'><strong>quem</strong></span> <span class='ocrx_word' id='word_1_28' title='bbox 770 1725 905 1789; x_wconf 93' lang='lat' dir='ltr'><strong>dolum</strong></span> <span class='ocrx_word' id='word_1_29' title='bbox 928 1726 973 1788; x_wconf 95' lang='lat' dir='ltr'><strong>ad</strong></span> <span class='ocrx_word' id='word_1_30' title='bbox 996 1746 1077 1789; x_wconf 91' lang='lat' dir='ltr'><strong>eum</strong></span> <span class='ocrx_word' id='word_1_31' title='bbox 1100 1734 1169 1790; x_wconf 92' lang='lat' dir='ltr'><strong>aut</strong></span> <span class='ocrx_word' id='word_1_32' title='bbox 1190 1727 1412 1791; x_wconf 87' lang='lat' dir='ltr'><strong>machinam</strong></span> <span class='ocrx_word' id='word_1_33' title='bbox 1435 1732 1679 1810; x_wconf 86' lang='lat' dir='ltr'><strong>commoliar,</strong></span> 
     </span>
    </p>

    <p class='ocr_par' dir='ltr' id='par_1_5' title="bbox 537 1815 1764 1905">
     <span class='ocr_line' id='line_1_6' title="bbox 537 1815 1764 1905; baseline 0.006 -22"><span class='ocrx_word' id='word_1_34' title='bbox 537 1820 624 1884; x_wconf 88' lang='lat' dir='ltr'><strong>Scio</strong></span> <span class='ocrx_word' id='word_1_35' title='bbox 647 1820 887 1905; x_wconf 87' lang='lat' dir='ltr'><strong>quicquam:</strong></span> <span class='ocrx_word' id='word_1_36' title='bbox 908 1819 963 1881; x_wconf 87' lang='lat' dir='ltr'><strong>ita</strong></span> <span class='ocrx_word' id='word_1_37' title='bbox 986 1820 1112 1883; x_wconf 92' lang='lat' dir='ltr'><strong>omnis</strong></span> <span class='ocrx_word' id='word_1_38' title='bbox 1135 1840 1241 1883; x_wconf 91' lang='lat' dir='ltr'><strong>meos</strong></span> <span class='ocrx_word' id='word_1_39' title='bbox 1264 1821 1392 1898; x_wconf 90' lang='lat' dir='ltr'><strong>dolos,</strong></span> <span class='ocrx_word' id='word_1_40' title='bbox 1414 1822 1620 1901; x_wconf 75' lang='lat' dir='ltr'><strong>fallacias,</strong></span> <span class='ocrx_word' id='word_1_41' title='bbox 1749 1815 1764 1878; x_wconf 69' lang='lat' dir='ltr'><strong>i</strong></span> 
     </span>
    </p>

    <p class='ocr_par' dir='ltr' id='par_1_6' title="bbox 408 1913 1741 2281">
     <span class='ocr_line' id='line_1_7' title="bbox 535 1913 1537 1998; baseline 0.005 -22"><span class='ocrx_word' id='word_1_42' title='bbox 535 1914 783 1996; x_wconf 78' lang='lat' dir='ltr'><strong>Praestigiae</strong></span> <span class='ocrx_word' id='word_1_43' title='bbox 806 1913 1086 1997; x_wconf 81' lang='lat' dir='ltr'><strong>praestrinxit</strong></span> <span class='ocrx_word' id='word_1_44' title='bbox 1107 1913 1373 1979; x_wconf 77' lang='lat' dir='ltr'><strong>commoditas</strong></span> <span class='ocrx_word' id='word_1_45' title='bbox 1395 1918 1537 1998; x_wconf 87' lang='lat' dir='ltr'><strong>patris.</strong></span> 
     </span>
     <span class='ocr_line' id='line_1_8' title="bbox 410 2007 1741 2097; baseline 0.005 -26"><span class='ocrx_word' id='word_1_46' title='bbox 410 2007 494 2085; x_wconf 84' lang='lat' dir='ltr'><strong>Quid</strong></span> <span class='ocrx_word' id='word_1_47' title='bbox 517 2026 593 2091; x_wconf 77' lang='lat' dir='ltr'><strong>ergo</strong></span> <span class='ocrx_word' id='word_1_48' title='bbox 615 2008 666 2071; x_wconf 90' lang='lat' dir='ltr'><strong>isti</strong></span> <span class='ocrx_word' id='word_1_49' title='bbox 690 2008 781 2071; x_wconf 85' lang='lat' dir='ltr'><strong>dolii</strong></span> <span class='ocrx_word' id='word_1_50' title='bbox 803 2007 881 2090; x_wconf 93' lang='lat' dir='ltr'><strong>qnid</strong></span> <span class='ocrx_word' id='word_1_51' title='bbox 903 2008 1090 2071; x_wconf 69' lang='lat' dir='ltr'><strong>machinae?</strong></span> <span class='ocrx_word' id='word_1_52' title='bbox 1114 2009 1190 2092; x_wconf 92' lang='lat' dir='ltr'><strong>quid</strong></span> <span class='ocrx_word' id='word_1_53' title='bbox 1206 2008 1350 2074; x_wconf 78' lang='lat' dir='ltr'><strong>fallaciae</strong></span> <span class='ocrx_word' id='word_1_54' title='bbox 1365 2008 1644 2097; x_wconf 76' lang='lat' dir='ltr'><strong>praestigiaeque?</strong></span> <span class='ocrx_word' id='word_1_55' title='bbox 1663 2031 1741 2077; x_wconf 91' lang='lat' dir='ltr'><strong>num</strong></span> 
     </span>
     <span class='ocr_line' id='line_1_9' title="bbox 408 2101 1740 2186; baseline 0.002 -18"><span class='ocrx_word' id='word_1_56' title='bbox 408 2105 477 2168; x_wconf 91' lang='lat' dir='ltr'><strong>sine</strong></span> <span class='ocrx_word' id='word_1_57' title='bbox 499 2103 621 2167; x_wconf 88' lang='lat' dir='ltr'><strong>ratione</strong></span> <span class='ocrx_word' id='word_1_58' title='bbox 643 2120 714 2165; x_wconf 90' lang='lat' dir='ltr'><strong>esse</strong></span> <span class='ocrx_word' id='word_1_59' title='bbox 735 2104 933 2186; x_wconf 83' lang='lat' dir='ltr'><strong>potueruntl</strong></span> <span class='ocrx_word' id='word_1_60' title='bbox 964 2101 991 2165; x_wconf 91' lang='lat'>0</span> <span class='ocrx_word' id='word_1_61' title='bbox 1014 2104 1210 2185; x_wconf 90' lang='lat' dir='ltr'><strong>praeclarum</strong></span> <span class='ocrx_word' id='word_1_62' title='bbox 1232 2124 1348 2167; x_wconf 92' lang='lat' dir='ltr'><strong>munus</strong></span> <span class='ocrx_word' id='word_1_63' title='bbox 1367 2105 1513 2182; x_wconf 89' lang='lat' dir='ltr'><strong>deorum,</strong></span> <span class='ocrx_word' id='word_1_64' title='bbox 1537 2113 1571 2169; x_wconf 90' lang='lat' dir='ltr'><strong>ut</strong></span> <span class='ocrx_word' id='word_1_65' title='bbox 1592 2105 1740 2170; x_wconf 86' lang='lat' dir='ltr'><strong>Pbormio</strong></span> 
     </span>
     <span class='ocr_line' id='line_1_10' title="bbox 408 2197 657 2281; baseline -0.004 -21"><span class='ocrx_word' id='word_1_66' title='bbox 408 2197 510 2281; x_wconf 90' lang='lat' dir='ltr'><strong>possit</strong></span> <span class='ocrx_word' id='word_1_67' title='bbox 531 2197 657 2259; x_wconf 83' lang='lat' dir='ltr'><strong>dicere:</strong></span> 
     </span>
    </p>

    <p class='ocr_par' dir='ltr' id='par_1_7' title="bbox 536 2290 1779 2358">
     <span class='ocr_line' id='line_1_11' title="bbox 536 2290 1779 2358; baseline -0.004 -5"><span class='ocrx_word' id='word_1_68' title='bbox 536 2290 641 2355; x_wconf 84' lang='lat' dir='ltr'><strong>Cedo</strong></span> <span class='ocrx_word' id='word_1_69' title='bbox 672 2310 825 2354; x_wconf 87' lang='lat' dir='ltr'><strong>senem:</strong></span> <span class='ocrx_word' id='word_1_70' title='bbox 855 2290 930 2354; x_wconf 92' lang='lat' dir='ltr'><strong>iam</strong></span> <span class='ocrx_word' id='word_1_71' title='bbox 959 2290 1158 2356; x_wconf 90' lang='lat' dir='ltr'><strong>instructa</strong></span> <span class='ocrx_word' id='word_1_72' title='bbox 1180 2298 1271 2356; x_wconf 88' lang='lat' dir='ltr'><strong>sunt</strong></span> <span class='ocrx_word' id='word_1_73' title='bbox 1292 2292 1339 2355; x_wconf 94' lang='lat' dir='ltr'><strong>mi</strong></span> <span class='ocrx_word' id='word_1_74' title='bbox 1362 2293 1402 2356; x_wconf 92' lang='lat' dir='ltr'><strong>in</strong></span> <span class='ocrx_word' id='word_1_75' title='bbox 1424 2292 1541 2358; x_wconf 92' lang='lat' dir='ltr'><strong>corde</strong></span> <span class='ocrx_word' id='word_1_76' title='bbox 1565 2291 1779 2358; x_wconf 82' lang='lat' dir='ltr'><strong>consiliata</strong></span> 
     </span>
    </p>

    <p class='ocr_par' dir='ltr' id='par_1_8' title="bbox 407 2388 1780 4539">
     <span class='ocr_line' id='line_1_12' title="bbox 1215 2388 1360 2451; baseline 0.014 -2"><span class='ocrx_word' id='word_1_77' title='bbox 1215 2388 1360 2451; x_wconf 89' lang='lat' dir='ltr'><strong>omnia.</strong></span> 
     </span>
     <span class='ocr_line' id='line_1_13' title="bbox 408 2476 1741 2565; baseline -0.003 -17"><span class='ocrx_word' id='word_1_78' title='bbox 408 2483 512 2548; x_wconf 79' lang='lat' dir='ltr'><strong>XXX.</strong></span> <span class='ocrx_word' id='word_1_79' title='bbox 533 2476 586 2543; x_wconf 75' lang='lat' dir='ltr'><strong>it.</strong></span> <span class='ocrx_word' id='word_1_80' title='bbox 610 2478 672 2542; x_wconf 89' lang='lat' dir='ltr'><strong>Sed</strong></span> <span class='ocrx_word' id='word_1_81' title='bbox 688 2497 838 2541; x_wconf 84' lang='lat' dir='ltr'><strong>exeamus</strong></span> <span class='ocrx_word' id='word_1_82' title='bbox 855 2478 1026 2554; x_wconf 89' lang='lat' dir='ltr'><strong>etbeatro,</strong></span> <span class='ocrx_word' id='word_1_83' title='bbox 1048 2479 1215 2545; x_wconf 87' lang='lat' dir='ltr'><strong>veniamus</strong></span> <span class='ocrx_word' id='word_1_84' title='bbox 1229 2480 1262 2543; x_wconf 93' lang='lat' dir='ltr'><strong>io</strong></span> <span class='ocrx_word' id='word_1_85' title='bbox 1277 2479 1392 2544; x_wconf 88' lang='lat' dir='ltr'><strong>forum.</strong></span> <span class='ocrx_word' id='word_1_86' title='bbox 1416 2482 1544 2547; x_wconf 85' lang='lat' dir='ltr'><strong>Sessum</strong></span> <span class='ocrx_word' id='word_1_87' title='bbox 1561 2482 1586 2545; x_wconf 90' lang='lat' dir='ltr'><strong>il</strong></span> <span class='ocrx_word' id='word_1_88' title='bbox 1604 2487 1741 2565; x_wconf 86' lang='lat' dir='ltr'><strong>praetor.</strong></span> 
     </span>
     <span class='ocr_line' id='line_1_14' title="bbox 409 2571 1742 2653; baseline -0.001 -13"><span class='ocrx_word' id='word_1_89' title='bbox 409 2574 493 2653; x_wconf 86' lang='lat' dir='ltr'><strong>Quid</strong></span> <span class='ocrx_word' id='word_1_90' title='bbox 516 2582 555 2637; x_wconf 91' lang='lat' dir='ltr'><strong>ut</strong></span> <span class='ocrx_word' id='word_1_91' title='bbox 575 2574 755 2637; x_wconf 81' lang='lat' dir='ltr'><strong>iudicaturi</strong></span> <span class='ocrx_word' id='word_1_92' title='bbox 788 2571 850 2648; x_wconf 88' lang='lat' dir='ltr'><strong>Qui</strong></span> <span class='ocrx_word' id='word_1_93' title='bbox 875 2574 1062 2637; x_wconf 86' lang='lat' dir='ltr'><strong>tabularium</strong></span> <span class='ocrx_word' id='word_1_94' title='bbox 1087 2574 1274 2638; x_wconf 82' lang='lat' dir='ltr'><strong>incenderit</strong></span> <span class='ocrx_word' id='word_1_95' title='bbox 1306 2575 1399 2652; x_wconf 88' lang='lat' dir='ltr'><strong>Quod</strong></span> <span class='ocrx_word' id='word_1_96' title='bbox 1422 2575 1546 2641; x_wconf 89' lang='lat' dir='ltr'><strong>facinus</strong></span> <span class='ocrx_word' id='word_1_97' title='bbox 1562 2576 1742 2640; x_wconf 81' lang='lat' dir='ltr'><strong>occutttnst</strong></span> 
     </span>
     <span class='ocr_line' id='line_1_15' title="bbox 408 2665 1742 2752; baseline -0.001 -18"><span class='ocrx_word' id='word_1_98' title='bbox 408 2674 449 2734; x_wconf 85' lang='lat' dir='ltr'><strong>tte</strong></span> <span class='ocrx_word' id='word_1_99' title='bbox 469 2690 504 2733; x_wconf 87' lang='lat' dir='ltr'><strong>se</strong></span> <span class='ocrx_word' id='word_1_100' title='bbox 528 2668 567 2744; x_wconf 87' lang='lat' dir='ltr'><strong>Q.</strong></span> <span class='ocrx_word' id='word_1_101' title='bbox 584 2668 713 2739; x_wconf 85' lang='lat' dir='ltr'><strong>Sosius,</strong></span> <span class='ocrx_word' id='word_1_102' title='bbox 736 2665 924 2748; x_wconf 89' lang='lat' dir='ltr'><strong>splendidus</strong></span> <span class='ocrx_word' id='word_1_103' title='bbox 943 2689 1043 2752; x_wconf 87' lang='lat' dir='ltr'><strong>eques</strong></span> <span class='ocrx_word' id='word_1_104' title='bbox 1060 2669 1220 2732; x_wconf 82' lang='lat' dir='ltr'><strong>Romanus</strong></span> <span class='ocrx_word' id='word_1_105' title='bbox 1236 2688 1277 2733; x_wconf 80' lang='lat' dir='ltr'><strong>ex</strong></span> <span class='ocrx_word' id='word_1_106' title='bbox 1291 2689 1367 2752; x_wconf 76' lang='lat' dir='ltr'><strong>agro</strong></span> <span class='ocrx_word' id='word_1_107' title='bbox 1382 2670 1514 2746; x_wconf 84' lang='lat' dir='ltr'><strong>Piceno,</strong></span> <span class='ocrx_word' id='word_1_108' title='bbox 1537 2669 1650 2733; x_wconf 89' lang='lat' dir='ltr'><strong>fecisse</strong></span> <span class='ocrx_word' id='word_1_109' title='bbox 1666 2687 1742 2732; x_wconf 91' lang='lat' dir='ltr'><strong>con·</strong></span> 
     </span>
     <span class='ocr_line' id='line_1_16' title="bbox 407 2761 1779 2849; baseline -0.006 -21"><span class='ocrx_word' id='word_1_110' title='bbox 407 2765 511 2828; x_wconf 86' lang='lat' dir='ltr'><strong>fessus</strong></span> <span class='ocrx_word' id='word_1_111' title='bbox 533 2769 592 2828; x_wconf 89' lang='lat' dir='ltr'><strong>est.</strong></span> <span class='ocrx_word' id='word_1_112' title='bbox 624 2761 688 2836; x_wconf 90' lang='lat' dir='ltr'><strong>Qui</strong></span> <span class='ocrx_word' id='word_1_113' title='bbox 710 2762 943 2844; x_wconf 83' lang='lat' dir='ltr'><strong>transcripserit</strong></span> <span class='ocrx_word' id='word_1_114' title='bbox 963 2763 1087 2826; x_wconf 90' lang='lat' dir='ltr'><strong>tabulas</strong></span> <span class='ocrx_word' id='word_1_115' title='bbox 1103 2764 1255 2844; x_wconf 88' lang='lat' dir='ltr'><strong>publicas.</strong></span> <span class='ocrx_word' id='word_1_116' title='bbox 1278 2764 1313 2828; x_wconf 94' lang='lat' dir='ltr'><strong>ld</strong></span> <span class='ocrx_word' id='word_1_117' title='bbox 1328 2785 1457 2849; x_wconf 93' lang='lat' dir='ltr'><strong>quoque</strong></span> <span class='ocrx_word' id='word_1_118' title='bbox 1475 2766 1507 2827; x_wconf 88' lang='lat' dir='ltr'><strong>L.</strong></span> <span class='ocrx_word' id='word_1_119' title='bbox 1522 2764 1641 2827; x_wconf 78' lang='lat' dir='ltr'><strong>ntenus</strong></span> <span class='ocrx_word' id='word_1_120' title='bbox 1655 2762 1779 2839; x_wconf 66' lang='lat' dir='ltr'><strong>fecitte</strong></span> 
     </span>
     <span class='ocr_line' id='line_1_17' title="bbox 408 2854 1743 2939; baseline -0.003 -16"><span class='ocrx_word' id='word_1_121' title='bbox 408 2879 480 2923; x_wconf 90' lang='lat' dir='ltr'><strong>oum</strong></span> <span class='ocrx_word' id='word_1_122' title='bbox 503 2854 745 2938; x_wconf 79' lang='lat' dir='ltr'><strong>chirographum</strong></span> <span class='ocrx_word' id='word_1_123' title='bbox 768 2875 825 2918; x_wconf 87' lang='lat' dir='ltr'><strong>sex</strong></span> <span class='ocrx_word' id='word_1_124' title='bbox 839 2855 1012 2939; x_wconf 91' lang='lat' dir='ltr'><strong>primorum</strong></span> <span class='ocrx_word' id='word_1_125' title='bbox 1034 2857 1174 2919; x_wconf 91' lang='lat' dir='ltr'><strong>imitatus</strong></span> <span class='ocrx_word' id='word_1_126' title='bbox 1196 2866 1254 2920; x_wconf 74' lang='lat' dir='ltr'><strong>est</strong></span> <span class='ocrx_word' id='word_1_127' title='bbox 1288 2858 1374 2933; x_wconf 88' lang='lat' dir='ltr'><strong>Quid</strong></span> <span class='ocrx_word' id='word_1_128' title='bbox 1397 2858 1457 2922; x_wconf 92' lang='lat' dir='ltr'><strong>boc</strong></span> <span class='ocrx_word' id='word_1_129' title='bbox 1479 2857 1608 2923; x_wconf 90' lang='lat' dir='ltr'><strong>bomine</strong></span> <span class='ocrx_word' id='word_1_130' title='bbox 1630 2857 1743 2922; x_wconf 87' lang='lat' dir='ltr'><strong>soller-</strong></span> 
     </span>
     <span class='ocr_line' id='line_1_18' title="bbox 407 2949 1743 3033; baseline -0.002 -17"><span class='ocrx_word' id='word_1_131' title='bbox 407 2954 497 3017; x_wconf 82' lang='lat' dir='ltr'><strong>tiusi</strong></span> <span class='ocrx_word' id='word_1_132' title='bbox 527 2949 690 3032; x_wconf 74' lang='lat' dir='ltr'><strong>Cognosce</strong></span> <span class='ocrx_word' id='word_1_133' title='bbox 715 2949 796 3011; x_wconf 90' lang='lat' dir='ltr'><strong>alias</strong></span> <span class='ocrx_word' id='word_1_134' title='bbox 819 2950 1040 3032; x_wconf 80' lang='lat' dir='ltr'><strong>quaestiones,</strong></span> <span class='ocrx_word' id='word_1_135' title='bbox 1070 2951 1139 3013; x_wconf 90' lang='lat' dir='ltr'><strong>auri</strong></span> <span class='ocrx_word' id='word_1_136' title='bbox 1162 2951 1346 3027; x_wconf 81' lang='lat' dir='ltr'><strong>Tolossani,</strong></span> <span class='ocrx_word' id='word_1_137' title='bbox 1375 2953 1603 3016; x_wconf 86' lang='lat' dir='ltr'><strong>coniurationis</strong></span> <span class='ocrx_word' id='word_1_138' title='bbox 1631 2953 1743 3033; x_wconf 75' lang='lat' dir='ltr'><strong>lugur-</strong></span> 
     </span>
     <span class='ocr_line' id='line_1_19' title="bbox 407 3043 1742 3129; baseline -0.002 -19"><span class='ocrx_word' id='word_1_139' title='bbox 407 3047 527 3117; x_wconf 87' lang='lat' dir='ltr'><strong>tbinue.</strong></span> <span class='ocrx_word' id='word_1_140' title='bbox 560 3045 681 3126; x_wconf 86' lang='lat' dir='ltr'><strong>Repete</strong></span> <span class='ocrx_word' id='word_1_141' title='bbox 703 3044 884 3126; x_wconf 86' lang='lat' dir='ltr'><strong>superiora,</strong></span> <span class='ocrx_word' id='word_1_142' title='bbox 906 3044 1022 3106; x_wconf 82' lang='lat' dir='ltr'><strong>Tubuli</strong></span> <span class='ocrx_word' id='word_1_143' title='bbox 1046 3043 1086 3107; x_wconf 92' lang='lat' dir='ltr'><strong>de</strong></span> <span class='ocrx_word' id='word_1_144' title='bbox 1110 3045 1243 3126; x_wconf 89' lang='lat' dir='ltr'><strong>pecunia</strong></span> <span class='ocrx_word' id='word_1_145' title='bbox 1264 3056 1356 3129; x_wconf 89' lang='lat' dir='ltr'><strong>capta</strong></span> <span class='ocrx_word' id='word_1_146' title='bbox 1378 3049 1419 3110; x_wconf 95' lang='lat' dir='ltr'><strong>ob</strong></span> <span class='ocrx_word' id='word_1_147' title='bbox 1442 3068 1509 3111; x_wconf 92' lang='lat' dir='ltr'><strong>rem</strong></span> <span class='ocrx_word' id='word_1_148' title='bbox 1531 3046 1742 3121; x_wconf 84' lang='lat' dir='ltr'><strong>iudicandam,</strong></span> 
     </span>
     <span class='ocr_line' id='line_1_20' title="bbox 407 3138 1742 3231; baseline -0.005 -23"><span class='ocrx_word' id='word_1_149' title='bbox 407 3143 600 3231; x_wconf 85' lang='lat' dir='ltr'><strong>posteriora,</strong></span> <span class='ocrx_word' id='word_1_150' title='bbox 630 3139 670 3200; x_wconf 93' lang='lat' dir='ltr'><strong>de</strong></span> <span class='ocrx_word' id='word_1_151' title='bbox 700 3139 824 3202; x_wconf 90' lang='lat' dir='ltr'><strong>incestu</strong></span> <span class='ocrx_word' id='word_1_152' title='bbox 854 3140 1017 3221; x_wconf 77' lang='lat' dir='ltr'><strong>rogatione</strong></span> <span class='ocrx_word' id='word_1_153' title='bbox 1049 3138 1226 3213; x_wconf 79' lang='lat' dir='ltr'><strong>Peducaeo,</strong></span> <span class='ocrx_word' id='word_1_154' title='bbox 1256 3149 1322 3203; x_wconf 88' lang='lat' dir='ltr'><strong>tum</strong></span> <span class='ocrx_word' id='word_1_155' title='bbox 1344 3139 1423 3205; x_wconf 89' lang='lat' dir='ltr'><strong>baec</strong></span> <span class='ocrx_word' id='word_1_156' title='bbox 1445 3140 1621 3213; x_wconf 90' lang='lat' dir='ltr'><strong>cotidiana,</strong></span> <span class='ocrx_word' id='word_1_157' title='bbox 1648 3140 1742 3213; x_wconf 89' lang='lat' dir='ltr'><strong>sicae,</strong></span> 
     </span>
     <span class='ocr_line' id='line_1_21' title="bbox 407 3231 1780 3319; baseline -0.005 -17"><span class='ocrx_word' id='word_1_158' title='bbox 407 3236 539 3309; x_wconf 85' lang='lat' dir='ltr'><strong>veneni,</strong></span> <span class='ocrx_word' id='word_1_159' title='bbox 561 3234 740 3317; x_wconf 87' lang='lat' dir='ltr'><strong>peculatus,</strong></span> <span class='ocrx_word' id='word_1_160' title='bbox 764 3241 1022 3296; x_wconf 87' lang='lat' dir='ltr'><strong>testamentorum</strong></span> <span class='ocrx_word' id='word_1_161' title='bbox 1047 3233 1142 3296; x_wconf 91' lang='lat' dir='ltr'><strong>etiam</strong></span> <span class='ocrx_word' id='word_1_162' title='bbox 1166 3232 1234 3315; x_wconf 77' lang='lat' dir='ltr'><strong>lege</strong></span> <span class='ocrx_word' id='word_1_163' title='bbox 1250 3253 1332 3296; x_wconf 85' lang='lat' dir='ltr'><strong>nova</strong></span> <span class='ocrx_word' id='word_1_164' title='bbox 1349 3236 1562 3319; x_wconf 87' lang='lat' dir='ltr'><strong>quaestiones.</strong></span> <span class='ocrx_word' id='word_1_165' title='bbox 1596 3232 1674 3296; x_wconf 90' lang='lat' dir='ltr'><strong>lude</strong></span> <span class='ocrx_word' id='word_1_166' title='bbox 1688 3231 1780 3295; x_wconf 85' lang='lat' dir='ltr'><strong>ittest</strong></span> 
     </span>
     <span class='ocr_line' id='line_1_22' title="bbox 408 3323 1743 3406; baseline -0.006 -10"><span class='ocrx_word' id='word_1_167' title='bbox 408 3332 506 3406; x_wconf 90' lang='lat' dir='ltr'><strong>actio,</strong></span> <span class='ocrx_word' id='word_1_168' title='bbox 529 3347 589 3392; x_wconf 86' lang='lat' dir='ltr'><strong>ors</strong></span> <span class='ocrx_word' id='word_1_169' title='bbox 612 3345 821 3401; x_wconf 75' lang='lat' dir='ltr'><strong>cousinianus</strong></span> <span class='ocrx_word' id='word_1_170' title='bbox 844 3346 904 3390; x_wconf 93' lang='lat' dir='ltr'><strong>ruo</strong></span> <span class='ocrx_word' id='word_1_171' title='bbox 928 3347 1052 3390; x_wconf 76' lang='lat' dir='ltr'><strong>roaros</strong></span> <span class='ocrx_word' id='word_1_172' title='bbox 1074 3346 1128 3390; x_wconf 80' lang='lat' dir='ltr'><strong>aro</strong></span> <span class='ocrx_word' id='word_1_173' title='bbox 1151 3346 1276 3390; x_wconf 83' lang='lat' dir='ltr'><strong>rncrosr</strong></span> <span class='ocrx_word' id='word_1_174' title='bbox 1298 3348 1390 3404; x_wconf 86' lang='lat' dir='ltr'><strong>sess,</strong></span> <span class='ocrx_word' id='word_1_175' title='bbox 1412 3328 1487 3392; x_wconf 90' lang='lat' dir='ltr'><strong>inde</strong></span> <span class='ocrx_word' id='word_1_176' title='bbox 1505 3336 1554 3391; x_wconf 92' lang='lat' dir='ltr'><strong>tot</strong></span> <span class='ocrx_word' id='word_1_177' title='bbox 1569 3325 1687 3391; x_wconf 85' lang='lat' dir='ltr'><strong>iudicia</strong></span> <span class='ocrx_word' id='word_1_178' title='bbox 1702 3323 1743 3388; x_wconf 93' lang='lat' dir='ltr'><strong>de</strong></span> 
     </span>
     <span class='ocr_line' id='line_1_23' title="bbox 408 3418 1742 3507; baseline -0.004 -18"><span class='ocrx_word' id='word_1_179' title='bbox 408 3424 470 3489; x_wconf 87' lang='lat' dir='ltr'><strong>lide</strong></span> <span class='ocrx_word' id='word_1_180' title='bbox 486 3421 585 3495; x_wconf 88' lang='lat' dir='ltr'><strong>mela,</strong></span> <span class='ocrx_word' id='word_1_181' title='bbox 607 3422 738 3495; x_wconf 88' lang='lat' dir='ltr'><strong>tutelae,</strong></span> <span class='ocrx_word' id='word_1_182' title='bbox 762 3419 918 3495; x_wconf 88' lang='lat' dir='ltr'><strong>mandati,</strong></span> <span class='ocrx_word' id='word_1_183' title='bbox 941 3441 998 3502; x_wconf 92' lang='lat' dir='ltr'><strong>pro</strong></span> <span class='ocrx_word' id='word_1_184' title='bbox 1019 3420 1121 3495; x_wconf 90' lang='lat' dir='ltr'><strong>socio,</strong></span> <span class='ocrx_word' id='word_1_185' title='bbox 1143 3418 1297 3496; x_wconf 84' lang='lat' dir='ltr'><strong>fiduciae,</strong></span> <span class='ocrx_word' id='word_1_186' title='bbox 1319 3424 1458 3506; x_wconf 87' lang='lat' dir='ltr'><strong>reliqua,</strong></span> <span class='ocrx_word' id='word_1_187' title='bbox 1481 3441 1563 3507; x_wconf 90' lang='lat' dir='ltr'><strong>quae</strong></span> <span class='ocrx_word' id='word_1_188' title='bbox 1579 3438 1621 3485; x_wconf 83' lang='lat' dir='ltr'><strong>ex</strong></span> <span class='ocrx_word' id='word_1_189' title='bbox 1636 3426 1742 3501; x_wconf 89' lang='lat' dir='ltr'><strong>empto</strong></span> 
     </span>
     <span class='ocr_line' id='line_1_24' title="bbox 408 3512 1743 3590; baseline -0.006 -7"><span class='ocrx_word' id='word_1_190' title='bbox 408 3527 463 3584; x_wconf 90' lang='lat' dir='ltr'><strong>aut</strong></span> <span class='ocrx_word' id='word_1_191' title='bbox 484 3517 615 3582; x_wconf 74' lang='lat' dir='ltr'><strong>vendito</strong></span> <span class='ocrx_word' id='word_1_192' title='bbox 645 3522 700 3578; x_wconf 91' lang='lat' dir='ltr'><strong>ant</strong></span> <span class='ocrx_word' id='word_1_193' title='bbox 726 3515 883 3577; x_wconf 88' lang='lat' dir='ltr'><strong>conducto</strong></span> <span class='ocrx_word' id='word_1_194' title='bbox 910 3522 963 3578; x_wconf 91' lang='lat' dir='ltr'><strong>aut</strong></span> <span class='ocrx_word' id='word_1_195' title='bbox 992 3515 1097 3578; x_wconf 88' lang='lat' dir='ltr'><strong>locato</strong></span> <span class='ocrx_word' id='word_1_196' title='bbox 1125 3522 1234 3578; x_wconf 90' lang='lat' dir='ltr'><strong>contra</strong></span> <span class='ocrx_word' id='word_1_197' title='bbox 1257 3512 1349 3580; x_wconf 84' lang='lat' dir='ltr'><strong>fidem</strong></span> <span class='ocrx_word' id='word_1_198' title='bbox 1372 3514 1466 3590; x_wconf 84' lang='lat' dir='ltr'><strong>liunt,</strong></span> <span class='ocrx_word' id='word_1_199' title='bbox 1492 3514 1566 3580; x_wconf 93' lang='lat' dir='ltr'><strong>inde</strong></span> <span class='ocrx_word' id='word_1_200' title='bbox 1588 3513 1743 3577; x_wconf 89' lang='lat' dir='ltr'><strong>indicium</strong></span> 
     </span>
     <span class='ocr_line' id='line_1_25' title="bbox 408 3607 1742 3700; baseline -0.007 -23"><span class='ocrx_word' id='word_1_201' title='bbox 408 3613 569 3700; x_wconf 90' lang='lat' dir='ltr'><strong>publicum</strong></span> <span class='ocrx_word' id='word_1_202' title='bbox 584 3608 630 3673; x_wconf 92' lang='lat' dir='ltr'><strong>rei</strong></span> <span class='ocrx_word' id='word_1_203' title='bbox 646 3609 787 3692; x_wconf 87' lang='lat' dir='ltr'><strong>privatae</strong></span> <span class='ocrx_word' id='word_1_204' title='bbox 803 3608 872 3690; x_wconf 80' lang='lat' dir='ltr'><strong>lege</strong></span> <span class='ocrx_word' id='word_1_205' title='bbox 887 3609 1055 3684; x_wconf 83' lang='lat' dir='ltr'><strong>Plaetoria,</strong></span> <span class='ocrx_word' id='word_1_206' title='bbox 1069 3608 1145 3671; x_wconf 86' lang='lat' dir='ltr'><strong>inda</strong></span> <span class='ocrx_word' id='word_1_207' title='bbox 1160 3610 1369 3674; x_wconf 86' lang='lat' dir='ltr'><strong>everriculum</strong></span> <span class='ocrx_word' id='word_1_208' title='bbox 1385 3611 1575 3675; x_wconf 90' lang='lat' dir='ltr'><strong>malitiarum</strong></span> <span class='ocrx_word' id='word_1_209' title='bbox 1591 3607 1742 3681; x_wconf 92' lang='lat' dir='ltr'><strong>omnium,</strong></span> 
     </span>
     <span class='ocr_line' id='line_1_26' title="bbox 408 3702 1780 3787; baseline -0.004 -14"><span class='ocrx_word' id='word_1_210' title='bbox 408 3709 560 3774; x_wconf 88' lang='lat' dir='ltr'><strong>iudicium</strong></span> <span class='ocrx_word' id='word_1_211' title='bbox 590 3706 630 3767; x_wconf 92' lang='lat' dir='ltr'><strong>de</strong></span> <span class='ocrx_word' id='word_1_212' title='bbox 658 3703 732 3766; x_wconf 94' lang='lat' dir='ltr'><strong>dolo</strong></span> <span class='ocrx_word' id='word_1_213' title='bbox 761 3704 860 3776; x_wconf 91' lang='lat' dir='ltr'><strong>malo,</strong></span> <span class='ocrx_word' id='word_1_214' title='bbox 889 3703 975 3786; x_wconf 93' lang='lat' dir='ltr'><strong>quod</strong></span> <span class='ocrx_word' id='word_1_215' title='bbox 1004 3702 1037 3766; x_wconf 86' lang='lat' dir='ltr'><strong>C.</strong></span> <span class='ocrx_word' id='word_1_216' title='bbox 1060 3703 1235 3787; x_wconf 82' lang='lat' dir='ltr'><strong>Aquillius,</strong></span> <span class='ocrx_word' id='word_1_217' title='bbox 1264 3704 1429 3769; x_wconf 86' lang='lat' dir='ltr'><strong>familiaris</strong></span> <span class='ocrx_word' id='word_1_218' title='bbox 1450 3714 1571 3779; x_wconf 88' lang='lat' dir='ltr'><strong>noster,</strong></span> <span class='ocrx_word' id='word_1_219' title='bbox 1601 3702 1780 3785; x_wconf 65' lang='lat' dir='ltr'><strong>protulitss</strong></span> 
     </span>
     <span class='ocr_line' id='line_1_27' title="bbox 410 3796 1742 3887; baseline -0.003 -24"><span class='ocrx_word' id='word_1_220' title='bbox 410 3821 504 3887; x_wconf 90' lang='lat' dir='ltr'><strong>quem</strong></span> <span class='ocrx_word' id='word_1_221' title='bbox 528 3799 638 3861; x_wconf 93' lang='lat' dir='ltr'><strong>dolum</strong></span> <span class='ocrx_word' id='word_1_222' title='bbox 660 3798 744 3861; x_wconf 89' lang='lat' dir='ltr'><strong>idem</strong></span> <span class='ocrx_word' id='word_1_223' title='bbox 760 3797 920 3881; x_wconf 81' lang='lat' dir='ltr'><strong>Aquillius</strong></span> <span class='ocrx_word' id='word_1_224' title='bbox 943 3805 1010 3861; x_wconf 92' lang='lat' dir='ltr'><strong>tum</strong></span> <span class='ocrx_word' id='word_1_225' title='bbox 1033 3800 1133 3861; x_wconf 88' lang='lat' dir='ltr'><strong>teneri</strong></span> <span class='ocrx_word' id='word_1_226' title='bbox 1155 3805 1260 3881; x_wconf 88' lang='lat' dir='ltr'><strong>putat,</strong></span> <span class='ocrx_word' id='word_1_227' title='bbox 1284 3817 1355 3863; x_wconf 91' lang='lat' dir='ltr'><strong>cum</strong></span> <span class='ocrx_word' id='word_1_228' title='bbox 1377 3799 1464 3864; x_wconf 92' lang='lat' dir='ltr'><strong>aliud</strong></span> <span class='ocrx_word' id='word_1_229' title='bbox 1488 3800 1530 3862; x_wconf 91' lang='lat' dir='ltr'><strong>sit</strong></span> <span class='ocrx_word' id='word_1_230' title='bbox 1550 3796 1742 3873; x_wconf 88' lang='lat' dir='ltr'><strong>simulatum,</strong></span> 
     </span>
     <span class='ocr_line' id='line_1_28' title="bbox 409 3890 1743 3973; baseline -0.005 -13"><span class='ocrx_word' id='word_1_231' title='bbox 409 3895 496 3962; x_wconf 88' lang='lat' dir='ltr'><strong>aliud</strong></span> <span class='ocrx_word' id='word_1_232' title='bbox 520 3901 634 3955; x_wconf 90' lang='lat' dir='ltr'><strong>actum.</strong></span> <span class='ocrx_word' id='word_1_233' title='bbox 671 3890 722 3954; x_wconf 82' lang='lat'><strong>75.</strong></span> <span class='ocrx_word' id='word_1_234' title='bbox 745 3892 835 3954; x_wconf 84' lang='lat' dir='ltr'><strong>Hanc</strong></span> <span class='ocrx_word' id='word_1_235' title='bbox 858 3893 953 3973; x_wconf 74' lang='lat' dir='ltr'><strong>igitur</strong></span> <span class='ocrx_word' id='word_1_236' title='bbox 973 3900 1090 3955; x_wconf 83' lang='lat' dir='ltr'><strong>tantem</strong></span> <span class='ocrx_word' id='word_1_237' title='bbox 1113 3912 1131 3955; x_wconf 93' lang='lat' dir='ltr'><strong>a</strong></span> <span class='ocrx_word' id='word_1_238' title='bbox 1153 3891 1202 3955; x_wconf 91' lang='lat' dir='ltr'><strong>dis</strong></span> <span class='ocrx_word' id='word_1_239' title='bbox 1223 3891 1444 3957; x_wconf 90' lang='lat' dir='ltr'><strong>inmortalibus</strong></span> <span class='ocrx_word' id='word_1_240' title='bbox 1466 3894 1656 3957; x_wconf 87' lang='lat' dir='ltr'><strong>arbitremur</strong></span> <span class='ocrx_word' id='word_1_241' title='bbox 1677 3908 1743 3954; x_wconf 88' lang='lat' dir='ltr'><strong>ma·</strong></span> 
     </span>
     <span class='ocr_line' id='line_1_29' title="bbox 409 3986 1742 4059; baseline -0.005 -6"><span class='ocrx_word' id='word_1_242' title='bbox 409 3990 513 4053; x_wconf 91' lang='lat' dir='ltr'><strong>iorum</strong></span> <span class='ocrx_word' id='word_1_243' title='bbox 536 3986 703 4049; x_wconf 89' lang='lat' dir='ltr'><strong>sementim</strong></span> <span class='ocrx_word' id='word_1_244' title='bbox 725 4006 796 4049; x_wconf 90' lang='lat' dir='ltr'><strong>esse</strong></span> <span class='ocrx_word' id='word_1_245' title='bbox 819 3986 959 4049; x_wconf 80' lang='lat' dir='ltr'><strong>factumi</strong></span> <span class='ocrx_word' id='word_1_246' title='bbox 982 3986 1015 4048; x_wconf 92' lang='lat' dir='ltr'><strong>Si</strong></span> <span class='ocrx_word' id='word_1_247' title='bbox 1038 3986 1122 4049; x_wconf 89' lang='lat' dir='ltr'><strong>enim</strong></span> <span class='ocrx_word' id='word_1_248' title='bbox 1144 3986 1299 4050; x_wconf 88' lang='lat' dir='ltr'><strong>rationem</strong></span> <span class='ocrx_word' id='word_1_249' title='bbox 1324 3987 1505 4052; x_wconf 91' lang='lat' dir='ltr'><strong>bominibus</strong></span> <span class='ocrx_word' id='word_1_250' title='bbox 1528 3986 1560 4049; x_wconf 93' lang='lat' dir='ltr'><strong>di</strong></span> <span class='ocrx_word' id='word_1_251' title='bbox 1576 3986 1742 4059; x_wconf 85' lang='lat' dir='ltr'><strong>dederunt,</strong></span> 
     </span>
     <span class='ocr_line' id='line_1_30' title="bbox 409 4077 1742 4147; baseline -0.004 0"><span class='ocrx_word' id='word_1_252' title='bbox 409 4083 560 4147; x_wconf 89' lang='lat' dir='ltr'><strong>malitiam</strong></span> <span class='ocrx_word' id='word_1_253' title='bbox 584 4078 760 4143; x_wconf 90' lang='lat' dir='ltr'><strong>dederunt:</strong></span> <span class='ocrx_word' id='word_1_254' title='bbox 784 4088 831 4144; x_wconf 89' lang='lat' dir='ltr'><strong>est</strong></span> <span class='ocrx_word' id='word_1_255' title='bbox 847 4082 931 4143; x_wconf 91' lang='lat' dir='ltr'><strong>enim</strong></span> <span class='ocrx_word' id='word_1_256' title='bbox 947 4080 1066 4142; x_wconf 89' lang='lat' dir='ltr'><strong>malitia</strong></span> <span class='ocrx_word' id='word_1_257' title='bbox 1082 4088 1208 4143; x_wconf 84' lang='lat' dir='ltr'><strong>versuta</strong></span> <span class='ocrx_word' id='word_1_258' title='bbox 1224 4088 1256 4142; x_wconf 89' lang='lat' dir='ltr'><strong>et</strong></span> <span class='ocrx_word' id='word_1_259' title='bbox 1270 4078 1367 4143; x_wconf 85' lang='lat' dir='ltr'><strong>fallax</strong></span> <span class='ocrx_word' id='word_1_260' title='bbox 1383 4081 1463 4143; x_wconf 89' lang='lat' dir='ltr'><strong>ratio</strong></span> <span class='ocrx_word' id='word_1_261' title='bbox 1478 4080 1636 4145; x_wconf 86' lang='lat' dir='ltr'><strong>nocendis</strong></span> <span class='ocrx_word' id='word_1_262' title='bbox 1657 4077 1742 4143; x_wconf 87' lang='lat' dir='ltr'><strong>idern</strong></span> 
     </span>
     <span class='ocr_line' id='line_1_31' title="bbox 410 4172 1780 4259; baseline -0.005 -17"><span class='ocrx_word' id='word_1_263' title='bbox 410 4178 504 4243; x_wconf 86' lang='lat' dir='ltr'><strong>etiam</strong></span> <span class='ocrx_word' id='word_1_264' title='bbox 529 4175 560 4237; x_wconf 88' lang='lat' dir='ltr'><strong>di</strong></span> <span class='ocrx_word' id='word_1_265' title='bbox 583 4174 726 4238; x_wconf 88' lang='lat' dir='ltr'><strong>fraudem</strong></span> <span class='ocrx_word' id='word_1_266' title='bbox 749 4175 922 4248; x_wconf 89' lang='lat' dir='ltr'><strong>dederunt,</strong></span> <span class='ocrx_word' id='word_1_267' title='bbox 946 4172 1066 4237; x_wconf 86' lang='lat' dir='ltr'><strong>lacinus</strong></span> <span class='ocrx_word' id='word_1_268' title='bbox 1089 4182 1274 4258; x_wconf 88' lang='lat' dir='ltr'><strong>ceteraque,</strong></span> <span class='ocrx_word' id='word_1_269' title='bbox 1297 4195 1432 4259; x_wconf 89' lang='lat' dir='ltr'><strong>quorum</strong></span> <span class='ocrx_word' id='word_1_270' title='bbox 1454 4175 1535 4239; x_wconf 91' lang='lat' dir='ltr'><strong>nibil</strong></span> <span class='ocrx_word' id='word_1_271' title='bbox 1549 4195 1609 4239; x_wconf 90' lang='lat' dir='ltr'><strong>nea</strong></span> <span class='ocrx_word' id='word_1_272' title='bbox 1625 4172 1780 4257; x_wconf 81' lang='lat' dir='ltr'><strong>suscipito</strong></span> 
     </span>
     <span class='ocr_line' id='line_1_32' title="bbox 409 4268 1627 4353; baseline -0.002 -18"><span class='ocrx_word' id='word_1_273' title='bbox 409 4272 479 4335; x_wconf 89' lang='lat' dir='ltr'><strong>sinc</strong></span> <span class='ocrx_word' id='word_1_274' title='bbox 500 4270 623 4333; x_wconf 88' lang='lat' dir='ltr'><strong>ratione</strong></span> <span class='ocrx_word' id='word_1_275' title='bbox 647 4289 705 4332; x_wconf 92' lang='lat' dir='ltr'><strong>neo</strong></span> <span class='ocrx_word' id='word_1_276' title='bbox 727 4269 810 4332; x_wconf 85' lang='lat' dir='ltr'><strong>ellici</strong></span> <span class='ocrx_word' id='word_1_277' title='bbox 833 4276 947 4352; x_wconf 88' lang='lat' dir='ltr'><strong>potest.</strong></span> <span class='ocrx_word' id='word_1_278' title='bbox 984 4268 1132 4331; x_wconf 88' lang='lat' dir='ltr'><strong>Utinam</strong></span> <span class='ocrx_word' id='word_1_279' title='bbox 1156 4268 1268 4350; x_wconf 79' lang='lat' dir='ltr'><strong>igitur,</strong></span> <span class='ocrx_word' id='word_1_280' title='bbox 1291 4277 1326 4332; x_wconf 88' lang='lat' dir='ltr'><strong>ut</strong></span> <span class='ocrx_word' id='word_1_281' title='bbox 1346 4269 1402 4333; x_wconf 87' lang='lat' dir='ltr'><strong>illa</strong></span> <span class='ocrx_word' id='word_1_282' title='bbox 1423 4288 1502 4334; x_wconf 92' lang='lat' dir='ltr'><strong>anus</strong></span> <span class='ocrx_word' id='word_1_283' title='bbox 1524 4276 1627 4353; x_wconf 89' lang='lat' dir='ltr'><strong>optat,</strong></span> 
     </span>
     <span class='ocr_line' id='line_1_33' title="bbox 727 4363 1386 4427; baseline 0.002 -1"><span class='ocrx_word' id='word_1_284' title='bbox 727 4384 774 4426; x_wconf 95' lang='lat' dir='ltr'><strong>ne</strong></span> <span class='ocrx_word' id='word_1_285' title='bbox 797 4365 835 4426; x_wconf 90' lang='lat' dir='ltr'><strong>in</strong></span> <span class='ocrx_word' id='word_1_286' title='bbox 858 4382 1014 4427; x_wconf 90' lang='lat' dir='ltr'><strong>nemore</strong></span> <span class='ocrx_word' id='word_1_287' title='bbox 1037 4363 1153 4425; x_wconf 83' lang='lat' dir='ltr'><strong>Pelio</strong></span> <span class='ocrx_word' id='word_1_288' title='bbox 1176 4364 1386 4427; x_wconf 88' lang='lat' dir='ltr'><strong>securibus</strong></span> 
     </span>
     <span class='ocr_line' id='line_1_34' title="bbox 538 4455 1509 4539; baseline -0.004 -16"><span class='ocrx_word' id='word_1_289' title='bbox 538 4459 659 4522; x_wconf 85' lang='lat' dir='ltr'><strong>Caesa</strong></span> <span class='ocrx_word' id='word_1_290' title='bbox 684 4458 906 4523; x_wconf 89' lang='lat' dir='ltr'><strong>accidisset</strong></span> <span class='ocrx_word' id='word_1_291' title='bbox 927 4457 1098 4539; x_wconf 80' lang='lat' dir='ltr'><strong>abiegna</strong></span> <span class='ocrx_word' id='word_1_292' title='bbox 1119 4455 1167 4520; x_wconf 87' lang='lat' dir='ltr'><strong>ad</strong></span> <span class='ocrx_word' id='word_1_293' title='bbox 1190 4463 1336 4521; x_wconf 80' lang='lat' dir='ltr'><strong>terram</strong></span> <span class='ocrx_word' id='word_1_294' title='bbox 1359 4455 1509 4532; x_wconf 88' lang='lat' dir='ltr'><strong>trabes,</strong></span> 
     </span>
    </p>
   </div>
   <div class='ocr_carea' id='block_1_3' title="bbox 407 4787 1743 5985">
    <p class='ocr_par' dir='ltr' id='par_1_9' title="bbox 407 4787 1743 5985">
     <span class='ocr_line' id='line_1_35' title="bbox 475 4787 1743 4857; baseline 0 -12"><span class='ocrx_word' id='word_1_295' title='bbox 475 4795 499 4845; x_wconf 86' lang='grc'><strong>3.</strong></span> <span class='ocrx_word' id='word_1_296' title='bbox 518 4808 591 4857; x_wconf 83' lang='lat' dir='ltr'><strong>quem</strong></span> <span class='ocrx_word' id='word_1_297' title='bbox 609 4793 729 4844; x_wconf 85' lang='lat' dir='ltr'><strong>Ciceroni</strong></span> <span class='ocrx_word' id='word_1_298' title='bbox 747 4791 838 4841; x_wconf 87' lang='lat' dir='ltr'><strong>tribuit</strong></span> <span class='ocrx_word' id='word_1_299' title='bbox 855 4792 875 4839; x_wconf 95' lang='lat'>0</span> <span class='ocrx_word' id='word_1_300' title='bbox 891 4818 916 4827; x_wconf 92' lang='lat'><strong>-·</strong></span> <span class='ocrx_word' id='word_1_301' title='bbox 936 4804 1014 4852; x_wconf 87' lang='lat' dir='ltr'><strong>neoae</strong></span> <span class='ocrx_word' id='word_1_302' title='bbox 1029 4796 1057 4839; x_wconf 87' lang='lat' dir='ltr'><strong>at</strong></span> <span class='ocrx_word' id='word_1_303' title='bbox 1073 4791 1131 4840; x_wconf 84' lang='lat' dir='ltr'><strong>inde</strong></span> <span class='ocrx_word' id='word_1_304' title='bbox 1148 4790 1255 4840; x_wconf 87' lang='lat' dir='ltr'><strong>codices</strong></span> <span class='ocrx_word' id='word_1_305' title='bbox 1273 4787 1372 4854; x_wconf 87' lang='lat' dir='ltr'><strong>aliquot</strong></span> <span class='ocrx_word' id='word_1_306' title='bbox 1389 4792 1485 4841; x_wconf 85' lang='lat' dir='ltr'><strong>Davisii</strong></span> <span class='ocrx_word' id='word_1_307' title='bbox 1498 4795 1525 4842; x_wconf 88' lang='lat' dir='ltr'><strong>et</strong></span> <span class='ocrx_word' id='word_1_308' title='bbox 1537 4792 1646 4843; x_wconf 82' lang='lat' dir='ltr'><strong>itoseri:</strong></span> <span class='ocrx_word' id='word_1_309' title='bbox 1664 4805 1743 4854; x_wconf 74' lang='lat' dir='ltr'><strong>mque</strong></span> 
     </span>
     <span class='ocr_line' id='line_1_36' title="bbox 409 4866 1742 4929; baseline -0.002 -8"><span class='ocrx_word' id='word_1_310' title='bbox 409 4873 474 4921; x_wconf 86' lang='lat' dir='ltr'><strong>unde</strong></span> <span class='ocrx_word' id='word_1_311' title='bbox 495 4871 623 4922; x_wconf 75' lang='lat' dir='ltr'>ACEP:</span> <span class='ocrx_word' id='word_1_312' title='bbox 650 4869 762 4928; x_wconf 86' lang='lat' dir='ltr'><strong>nequid</strong></span> <span class='ocrx_word' id='word_1_313' title='bbox 783 4869 840 4916; x_wconf 88' lang='lat' dir='ltr'><strong>inde</strong></span> <span class='ocrx_word' id='word_1_314' title='bbox 861 4868 897 4921; x_wconf 86' lang='lat' dir='ltr'><strong>li;</strong></span> <span class='ocrx_word' id='word_1_315' title='bbox 921 4880 999 4927; x_wconf 86' lang='lat' dir='ltr'><strong>neque</strong></span> <span class='ocrx_word' id='word_1_316' title='bbox 1021 4866 1169 4929; x_wconf 82' lang='lat' dir='ltr'><strong>(supersor.</strong></span> <span class='ocrx_word' id='word_1_317' title='bbox 1188 4867 1258 4929; x_wconf 69' lang='lat' dir='ltr'><strong>quid)</strong></span> <span class='ocrx_word' id='word_1_318' title='bbox 1283 4866 1349 4915; x_wconf 86' lang='lat' dir='ltr'><strong>tinds</strong></span> <span class='ocrx_word' id='word_1_319' title='bbox 1365 4866 1401 4922; x_wconf 85' lang='lat' dir='ltr'><strong>V;</strong></span> <span class='ocrx_word' id='word_1_320' title='bbox 1425 4880 1506 4927; x_wconf 79' lang='lat' dir='ltr'><strong>neque</strong></span> <span class='ocrx_word' id='word_1_321' title='bbox 1521 4870 1567 4928; x_wconf 81' lang='lat' dir='ltr'><strong>qut</strong></span> <span class='ocrx_word' id='word_1_322' title='bbox 1581 4868 1638 4916; x_wconf 87' lang='lat' dir='ltr'><strong>inde</strong></span> <span class='ocrx_word' id='word_1_323' title='bbox 1660 4868 1742 4920; x_wconf 79' lang='lat' dir='ltr'><strong>blein·</strong></span> 
     </span>
     <span class='ocr_line' id='line_1_37' title="bbox 410 4941 1739 5006; baseline -0.002 -9"><span class='ocrx_word' id='word_1_324' title='bbox 410 4947 484 5003; x_wconf 86' lang='lat' dir='ltr'><strong>dorl;</strong></span> <span class='ocrx_word' id='word_1_325' title='bbox 504 4959 583 5005; x_wconf 83' lang='lat' dir='ltr'><strong>neque</strong></span> <span class='ocrx_word' id='word_1_326' title='bbox 599 4946 733 5005; x_wconf 86' lang='lat' dir='ltr'><strong>quidinde</strong></span> <span class='ocrx_word' id='word_1_327' title='bbox 751 4945 770 4994; x_wconf 94' lang='lat'>0</span> <span class='ocrx_word' id='word_1_328' title='bbox 791 4970 816 4979; x_wconf 94' lang='lat'><em>-</em></span> <span class='ocrx_word' id='word_1_329' title='bbox 837 4942 860 4992; x_wconf 86' lang='lat' dir='ltr'><strong>l.</strong></span> <span class='ocrx_word' id='word_1_330' title='bbox 879 4943 1061 4991; x_wconf 69' lang='lat' dir='ltr'><strong>commotior?</strong></span> <span class='ocrx_word' id='word_1_331' title='bbox 1085 4969 1112 4978; x_wconf 92' lang='lat'>-</span> <span class='ocrx_word' id='word_1_332' title='bbox 1138 4941 1162 4997; x_wconf 84' lang='grc'><strong>6.</strong></span> <span class='ocrx_word' id='word_1_333' title='bbox 1178 4943 1345 5006; x_wconf 78' lang='lat' dir='ltr'><strong>praestrinxit</strong></span> <span class='ocrx_word' id='word_1_334' title='bbox 1361 4943 1487 4993; x_wconf 79' lang='lat' dir='ltr'>ARCE:</span> <span class='ocrx_word' id='word_1_335' title='bbox 1504 4943 1658 5006; x_wconf 77' lang='lat' dir='ltr'><strong>praestinxit</strong></span> <span class='ocrx_word' id='word_1_336' title='bbox 1674 4943 1694 4994; x_wconf 91' lang='lat'>0</span> <span class='ocrx_word' id='word_1_337' title='bbox 1712 4972 1739 4983; x_wconf 91' lang='lat'><em>-</em></span> 
     </span>
     <span class='ocr_line' id='line_1_38' title="bbox 409 5015 1743 5084; baseline -0.001 -13"><span class='ocrx_word' id='word_1_338' title='bbox 409 5019 703 5084; x_wconf 53' lang='lat' dir='ltr'><strong>retroscriptarum</strong></span> <span class='ocrx_word' id='word_1_339' title='bbox 722 5045 748 5055; x_wconf 94' lang='lat'><em>-</em></span> <span class='ocrx_word' id='word_1_340' title='bbox 775 5019 815 5068; x_wconf 87' lang='grc'><strong>40.</strong></span> <span class='ocrx_word' id='word_1_341' title='bbox 834 5018 910 5067; x_wconf 88' lang='lat' dir='ltr'><strong>caedo</strong></span> <span class='ocrx_word' id='word_1_342' title='bbox 930 5018 981 5067; x_wconf 74' lang='lat' dir='ltr'><strong>tv</strong></span> <span class='ocrx_word' id='word_1_343' title='bbox 1001 5043 1027 5052; x_wconf 96' lang='lat'>-</span> <span class='ocrx_word' id='word_1_344' title='bbox 1045 5017 1106 5066; x_wconf 88' lang='lat' dir='ltr'><strong>mibi</strong></span> <span class='ocrx_word' id='word_1_345' title='bbox 1123 5018 1149 5066; x_wconf 88' lang='lat' dir='ltr'><strong>in</strong></span> <span class='ocrx_word' id='word_1_346' title='bbox 1166 5015 1305 5067; x_wconf 74' lang='lat' dir='ltr'>ABEPV</span> <span class='ocrx_word' id='word_1_347' title='bbox 1325 5043 1351 5053; x_wconf 91' lang='lat'><em>-</em></span> <span class='ocrx_word' id='word_1_348' title='bbox 1376 5017 1417 5066; x_wconf 79' lang='lat' dir='ltr'><strong>li.</strong></span> <span class='ocrx_word' id='word_1_349' title='bbox 1434 5018 1519 5079; x_wconf 71' lang='lat' dir='ltr'><strong>{amm</strong></span> <span class='ocrx_word' id='word_1_350' title='bbox 1536 5031 1589 5069; x_wconf 86' lang='lat' dir='ltr'><strong>om.</strong></span> <span class='ocrx_word' id='word_1_351' title='bbox 1608 5016 1639 5069; x_wconf 84' lang='lat' dir='ltr'><strong>tt¹</strong></span> <span class='ocrx_word' id='word_1_352' title='bbox 1655 5043 1690 5057; x_wconf 93' lang='lat'>-</span> <span class='ocrx_word' id='word_1_353' title='bbox 1708 5021 1743 5071; x_wconf 84' lang='lat' dir='ltr'><strong>its</strong></span> 
     </span>
     <span class='ocr_line' id='line_1_39' title="bbox 407 5090 1742 5159; baseline -0.001 -14"><span class='ocrx_word' id='word_1_354' title='bbox 407 5110 515 5159; x_wconf 78' lang='lat' dir='ltr'><strong>praemr</strong></span> <span class='ocrx_word' id='word_1_355' title='bbox 532 5096 599 5150; x_wconf 78' lang='lat' dir='ltr'><strong>AC;</strong></span> <span class='ocrx_word' id='word_1_356' title='bbox 618 5098 651 5145; x_wconf 90' lang='lat' dir='ltr'><strong>ite</strong></span> <span class='ocrx_word' id='word_1_357' title='bbox 665 5108 756 5157; x_wconf 85' lang='lat' dir='ltr'><strong>precor</strong></span> <span class='ocrx_word' id='word_1_358' title='bbox 772 5095 861 5150; x_wconf 83' lang='lat' dir='ltr'><strong>BPV;</strong></span> <span class='ocrx_word' id='word_1_359' title='bbox 879 5094 916 5143; x_wconf 89' lang='lat' dir='ltr'><strong>ita</strong></span> <span class='ocrx_word' id='word_1_360' title='bbox 930 5093 1052 5155; x_wconf 81' lang='lat' dir='ltr'><strong>precarii</strong></span> <span class='ocrx_word' id='word_1_361' title='bbox 1072 5118 1098 5127; x_wconf 97' lang='lat'><em>-</em></span> <span class='ocrx_word' id='word_1_362' title='bbox 1124 5090 1164 5142; x_wconf 84' lang='lat' dir='ltr'><strong>tt.</strong></span> <span class='ocrx_word' id='word_1_363' title='bbox 1183 5098 1251 5143; x_wconf 87' lang='lat' dir='ltr'><strong>atse</strong></span> <span class='ocrx_word' id='word_1_364' title='bbox 1268 5094 1357 5143; x_wconf 78' lang='lat' dir='ltr'><strong>sce:</strong></span> <span class='ocrx_word' id='word_1_365' title='bbox 1376 5094 1452 5145; x_wconf 90' lang='lat' dir='ltr'><strong>adse</strong></span> <span class='ocrx_word' id='word_1_366' title='bbox 1468 5093 1558 5155; x_wconf 55' lang='lat' dir='ltr'><strong>saw</strong></span> <span class='ocrx_word' id='word_1_367' title='bbox 1576 5095 1644 5145; x_wconf 85' lang='lat' dir='ltr'><strong>idse</strong></span> <span class='ocrx_word' id='word_1_368' title='bbox 1661 5095 1742 5146; x_wconf 80' lang='lat' dir='ltr'><strong>Daui-</strong></span> 
     </span>
     <span class='ocr_line' id='line_1_40' title="bbox 409 5167 1742 5234; baseline -0.002 -13"><span class='ocrx_word' id='word_1_369' title='bbox 409 5173 478 5227; x_wconf 81' lang='lat' dir='ltr'><strong>sius3</strong></span> <span class='ocrx_word' id='word_1_370' title='bbox 497 5176 526 5220; x_wconf 89' lang='lat' dir='ltr'><strong>at</strong></span> <span class='ocrx_word' id='word_1_371' title='bbox 542 5171 568 5219; x_wconf 90' lang='lat' dir='ltr'><strong>id</strong></span> <span class='ocrx_word' id='word_1_372' title='bbox 584 5184 609 5220; x_wconf 86' lang='lat' dir='ltr'><strong>se</strong></span> <span class='ocrx_word' id='word_1_373' title='bbox 626 5170 788 5220; x_wconf 85' lang='lat' dir='ltr'><strong>Schuetzios.</strong></span> <span class='ocrx_word' id='word_1_374' title='bbox 806 5196 832 5205; x_wconf 97' lang='lat'>-</span> <span class='ocrx_word' id='word_1_375' title='bbox 846 5168 887 5234; x_wconf 80' lang='lat' dir='ltr'><strong>Q.]</strong></span> <span class='ocrx_word' id='word_1_376' title='bbox 905 5170 1007 5230; x_wconf 82' lang='lat' dir='ltr'><strong>quintus</strong></span> <span class='ocrx_word' id='word_1_377' title='bbox 1018 5167 1121 5218; x_wconf 69' lang='lat' dir='ltr'><strong>nativ</strong></span> <span class='ocrx_word' id='word_1_378' title='bbox 1141 5196 1167 5206; x_wconf 97' lang='lat'>-</span> <span class='ocrx_word' id='word_1_379' title='bbox 1189 5167 1229 5219; x_wconf 84' lang='lat' dir='ltr'><strong>ts.</strong></span> <span class='ocrx_word' id='word_1_380' title='bbox 1243 5168 1260 5216; x_wconf 90' lang='lat' dir='ltr'><strong>t.</strong></span> <span class='ocrx_word' id='word_1_381' title='bbox 1271 5168 1358 5218; x_wconf 86' lang='lat' dir='ltr'><strong>aienae</strong></span> <span class='ocrx_word' id='word_1_382' title='bbox 1369 5167 1406 5225; x_wconf 87' lang='lat' dir='ltr'><strong>V;</strong></span> <span class='ocrx_word' id='word_1_383' title='bbox 1423 5169 1550 5219; x_wconf 77' lang='lat' dir='ltr'><strong>latenasC</strong></span> <span class='ocrx_word' id='word_1_384' title='bbox 1566 5195 1593 5205; x_wconf 94' lang='lat'><em>-</em></span> <span class='ocrx_word' id='word_1_385' title='bbox 1613 5169 1653 5219; x_wconf 84' lang='lat' dir='ltr'><strong>te.</strong></span> <span class='ocrx_word' id='word_1_386' title='bbox 1666 5181 1742 5229; x_wconf 75' lang='grc' dir='ltr'><strong><em>οννο-</em></strong></span> 
     </span>
     <span class='ocr_line' id='line_1_41' title="bbox 408 5241 1738 5311; baseline -0.002 -17"><span class='ocrx_word' id='word_1_387' title='bbox 408 5247 532 5311; x_wconf 72' lang='lat' dir='ltr'><strong>propium</strong></span> <span class='ocrx_word' id='word_1_388' title='bbox 549 5246 748 5308; x_wconf 64' lang='lat' dir='ltr'><strong>swoqrntam</strong></span> <span class='ocrx_word' id='word_1_389' title='bbox 766 5243 843 5294; x_wconf 81' lang='lat' dir='ltr'><strong>licii</strong></span> <span class='ocrx_word' id='word_1_390' title='bbox 871 5270 894 5280; x_wconf 93' lang='lat'><em>-</em></span> <span class='ocrx_word' id='word_1_391' title='bbox 921 5244 981 5305; x_wconf 85' lang='lat' dir='ltr'><strong>qaid</strong></span> <span class='ocrx_word' id='word_1_392' title='bbox 998 5255 1068 5292; x_wconf 86' lang='lat' dir='ltr'><strong>corr.</strong></span> <span class='ocrx_word' id='word_1_393' title='bbox 1088 5254 1124 5291; x_wconf 90' lang='lat' dir='ltr'><strong>m.</strong></span> <span class='ocrx_word' id='word_1_394' title='bbox 1143 5255 1199 5292; x_wconf 87' lang='lat' dir='ltr'><strong>sec.</strong></span> <span class='ocrx_word' id='word_1_395' title='bbox 1219 5256 1251 5292; x_wconf 85' lang='lat' dir='ltr'><strong>ex</strong></span> <span class='ocrx_word' id='word_1_396' title='bbox 1268 5243 1373 5304; x_wconf 84' lang='lat' dir='ltr'><strong>quodV</strong></span> <span class='ocrx_word' id='word_1_397' title='bbox 1396 5269 1423 5280; x_wconf 89' lang='lat'><em>—</em></span> <span class='ocrx_word' id='word_1_398' title='bbox 1449 5244 1488 5294; x_wconf 86' lang='lat' dir='ltr'><strong>tr.</strong></span> <span class='ocrx_word' id='word_1_399' title='bbox 1507 5244 1625 5293; x_wconf 72' lang='lat' dir='ltr'><strong>tolomaei</strong></span> <span class='ocrx_word' id='word_1_400' title='bbox 1640 5241 1738 5293; x_wconf 78' lang='lat' dir='ltr'><strong>Aac:</strong></span> 
     </span>
     <span class='ocr_line' id='line_1_42' title="bbox 409 5316 1741 5381; baseline -0.002 -11"><span class='ocrx_word' id='word_1_401' title='bbox 409 5322 514 5370; x_wconf 71' lang='lat' dir='ltr'><strong>toiosom</strong></span> <span class='ocrx_word' id='word_1_402' title='bbox 531 5320 551 5368; x_wconf 84' lang='lat' dir='ltr'>E</span> <span class='ocrx_word' id='word_1_403' title='bbox 562 5322 578 5367; x_wconf 84' lang='grc' dir='ltr'><strong><em>Ρ</em></strong></span> <span class='ocrx_word' id='word_1_404' title='bbox 589 5319 609 5365; x_wconf 94' lang='lat' dir='ltr'>V</span> <span class='ocrx_word' id='word_1_405' title='bbox 619 5320 638 5367; x_wconf 92' lang='lat'>0</span> <span class='ocrx_word' id='word_1_406' title='bbox 653 5344 680 5354; x_wconf 91' lang='lat'>-</span> <span class='ocrx_word' id='word_1_407' title='bbox 700 5319 845 5380; x_wconf 72' lang='lat' dir='ltr'><strong>triportinus</strong></span> <span class='ocrx_word' id='word_1_408' title='bbox 855 5316 878 5363; x_wconf 88' lang='lat' dir='ltr'>V</span> <span class='ocrx_word' id='word_1_409' title='bbox 889 5344 921 5353; x_wconf 90' lang='lat'>—</span> <span class='ocrx_word' id='word_1_410' title='bbox 940 5318 980 5365; x_wconf 83' lang='lat' dir='ltr'><strong>ts.</strong></span> <span class='ocrx_word' id='word_1_411' title='bbox 999 5318 1052 5365; x_wconf 79' lang='lat' dir='ltr'><strong>sira</strong></span> <span class='ocrx_word' id='word_1_412' title='bbox 1068 5317 1085 5366; x_wconf 83' lang='lat' dir='ltr'>B</span> <span class='ocrx_word' id='word_1_413' title='bbox 1106 5344 1132 5352; x_wconf 95' lang='lat'><em>-</em></span> <span class='ocrx_word' id='word_1_414' title='bbox 1152 5318 1192 5367; x_wconf 83' lang='lat' dir='ltr'><strong>so.</strong></span> <span class='ocrx_word' id='word_1_415' title='bbox 1211 5319 1299 5366; x_wconf 72' lang='lat' dir='ltr'><strong>meni</strong></span> <span class='ocrx_word' id='word_1_416' title='bbox 1316 5316 1376 5367; x_wconf 88' lang='lat' dir='ltr'><strong>cod.</strong></span> <span class='ocrx_word' id='word_1_417' title='bbox 1397 5318 1491 5381; x_wconf 80' lang='lat' dir='ltr'><strong>Regius</strong></span> <span class='ocrx_word' id='word_1_418' title='bbox 1510 5320 1604 5369; x_wconf 85' lang='lat' dir='ltr'><strong>Davisii</strong></span> <span class='ocrx_word' id='word_1_419' title='bbox 1616 5333 1621 5365; x_wconf 90' lang='lat'>:</span> <span class='ocrx_word' id='word_1_420' title='bbox 1644 5331 1741 5368; x_wconf 70' lang='lat' dir='ltr'><strong>masna</strong></span> 
     </span>
     <span class='ocr_line' id='line_1_43' title="bbox 409 5392 1740 5456; baseline 0.002 -15"><span class='ocrx_word' id='word_1_421' title='bbox 409 5393 476 5446; x_wconf 75' lang='lat' dir='ltr'><strong>ii-</strong></span> <span class='ocrx_word' id='word_1_422' title='bbox 502 5395 542 5442; x_wconf 79' lang='lat' dir='ltr'><strong>st.</strong></span> <span class='ocrx_word' id='word_1_423' title='bbox 564 5395 741 5456; x_wconf 68' lang='lat' dir='ltr'><strong>desiderante</strong></span> <span class='ocrx_word' id='word_1_424' title='bbox 760 5394 833 5441; x_wconf 78' lang='lat' dir='ltr'><strong>terete</strong></span> <span class='ocrx_word' id='word_1_425' title='bbox 850 5393 887 5442; x_wconf 91' lang='lat' dir='ltr'><strong>C:</strong></span> <span class='ocrx_word' id='word_1_426' title='bbox 912 5393 942 5441; x_wconf 90' lang='lat' dir='ltr'><strong>de</strong></span> <span class='ocrx_word' id='word_1_427' title='bbox 957 5394 1004 5451; x_wconf 66' lang='lat' dir='ltr'><strong>fide</strong></span> <span class='ocrx_word' id='word_1_428' title='bbox 1019 5394 1093 5453; x_wconf 68' lang='lat' dir='ltr'><strong>fldem</strong></span> <span class='ocrx_word' id='word_1_429' title='bbox 1110 5392 1190 5441; x_wconf 88' lang='lat' dir='ltr'><strong>alatat</strong></span> <span class='ocrx_word' id='word_1_430' title='bbox 1206 5393 1266 5440; x_wconf 85' lang='lat' dir='ltr'><strong>utile</strong></span> <span class='ocrx_word' id='word_1_431' title='bbox 1283 5394 1317 5446; x_wconf 87' lang='grc' dir='ltr'><strong>Α;</strong></span> <span class='ocrx_word' id='word_1_432' title='bbox 1341 5393 1371 5440; x_wconf 87' lang='lat' dir='ltr'><strong>de</strong></span> <span class='ocrx_word' id='word_1_433' title='bbox 1385 5393 1434 5454; x_wconf 66' lang='lat' dir='ltr'><strong>fide</strong></span> <span class='ocrx_word' id='word_1_434' title='bbox 1450 5394 1530 5442; x_wconf 89' lang='lat' dir='ltr'><strong>allata</strong></span> <span class='ocrx_word' id='word_1_435' title='bbox 1547 5394 1638 5443; x_wconf 83' lang='lat' dir='ltr'><strong>tutelae</strong></span> <span class='ocrx_word' id='word_1_436' title='bbox 1653 5394 1687 5447; x_wconf 83' lang='lat' dir='ltr'><strong>ll;</strong></span> <span class='ocrx_word' id='word_1_437' title='bbox 1711 5394 1740 5443; x_wconf 82' lang='lat' dir='ltr'><strong>ds</strong></span> 
     </span>
     <span class='ocr_line' id='line_1_44' title="bbox 407 5467 1736 5533; baseline -0.002 -14"><span class='ocrx_word' id='word_1_438' title='bbox 407 5472 455 5533; x_wconf 65' lang='lat' dir='ltr'><strong>fide</strong></span> <span class='ocrx_word' id='word_1_439' title='bbox 470 5472 540 5519; x_wconf 66' lang='lat' dir='ltr'><strong>mmo</strong></span> <span class='ocrx_word' id='word_1_440' title='bbox 556 5475 583 5518; x_wconf 87' lang='lat' dir='ltr'><strong>ot</strong></span> <span class='ocrx_word' id='word_1_441' title='bbox 600 5471 659 5517; x_wconf 85' lang='lat' dir='ltr'><strong>utile</strong></span> <span class='ocrx_word' id='word_1_442' title='bbox 679 5470 743 5522; x_wconf 75' lang='lat' dir='ltr'><strong>ev:</strong></span> <span class='ocrx_word' id='word_1_443' title='bbox 767 5469 945 5530; x_wconf 66' lang='lat' dir='ltr'><strong>defidsmala</strong></span> <span class='ocrx_word' id='word_1_444' title='bbox 962 5468 1084 5516; x_wconf 82' lang='lat' dir='ltr'><strong>rotatiles</strong></span> <span class='ocrx_word' id='word_1_445' title='bbox 1102 5467 1121 5515; x_wconf 83' lang='lat' dir='ltr'>E</span> <span class='ocrx_word' id='word_1_446' title='bbox 1149 5494 1174 5503; x_wconf 95' lang='lat'>-</span> <span class='ocrx_word' id='word_1_447' title='bbox 1202 5468 1242 5515; x_wconf 74' lang='lat' dir='ltr'><strong>ii.</strong></span> <span class='ocrx_word' id='word_1_448' title='bbox 1261 5468 1375 5516; x_wconf 86' lang='lat' dir='ltr'><strong>mandati</strong></span> <span class='ocrx_word' id='word_1_449' title='bbox 1392 5480 1460 5516; x_wconf 89' lang='lat' dir='ltr'><strong>corr.</strong></span> <span class='ocrx_word' id='word_1_450' title='bbox 1481 5482 1512 5517; x_wconf 80' lang='lat' dir='ltr'><strong>er</strong></span> <span class='ocrx_word' id='word_1_451' title='bbox 1529 5469 1653 5517; x_wconf 83' lang='lat' dir='ltr'><strong>mandata</strong></span> <span class='ocrx_word' id='word_1_452' title='bbox 1670 5469 1689 5516; x_wconf 87' lang='grc' dir='ltr'><strong>Α</strong></span> <span class='ocrx_word' id='word_1_453' title='bbox 1712 5492 1736 5503; x_wconf 90' lang='lat'><em>-</em></span> 
     </span>
     <span class='ocr_line' id='line_1_45' title="bbox 408 5542 1741 5607; baseline -0.001 -14"><span class='ocrx_word' id='word_1_454' title='bbox 408 5553 505 5594; x_wconf 82' lang='lat' dir='ltr'><strong>ecemto</strong></span> <span class='ocrx_word' id='word_1_455' title='bbox 516 5547 550 5600; x_wconf 86' lang='grc' dir='ltr'><strong>Α,</strong></span> <span class='ocrx_word' id='word_1_456' title='bbox 565 5549 592 5592; x_wconf 91' lang='lat' dir='ltr'><strong>ut</strong></span> <span class='ocrx_word' id='word_1_457' title='bbox 609 5558 632 5607; x_wconf 85' lang='lat' dir='ltr'><strong>p.</strong></span> <span class='ocrx_word' id='word_1_458' title='bbox 645 5545 700 5599; x_wconf 77' lang='lat' dir='ltr'><strong>tie.</strong></span> <span class='ocrx_word' id='word_1_459' title='bbox 713 5546 752 5592; x_wconf 82' lang='lat' dir='ltr'><strong>iti.</strong></span> <span class='ocrx_word' id='word_1_460' title='bbox 772 5543 828 5599; x_wconf 75' lang='lat' dir='ltr'><strong>lib.</strong></span> <span class='ocrx_word' id='word_1_461' title='bbox 840 5545 880 5593; x_wconf 81' lang='lat' dir='ltr'><strong>et.</strong></span> <span class='ocrx_word' id='word_1_462' title='bbox 902 5568 928 5578; x_wconf 91' lang='lat'>-</span> <span class='ocrx_word' id='word_1_463' title='bbox 949 5543 987 5590; x_wconf 72' lang='lat'><strong>23.</strong></span> <span class='ocrx_word' id='word_1_464' title='bbox 1007 5544 1114 5591; x_wconf 86' lang='lat' dir='ltr'><strong>condato</strong></span> <span class='ocrx_word' id='word_1_465' title='bbox 1130 5542 1178 5591; x_wconf 80' lang='lat' dir='ltr'><strong>AV</strong></span> <span class='ocrx_word' id='word_1_466' title='bbox 1197 5567 1224 5577; x_wconf 91' lang='lat'>-</span> <span class='ocrx_word' id='word_1_467' title='bbox 1247 5542 1288 5591; x_wconf 79' lang='lat' dir='ltr'><strong>il.</strong></span> <span class='ocrx_word' id='word_1_468' title='bbox 1306 5543 1359 5603; x_wconf 80' lang='lat' dir='ltr'><strong>leqe</strong></span> <span class='ocrx_word' id='word_1_469' title='bbox 1374 5543 1463 5592; x_wconf 77' lang='lat' dir='ltr'><strong>istoria</strong></span> <span class='ocrx_word' id='word_1_470' title='bbox 1479 5544 1545 5603; x_wconf 81' lang='lat' dir='ltr'><strong>AC,</strong></span> <span class='ocrx_word' id='word_1_471' title='bbox 1564 5545 1616 5605; x_wconf 79' lang='lat' dir='ltr'><strong>teqe</strong></span> <span class='ocrx_word' id='word_1_472' title='bbox 1632 5542 1741 5592; x_wconf 79' lang='lat' dir='ltr'><strong>lactaria</strong></span> 
     </span>
     <span class='ocr_line' id='line_1_46' title="bbox 410 5616 1737 5681; baseline -0.002 -13"><span class='ocrx_word' id='word_1_473' title='bbox 410 5619 495 5678; x_wconf 76' lang='lat' dir='ltr'><strong>BPV,</strong></span> <span class='ocrx_word' id='word_1_474' title='bbox 514 5620 566 5681; x_wconf 84' lang='lat' dir='ltr'><strong>leqe</strong></span> <span class='ocrx_word' id='word_1_475' title='bbox 581 5620 673 5668; x_wconf 71' lang='lat' dir='ltr'><strong>istoria</strong></span> <span class='ocrx_word' id='word_1_476' title='bbox 685 5620 713 5669; x_wconf 87' lang='lat' dir='ltr'><strong>E.</strong></span> <span class='ocrx_word' id='word_1_477' title='bbox 734 5619 772 5667; x_wconf 66' lang='lat' dir='ltr'><strong>Cf⁴</strong></span> <span class='ocrx_word' id='word_1_478' title='bbox 786 5618 903 5667; x_wconf 87' lang='lat' dir='ltr'><strong>indicem</strong></span> <span class='ocrx_word' id='word_1_479' title='bbox 917 5619 1015 5679; x_wconf 79' lang='lat' dir='ltr'><strong>legum</strong></span> <span class='ocrx_word' id='word_1_480' title='bbox 1034 5632 1058 5681; x_wconf 90' lang='lat' dir='ltr'><strong>p.</strong></span> <span class='ocrx_word' id='word_1_481' title='bbox 1071 5617 1114 5666; x_wconf 78' lang='lat' dir='ltr'><strong>iit</strong></span> <span class='ocrx_word' id='word_1_482' title='bbox 1130 5630 1171 5680; x_wconf 89' lang='lat' dir='ltr'><strong>sq.</strong></span> <span class='ocrx_word' id='word_1_483' title='bbox 1192 5642 1219 5651; x_wconf 92' lang='lat'><em>-</em></span> <span class='ocrx_word' id='word_1_484' title='bbox 1240 5616 1282 5666; x_wconf 71' lang='lat'><strong>28.</strong></span> <span class='ocrx_word' id='word_1_485' title='bbox 1301 5619 1426 5667; x_wconf 85' lang='lat' dir='ltr'><strong>sernentim</strong></span> <span class='ocrx_word' id='word_1_486' title='bbox 1442 5619 1539 5667; x_wconf 77' lang='lat' dir='ltr'><strong>ABG:</strong></span> <span class='ocrx_word' id='word_1_487' title='bbox 1557 5616 1737 5674; x_wconf 64' lang='lat' dir='ltr'><strong>sementariciis</strong></span> 
     </span>
     <span class='ocr_line' id='line_1_47' title="bbox 409 5692 1739 5751; baseline -0.002 -8"><span class='ocrx_word' id='word_1_488' title='bbox 409 5699 538 5743; x_wconf 81' lang='lat' dir='ltr'><strong>sementem</strong></span> <span class='ocrx_word' id='word_1_489' title='bbox 557 5694 603 5742; x_wconf 84' lang='lat' dir='ltr'><strong>PV</strong></span> <span class='ocrx_word' id='word_1_490' title='bbox 615 5695 635 5742; x_wconf 94' lang='lat'>0</span> <span class='ocrx_word' id='word_1_491' title='bbox 650 5721 674 5729; x_wconf 92' lang='lat'>-</span> <span class='ocrx_word' id='word_1_492' title='bbox 695 5693 736 5742; x_wconf 74' lang='lat' dir='ltr'><strong>il.</strong></span> <span class='ocrx_word' id='word_1_493' title='bbox 754 5693 858 5742; x_wconf 86' lang='lat' dir='ltr'><strong>nocendi</strong></span> <span class='ocrx_word' id='word_1_494' title='bbox 870 5693 937 5741; x_wconf 86' lang='lat' dir='ltr'><strong>ratio</strong></span> <span class='ocrx_word' id='word_1_495' title='bbox 949 5693 968 5742; x_wconf 94' lang='lat'>0</span> <span class='ocrx_word' id='word_1_496' title='bbox 981 5718 1007 5727; x_wconf 97' lang='lat'>-</span> <span class='ocrx_word' id='word_1_497' title='bbox 1028 5692 1069 5742; x_wconf 81' lang='lat'><strong>33.</strong></span> <span class='ocrx_word' id='word_1_498' title='bbox 1082 5704 1157 5741; x_wconf 90' lang='lat' dir='ltr'><strong>caesa</strong></span> <span class='ocrx_word' id='word_1_499' title='bbox 1168 5693 1296 5744; x_wconf 87' lang='lat' dir='ltr'><strong>accidisset</strong></span> <span class='ocrx_word' id='word_1_500' title='bbox 1308 5693 1390 5743; x_wconf 85' lang='lat' dir='ltr'><strong>Varro</strong></span> <span class='ocrx_word' id='word_1_501' title='bbox 1404 5695 1431 5743; x_wconf 86' lang='lat' dir='ltr'><strong>L.</strong></span> <span class='ocrx_word' id='word_1_502' title='bbox 1443 5695 1470 5742; x_wconf 88' lang='lat' dir='ltr'><strong>L.</strong></span> <span class='ocrx_word' id='word_1_503' title='bbox 1481 5694 1535 5751; x_wconf 84' lang='lat' dir='ltr'><strong>Vll,</strong></span> <span class='ocrx_word' id='word_1_504' title='bbox 1545 5693 1576 5743; x_wconf 83' lang='grc'><strong>33</strong></span> <span class='ocrx_word' id='word_1_505' title='bbox 1589 5696 1615 5743; x_wconf 87' lang='lat' dir='ltr'><strong>et</strong></span> <span class='ocrx_word' id='word_1_506' title='bbox 1627 5693 1739 5742; x_wconf 84' lang='lat' dir='ltr'><strong>Priscis·</strong></span> 
     </span>
     <span class='ocr_line' id='line_1_48' title="bbox 410 5766 1739 5833; baseline 0 -15"><span class='ocrx_word' id='word_1_507' title='bbox 410 5780 460 5818; x_wconf 91' lang='lat' dir='ltr'><strong>nus</strong></span> <span class='ocrx_word' id='word_1_508' title='bbox 478 5768 537 5827; x_wconf 88' lang='lat' dir='ltr'><strong>vlt,</strong></span> <span class='ocrx_word' id='word_1_509' title='bbox 550 5768 579 5824; x_wconf 85' lang='lat'><strong>8,</strong></span> <span class='ocrx_word' id='word_1_510' title='bbox 593 5768 620 5818; x_wconf 85' lang='lat' dir='ltr'><strong>lt</strong></span> <span class='ocrx_word' id='word_1_511' title='bbox 648 5768 707 5830; x_wconf 75' lang='lat' dir='ltr'><strong>[irbi</strong></span> <span class='ocrx_word' id='word_1_512' title='bbox 725 5768 832 5817; x_wconf 86' lang='lat' dir='ltr'><strong>codices</strong></span> <span class='ocrx_word' id='word_1_513' title='bbox 851 5766 950 5831; x_wconf 84' lang='lat' dir='ltr'><strong>aliquot</strong></span> <span class='ocrx_word' id='word_1_514' title='bbox 967 5767 1095 5819; x_wconf 81' lang='lat' dir='ltr'><strong>exhibent</strong></span> <span class='ocrx_word' id='word_1_515' title='bbox 1115 5770 1259 5830; x_wconf 69' lang='lat' dir='ltr'><strong>meruisset,</strong></span> <span class='ocrx_word' id='word_1_516' title='bbox 1284 5769 1355 5833; x_wconf 86' lang='lat' dir='ltr'><strong>quod</strong></span> <span class='ocrx_word' id='word_1_517' title='bbox 1378 5769 1478 5832; x_wconf 87' lang='lat' dir='ltr'><strong>recepit</strong></span> <span class='ocrx_word' id='word_1_518' title='bbox 1496 5767 1628 5831; x_wconf 73' lang='lat' dir='ltr'><strong>Vableni:</strong></span> <span class='ocrx_word' id='word_1_519' title='bbox 1651 5780 1739 5818; x_wconf 87' lang='lat' dir='ltr'><strong>caesas</strong></span> 
     </span>
     <span class='ocr_line' id='line_1_49' title="bbox 410 5842 1739 5907; baseline 0 -15"><span class='ocrx_word' id='word_1_520' title='bbox 410 5843 554 5892; x_wconf 83' lang='lat' dir='ltr'><strong>accidissent</strong></span> <span class='ocrx_word' id='word_1_521' title='bbox 571 5844 696 5898; x_wconf 82' lang='lat' dir='ltr'><strong>ttCPV;</strong></span> <span class='ocrx_word' id='word_1_522' title='bbox 720 5856 790 5892; x_wconf 89' lang='lat' dir='ltr'><strong>caess</strong></span> <span class='ocrx_word' id='word_1_523' title='bbox 810 5844 953 5892; x_wconf 86' lang='lat' dir='ltr'><strong>accidissent</strong></span> <span class='ocrx_word' id='word_1_524' title='bbox 976 5846 1053 5905; x_wconf 89' lang='lat' dir='ltr'><strong>(corr.</strong></span> <span class='ocrx_word' id='word_1_525' title='bbox 1072 5845 1098 5894; x_wconf 90' lang='lat' dir='ltr'><strong>in</strong></span> <span class='ocrx_word' id='word_1_526' title='bbox 1115 5844 1264 5906; x_wconf 69' lang='lat' dir='ltr'><strong>certdasent)</strong></span> <span class='ocrx_word' id='word_1_527' title='bbox 1281 5846 1318 5903; x_wconf 68' lang='lat'><strong>133</strong></span> <span class='ocrx_word' id='word_1_528' title='bbox 1337 5858 1389 5895; x_wconf 87' lang='lat' dir='ltr'><strong>asse</strong></span> <span class='ocrx_word' id='word_1_529' title='bbox 1404 5844 1547 5894; x_wconf 80' lang='lat' dir='ltr'><strong>cecidissent</strong></span> <span class='ocrx_word' id='word_1_530' title='bbox 1563 5843 1591 5895; x_wconf 82' lang='lat' dir='ltr'><strong>E.</strong></span> <span class='ocrx_word' id='word_1_531' title='bbox 1610 5842 1739 5907; x_wconf 76' lang='lat' dir='ltr'><strong>Singulari</strong></span> 
     </span>
     <span class='ocr_line' id='line_1_50' title="bbox 411 5916 1737 5985; baseline 0.001 -13"><span class='ocrx_word' id='word_1_532' title='bbox 411 5933 523 5972; x_wconf 88' lang='lat' dir='ltr'><strong>numero</strong></span> <span class='ocrx_word' id='word_1_533' title='bbox 540 5923 655 5985; x_wconf 84' lang='lat' dir='ltr'><strong>positum</strong></span> <span class='ocrx_word' id='word_1_534' title='bbox 673 5932 733 5969; x_wconf 88' lang='lat' dir='ltr'><strong>esse</strong></span> <span class='ocrx_word' id='word_1_535' title='bbox 750 5920 833 5969; x_wconf 85' lang='lat' dir='ltr'><strong>trabes</strong></span> <span class='ocrx_word' id='word_1_536' title='bbox 850 5922 980 5970; x_wconf 86' lang='lat' dir='ltr'><strong>testantur</strong></span> <span class='ocrx_word' id='word_1_537' title='bbox 996 5919 1079 5969; x_wconf 87' lang='lat' dir='ltr'><strong>Varro</strong></span> <span class='ocrx_word' id='word_1_538' title='bbox 1096 5922 1124 5970; x_wconf 89' lang='lat' dir='ltr'><strong>et</strong></span> <span class='ocrx_word' id='word_1_539' title='bbox 1140 5920 1298 5972; x_wconf 84' lang='lat' dir='ltr'><strong>Priscianus.</strong></span> <span class='ocrx_word' id='word_1_540' title='bbox 1325 5920 1365 5973; x_wconf 87' lang='lat' dir='ltr'><strong>et.</strong></span> <span class='ocrx_word' id='word_1_541' title='bbox 1383 5919 1417 5969; x_wconf 88' lang='lat' dir='ltr'><strong>ad</strong></span> <span class='ocrx_word' id='word_1_542' title='bbox 1435 5919 1550 5972; x_wconf 83' lang='lat' dir='ltr'><strong>Heroon.</strong></span> <span class='ocrx_word' id='word_1_543' title='bbox 1574 5921 1597 5971; x_wconf 92' lang='lat' dir='ltr'><strong>ll</strong></span> <span class='ocrx_word' id='word_1_544' title='bbox 1613 5916 1681 5985; x_wconf 75' lang='lat' dir='ltr'><strong>flat.</strong></span> <span class='ocrx_word' id='word_1_545' title='bbox 1702 5918 1737 5974; x_wconf 89' lang='lat' dir='ltr'><strong>de</strong></span> 
     </span>
    </p>
   </div>
   <div class='ocr_carea' id='block_1_4' title="bbox 410 5992 1588 6063">
    <p class='ocr_par' dir='ltr' id='par_1_10' title="bbox 410 5992 1588 6063">
     <span class='ocr_line' id='line_1_51' title="bbox 410 5992 1588 6063; baseline 0.001 -14"><span class='ocrx_word' id='word_1_546' title='bbox 410 5997 513 6049; x_wconf 78' lang='lat' dir='ltr'><strong>lovena</strong></span> <span class='ocrx_word' id='word_1_547' title='bbox 532 5996 541 6046; x_wconf 91' lang='lat' dir='ltr'><strong>t</strong></span> <span class='ocrx_word' id='word_1_548' title='bbox 559 5995 627 6062; x_wconf 70' lang='lat'><strong>5⁹⁴·</strong></span> <span class='ocrx_word' id='word_1_549' title='bbox 646 5996 680 6047; x_wconf 89' lang='lat' dir='ltr'><strong>de</strong></span> <span class='ocrx_word' id='word_1_550' title='bbox 698 5996 760 6047; x_wconf 86' lang='lat' dir='ltr'><strong>Fato</strong></span> <span class='ocrx_word' id='word_1_551' title='bbox 778 5996 845 6061; x_wconf 68' lang='grc'><strong>935.</strong></span> <span class='ocrx_word' id='word_1_552' title='bbox 866 6022 893 6034; x_wconf 93' lang='grc'>-</span> <span class='ocrx_word' id='word_1_553' title='bbox 913 5996 1002 6061; x_wconf 60' lang='lat' dir='ltr'><strong>worn</strong></span> <span class='ocrx_word' id='word_1_554' title='bbox 1019 5997 1081 6062; x_wconf 83' lang='lat' dir='ltr'><strong>(pro</strong></span> <span class='ocrx_word' id='word_1_555' title='bbox 1097 5994 1229 6063; x_wconf 59' lang='lat' dir='ltr'><strong>muana)</strong></span> <span class='ocrx_word' id='word_1_556' title='bbox 1247 5994 1270 6050; x_wconf 75' lang='lat' dir='ltr'><strong>a</strong></span> <span class='ocrx_word' id='word_1_557' title='bbox 1289 5996 1371 6062; x_wconf 68' lang='lat' dir='ltr'><strong>(corr.</strong></span> <span class='ocrx_word' id='word_1_558' title='bbox 1389 5992 1531 6062; x_wconf 75' lang='lat' dir='ltr'><strong>maiisqne</strong></span> <span class='ocrx_word' id='word_1_559' title='bbox 1546 5998 1588 6063; x_wconf 83' lang='grc' dir='ltr'><strong>Β).</strong></span> 
     </span>
    </p>
   </div>
   <div class='ocr_carea' id='block_1_5' title="bbox 0 0 2176 7459">
    <p class='ocr_par' dir='ltr' id='par_1_11' title="bbox 0 0 2176 7459">
     <span class='ocr_line' id='line_1_52' title="bbox 0 0 2176 7459; baseline 0 0"><span class='ocrx_word' id='word_1_560' title='bbox 0 0 2176 7459; x_wconf 95' lang='lat' dir='ltr'><strong> </strong></span> 
     </span>
    </p>
   </div>
  </div>
 </body>
</html>
