4342 7459
706 1225 775 1289 u..
796 1225 821 1288 1.
851 1224 926 1290 cn.
946 1225 1203 1289 xsn-xnm
1230 1222 1278 1310 §s
1296 1223 1445 1291 92-98.
1677 1223 1736 1292 su

409 1386 486 1461 init,
510 1383 584 1469 quia
604 1382 758 1466 populus,
781 1385 836 1467 qni
859 1404 923 1448 non
944 1394 1088 1451 uteretur
1108 1388 1327 1469 praedictione
1349 1388 1483 1452 divinat
1509 1407 1616 1471 noque
1637 1387 1740 1453 solnm

409 1481 445 1545 ia
465 1500 564 1564 pace,
590 1478 647 1541 sed
670 1479 702 1540 in
725 1478 808 1541 bello
831 1479 930 1541 mullo
952 1481 1048 1542 etiam
1071 1481 1187 1562 magis,
1216 1501 1281 1564 quo
1308 1482 1410 1544 maius
1439 1489 1506 1545 erat
1528 1490 1685 1546 certamen
1707 1490 1741 1545 et

410 1575 579 1638 ffiaerimen
601 1572 722 1635 salutis.
767 1571 887 1635 Omitto
917 1582 1055 1646 nostros,
1087 1574 1142 1657 qui
1164 1574 1244 1636 nihil
1273 1573 1413 1637 inbelle
1435 1575 1504 1638 sine
1527 1578 1609 1639 extis
1630 1586 1740 1658 agunt,

409 1668 488 1732 nihil
514 1668 583 1731 sine
609 1667 759 1748 auspiciis
781 1668 866 1729 domi
888 1667 1022 1730 hahent:
1054 1676 1186 1730 externa
1207 1666 1383 1730 rideamus.
1426 1670 1569 1752 Namque
1591 1677 1623 1732 et
1644 1669 1741 1732 arhe-

408 1763 538 1826 niensea
566 1760 712 1823 omnibus
741 1780 867 1841 semper
896 1760 1030 1843 publicis
1059 1760 1201 1823 consiliis
1227 1761 1352 1824 divinos
1373 1762 1527 1844 quosdam
1549 1763 1763 1838 sacerdoteque

408 1876 489 1940 qnos
510 1853 642 1929 μάντεις
665 1861 787 1927 vocant,
809 1851 1030 1927 adhibuerunt,
1053 1866 1086 1917 et
1099 1854 1341 1917 Lacedaemonii
1362 1855 1492 1937 regibus
1506 1855 1573 1919 auis
1588 1877 1739 1937 augurem

407 1950 604 2013 &sessorem
634 1946 808 2020 dederunt,
837 1950 974 2029 itemque
996 1948 1126 2011 senibus
1148 1980 1190 1995 -
1212 1948 1258 2011 aio
1280 1950 1364 2011 enin
1388 1949 1556 2012 consilium
1577 1952 1739 2033 publicum

407 2043 572 2128 appellant
592 2078 633 2087 —
654 2061 808 2124 augurem
829 2044 983 2104 iuteresse
1006 2042 1188 2116 voluerunt,
1217 2042 1367 2126 idemque
1388 2041 1430 2106 de
1451 2046 1546 2106 rebus
1567 2044 1740 2107 maioribus

407 2156 537 2219 semper
562 2144 618 2198 aut
638 2134 771 2219 Delphis
792 2134 932 2197 oraclum
961 2142 1018 2197 aut
1037 2138 1078 2198 ab
1104 2137 1282 2201 Hammone
1309 2144 1365 2202 aut
1384 2157 1404 2199 a
1424 2136 1560 2200 Dodona
1580 2138 1740 2221 petebant.

408 2229 460 2293 aa
488 2232 652 2314 Lycurgus
672 2228 821 2312 quidem,
851 2229 905 2312 qui
927 2229 1250 2295 Lacedaemoniorum
1273 2250 1338 2294 rem
1362 2231 1521 2314 publicam
1543 2232 1777 2314 temperaritte

408 2325 495 2409 leges
523 2343 598 2386 suaa
616 2323 815 2386 ¹anctoritate
837 2323 996 2404 Apollinis
1018 2323 1164 2407 Delphici
1194 2322 1398 2388 confirmavit.
1442 2325 1530 2400 Quae
1551 2345 1622 2388 cum
1643 2326 1741 2389 rellet

407 2418 572 2503 Lysander
592 2426 804 2489 commutare,
831 2416 942 2479 eadem
965 2426 1014 2479 est
1035 2418 1212 2500 prohibitus
1234 2420 1400 2501 religione.
1442 2422 1548 2502 Atque
1569 2420 1664 2482 etiam
1684 2418 1739 2503 qui

408 2521 575 2595 praeerant
596 2511 874 2584 Lacedaemoniis,
900 2530 965 2573 non
988 2511 1129 2574 contenti
1151 2510 1357 2593 vigilantibus
1379 2512 1482 2586 curis,
1510 2512 1544 2574 in
1565 2512 1739 2596 Pasiphaae

407 2606 501 2681 inno,
533 2605 623 2689 qnod
652 2614 702 2667 est
730 2606 764 2667 in
793 2623 868 2687 agro
894 2613 1026 2687 propter
1046 2605 1178 2680 urbem,
1212 2606 1391 2670 somniandi
1412 2626 1509 2669 causa
1530 2606 1740 2679 excubabant,

407 2700 484 2784 qnia
505 2719 582 2762 vera
603 2699 720 2782 quietis
741 2701 848 2763 omcla
870 2698 1038 2761 ducebant.
1081 2696 1134 2760 97.
1157 2699 1207 2761 Ad
1230 2708 1339 2763 nostra
1359 2701 1422 2763 iam
1445 2700 1553 2763 redeo.
1582 2698 1740 2774 Quotiens
1749 2720 1779 2768 aa

408 2802 538 2858 umus
553 2794 752 2856 decemviros
765 2792 807 2855 ad
822 2793 921 2855 libros
935 2793 982 2854 ire
996 2792 1109 2853 iussitl
1135 2794 1263 2873 quantis
1283 2794 1319 2856 in
1341 2794 1437 2858 rebus
1461 2813 1622 2877 quamque
1643 2812 1740 2875 saepe

407 2889 570 2972 responsis
591 2886 793 2966 haruspicum
815 2887 941 2969 paruitl
969 2905 1042 2947 nam
1065 2892 1190 2948 etcum
1213 2886 1276 2949 duo
1297 2888 1357 2950 risi
1379 2888 1464 2950 soles
1486 2894 1593 2950 assent
1614 2895 1647 2951 et
1668 2907 1740 2950 cum

408 2990 471 3045 trae
497 2982 593 3044 lunae
623 2988 656 3042 et
684 2998 755 3042 cum
784 2978 870 3042 laces
901 2986 933 3042 et
960 2999 1033 3041 cum
1055 2979 1104 3041 sol
1126 2988 1220 3043 nocte
1241 2981 1330 3044 risus
1351 2989 1437 3045 esset
1464 2989 1589 3045 etcum
1611 2999 1630 3043 o
1651 2980 1740 3044 caelo

407 3072 554 3137 fremitus
575 3072 703 3136 auditus
725 3081 757 3135 et
778 3093 847 3136 cum
871 3072 992 3135 caelum
1012 3071 1196 3136 discessisse
1211 3074 1313 3137 risum
1328 3083 1414 3138 esset
1427 3083 1524 3159 atque
1537 3075 1571 3137 in
1585 3094 1625 3137 eo
1638 3074 1742 3137 anim·

408 3168 533 3231 adversi
555 3168 660 3249 globi,
690 3166 794 3230 delata
822 3167 917 3230 etiam
947 3165 986 3228 ad
1015 3174 1162 3228 senatum
1185 3167 1256 3230 labe
1277 3170 1344 3250 agri
1366 3169 1577 3244 Prirematis,
1606 3188 1678 3232 cum
1700 3166 1778 3234 adso

407 3257 561 3324 infinitam
583 3259 783 3323 altitudinem
812 3267 897 3322 terra
918 3259 1088 3322 decidisset
1108 3260 1286 3343 Apuliaque
1308 3262 1456 3326 maximis
1478 3262 1741 3327 terraemotibus

408 3363 620 3439 conquassma
640 3362 742 3426 esset,
772 3354 889 3435 quihus
911 3354 1066 3437 portentis
1088 3373 1203 3434 magna
1224 3356 1345 3437 populo
1366 3357 1508 3419 Romano
1530 3355 1614 3420 bella
1635 3358 1742 3439 pemi-

408 3449 578 3531 aiosaeque
599 3447 775 3512 seditiones
797 3447 1075 3510 denuntiabantur.
1107 3448 1209 3529 lnque
1230 3448 1282 3511 his
1304 3450 1451 3512 omnihus
1472 3469 1625 3533 responsa
1647 3450 1742 3514 barn·

408 3544 532 3626 wem
564 3563 636 3605 eum
669 3541 810 3625 Sibyllae
843 3541 987 3603 versibus
1020 3542 1249 3623 congruebant.
1303 3540 1354 3606 98.
1388 3543 1500 3618 Quint
1530 3564 1601 3607 cum
1632 3543 1740 3607 Cumis

407 3636 522 3719 Apollo
551 3635 694 3706 sudarit,
726 3636 851 3716 Capuae
874 3635 1038 3697 Victorini
1068 3635 1173 3716 quid?
1202 3645 1291 3701 ortus
1314 3637 1491 3721 androgyni
1516 3657 1622 3701 nonna
1645 3636 1776 3703 fatalem

409 3727 571 3812 quoddam
601 3736 777 3790 monstrum
799 3728 883 3791 initi
913 3730 1016 3811 quidi
1046 3750 1117 3792 oum
1145 3731 1262 3793 durias
1284 3733 1412 3794 Abalus
1441 3732 1594 3814 sanguine
1622 3730 1740 3795 tlnxiti

408 3822 513 3905 quid?
548 3841 619 3884 cum
642 3840 738 3905 saepe
759 3821 921 3903 lapidum,
951 3823 1117 3902 sanguinis
1138 3843 1203 3886 non
1225 3843 1417 3907 numquam,
1447 3833 1551 3890 terrae
1572 3824 1743 3899 interdum,

407 3915 570 3999 qnondam
599 3916 694 3977 etiam
722 3915 814 3977 lactis
842 3916 944 3979 imber
972 3917 1133 3979 deduxitl
1170 3917 1275 3999 quid‘l
1311 3938 1383 3980 cum
1412 3917 1446 3981 in
1472 3917 1630 4000 Capitolio
1660 3917 1743 3980 ictus

408 4010 584 4073 Centaurus
613 4029 631 4072 e
659 4009 749 4072 caelo
778 4017 844 4082 est,
877 4011 911 4073 in
932 4010 1090 4072 Aventino
1112 4019 1222 4092 portae
1246 4019 1279 4074 ot
1299 4011 1461 4086 homines,
1494 4010 1625 4075 Tusculi
1646 4010 1743 4074 aedas

409 4101 548 4166 Castoris
571 4112 603 4164 et
618 4103 753 4166 Pollucis
775 4104 960 4186 Romaeque
975 4105 1125 4166 Pietatis?
1154 4107 1266 4167 Nonne
1289 4111 1322 4166 et
1343 4104 1528 4189 haruspices
1551 4125 1588 4169 ea
1608 4123 1777 4188 respon-ao

408 4194 543 4269 derunt,
577 4216 661 4279 quae
691 4205 884 4270 evenerunt,
917 4206 949 4260 et
973 4197 1007 4258 in
1030 4196 1170 4281 Sibyllae
1200 4197 1288 4261 libris
1317 4196 1448 4261 eaedem
1478 4208 1621 4282 repertae
1651 4216 1743 4283 prae·

409 4289 566 4353 dictiones
588 4294 688 4353 suntl

472 4574 497 4623 i.
510 4572 637 4633 multoque
648 4572 728 4633 mopis
741 4571 761 4621 Η
777 4597 802 4607 -
822 4577 844 4620 ea
856 4571 987 4620 discrimen
999 4584 1053 4621 om.
1064 4572 1087 4619 V
1101 4598 1129 4608 -
1142 4570 1166 4622 l.
1182 4572 1249 4621 domi
1259 4570 1348 4621 habena
1359 4572 1467 4635 scripsi:
1481 4571 1549 4621 ὼηιί
1558 4571 1647 4623 haheat
1657 4574 1743 4637 ourps'·

407 4648 448 4695 cs'a
459 4647 488 4704 B,
501 4648 561 4695 durs
570 4648 659 4695 habeat
671 4646 797 4708 (heberent
808 4647 837 4705 Η)
850 4647 965 4707 emperia
976 4646 1066 4702 AllV3
1086 4647 1155 4695 doun¹
1165 4646 1255 4695 hebent
1266 4659 1339 4708 aurp.
1354 4646 1458 4696 Davisio
1470 4650 1579 4697 anemae
1591 4647 1611 4696 0
1622 4646 1741 4709 seclusit,

407 4720 496 4770 habent
513 4734 584 4782 cusp.
603 4719 701 4769 delevit
717 4721 839 4769 Schuetz.
875 4722 903 4769 ln
923 4720 1012 4770 verbis
1028 4721 1091 4769 nihil
1107 4723 1159 4770 sine
1175 4733 1247 4782 anm.
1266 4720 1439 4771 dominaberis
1460 4720 1629 4784 cogitandum
1647 4723 1741 4783 eahde

407 4808 500 4857 oanan,
518 4796 697 4853 contionibus.
714 4796 838 4856 comitiis,
857 4809 926 4859 quae
943 4796 1038 4857 hahart,
1057 4809 1110 4846 non
1128 4797 1171 4858 aot
1188 4796 1320 4847 dicuntur.
1335 4820 1362 4831 -
1382 4798 1529 4855 momen,
1542 4796 1591 4847 sed
1602 4810 1637 4847 ss
1650 4797 1675 4846 in
1687 4810 1741 4849 rae.

409 4871 652 4935 -sroasquaeoev
673 4897 699 4907 -
726 4872 1212 4921 6.moatiaC-uococtom.ll-
1236 4868 1741 4935 mensumn-Mammeo-

406 4946 509 4996 ΜΛ
523 4959 592 4996 corr.
605 4959 637 4995 er
654 4946 755 5010 raqthar
769 4973 791 4984 -
815 4948 838 4996 9.
852 4961 870 4995 o
881 4947 990 5012 alpad,
1008 4946 1057 4997 sed
1075 4962 1093 4996 a
1109 4959 1168 5010 sup.
1181 4946 1226 4997 lin.
1240 4972 1267 4983 -
1286 4946 1375 4997 catab
1392 4946 1499 4997 A²B⁸V2
1517 4951 1545 4995 ast
1556 4944 1589 4993 ab
1600 4944 1640 5006 A¹,
1658 4945 1691 4996 ab
1702 4947 1741 5007 13¹,

407 5028 435 5071 at
450 5028 497 5070 eat
513 5022 585 5071 obli
612 5044 639 5057 -
669 5035 688 5070 a
708 5023 727 5070 B
745 5034 804 5085 sup.
824 5020 870 5071 lin.
890 5047 916 5057 -
946 5024 986 5072 li.
1008 5021 1148 5083 prohibitus
1164 5035 1214 5083 pro
1235 5023 1356 5087 reltqiom
1377 5023 1399 5072 H
1429 5048 1455 5058 -
1486 5021 1527 5072 43.
1542 5020 1665 5082 pasiphae
1682 5021 1741 5082 llV,

405 5097 511 5159 pan'phe
529 5098 562 5155 Β,
578 5097 661 5159 posite
678 5100 699 5146 Α
719 5123 746 5133 -
772 5096 811 5147 ll.
829 5096 899 5161 tono]
917 5098 1029 5146 aereoli
1049 5120 1076 5132 -
1096 5096 1254 5147 ambolant
1271 5098 1290 5147 C
1309 5096 1367 5159 (sed
1385 5096 1406 5146 ll
1423 5095 1572 5156 wcehmlr
1590 5095 1743 5146 lambebant

407 5173 507 5223 ocum
526 5173 639 5222 Manutio
665 5198 691 5207 -
720 5173 760 5222 la.
779 5173 887 5221 orcula
903 5173 940 5230 0;
965 5173 990 5220 in
1007 5173 1028 5221 Α
1047 5174 1089 5221 est
1104 5172 1205 5231 macto,
1228 5170 1276 5222 sed
1293 5184 1356 5222 cum
1374 5169 1474 5234 virgula
1491 5168 1621 5221 littorael
1641 5171 1741 5232 addita,

407 5250 436 5295 nt
452 5248 561 5310 saepius
579 5247 604 5294 in
621 5246 672 5294 hac
690 5258 770 5304 voce,
795 5246 867 5295 unde
885 5248 969 5295 torma
987 5246 1101 5295 oraclum
1118 5259 1171 5296 non
1188 5246 1288 5309 ubique
1306 5249 1379 5296 certa
1396 5245 1502 5295 videtur
1524 5271 1552 5283 -
1575 5246 1663 5296 macto
1679 5259 1743 5296 uera

407 5321 528 5371 decebant
545 5322 611 5383 (sine
628 5320 724 5381 quietis)
745 5321 764 5370 ll
784 5346 812 5357 -
831 5322 977 5371 aoramnll
998 5347 1024 5357 -
1044 5321 1140 5382 quoties
1156 5322 1177 5371 0
1196 5347 1222 5357 -
1244 5322 1284 5370 46.
1298 5321 1554 5385 quonam-porea,
1573 5333 1642 5383 quae
1659 5319 1743 5371 verba

408 5394 487 5446 oedd.
506 5396 532 5444 in
551 5395 604 5443 fine
621 5394 680 5457 §98
697 5392 814 5452 habent,
834 5396 886 5445 huc
903 5396 1057 5459 reponenda
1076 5407 1136 5445 csse
1154 5395 1219 5446 vidit
1236 5397 1359 5446 Daunius
1377 5422 1405 5431 -
1433 5395 1475 5444 ll.
1493 5400 1570 5445 aaut
1586 5400 1631 5443 aar
1646 5408 1703 5444 cam
1719 5394 1742 5445 ll

410 5494 436 5507 -
459 5471 501 5519 49.
520 5470 652 5518 memma
677 5468 696 5517 ll
725 5493 752 5503 -
778 5471 860 5519 oham
876 5478 937 5520 caet
957 5472 1062 5520 hloser:
1089 5470 1289 5520 ramerenco
1315 5496 1342 5506 -
1370 5471 1411 5521 20.
1429 5468 1486 5519 lade
1503 5469 1605 5521 Ernesti
1623 5472 1651 5519 et
1666 5468 1742 5519 llad-

408 5546 450 5608 νίς
472 5548 619 5606 (commate
643 5545 704 5606 post
723 5543 789 5606 qlohs'
812 5546 926 5607 positol:
952 5546 1019 5595 lobes
1035 5546 1085 5595 CO
1109 5543 1199 5608 (plebi.
1222 5546 1315 5596 Deleta
1335 5544 1540 5595 alam-daher
1560 5545 1593 5604 0)
1619 5567 1647 5580 -
1675 5545 1742 5593 doei-

408 5619 558 5669 man:
583 5619 756 5676 dhiaissetll.
780 5619 909 5670 anacim
926 5619 1009 5682 Vl‘lpo
1034 5646 1061 5655 -
1089 5618 1216 5681 opatioll
1241 5644 1269 5655 -
1295 5619 1336 5670 td.
1354 5619 1524 5670 unusual
1549 5644 1576 5655 -
1602 5618 1747 5668 mum·

408 5692 517 5743 hear:
544 5694 571 5741 hs
592 5693 629 5741 his
651 5692 764 5742 emutare
785 5694 890 5744 Ernesti
916 5718 943 5730 -
974 5693 1016 5743 st.
1039 5694 1135 5744 sibim
1156 5693 1220 5753 ΑΗ,
1247 5696 1277 5743 ut
1295 5693 1351 5744 lere
1372 5705 1480 5750 semper
1506 5718 1533 5729 -
1563 5693 1624 5755 qaid
1643 5695 1743 5744 umis

409 5768 430 5819 fl
457 5794 485 5805 -
516 5770 557 5819 25.
584 5773 651 5817 ortos
674 5768 697 5815 V
722 5792 749 5802 -
784 5768 825 5817 26.
848 5781 905 5817 oum
928 5767 1066 5819 llerelius:
1093 5768 1161 5830 quod
1178 5768 1216 5825 C.
1242 5771 1398 5833 corruptum
1424 5779 1457 5817 er
1481 5778 1556 5828 qaam
1581 5791 1609 5803 -
1638 5769 1743 5820 mama

409 5844 523 5895 mnus:
542 5849 643 5893 atratus
660 5843 695 5903 C,
715 5846 743 5892 ut
760 5842 843 5892 edidit
861 5845 979 5893 lloserns
996 5869 1030 5880 -
1045 5844 1085 5895 28.
1106 5844 1211 5906 eausa
1227 5841 1293 5893 dett.
1311 5842 1403 5907 pauci:
1426 5841 1525 5905 amada
1541 5841 1562 5893 C
1580 5865 1608 5877 -
1631 5842 1673 5893 29.
1691 5856 1705 5894 e
1721 5844 1740 5896 ll

408 5920 585 5970 oorr.estno
609 5945 643 5955 -
667 5918 838 5969 nwmtomv
864 5943 892 5953 -
919 5916 1198 5982 eenamcenam
1220 5941 1255 5955 -
1279 5915 1640 5979 summersam
1659 5917 1742 5970 dam
