4342 7459
671 1250 740 1315 na.
761 1251 786 1314 1.
818 1250 893 1316 cn.
913 1251 1239 1317 xxm-xxvm.
1268 1249 1315 1337 §s
1337 1248 1485 1318 72-79.
1681 1251 1745 1319 aso

409 1419 527 1478 matum
549 1411 710 1477 mentibus
732 1412 864 1488 nostris,
887 1417 924 1475 ut
943 1412 1081 1487 homini,
1103 1433 1175 1476 cum
1198 1412 1238 1476 de
1254 1413 1315 1478 dea
1330 1414 1461 1497 cogitet,
1483 1414 1583 1479 torma
1600 1419 1746 1481 occurrat

408 1506 565 1582 bumana3
594 1506 710 1570 deinde
732 1506 838 1590 quod,
868 1507 1019 1589 quoniam
1042 1504 1137 1570 rebus
1160 1507 1307 1573 omnibus
1329 1510 1466 1573 excellat
1491 1519 1604 1574 nature
1627 1510 1743 1587 divina,

410 1600 513 1663 torma
545 1620 674 1684 quoque
703 1620 773 1663 esse
801 1600 1011 1683 pulcherrima
1043 1602 1173 1677 debeat,
1203 1623 1261 1667 nec
1291 1624 1362 1668 esse
1392 1605 1532 1668 humana
1553 1605 1650 1668 ullam
1674 1605 1744 1688 pul-

409 1696 584 1769 chriorem;
615 1696 740 1758 tertiam
769 1695 922 1757 rationem
946 1695 1093 1770 adfertis,
1124 1698 1210 1779 quod
1235 1696 1318 1761 nulla
1341 1698 1403 1762 alia
1426 1695 1524 1782 ligura
1547 1698 1742 1762 domicilium

409 1789 525 1853 mentis
548 1809 618 1852 csse
641 1789 751 1872 possit.
794 1786 845 1850 77.
867 1790 1008 1852 Primum
1030 1792 1128 1873 igitur
1142 1791 1283 1875 quidque
1305 1793 1470 1856 considere
1494 1793 1588 1875 quale
1611 1793 1671 1869 sit;
1694 1812 1768 1860 atr-t

407 1885 511 1967 ripere
535 1883 621 1945 euim
644 1882 720 1946 mihi
743 1882 894 1945 videmini
917 1884 1008 1965 quasi
1025 1890 1131 1946 vestro
1149 1884 1218 1947 iure
1238 1903 1304 1946 rem
1319 1885 1407 1948 nullo
1424 1885 1520 1949 modo
1537 1885 1743 1969 probabilem.

409 1977 548 2042 Omnino
571 1976 643 2060 quis
671 1984 734 2039 tam
757 1996 870 2039 caecus
898 1976 930 2039 in
953 1976 1206 2059 contemplandis
1227 1976 1322 2041 rebus
1345 1999 1498 2063 umquam
1520 1979 1596 2055 tait,
1624 1986 1660 2041 ut
1680 1997 1744 2042 nun

408 2070 530 2135 rideret
550 2070 675 2154 species
695 2070 773 2133 istas
795 2070 960 2135 hominum
983 2070 1124 2133 conlatas
1146 2070 1179 2133 in
1202 2069 1281 2134 deos
1303 2080 1358 2135 aut
1378 2073 1511 2136 consiliu
1533 2072 1672 2156 quadam
1694 2091 1745 2135 sa-

408 2166 578 2251 pientium,
608 2184 671 2249 quo
699 2164 824 2227 facilius
851 2167 974 2228 animos
1000 2166 1218 2248 imperitomm
1247 2165 1287 2227 ad
1316 2163 1448 2229 deornm
1477 2166 1597 2231 cultum
1619 2187 1639 2229 a
1660 2166 1744 2229 vitae

407 2261 562 2345 pravitate
584 2265 821 2334 converterent,
850 2266 906 2321 aut
926 2258 1170 2342 superstitione,
1193 2266 1227 2321 nt
1248 2265 1355 2322 essent
1380 2259 1562 2337 simulacra,
1584 2281 1667 2345 quae
1688 2277 1783 2329 ris-so

411 2363 560 2419 necantes
591 2354 670 2416 deos
698 2352 787 2435 ipsus
810 2373 844 2416 se
867 2353 953 2416 adire
976 2354 1167 2415 crederent?
1199 2355 1366 2416 Auxerunt
1394 2361 1500 2417 autem
1528 2354 1607 2418 haec
1632 2354 1744 2420 eadem

408 2456 539 2533 potitae,
561 2447 716 2531 pictores,
739 2443 880 2529 opifices.
920 2448 997 2510 Erat
1017 2447 1102 2509 enim
1125 2466 1190 2509 nan
1217 2446 1312 2510 facile
1333 2449 1456 2531 agentis
1479 2448 1600 2531 aliquid
1622 2456 1654 2513 et
1676 2440 1746 2514 nro*

408 2542 516 2607 lientis
539 2541 618 2604 deos
640 2540 673 2603 in
695 2538 827 2604 aliarum
842 2539 1013 2603 sormamm
1035 2540 1213 2603 imitatione
1228 2560 1365 2604 servare.
1400 2542 1545 2605 Accessit
1566 2543 1661 2606 ctiam
1683 2543 1745 2608 ista

408 2637 517 2721 opinio
540 2636 689 2708 tortasse,
712 2633 799 2716 quud
822 2633 943 2697 homini
961 2633 1092 2696 homine
1107 2633 1270 2716 pulchrius
1285 2634 1363 2697 nihil
1378 2634 1512 2698 videtur.
1548 2636 1610 2700 Sed
1626 2645 1659 2701 tn
1673 2638 1744 2716 boc,

409 2730 556 2816 physice,
583 2749 647 2792 non
669 2728 773 2802 vides,
801 2747 897 2811 quam
924 2728 1041 2791 blanda
1068 2726 1265 2791 conciliatrix
1287 2736 1320 2790 et
1343 2727 1436 2812 quasi
1459 2729 1508 2792 sui
1531 2729 1573 2793 sit
1594 2730 1667 2794 lena
1688 2750 1782 2798 na-te

407 2829 504 2890 turai
536 2824 587 2885 An
609 2830 702 2905 putas
724 2822 820 2885 ullam
844 2843 915 2884 esse
938 2829 1021 2885 terra
1043 2822 1187 2906 marique
1209 2821 1352 2896 beluam,
1375 2840 1457 2906 quae
1472 2843 1538 2886 non
1553 2823 1602 2885 sui
1618 2825 1744 2906 generis

407 2919 503 2984 belua
530 2916 667 2980 maxime
696 2914 896 2979 delectetur?
938 2916 1033 2991 Quod
1059 2916 1094 2979 ni
1124 2916 1168 2978 ita
1191 2925 1288 2991 esset,
1317 2936 1374 2979 cur
1395 2937 1460 2980 non
1483 2918 1612 3000 gestiret
1633 2926 1745 2984 teurm

409 3033 514 3097 equae
537 3011 802 3085 contrectatione,
825 3028 927 3093 equus
949 3013 1088 3073 vaccaei
1112 3030 1151 3072 an
1174 3018 1208 3073 tn
1231 3009 1369 3094 aquilum
1391 3019 1448 3075 aut
1468 3010 1592 3075 leonem
1607 3020 1663 3075 aut
1677 3011 1745 3077 dcl-

408 3108 543 3193 pbinum
564 3104 661 3168 ullam
684 3104 840 3167 anteferre
863 3124 972 3168 censes
993 3105 1128 3188 figuram
1150 3108 1254 3167 suaet
1277 3101 1361 3179 Quid
1377 3104 1472 3186 igitur
1485 3105 1615 3181 mirum,
1637 3106 1665 3171 si
1684 3106 1746 3171 boc

410 3202 524 3268 eodem
548 3198 643 3263 modo
665 3198 788 3261 homini
811 3207 923 3262 natura
944 3198 1165 3283 praescripsit,
1188 3206 1223 3260 nt
1244 3195 1324 3259 nihil
1346 3197 1510 3279 pulchrius
1524 3219 1620 3282 qnam
1642 3198 1785 3270 bonai-so

409 3317 483 3362 nem
506 3300 633 3377 putaret
657 3288 739 3376 [cam
762 3313 832 3356 esse
855 3311 998 3367 eausam,
1021 3312 1077 3354 cur
1100 3291 1179 3354 deos
1200 3290 1365 3354 bominum
1387 3292 1500 3355 similia
1522 3287 1746 3378 putaremus]l

495 3386 547 3450 78.
570 3386 655 3461 Quid
678 3406 807 3462 censes,
830 3387 857 3449 si
880 3387 960 3449 ratio
984 3395 1069 3449 esset
1091 3387 1124 3448 in
1145 3385 1274 3449 heluisi
1303 3406 1365 3449 nan
1388 3405 1446 3450 suo
1470 3406 1614 3470 quasque
1636 3390 1746 3471 generi

410 3485 581 3572 plurimum
603 3476 775 3543 tributuras
796 3480 922 3544 suisset
964 3482 1111 3543 xxviii.
1134 3483 1175 3543 At
1188 3500 1238 3543 me
1253 3478 1383 3544 hercule
1398 3501 1458 3563 ego
1474 3514 1517 3528 -
1531 3481 1634 3546 dicam
1651 3484 1747 3558 eninr,

410 3589 446 3646 ut
465 3579 569 3643 sentio
585 3610 642 3649 -,
665 3575 811 3659 quamvis
833 3595 935 3638 amem
958 3576 1028 3658 ipse
1050 3594 1115 3649 me,
1139 3582 1243 3638 tamen
1265 3595 1330 3637 non
1348 3574 1450 3639 audeo
1465 3575 1570 3638 dicere
1585 3577 1748 3660 pulchrio-

410 3695 476 3737 rem
508 3691 580 3735 esse
610 3690 675 3743 me,
704 3690 798 3752 quam
827 3668 881 3733 ille
906 3670 1004 3734 tuerit
1033 3678 1156 3745 taurus,
1180 3668 1235 3753 qni
1258 3670 1347 3732 vexit
1368 3671 1547 3753 Europam
1574 3690 1639 3757 non
1662 3671 1786 3739 enimse

411 3767 567 3834 hocloco
590 3763 630 3829 de
652 3765 788 3848 ingeniis
810 3772 866 3828 aut
887 3764 927 3829 de
949 3764 1145 3827 orationibus
1167 3764 1300 3838 nocuis,
1322 3763 1379 3826 sed
1402 3764 1441 3826 de
1460 3765 1567 3847 specie
1583 3761 1754 3848 ligareque

411 3863 586 3947 qnaedtur.
624 3858 720 3934 Quod
743 3860 770 3921 si
793 3856 910 3941 tingere
932 3857 1026 3921 nobis
1049 3866 1082 3921 et
1103 3858 1237 3939 iungere
1257 3856 1375 3920 formes
1399 3857 1550 3933 velimus,
1572 3858 1678 3943 qualis
1692 3857 1748 3922 ille

410 3955 584 4019 maritimus
605 3954 715 4015 Triton
737 3954 893 4037 pingitur,
919 3952 1100 4016 natantibus
1121 3951 1273 4016 invehens
1296 3951 1399 4016 beluis
1422 3952 1582 4018 adiunctis
1604 3954 1745 4018 humano

411 4048 551 4132 corpori,
572 4046 655 4111 nolis
678 4067 761 4110 esse.
804 4045 933 4109 Difficili
957 4046 990 4107 in
1013 4046 1084 4110 loco
1107 4066 1236 4123 versor3
1261 4055 1309 4110 est
1327 4047 1411 4110 enirn
1433 4049 1585 4112 sistente
1605 4056 1747 4124 naturae,

411 4152 446 4206 ut
474 4139 569 4205 homo
600 4160 693 4203 nemo
717 4141 793 4203 velit
821 4141 883 4203 nisi
906 4139 1042 4201 hominis
1064 4140 1178 4203 similis
1201 4161 1280 4204 esse.
1314 4142 1356 4204 Et
1377 4141 1506 4225 quidem
1528 4142 1662 4207 formica
1683 4142 1787 4207 lor-eo

412 4238 521 4300 micae.
560 4231 610 4296 79.
634 4234 696 4297 Sed
723 4243 828 4298 tamen
859 4234 948 4296 cuius
977 4232 1139 4296 hominist
1172 4243 1290 4317 quotus
1318 4236 1402 4298 enim
1424 4238 1563 4320 quisque
1593 4235 1749 4299 formosus

413 4333 483 4394 esti
516 4328 649 4391 Athenis
671 4350 743 4391 cum
767 4349 883 4401 essem,
908 4349 925 4390 e
948 4328 1096 4410 gregibus
1120 4324 1313 4411 epheborum
1329 4330 1383 4391 vix
1406 4330 1522 4411 singuli
1546 4329 1750 4411 reperieban-

412 4435 472 4489 tur.
507 4424 608 4485 Video
638 4423 715 4507 quid
745 4422 913 4496 adriseris,
943 4422 997 4484 sed
1027 4422 1070 4484 ite
1098 4430 1207 4483 tamen
1232 4442 1266 4484 sc
1289 4443 1339 4485 res
1361 4423 1465 4485 habet.
1501 4422 1624 4485 Deinde
1646 4422 1750 4496 nobis,

413 4520 468 4604 qui
490 4518 741 4581 concedentibus
766 4514 966 4599 pbilosophis
988 4516 1129 4598 antiquis
1156 4515 1405 4579 adulescentulis
1429 4515 1631 4591 delectamur,
1654 4518 1749 4580 etiam

413 4614 489 4677 vitia
511 4632 607 4694 saepe
630 4611 768 4674 iucunda
791 4618 872 4673 sunt.
910 4612 1033 4673 Naevos
1056 4611 1089 4671 in
1112 4610 1246 4672 articula
1262 4611 1350 4693 pueri
1367 4610 1504 4674 delectat
1519 4612 1680 4674 Alcaeum.
1709 4611 1787 4675 Ales

414 4715 461 4770 est
483 4706 626 4789 corporis
648 4706 772 4768 macula
794 4725 921 4768 naevos.
959 4704 1009 4767 llli
1032 4712 1134 4767 tamen
1164 4705 1225 4765 hoc
1247 4704 1355 4767 lumen
1379 4703 1554 4769 videbatur.
1593 4705 1631 4780 Q.
1655 4706 1751 4768 Catu·

478 4914 503 4962 1.
522 4913 687 4973 iatarmatum
704 4924 770 4961 nos:
792 4910 958 4972 informatum
974 4910 1141 4972 anticipatum
1154 4907 1190 4966 ‘113
1208 4910 1372 4972 infamatum
1389 4910 1641 4973 anticipatamqucO
1661 4936 1689 4947 -
1707 4922 1752 4959 oe·

411 4994 496 5039 currat
512 4990 532 5037 B
552 5015 579 5024 -
598 4989 623 5037 t.
642 4988 709 5049 guod
726 4984 883 5035 Wellrerus:
903 4991 931 5035 ut
947 4984 970 5036 11
985 5011 1010 5021 -
1031 4987 1053 5037 3.
1071 4986 1151 5034 ullum
1167 4987 1185 5034 A
1204 5013 1227 5023 —
1249 4987 1273 5034 a.
1291 4988 1369 5046 possit
1387 4988 1449 5035 ente
1467 4986 1534 5047 qued
1551 4987 1653 5049 ponunt
1669 4984 1751 5034 ACE

415 5090 441 5100 -
459 5064 531 5113 sulla
548 5063 601 5111 alia
619 5065 638 5111 A
650 5062 716 5111 CE:
735 5062 807 5110 uuita
824 5062 851 5110 irs
868 5061 922 5110 alia
939 5062 987 5110 110
1007 5088 1031 5097 -
1053 5061 1175 5123 quidquid
1194 5064 1229 5118 A,
1249 5061 1366 5122 quicquid
1383 5061 1448 5111 (ΣΕ.
1468 5060 1506 5111 Ci.
1522 5061 1553 5109 lll
1571 5059 1586 5123 5
1604 5060 1628 5109 7.
1644 5086 1671 5096 -
1690 5072 1752 5108 cors·

411 5138 496 5188 sidera
513 5137 578 5187 BE:
602 5137 746 5185 consideras
762 5137 831 5191 AC;
856 5136 1037 5186 consideremus
1054 5137 1074 5185 Ο
1093 5162 1120 5172 -
1141 5137 1164 5185 t.
1186 5136 1291 5185 Omnino
1309 5137 1445 5186 Davisius:
1470 5137 1582 5185 munium
1598 5131 1636 5189 11ς
1655 5132 1753 5182 eoam

412 5214 434 5262 0
451 5238 478 5249 -
498 5212 523 5263 8.
542 5214 682 5275 sapientum
699 5212 719 5261 0
739 5238 766 5248 -
785 5212 809 5260 9.
829 5212 1010 5272 imperatorum
1026 5210 1056 5261 11ι
1073 5238 1107 5248 -
1124 5212 1165 5260 11.
1185 5212 1275 5259 audire
1292 5211 1311 5260 C
1332 5235 1360 5246 -
1380 5208 1419 5260 11.
1438 5209 1500 5260 nihil
1513 5209 1643 5273 pulchrius
1659 5207 1709 5257 EO
1724 5232 1751 5243 -

411 5291 510 5340 atdaur
531 5290 735 5340 Schoemannus
758 5288 818 5352 (qui
841 5287 953 5337 alteram
977 5300 1054 5336 suam
1078 5285 1295 5336 emendationem
1316 5284 1449 5335 uidebatur
1467 5284 1613 5349 praetulitl:
1634 5283 1754 5332 uideatur

413 5364 466 5416 ao
486 5392 513 5403 -
533 5367 572 5414 15.
592 5365 717 5414 blaach
738 5391 764 5400 -
784 5370 807 5413 ct
823 5377 900 5426 quam
916 5361 995 5413 msa
1016 5389 1041 5398 -
1066 5363 1123 5412 lana
1141 5365 1284 5424 (superser.
1303 5361 1331 5419 isi
1350 5360 1388 5419 li3
1411 5361 1460 5410 imi
1477 5360 1530 5410 aE
1551 5386 1575 5396 -
1598 5358 1637 5408 ts.
1657 5368 1754 5418 aequas

414 5442 433 5490 A
455 5466 481 5476 —
501 5452 579 5499 asqus
595 5442 615 5489 A
637 5466 661 5475 -
682 5441 722 5489 10.
741 5445 770 5489 ut
786 5453 844 5503 sup.
859 5438 939 5489 lint
956 5466 982 5473 -
1002 5440 1043 5488 tl.
1062 5451 1118 5488 cam
1135 5433 1452 5497 csse-·putarsmusdel.
1466 5433 1620 5495 lladvigius.
1641 5430 1752 5481 «Addita

413 5517 476 5565 sunt
497 5527 560 5564 cum
583 5527 680 5577 magno
699 5517 847 5564 sententiae
870 5514 1040 5572 detrimento,
1065 5526 1127 5563 cnm
1152 5525 1203 5562 non
1228 5509 1420 5572 intelligeretur
1440 5521 1504 5559 usus
1522 5505 1666 5558 lormulee:
1692 5506 1754 5568 quid

412 5592 494 5653 igitur
509 5591 618 5651 mirum,
636 5591 658 5640 si
675 5593 744 5640 cet.»
764 5590 802 5640 ct.
822 5590 991 5639 Schoemenn
1010 5590 1078 5639 Diss.
1099 5590 1119 5637 ll
1138 5601 1163 5652 p.
1178 5585 1219 5635 23.
1238 5611 1266 5621 -
1285 5586 1326 5635 th.
1345 5586 1445 5634 macrii
1462 5583 1505 5646 (rit
1521 5584 1549 5633 ln
1566 5583 1668 5643 rasura)
1686 5582 1706 5631 li
1722 5606 1751 5617 -

412 5667 454 5715 st.
473 5666 624 5715 callimusA
645 5690 672 5700 -
696 5665 736 5713 29.
755 5677 860 5726 corpore
877 5664 955 5714 ABE
976 5691 1002 5701 —
1021 5661 1166 5725 difficilisc
1187 5688 1213 5697 -
1236 5660 1277 5709 30.
1295 5660 1366 5709 uellit
1382 5659 1480 5723 (priore
1497 5657 1507 5705 l
1524 5657 1665 5722 expuncta)
1682 5658 1703 5707 A
1724 5683 1752 5695 -

412 5740 507 5789 homini
527 5741 578 5790 Al]
603 5766 629 5775 -
657 5745 717 5789 essct
739 5741 758 5789 e
778 5765 804 5775 -
831 5740 941 5801 formica
959 5752 1013 5789 om.
1034 5741 1082 5789 AC
1110 5762 1136 5774 -
1165 5737 1205 5787 31.
1224 5737 1367 5799 summum
1385 5735 1442 5798 (litt.
1460 5748 1477 5782 s
1495 5734 1635 5796 expuncta)
1653 5733 1703 5784 AB
1723 5759 1751 5770 -

413 5816 454 5866 35.
474 5817 585 5865 iucunda
604 5816 679 5866 A¹B:
706 5816 816 5864 tamuda
834 5815 922 5865 111οΕ
945 5839 972 5851 -
1000 5814 1032 5864 :te
1045 5813 1124 5863 etii.
1143 5825 1238 5862 saeuas
1255 5812 1321 5862 BC:
1339 5823 1415 5861 acuas
1431 5809 1481 5859 Ali
1500 5810 1538 5870 (ln
1558 5808 1605 5857 AB
1624 5809 1753 5859 termina-

413 5891 626 5955 tionlsuperscr.
640 5892 681 5955 “li
700 5904 796 5945 curvus
811 5891 832 5948 0
846 5915 874 5929 ··
892 5890 924 5946 At
939 5891 983 5960 cst]
1001 5890 1036 5943 cd
1052 5894 1088 5943 ac
1103 5892 1124 5944 A
1139 5915 1164 5925 -
1183 5887 1225 5941 36.
1243 5887 1289 5940 boc
1305 5886 1416 5938 carnin
1432 5884 1548 5937 11111-
1567 5884 1668 5950 gelatus
1684 5881 1750 5938 Ι-
