4342 7459
662 1249 731 1310 nn.
753 1247 777 1309 1.
810 1244 884 1308 cn.
906 1235 1232 1307 xxxv-xxxvi.
1261 1241 1308 1327 §s
1330 1239 1481 1306 ar-ar.
1680 1238 1742 1304 aar

410 1428 537 1471 sensum
568 1406 675 1469 amisit
703 1405 869 1467 malorum.
913 1402 964 1465 86.
988 1404 1157 1485 Pompeio,
1185 1411 1294 1467 nostro
1324 1402 1487 1477 familiari,
1516 1422 1585 1464 cum
1609 1402 1745 1482 graviter

410 1509 588 1582 aegrotaret
617 1501 768 1585 Neapoli,
801 1499 915 1561 melius
944 1508 994 1561 est
1021 1499 1149 1562 factum.
1194 1497 1342 1560 Coronati
1374 1497 1575 1578 Neapolitani
1604 1494 1744 1569 fuerunt,

410 1595 558 1657 nimirum
588 1594 683 1656 etiam
707 1594 888 1664 Puteolani,
917 1594 1009 1674 volgo
1032 1613 1073 1653 ex
1096 1591 1224 1673 oppidis
1247 1591 1374 1673 publice
1395 1590 1648 1673 gratulabantur:
1677 1591 1745 1651 ine·

411 1700 497 1771 ptum
520 1707 597 1750 sane
618 1687 780 1769 negotium
803 1695 834 1748 et
856 1685 1061 1759 Graeculum,
1084 1679 1141 1748 sed
1160 1693 1264 1748 tamen
1280 1685 1485 1748 fortunatum.
1514 1683 1623 1745 Utrum
1638 1682 1745 1764 igitur,

409 1783 435 1844 si
458 1791 524 1844 tum
547 1789 632 1844 esset
653 1781 828 1852 extinctus,
859 1799 878 1841 a
907 1778 1000 1842 bonis
1023 1780 1117 1842 rebus
1140 1799 1180 1841 an
1202 1798 1221 1841 a
1244 1778 1335 1841 malis
1358 1778 1578 1840 discessisset?
1612 1775 1704 1839 Certe
1726 1783 1766 1837 al

409 1874 543 1937 miseris.
581 1876 650 1937 Non
680 1875 764 1935 enim
791 1892 863 1935 cum
892 1892 1002 1935 socero
1031 1872 1149 1936 bellum
1178 1873 1345 1955 gessisset,
1376 1892 1441 1934 non
1470 1874 1632 1953 inparatus
1657 1887 1744 1931 arma

408 1968 609 2050 sumpsisset,
633 1987 696 2029 non
719 1967 848 2029 domum
870 1966 1072 2049 reliquisset,
1095 1983 1162 2028 non
1184 1987 1223 2028 ex
1247 1965 1338 2028 ltalia
1351 1963 1500 2047 fugisset,
1523 1983 1587 2026 non
1603 1964 1745 2025 exercitu

407 2062 524 2124 amisso
548 2060 653 2122 nudus
673 2060 707 2121 in
722 2078 886 2122 serrorum
901 2056 1020 2121 ferrum
1035 2069 1067 2121 et
1086 2074 1199 2121 manus
1214 2059 1394 2132 incidisset,
1417 2052 1493 2142 [non
1508 2056 1598 2119 liberi
1614 2051 1743 2138 defleti]

408 2175 473 2216 nou
506 2153 653 2217 fortunae
687 2173 798 2215 omnes
820 2171 838 2214 a
860 2153 1033 2215 victoribus
1061 2153 1312 2236 possiderentur.
1357 2150 1437 2226 Qui,
1467 2150 1494 2213 si
1523 2158 1655 2213 mortem
1676 2158 1744 2211 tum

408 2249 543 2320 obisset,
573 2248 607 2309 in
636 2246 841 2328 amplissimis
869 2243 1003 2308 fortunis
1031 2245 1216 2319 occidisset,
1243 2251 1271 2309 is
1299 2245 1528 2327 propagatione
1551 2243 1633 2306 uitae
1656 2250 1783 2326 quot,to

408 2352 560 2425 quantas,
590 2360 686 2424 quam
716 2338 912 2402 incredibilia
942 2339 1051 2402 bausit
1081 2340 1297 2402 calamitates!
1349 2338 1496 2399 XXXVI.
1531 2338 1617 2399 Haec
1643 2346 1745 2399 morte

408 2436 616 2518 effugiuntur,
640 2435 735 2497 etiam
762 2434 790 2495 si
813 2453 877 2494 non
900 2443 1087 2505 evenerunt,
1114 2444 1235 2507 tamen,
1255 2433 1331 2516 quia
1352 2440 1488 2516 possunt
1509 2431 1657 2507 evenirc;
1689 2431 1745 2493 sed

407 2529 554 2592 bomines
584 2548 623 2590 ea
655 2526 716 2589 sibi
737 2526 883 2589 accidere
912 2546 1008 2608 posse
1031 2546 1097 2588 non
1119 2527 1274 2608 cogitant:
1305 2524 1425 2589 Metelli
1447 2532 1554 2607 sperat
1576 2523 1637 2587 sibi
1659 2524 1746 2606 quis·

409 2643 469 2706 que
491 2622 671 2692 fortunam,
695 2619 827 2702 perinde
849 2619 940 2702 quasi
963 2629 1018 2681 aut
1040 2617 1147 2703 plures
1170 2618 1322 2683 fortunati
1344 2620 1409 2682 sint
1422 2638 1517 2701 quam
1535 2616 1677 2679 infelices
1691 2624 1746 2679 aul
1783 2617 1784 2622 ’

407 2716 484 2779 certi
509 2717 682 2798 quicquam
707 2713 749 2775 sit
780 2713 815 2775 in
836 2712 932 2776 rebus
958 2712 1106 2775 humanis
1132 2722 1188 2775 aut
1213 2733 1342 2795 sperare
1368 2713 1410 2776 sit
1435 2711 1623 2795 prudentius
1649 2730 1744 2795 quam
1754 2726 1783 2772 ts

408 2810 529 2872 timere.

492 2898 545 2963 87.
570 2902 632 2964 Sed
655 2901 717 2964 boc
739 2901 843 2983 ipsum
866 2900 1078 2975 concedatur,
1100 2901 1193 2964 bonis
1215 2901 1310 2964 rebus
1331 2900 1477 2964 homines
1492 2905 1593 2963 morte
1610 2900 1744 2983 privari:

412 3015 485 3077 ergo
510 2996 606 3058 etiam
629 3014 737 3058 carere
760 3004 899 3057 mortuos
923 2996 1005 3057 ritae
1027 2995 1204 3058 commodis
1233 2995 1331 3077 idque
1353 3014 1423 3058 esse
1446 2995 1618 3057 miserum?
1653 2993 1745 3057 Certe

410 3089 451 3149 ita
475 3088 584 3150 dicant
607 3109 738 3151 necesse
761 3098 818 3150 est.
855 3091 904 3150 An
927 3098 1030 3169 potest
1051 3090 1093 3160 is,
1117 3090 1170 3169 qui
1192 3095 1336 3162 nonest,
1359 3109 1393 3150 re
1408 3089 1474 3151 ulla
1490 3091 1617 3150 careret
1641 3088 1744 3150 Triste

409 3183 490 3244 enim
521 3191 570 3244 est
593 3203 709 3243 nomen
739 3184 843 3264 ipsum
867 3181 1013 3254 carendi,
1044 3182 1118 3264 quia
1147 3181 1300 3243 subicitur
1328 3180 1408 3245 baec
1430 3182 1495 3244 vis:
1523 3180 1651 3254 babuit,
1679 3196 1783 3243 nonro

410 3274 520 3348 babet;
544 3274 722 3349 desiderat,
752 3277 902 3358 requirit,
932 3275 1062 3357 indiget.
1099 3274 1201 3347 Haec,
1223 3275 1355 3356 opinor,
1377 3275 1576 3338 incommoda
1597 3282 1672 3338 sunt
1693 3294 1746 3336 ca·

410 3371 527 3433 tentis:
550 3380 637 3432 caret
659 3369 777 3442 oculis,
800 3370 912 3432 odiosa
934 3369 1088 3444 caecitas;
1112 3369 1235 3441 liberis,
1258 3368 1389 3431 orbitas.
1426 3368 1517 3431 Valet
1531 3368 1593 3430 boc
1607 3368 1641 3430 in
1656 3368 1745 3442 vivis,

411 3687 556 3736 certissima
575 3684 763 3735 emendatione
778 3685 807 3734 Η.
821 3685 947 3748 Stephani
961 3689 988 3733 et
1000 3684 1124 3734 Bentleii:
1143 3684 1237 3734 talem
1253 3689 1366 3734 comtum
1376 3685 1477 3734 mnino
1488 3686 1609 3735 omisisset
1620 3685 1636 3735 i,
1650 3699 1675 3735 e.
1689 3689 1744 3738 tam

411 3761 550 3811 uiolentam
574 3762 651 3811 istam
670 3763 697 3809 et
714 3762 882 3810 miseriarum
903 3759 1010 3824 plenum
1028 3762 1144 3809 mortem
1161 3759 1313 3822 effugisset,
1335 3761 1424 3823 itaque
1442 3759 1536 3810 melius
1553 3762 1577 3812 ei
1595 3764 1744 3823 evenisset3

410 3837 439 3885 cl.
458 3836 473 3899 5
491 3836 537 3885 86:
561 3837 622 3886 doec
640 3835 728 3897 [mola]
745 3843 825 3885 morie
842 3838 1007 3899 effupiuntur,
1025 3837 1101 3884 etium
1118 3837 1140 3885 si
1156 3848 1206 3885 non
1223 3840 1372 3896 emerunt,-
1394 3841 1477 3885 tomen
1493 3837 1555 3896 quio
1566 3844 1674 3899 possuit
1687 3854 1747 3891 eoa

409 3911 467 3960 nire
488 3911 593 3969 (Cicero
611 3910 755 3960 verborum
775 3911 894 3974 quodam
912 3911 970 3961 lusu
988 3912 1103 3961 omittere
1120 3910 1253 3961 inmitem
1271 3911 1367 3960 eventu
1386 3910 1451 3960 dixit
1466 3908 1587 3962 similiter
1602 3916 1683 3978 atque
1699 3928 1747 3966 co-

408 3998 461 4035 rere
477 3986 503 4034 in
521 3985 597 4033 motis
614 3986 693 4036 etiam
712 3986 823 4041 diction
849 3985 882 4035 ct.
902 3985 917 4049 5
934 3986 985 4044 88ss]
1013 3988 1067 4035 tam
1085 3984 1220 4048 sequitur:
1245 3984 1291 4033 boe
1306 3988 1391 4034 cutem
1407 3990 1516 4047 tempore
1531 3986 1548 4036 i.
1562 3999 1586 4036 e.
1605 4000 1668 4039 cum
1685 3992 1747 4051 post

409 4063 443 4109 lot
459 4064 602 4123 mutasque
621 4060 785 4110 calamitates
804 4061 912 4110 haustas
923 4058 1066 4110 violentam
1080 4064 1195 4109 mortem
1209 4058 1287 4116 obiit,
1306 4061 1355 4110 etsi
1368 4054 1485 4111 deterius
1497 4061 1521 4110 ei
1533 4063 1636 4123 evenit,
1655 4067 1745 4116 tamen

409 4148 501 4183 ussum
518 4142 598 4183 eoosrt
615 4136 755 4195 moturum,
775 4148 858 4199 quare
877 4135 926 4184 ista
938 4137 963 4183 vi
983 4134 1044 4184 nibil
1062 4140 1115 4183 tuni
1128 4134 1213 4198 potuit
1225 4135 1248 4183 ei
1261 4132 1356 4184 melius
1368 4134 1518 4184 occideres
1536 4137 1579 4187 W.
1598 4137 1744 4204 (occidisset,

409 4217 517 4258 neutum
534 4211 635 4257 anserino
652 4212 785 4270 omisisset,
804 4212 849 4258 boc
867 4217 951 4260 outein
968 4215 1079 4271 ternpore
1095 4223 1191 4259 sensum
1203 4215 1285 4257 tonreu
1298 4210 1382 4258 ambit
1392 4208 1489 4259 Kellios
1502 4213 1620 4271 Quaestt.
1634 4215 1743 4268 tullian.

409 4285 481 4345 spec.
499 4298 524 4347 p.
541 4284 628 4347 xvii.)
650 4312 673 4318 -
704 4287 727 4333 Ξ,
746 4287 935 4348 cepi-otossetO
957 4313 981 4320 -
1007 4285 1031 4333 3.
1049 4284 1131 4347 volpo]
1153 4285 1247 4346 possim
1269 4283 1343 4347 uotqo
1366 4284 1385 4333 ll
1405 4311 1431 4322 -
1455 4285 1480 4335 l.
1498 4287 1664 4354 fortunatum]
1684 4292 1743 4355 syll.

409 4365 457 4406 tiam
474 4372 612 4421 superscr.
633 4363 781 4409 atramento
799 4359 934 4424 pallidiore
954 4360 1010 4408 inG
1029 4357 1195 4422 (fortunatum
1212 4357 1388 4409 recidendum
1399 4373 1607 4426 sermonemque
1618 4379 1668 4429 per
1679 4381 1747 4431 apo-

409 4435 521 4497 siopesin
542 4433 575 4480 ita
596 4433 741 4484 finiendum
755 4435 857 4498 putavit
875 4435 1057 4496 llottingcrus:
1077 4435 1187 4495 ineptum
1203 4446 1263 4482 scae
1280 4434 1405 4497 negotium
1422 4440 1445 4483 et
1462 4435 1629 4500 Graeculum;
1645 4445 1688 4492 „a
1704 4448 1746 4493 ω.

409 4510 475 4555 ment
494 4506 545 4556 coll
575 4507 630 4556 Cic.
650 4509 684 4557 de
702 4511 759 4558 Nat.
780 4509 879 4558 decri
898 4509 912 4571 5
930 4509 980 4568 93.)
995 4535 1022 4543 -
1041 4510 1066 4557 a.
1084 4522 1119 4556 ori
1137 4522 1154 4556 o
1170 4506 1253 4570 molis]
1270 4508 1388 4557 animalis
1405 4510 1500 4571 (priore
1517 4508 1601 4562 littera
1620 4516 1629 4562 i
1646 4521 1745 4580 puncto

409 4582 500 4642 deleti)
521 4583 539 4630 a
562 4609 582 4617 -
612 4583 636 4631 Ἰ.
655 4584 813 4644 relinquisset
831 4587 850 4633 G
869 4587 896 4633 et
914 4583 1012 4645 (littero
1030 4598 1047 4630 n
1066 4587 1164 4646 puncto
1184 4584 1284 4642 notate)
1305 4583 1323 4630 a
1341 4607 1369 4616 -
1388 4583 1413 4632 8.
1432 4584 1503 4633 deleti
1520 4586 1550 4635 0.
1568 4589 1743 4653 «Tregderug

409 4659 472 4707 sicul
485 4670 595 4707 omnes:
616 4659 672 4707 Non
683 4686 696 4695 -
706 4686 720 4695 ·
731 4662 855 4722 gessisset,
874 4673 923 4707 ison
934 4684 946 4693 -
956 4684 969 4693 -
980 4659 1130 4718 sumpsisset,
1149 4671 1199 4705 non
1210 4681 1225 4692 ·
1233 4681 1247 4691 ·
1259 4656 1405 4717 reliquisset,
1418 4672 1467 4706 non
1478 4684 1492 4694 -
1502 4686 1515 4695 -
1525 4661 1637 4725 sepiem,
1650 4681 1699 4716 „on
1707 4694 1721 4704 .
1729 4693 1744 4703 .

409 4734 545 4789 incidisset,·
568 4747 618 4780 non
640 4734 711 4782 tiberi
734 4734 827 4797 defleti,
850 4749 899 4782 non
921 4732 1290 4795 (ortunae--possiderentur.
1318 4731 1348 4781 Ut
1370 4732 1489 4781 omitum
1511 4736 1549 4784 sic
1571 4739 1651 4790 etiam
1674 4740 1746 4792 liberi

409 4808 485 4869 tested
503 4818 565 4855 cum
580 4810 769 4868 possiderentur
792 4810 861 4870 iungi
882 4822 970 4872 posse,
991 4823 1042 4859 non
1061 4809 1182 4858 adducor
1199 4807 1371 4866 Ciceronem,
1396 4809 1554 4869 praesertim
1576 4812 1601 4862 in
1619 4813 1661 4863 tali
1679 4799 1752 4866 aness

410 4882 503 4944 phora,
522 4887 601 4930 essent
619 4884 757 4941 omisisse,
778 4883 849 4944 quod
870 4884 987 4933 Reislrius
1007 4884 1079 4934 solus
1093 4887 1164 4944 (onte
1176 4882 1255 4943 deleti)
1273 4882 1335 4931 addi
1349 4880 1437 4932 uoluit.
1458 4884 1497 4934 Cf.
1511 4886 1545 4936 de
1558 4888 1656 4954 ellipsis
1668 4894 1744 4943 verbi

408 4968 455 5005 esse
471 4957 593 5006 terminis
611 4958 715 5020 iladvig
731 4958 746 5020 5
764 4958 822 5015 trs,
841 4973 864 5006 a.
893 4961 931 5007 tle
950 4960 964 5020 ξ
982 4961 1013 5008 99
1032 4960 1155 5021 (odiosum
1171 4964 1216 5007 est
1236 4959 1288 5006 sine
1304 4970 1377 5006 sensu
1392 4970 1450 5007 esse.
1471 4960 1588 5013 Odiosum
1605 4967 1704 5028 (esset),
1724 4972 1745 5019 st

408 5032 527 5081 idesset
544 5033 642 5097 curere)
662 5032 694 5082 cf.
716 5034 769 5083 Fiu.
789 5034 820 5093 11,
838 5035 869 5083 93
886 5035 938 5083 lt'ee
954 5042 1037 5083 tanen
1054 5037 1131 5084 miser
1147 5046 1212 5082 esse
1224 5031 1458 5082 --vtdeoatum
1480 5041 1509 5086 ot
1525 5040 1600 5089 miser
1616 5041 1685 5103 (case
1703 5046 1744 5093 vi.

409 5107 539 5170 deretur).
564 5109 633 5156 si--
646 5110 770 5172 afflueret.
799 5110 902 5172 bladsig
926 5109 960 5158 ad
979 5111 1032 5160 l'm.
1054 5110 1083 5168 V,
1103 5109 1150 5164 63;
1175 5122 1249 5158 meas
1268 5107 1397 5157 Emendd.
1418 5109 1482 5174 Epp.
1503 5125 1527 5175 p.
1548 5114 1603 5163 ⁴28.
1629 5116 1743 5179 Tacitus,

409 5183 489 5241 sicut,
508 5185 638 5245 quantum
657 5185 781 5243 memini,
801 5185 853 5234 iam
872 5186 974 5244 tirius,
996 5198 1048 5234 non
1067 5197 1127 5233 raro
1146 5184 1172 5233 in
1188 5182 1271 5232 altera
1288 5183 1479 5235 sententiarum
1492 5186 1674 5250 copulatarum
1686 5198 1747 5242 ossi

409 5257 518 5319 (eueni),
541 5258 628 5316 [auset
650 5261 760 5315 omittit.
786 5264 814 5309 ut
837 5265 866 5310 Α.
886 5261 904 5317 Ι,
924 5260 955 5309 32
973 5260 1039 5321 quod
1055 5273 1134 5321 neque
1156 5258 1285 5307 disiecti
1303 5258 1412 5323 (essent)
1429 5273 1519 5309 secu
1532 5265 1743 5318 ardescerent.

408 5345 430 5381 c.
449 5336 481 5383 65
499 5333 573 5395 (Cum
583 5359 597 5368 ·
607 5359 620 5369 ·
632 5335 722 5396 occu).
747 5335 801 5394 th,
821 5333 852 5384 lii
870 5335 908 5397 (ut
920 5361 933 5369 -
943 5360 956 5369 -
968 5332 1117 5394 compositi).
1143 5333 1172 5381 ll.
1193 5334 1211 5392 l,
1231 5333 1263 5382 td
1280 5332 1364 5394 (quusi
1375 5359 1410 5369 --
1422 5334 1567 5401 dmulsuri).
1587 5353 1610 5389 c.
1624 5341 1655 5390 79
1666 5342 1745 5402 (tom-

408 5409 607 5467 osom--setix
624 5407 733 5471 (fuisset)
752 5410 965 5472 etuoueisset).
985 5408 1024 5458 Cf.
1044 5411 1073 5457 Α.
1093 5410 1113 5466 t,
1132 5408 1146 5457 7
1165 5408 1204 5469 (tl.
1224 5409 1243 5466 1,
1257 5408 1308 5468 85).
1328 5409 1359 5457 35
1378 5410 1440 5470 (Liv.
1455 5412 1474 5470 l,
1487 5411 1537 5473 59).
1556 5413 1611 5472 Xll,
1629 5415 1669 5466 te.
1688 5415 1742 5474 XV,

409 5480 465 5531 ta·
484 5483 527 5532 W.
554 5484 614 5532 ltibi
639 5483 749 5546 quidem
772 5484 856 5534 verba
877 5499 927 5533 non
948 5483 1020 5532 tiberi
1041 5482 1122 5546 defleti
1143 5481 1260 5532 alienum
1283 5482 1417 5534 emblema
1439 5498 1499 5535 esse
1517 5487 1647 5548 videntur,
1672 5489 1744 5552 quod

409 5558 614 5621 circumscripsi.
639 5560 706 5609 Nam
724 5572 776 5608 non
794 5557 880 5609 solum
899 5561 925 5609 in
943 5556 986 5608 tuli
1004 5559 1141 5621 onapbora
1158 5558 1316 5607 aCicerone
1333 5565 1424 5619 essem,
1443 5561 1591 5623 etquidem
1604 5565 1672 5627 post,
1691 5578 1744 5614 non

409 5636 484 5688 ante,
504 5633 597 5696 defleti.
620 5636 704 5683 omitti
723 5648 775 5683 non
794 5638 912 5699 poterat,
937 5633 985 5684 sed
1004 5637 1029 5684 in
1048 5634 1251 5683 enumeratione
1269 5634 1393 5684 ebronica
1413 5636 1553 5698 Pompeius
1571 5637 1643 5699 prius
1661 5638 1744 5688 inter·

410 5707 493 5757 lectus
515 5721 578 5757 esse
601 5721 683 5772 quam
705 5707 806 5759 liberos
824 5710 966 5758 desseiisse
988 5709 1151 5771 ineptissime
1170 5706 1313 5757 diceretur.
1341 5708 1497 5760 Liberorum
1515 5714 1605 5760 autern
1622 5714 1744 5765 interitus

410 5782 529 5844 (deleti)
548 5782 605 5842 bic,
625 5782 670 5832 ubi
689 5781 853 5833 calamitates
872 5782 906 5832 ab
925 5785 982 5846 ipso
1001 5785 1127 5848 Pompeio
1139 5784 1251 5832 haustae
1263 5788 1430 5844 enarrantur,
1443 5782 1530 5835 locum
1543 5799 1596 5836 non
1607 5786 1697 5838 babet.
1712 5815 1740 5826 —

410 5857 433 5905 9.
450 5870 534 5906 onmes
551 5855 696 5906 nucinum
713 5858 762 5906 on
783 5882 810 5891 -
831 5858 870 5906 lt.
889 5859 1088 5907 evenerintO-
1109 5856 1148 5908 tt.
1163 5859 1301 5921 proindec
1321 5886 1348 5896 -
1368 5860 1441 5921 quasi
1456 5868 1484 5911 ut
1498 5861 1621 5923 plurssC
1641 5889 1668 5901 -
1686 5871 1745 5916 sust

411 5933 473 5983 din
488 5944 598 5993 mura,
616 5931 703 5983 luerat
718 5932 768 5981 slat
785 5956 813 5969 -
832 5932 874 5982 lo.
891 5936 958 5983 certe
973 5933 1032 5983 aa.
