4342 7459
740 1261 885 1327 nam.
913 1259 1169 1328 cmx-xa.
1193 1257 1407 1345 sset-eo.
1679 1255 1743 1325 ser

414 1422 518 1489 culam
532 1442 598 1487 non
611 1419 739 1489 hahere.
770 1422 826 1499 Et,
843 1423 889 1487 usi
905 1422 1018 1486 domus
1033 1422 1167 1507 pulchra
1180 1424 1236 1500 sit,
1251 1423 1473 1507 intellegamus
1489 1442 1559 1487 eam
1574 1422 1740 1497 dominis»

414 1518 534 1604 inquit,
558 1514 770 1582 «aedificatam
793 1536 880 1589 esse,
902 1538 964 1580 non
987 1514 1149 1581 muribus:
1171 1517 1218 1582 sic
1240 1518 1336 1600 igitur
1356 1516 1508 1581 mundum
1531 1518 1662 1581 deorum
1687 1518 1744 1582 do-

413 1633 500 1677 mum
516 1613 698 1677 existimare
713 1611 895 1674 debemus.»
929 1612 975 1673 lta
990 1630 1119 1693 prorsus
1136 1611 1365 1684 existimarem,
1387 1610 1416 1673 si
1429 1610 1519 1674 illum
1534 1608 1744 1689 aedificatum,

411 1725 491 1781 non,
514 1726 610 1790 quem
631 1705 672 1768 ad
693 1704 820 1769 modum
844 1706 982 1779 docebo,
1003 1724 1022 1767 a
1043 1713 1155 1768 natura
1176 1701 1404 1768 conformatum
1426 1712 1580 1789 putarem.

496 1801 552 1863 Xl.
581 1802 622 1863 ht
651 1801 736 1862 enim
760 1789 890 1881 ¹quaerit
916 1799 1001 1882 apud
1030 1799 1277 1883 Xenophontem
1306 1799 1466 1874 Socrates,
1494 1798 1579 1862 unde
1601 1797 1767 1862 animumn

411 1894 655 1979 arripuerimus,
678 1893 705 1957 si
727 1893 834 1957 nullus
855 1892 1005 1956 fueritin
1030 1892 1159 1957 mundo.
1202 1889 1254 1954 27.
1277 1894 1317 1955 Et
1338 1912 1398 1973 ego
1421 1911 1551 1976 quaero,
1572 1894 1659 1955 unde
1674 1911 1744 1955 ora·

411 1991 548 2063 tionem,
577 1988 663 2051 unde
691 2006 858 2061 numeros,
885 1987 971 2051 unde
999 1996 1130 2052 cantus:
1161 1984 1222 2050 nisi
1245 2005 1320 2048 vero
1343 1986 1433 2069 loqui
1454 1985 1554 2050 solem
1575 2005 1647 2049 oum
1670 1988 1745 2050 luna

410 2091 575 2168 putamus,
603 2102 675 2145 cum
705 2082 837 2165 propius
865 2084 1049 2155 accesserit,
1079 2089 1134 2145 aut
1162 2080 1202 2144 ad
1225 2080 1422 2143 harmoniam
1445 2100 1559 2144 canere
1580 2081 1745 2156 mnndum,

412 2185 447 2241 ut
459 2178 655 2260 Pythagoras
670 2174 841 2238 existimat.
873 2176 1010 2237 Naturae
1029 2176 1194 2249 istasunt,
1216 2174 1329 2246 Balbe,
1353 2182 1485 2237 naturae
1498 2193 1562 2237 non
1576 2171 1745 2238 artificiose

410 2271 617 2342 ambulantis,
651 2276 686 2332 ut
712 2270 757 2331 ait
786 2273 885 2343 Zeno,
918 2268 1005 2351 quod
1027 2269 1156 2353 quidem
1184 2269 1279 2352 quale
1306 2270 1346 2332 sit
1377 2269 1439 2332 iam
1467 2268 1660 2341 videbimus,
1688 2266 1782 2334 seon

411 2365 516 2428 omnia
538 2363 652 2426 cientis
674 2368 707 2425 et
728 2362 876 2444 agitantis
898 2362 1035 2425 motibus
1058 2371 1090 2425 et
1118 2363 1344 2426 mutationibus
1366 2364 1443 2425 suis.
1485 2359 1537 2425 28.
1559 2364 1671 2445 ltaque
1691 2361 1745 2424 ille

411 2458 489 2521 mihi
518 2457 664 2541 placebat
691 2456 793 2518 oratio
816 2455 856 2519 de
879 2457 1100 2521 convenientia
1123 2476 1345 2540 consensuque
1367 2465 1512 2533 naturae,
1535 2476 1630 2540 quam
1652 2456 1745 2540 quasi

410 2553 632 2635 cognationem
654 2550 868 2614 continuatam
891 2552 1072 2634 conspirare
1094 2551 1228 2615 dicebas.
1265 2549 1347 2614 Illud
1369 2571 1435 2613 non
1450 2550 1634 2634 probabam,
1657 2548 1746 2630 quod

410 2646 549 2730 negabas
571 2645 604 2707 id
627 2644 772 2708 accidere
794 2645 952 2728 potuisse,
975 2645 1036 2707 nisi
1051 2665 1089 2709 ea
1105 2665 1169 2709 uno
1186 2645 1294 2709 divino
1309 2645 1424 2727 spiritu
1439 2646 1665 2708 contineretur.
1687 2642 1746 2704 llla

409 2760 486 2806 vero
509 2738 661 2803 cohaeret
675 2746 708 2803 et
728 2746 893 2822 permanet
906 2746 1037 2801 naturae
1052 2739 1188 2815 viribus,
1210 2759 1275 2803 non
1290 2739 1438 2814 deorum,
1457 2746 1568 2822 estque
1583 2739 1616 2801 in
1631 2756 1670 2801 ea
1684 2738 1783 2801 istaut

409 2834 501 2920 qnasi
517 2851 704 2905 consensus,
724 2851 819 2916 quam
833 2832 1044 2914 capacitates
1058 2832 1171 2896 Graeci
1185 2841 1310 2907 vocant,
1333 2833 1390 2897 sed
1406 2854 1454 2906 ea,
1476 2853 1541 2917 quo
1557 2852 1615 2898 sua
1630 2839 1745 2915 sponte

408 2928 511 2992 maior
534 2932 596 3000 est,
619 2944 658 2989 eo
681 2927 785 2988 minus
807 2926 913 2988 divim
934 2925 1057 2989 ratione
1079 2923 1146 2989 lieri
1169 2927 1380 2991 existimanda
1402 2936 1462 2992 est.

493 3021 566 3084 llll.
587 3016 639 3081 29.
667 3019 724 3082 llla
750 3027 872 3095 autem,
908 3038 990 3102 quae
1014 3020 1193 3083 Carneades
1214 3020 1391 3094 adferebat,
1423 3042 1518 3105 quem
1545 3022 1585 3086 ad
1615 3019 1745 3084 modum

408 3114 608 3182 dissolvitis?
630 3115 657 3177 si
678 3113 802 3176 nullum
825 3132 941 3196 corpus
962 3114 1131 3177 inmortale
1145 3116 1201 3186 sit,
1223 3114 1347 3179 nullum
1363 3133 1433 3178 esse
1448 3134 1565 3198 corpus
1579 3114 1746 3200 sempiten

408 3232 505 3285 num;
536 3226 654 3290 corpus
676 3214 780 3272 autem
803 3207 970 3271 inmortale
992 3206 1115 3270 nullum
1138 3226 1223 3280 esse,
1250 3227 1290 3270 ne
1311 3207 1511 3272 individuum
1534 3207 1664 3292 quidem
1685 3222 1783 3270 necat

408 3303 498 3391 quod
519 3300 625 3365 dirimi
647 3300 819 3363 distrahive
847 3320 913 3364 non
935 3301 1045 3383 possit.
1083 3299 1227 3383 Cumque
1250 3320 1344 3363 omne
1366 3302 1482 3366 animal
1504 3301 1667 3385 patibilem
1688 3318 1746 3362 na·

408 3407 512 3463 turam
532 3395 664 3468 habeat,
686 3394 810 3457 nullum
832 3401 881 3457 est
903 3414 1027 3468 eorum,
1050 3393 1138 3477 quod
1154 3395 1283 3477 effugiat
1297 3395 1473 3480 accipiendi
1490 3394 1610 3478 aliquid
1625 3393 1746 3457 extrin·
1818 3422 1822 3439 ·

410 3511 519 3566 necue,
541 3489 575 3553 id
598 3496 647 3552 est
668 3489 760 3571 quasi
782 3487 906 3552 serendi
923 3495 955 3550 et
968 3488 1126 3572 patiendi,
1148 3488 1386 3565 necessitatem,
1409 3495 1453 3563 et,
1476 3490 1503 3553 si
1518 3508 1612 3552 omne
1627 3485 1746 3551 animal

408 3586 472 3651 tale
493 3591 559 3658 est,
586 3582 754 3646 inmortale
775 3582 898 3646 nullum
921 3589 979 3645 est.
1015 3583 1101 3663 Ergo
1123 3582 1250 3656 itidem,
1280 3583 1307 3647 si
1330 3602 1424 3647 omne
1445 3582 1562 3646 animal
1584 3580 1685 3646 secari
1708 3600 1745 3644 ac

410 3679 510 3745 dividi
539 3684 659 3761 potest,
691 3676 814 3740 nullum
845 3683 893 3739 est
915 3695 1025 3739 eorum
1047 3675 1266 3750 individuum,
1294 3677 1417 3739 nullum
1442 3685 1625 3752 aeternum3
1657 3676 1783 3760 atquisa

408 3794 501 3838 omne
528 3772 646 3837 animal
677 3770 718 3833 ad
747 3769 966 3854 accipiendam
989 3768 1052 3833 vim
1076 3778 1240 3833 externam
1264 3778 1297 3833 et
1324 3769 1488 3835 ferundam
1510 3779 1653 3854 paratum
1676 3778 1744 3835 est:

409 3867 543 3933 mortale
572 3866 670 3947 igitur
698 3884 791 3928 omne
819 3864 936 3926 animal
965 3872 995 3927 ct
1018 3864 1205 3927 dissolubile
1229 3872 1261 3928 et
1284 3865 1449 3929 dividuum
1471 3866 1513 3929 sit
1533 3884 1664 3928 necesse
1686 3871 1745 3928 est.

408 3960 460 4026 30.
482 3962 524 4025 Ut
545 3960 640 4032 enim,
664 3959 690 4021 si
714 3957 817 4021 omnis
840 3977 912 4019 cera
934 3958 1167 4021 commutabilis
1190 3967 1288 4033 esset,
1310 3959 1389 4022 nihil
1406 3967 1490 4023 esset
1506 3978 1643 4033 cereum,
1658 3957 1745 4042 quod

408 4054 598 4122 commutari
621 4071 686 4114 non
709 4059 833 4135 posset,
855 4052 931 4114 item
953 4052 1033 4115 nihil
1056 4057 1255 4133 argenteum,
1277 4054 1357 4116 nibil
1380 4073 1532 4127 aeneum,
1555 4054 1582 4117 si
1605 4071 1745 4115 commu-

408 4147 516 4216 tabilis
540 4157 625 4211 esset
642 4155 753 4209 natura
768 4146 889 4227 argenti
906 4154 938 4208 et
951 4148 1034 4209 aeris
1048 4170 1056 4223 3
1081 4146 1226 4209 similiter
1242 4148 1352 4229 igitur,
1376 4148 1403 4210 si
1419 4148 1539 4222 omnia,
1562 4166 1644 4231 quae
1660 4153 1783 4214 enabat

409 4266 427 4307 e
450 4243 564 4327 quibus
588 4247 701 4305 cuncta
724 4247 882 4313 constant,
905 4241 1068 4302 mutabilia
1091 4248 1183 4313 sunt,
1204 4241 1325 4304 nullam
1341 4261 1458 4323 corpus
1473 4260 1543 4304 esse
1558 4249 1665 4323 potest
1678 4259 1744 4303 nou

409 4337 579 4410 mutabile3
602 4334 766 4396 mutabilia
788 4342 892 4396 autem
916 4342 991 4395 sunt
1012 4334 1081 4407 illa,
1105 4354 1145 4395 ex
1168 4336 1284 4416 quibus
1299 4335 1405 4398 omnia
1421 4343 1582 4409 coustant,
1604 4341 1641 4414 pt
1655 4333 1744 4397 vobis

409 4430 553 4494 ridetur:
576 4448 670 4493 omne
693 4429 790 4511 igitur
812 4448 926 4511 corpus
949 4428 1099 4490 mutabile
1122 4434 1179 4490 est.
1211 4430 1252 4492 at
1274 4430 1299 4492 si
1322 4438 1407 4492 esset
1422 4448 1535 4514 corpus
1550 4428 1682 4511 aliquod
1698 4430 1745 4491 in·

473 4692 497 4741 2.
517 4690 668 4753 maantam
685 4692 705 4738 ll
727 4715 750 4725 -
777 4689 890 4738 muribus
907 4702 975 4740 corr,
995 4704 1027 4740 ex
1043 4689 1190 4739 meribaal
1217 4716 1244 4727 -
1269 4689 1293 4739 3.
1313 4690 1473 4753 aedificatum
1490 4689 1645 4740 ACEPV:
1672 4689 1744 4739 aedt-

406 4768 512 4831 flcntum
527 4779 579 4815 esse
595 4766 646 4816 ΒΟ
666 4790 693 4801 -
714 4764 734 4815 l.
755 4777 772 4813 a
790 4778 844 4814 om.
864 4765 941 4814 CEP
961 4791 988 4801 -
1012 4766 1189 4828 confirmatam
1205 4764 1345 4814 ARCEV
1365 4791 1390 4801 -
1410 4766 1435 4814 d.
1454 4765 1568 4813 animam
1584 4763 1694 4814 ARCE
1714 4791 1741 4801 -

408 4842 636 4891 9.sabistimath
657 4846 812 4889 -naturae
833 4846 927 4898 stem
951 4845 1046 4889 natura
1062 4841 1125 4888 istas
1142 4840 1160 4888 B
1180 4864 1206 4873 -
1230 4839 1314 4889 sintC
1335 4861 1362 4874 -
1383 4840 1422 4890 tl.
1441 4840 1540 4889 manus
1555 4839 1695 4889 ACEPV
1715 4867 1742 4876 -

410 4917 450 4966 43.
470 4917 583 4966 oratione
600 4915 630 4965 de
647 4915 668 4963 V
689 4943 714 4952 -
734 4916 773 4965 43.
792 4916 939 4978 cognatione
955 4916 1128 4963 continuatam
1145 4915 1301 4971 ABCPV;
1325 4916 1474 4979 cognatione
1489 4916 1637 4964 continuata
1654 4916 1682 4965 E.
1702 4915 1742 4969 Cl.

408 4992 430 5041 ll
449 4990 464 5054 5
483 4990 523 5039 49.
543 5015 570 5024 -
591 4990 758 5051 conprobem
776 5003 844 5039 corr.
864 5003 896 5040 ex
913 4989 1046 5051 inprobam
1063 4990 1084 5037 V
1103 5017 1129 5025 —
1154 4989 1194 5040 ll.
1212 4990 1335 5053 negabam
1352 4993 1370 5040 P
1388 5015 1415 5025 -
1435 4992 1604 5039 contineretur
1620 4988 1659 5041 u:
1682 5004 1744 5040 con·

408 5068 548 5116 timerentur
563 5063 614 5113 alti.
637 5091 663 5099 -
684 5066 724 5114 46.
743 5066 817 5125 quasi
833 5066 938 5127 quidam
954 5078 1085 5113 consensus
1101 5065 1212 5126 (quidam
1224 5078 1358 5129 superscr.
1373 5078 1408 5114 m.
1422 5066 1487 5127 sec.)
1501 5065 1567 5113 V-
1577 5064 1744 5127 sympathiam

409 5144 438 5202 P,
457 5142 617 5203 sympathiam
633 5142 699 5198 AC,
718 5143 863 5203 simpatiam
881 5142 910 5200 B,
929 5142 1071 5204 sgnpatiam
1090 5141 1139 5189 EV
1160 5167 1186 5174 -
1207 5141 1246 5191 ⁴8.
1265 5141 1336 5189 ittam
1353 5139 1414 5190 A¹V
1432 5166 1458 5176 -
1478 5154 1542 5203 quae
1559 5141 1593 5189 ad
1609 5140 1744 5190 modumV

411 5242 439 5253 -
454 5218 494 5269 49.
514 5216 659 5267 «Debuisse
679 5218 836 5267 Ciceronem
855 5215 974 5267 scribere
992 5216 1020 5266 Si
1036 5215 1133 5264 nattam
1149 5228 1239 5276 corpus
1255 5216 1387 5265 inmortale
1403 5216 1449 5277 sit,
1469 5216 1566 5266 nuttam
1582 5230 1632 5267 esse
1648 5217 1745 5266 animal

408 5295 596 5356 mmmmsam.
617 5295 689 5354 patet
706 5306 720 5341 e
739 5294 817 5342 Serto
835 5293 935 5356 Empir.
955 5291 1015 5340 adv.
1030 5290 1159 5339 mathem.
1174 5290 1206 5339 tx
1224 5290 1238 5351 S
1257 5291 1319 5346 t5t3
1339 5303 1426 5352 neque
1445 5291 1516 5340 enim
1534 5290 1568 5340 ab
1587 5290 1743 5341 immortali-

410 5372 464 5420 tate
486 5368 519 5417 ad
541 5369 734 5431 sempiternum
753 5370 939 5430 argumentum
958 5367 1076 5424 ducitur,
1098 5366 1147 5415 sed
1165 5379 1178 5414 a
1198 5378 1310 5429 corpore
1328 5364 1362 5414 ed
1380 5364 1493 5425 animal;
1518 5365 1567 5416 sed
1585 5368 1744 5416 Ciceronem

409 5446 448 5495 sic
465 5444 605 5507 scripsisse
624 5440 709 5490 nullus
726 5441 813 5491 dico.»
831 5443 940 5491 Mauris.
962 5469 988 5477 -
1014 5453 1104 5502 corpas
1119 5454 1170 5489 esse
1186 5442 1205 5489 P
1224 5465 1250 5475 -
1273 5440 1313 5490 33.
1332 5447 1355 5491 et
1372 5442 1393 5490 si
1409 5455 1480 5490 omne
1491 5466 1528 5477 ··
1540 5454 1599 5504 ergo
1615 5441 1700 5491 itidem
1717 5442 1744 5490 in

410 5531 495 5581 marg.
515 5530 551 5567 m.
570 5529 625 5566 sec.
647 5516 704 5561 V-
726 5516 767 5566 at.
788 5517 838 5565 tate
855 5515 1040 5566 Heindorlius:
1059 5515 1166 5564 mortale
1183 5513 1206 5565 u
1225 5542 1251 5551 -
1273 5515 1358 5579 [Ergo]
1377 5517 1397 5565 0
1415 5543 1441 5552 -
1460 5517 1501 5565 tt.
1518 5520 1596 5577 potest
1614 5528 1667 5565 om,
1681 5518 1700 5565 P
1714 5542 1741 5551 -

409 5595 488 5656 adqui
506 5595 527 5644 Α
540 5619 568 5629 -
587 5593 627 5641 36.
646 5592 779 5651 {ruendam
792 5590 822 5641 Α1
832 5593 850 5641 Β
861 5594 880 5642 C
892 5592 910 5641 E
921 5594 939 5642 P
949 5587 997 5649 V¹3
1015 5591 1144 5652 serendam
1161 5589 1192 5640 a¹
1202 5589 1261 5641 v²0
1274 5617 1300 5627 -
1321 5593 1362 5641 27.
1374 5591 1523 5641 dissolutbtte
1539 5591 1588 5640 AC
1602 5590 1636 5647 tta
1649 5593 1668 5639 Α
1681 5591 1743 5639 ante

409 5671 432 5719 le
449 5669 517 5718 duae
540 5666 642 5717 litterae
666 5679 758 5716 erasae
780 5670 850 5729 sunt)
869 5694 901 5704 -
922 5667 963 5717 28.
982 5667 1062 5715 omnis
1079 5679 1148 5716 corr.
1168 5679 1200 5715 ex
1217 5679 1301 5716 omnes
1316 5666 1338 5715 V
1358 5694 1384 5704 -
1404 5666 1513 5716 cacrcV
1528 5692 1554 5702 -
1572 5664 1634 5713 nihtt
1650 5676 1701 5713 esse
1712 5664 1742 5712 Vt

411 5770 439 5780 -
453 5756 551 5793 ceream
568 5742 623 5805 (litt.
637 5740 845 5805 antepenultima
862 5743 888 5792 tn
905 5741 969 5803 ras.)
987 5746 1025 5799 A,
1044 5748 1139 5790 certum
1157 5743 1175 5790 P
1195 5767 1221 5776 -
1241 5741 1281 5790 29.
1298 5744 1375 5804 possit
1393 5742 1412 5791 a
1426 5767 1451 5776 -
1466 5752 1571 5789 ameum
1588 5740 1741 5791 ARCPV:

410 5834 517 5871 aarum
535 5820 571 5877 E;
590 5832 691 5868 aereum
709 5818 728 5866 0
749 5844 775 5854 -
794 5817 835 5868 30.
853 5819 874 5867 si
891 5819 990 5877 omnia,
1009 5830 1022 5867 e
1039 5815 1128 5878 quibas
1144 5823 1249 5879 cuncta,
1267 5831 1332 5881 quae
1348 5823 1418 5877 sunt,
1437 5822 1550 5867 constant
1567 5816 1704 5873 Davisius,
1722 5816 1745 5867 si

410 5897 509 5954 mnia,
533 5895 662 5957 equibus,
687 5906 753 5954 qaae
768 5897 839 5952 sunt,
862 5898 952 5942 cuncta
968 5897 1083 5945 constant
1101 5892 1277 5945 lleindortlus.
1306 5892 1392 5944 hialim
1410 5892 1431 5942 si
1448 5905 1492 5954 aa,
1519 5891 1636 5956 agabus
1652 5897 1743 5943 cuncta

408 5975 523 6025 emnam
541 5970 655 6035 [omissis
672 5969 758 6018 omnia
774 5981 840 6031 quae
856 5970 932 6032 sunt).
952 5995 980 6005 -
999 5969 1040 6020 34.
1055 5973 1137 6033 potest
1153 5982 1203 6020 esse
1220 5971 1239 6020 P
1258 5994 1286 6006 -
1305 5968 1345 6019 33.
1364 5968 1398 6017 ad
1414 5968 1435 6017 st
1453 5969 1483 6017 Α.
