4342 7459
939 1239 1198 1309 FRAGMENTA.
1663 1241 1730 1313 935

569 1401 667 1462 Vmsn
684 1418 703 1460 a
721 1414 810 1459 ramo
828 1411 950 1458 nccccn.
991 1397 1076 1457 Drcrr
1095 1415 1132 1458 nr
1151 1414 1249 1459 annau
1267 1414 1377 1462 nunu
1395 1416 1565 1468 amoram.

480 1497 509 1558 6.
539 1495 617 1557 Nam
636 1512 706 1555 eum
725 1493 752 1554 is
772 1490 916 1553 tribunus
935 1490 978 1572 pl.
994 1490 1073 1553 duas
1094 1487 1180 1570 leges
1193 1490 1316 1554 tulisset
1328 1493 1360 1554 in
1374 1512 1412 1555 eo
1426 1497 1617 1575 magistratu,
1636 1515 1729 1560 unam

407 1592 626 1673 perniciosam,
647 1588 776 1651 alteram
798 1587 971 1666 egregiam:
993 1585 1077 1667 quod
1098 1605 1219 1649 summa
1240 1604 1292 1648 res
1311 1588 1511 1670 publicanon
1529 1591 1644 1669 baesit;
1672 1591 1730 1653 sed

408 1685 448 1747 ab
468 1683 518 1746 illo
537 1684 606 1765 ipso
626 1691 664 1744 tr.
685 1681 840 1743 obiectum
861 1687 911 1742 est
928 1678 1047 1742 bonum
1067 1688 1172 1742 autom
1192 1680 1276 1761 quod
1295 1700 1416 1746 summa
1438 1701 1491 1745 res
1511 1684 1637 1767 publica
1661 1704 1729 1748 ma-

407 1786 462 1842 net
480 1779 512 1839 in
531 1777 626 1840 vestri
644 1774 822 1838 ordina...
839 1822 846 1835 .
863 1773 985 1836 dis...
1003 1773 1091 1836 .tuir.
1739 1784 1754 1829 s

736 1888 822 1948 Drerr
839 1905 876 1947 na
895 1905 1075 1948 nrsrcanmo
1095 1903 1205 1947 runrcro
1224 1906 1393 1951 mutuno.

479 1988 510 2044 7.
543 1982 617 2044 Aliis
634 1979 686 2041 ille
702 1981 734 2041 in
754 1977 840 2040 illum
862 1982 997 2042 furorem
1024 1981 1144 2059 magnis
1171 1977 1347 2042 bominibus
1374 1983 1552 2046 auctoribus
1576 1983 1728 2065 impulsus

408 2085 471 2156 est,
492 2078 545 2157 qui
564 2074 691 2156 aliquod
710 2076 827 2137 institui
855 2076 1032 2155 exemplum
1062 2074 1336 2139 disturbandorum
1362 2078 1545 2140 iudiciorum
1571 2079 1728 2160 pernicio-

408 2174 583 2250 sissimum,
603 2170 797 2250 temporibus
817 2171 882 2232 suis
900 2169 1272 2249 accommodatissimum,
1291 2172 1369 2233 meis
1390 2171 1612 2235 alienissimum
1632 2174 1728 2236 ratio-

408 2267 516 2346 nibus,
540 2266 714 2345 cnpiernnt.
1738 2269 1766 2318 to

777 2341 779 2347 '
925 2340 1024 2401 Vaasr
1041 2357 1118 2401 cmc.
1153 2357 1211 2402 cn.

482 2438 511 2500 8.
543 2438 672 2499 Possum
692 2433 816 2514 dicere,
836 2435 991 2498 bominem
1019 2454 1140 2499 summa
1157 2434 1325 2516 prudentia
1344 2435 1461 2501 clarum
1486 2438 1521 2502 G.
1544 2438 1664 2501 Cottam
1688 2435 1727 2498 de

408 2530 474 2593 suis
492 2529 613 2610 legibus
631 2528 820 2609 abrogandis
838 2531 941 2610 ipsum
961 2530 1002 2591 ad
1022 2539 1165 2593 senatum
1182 2530 1338 2593 retulisse.

988 2635 1147 2707 Srcurroa.

481 2730 511 2790 9.
542 2729 671 2791 Possum
692 2737 724 2791 et
742 2729 883 2791 eiusdem
908 2730 1019 2792 Cottae
1045 2727 1147 2808 legem
1174 2731 1213 2791 da
1241 2730 1362 2793 iudiciis
1387 2733 1515 2814 privatis
1540 2749 1622 2794 anno
1644 2736 1766 2812 post,tc

408 2840 502 2902 quam
519 2821 584 2885 lata
603 2823 660 2900 sit,
680 2840 698 2885 a
718 2823 811 2886 tratre
831 2824 899 2885 eius
919 2828 1092 2899 0000901000.

1005 2919 1125 2981 Srsrru.

485 3014 529 3074 10.
561 3013 674 3091 Legem
694 3012 839 3074 Liciniam
861 3019 892 3073 et
910 3013 1040 3075 Muciam
1066 3011 1107 3073 de
1127 3012 1246 3075 civibus
1265 3011 1447 3091 redigendis
1470 3014 1562 3076 video
1585 3019 1728 3075 constare

407 3105 489 3166 inter
506 3124 633 3182 omnes,
666 3123 760 3185 quam
782 3105 844 3166 duo
868 3105 1014 3167 eonsules
1039 3106 1195 3182 omnium,
1227 3123 1307 3185 quos
1332 3104 1484 3183 vidimus,
1517 3106 1726 3186 sapientissim

408 3197 566 3277 tulissent,
591 3217 653 3261 non
680 3199 772 3260 modo
800 3199 955 3266 inutilem.
978 3199 1035 3261 sed
1054 3200 1260 3279 perniciosam
1280 3201 1327 3262 rei
1346 3198 1492 3281 publicae
1510 3200 1617 3263 luisse.
1736 3213 1766 3262 tt

483 3296 529 3356 11.
560 3294 711 3366 Quattuor
736 3294 860 3354 omnino
883 3311 999 3372 genera
1028 3300 1119 3368 sunt,
1146 3291 1284 3371 iudices,
1308 3293 1340 3354 in
1369 3292 1483 3372 quibus
1509 3311 1569 3374 per
1588 3301 1731 3356 senatum

408 3404 494 3447 more
523 3387 672 3448 maiorum
702 3395 855 3448 statuatur
880 3386 996 3465 aliquid
1019 3386 1059 3447 de
1077 3386 1210 3465 legibus.
1259 3387 1358 3450 Unum
1382 3394 1431 3449 est
1448 3387 1517 3449 cius
1537 3388 1640 3466 modi,
1659 3387 1731 3468 pla-

409 3498 481 3541 cere
509 3479 609 3559 legem
636 3480 794 3560 abrogari:
831 3487 866 3542 ut
898 3483 936 3554 Q.
962 3479 1095 3542 Caecilio
1129 3482 1169 3541 Μ.
1192 3481 1278 3542 lunio
1306 3478 1506 3558 consulibus,
1537 3499 1618 3561 quae
1646 3480 1732 3560 leges

409 3593 475 3635 rem
496 3574 658 3636 militarem
679 3573 878 3655 impedirent,
899 3583 932 3635 ut
950 3574 1184 3654 abrogarentur.
1224 3575 1380 3653 Alterum,
1407 3594 1488 3655 quae
1509 3575 1560 3637 lex
1579 3574 1641 3639 lata
1661 3592 1732 3637 esse

409 3668 547 3746 dicatur,
568 3687 605 3731 ea
624 3687 686 3730 non
705 3668 802 3731 videri
823 3671 972 3750 populum
1000 3671 1112 3733 teneri:
1142 3677 1177 3734 ut
1202 3674 1235 3732 L.
1255 3672 1366 3733 Marcio
1401 3671 1473 3732 Sex.
1494 3670 1570 3732 lulio
1595 3669 1767 3733 consuli-rs

408 3762 470 3824 bus
494 3760 534 3824 de
561 3761 684 3842 legibus
709 3765 812 3826 Liviis.
863 3767 999 3827 Tertium
1026 3774 1076 3827 est
1097 3764 1137 3827 de
1164 3765 1266 3845 legum
1290 3764 1553 3845 derogationibus.
1605 3767 1672 3839 Quo
1693 3761 1732 3824 de

409 3874 525 4011 genedre
545 3875 699 3937 persaepe
723 3868 851 3922 senatus
871 3859 1125 3936 consultabunt,
1146 3868 1181 3921 ut
1199 3877 1299 3940 nuper
1319 3858 1358 3920 de
1376 3860 1446 3939 ipsa
1464 3858 1534 3938 lege
1554 3858 1731 3939 Calpurnia,

411 3952 459 4012 eui
502 3959 692 4030 erogaretur.

488 4045 534 4107 12.
566 4048 598 4108 P.
620 4045 782 4106 Africanus
803 4044 854 4105 ille
879 4050 1023 4124 superior
1042 4045 1155 4107 dicitur
1181 4063 1244 4106 non
1264 4044 1364 4107 solum
1382 4064 1401 4108 a
1419 4045 1656 4127 sapientissimis
1675 4046 1733 4105 bc-

411 4141 564 4217 minibus,
594 4139 647 4220 qui
673 4146 738 4199 tum
766 4147 872 4214 erant,
904 4156 1011 4199 verum
1042 4140 1135 4199 etiam
1154 4158 1172 4201 a
1193 4156 1227 4199 se
1250 4140 1319 4218 ipso
1343 4156 1440 4218 saepe
1464 4146 1629 4202 aecusatus
1648 4155 1770 4217 esse,tc

413 4233 511 4315 quod.
533 4252 603 4295 eum
624 4231 732 4294 consul
753 4239 838 4293 esset
857 4250 928 4293 cum
947 4232 992 4291 Ti.
1013 4233 1134 4310 Longo,
1159 4251 1274 4312 passus
1293 4242 1380 4296 esset
1398 4241 1464 4294 tum
1481 4233 1615 4313 primum
1635 4251 1653 4294 a
1673 4251 1733 4314 po-

413 4328 511 4411 pulari
531 4345 683 4390 consessu
703 4327 857 4388 senatoria
878 4325 1026 4387 subsellia
1047 4326 1196 4405 separari.

413 4444 505 4506 Crass
524 4460 644 4504 norun.
684 4458 744 4514 ouo
764 4457 841 4502 noco
861 4458 1005 4516 roman,
1027 4446 1156 4502 consur
1175 4458 1318 4517 ramam,
1338 4457 1417 4512 ouer
1434 4454 1733 4503 10010000αο00-

847 4552 893 4597 rus
913 4554 995 4611 suur,
1019 4536 1040 4613 †
1059 4554 1161 4596 ronnas
1179 4552 1301 4596 nicam:

489 4632 533 4693 13.
563 4632 619 4691 Est
644 4632 750 4711 utique
782 4632 830 4691 ius
863 4629 1006 4708 vetandi,
1037 4649 1108 4692 cum
1136 4650 1172 4692 ea
1200 4630 1331 4708 teratur,
1362 4628 1512 4711 quamdiu
1613 4626 1771 4692 ferundito

413 4726 650 4802 transferuntur,
671 4724 702 4785 id
723 4732 794 4786 est.
812 4772 819 4787 .
836 4769 844 4785 .
859 4723 909 4785 lex
920 4723 1019 4786 *dum
1031 4726 1141 4805 privati
1156 4724 1277 4801 dieunt;
1299 4723 1392 4787 dum.
1410 4770 1417 4788 .
1434 4767 1442 4785 .
1461 4723 1534 4786 dum
1555 4721 1655 4785 sitella
1675 4721 1734 4784 da-

413 4823 525 4884 icrtur:
558 4820 631 4882 dum
651 4828 826 4902 aequantur
844 4828 964 4883 sortes:
993 4819 1067 4882 dum
1088 4821 1204 4882 sortitio
1224 4819 1273 4881 fir:
1297 4821 1373 4883 etsi
1392 4837 1454 4900 qua
1474 4827 1548 4882 sunt
1566 4816 1626 4882 alia
1644 4818 1734 4880 bmns

414 4917 547 4997 generis.

963 4992 1078 5052 Pacoro
1098 5009 1180 5053 aosr.

491 5088 536 5149 11.
566 5088 664 5150 Unum
684 5094 803 5163 umen,
835 5083 919 5165 quod
938 5086 995 5146 boe
1014 5085 1082 5164 ipso
1102 5084 1225 5147 tribuno
1245 5083 1287 5164 pl.
1309 5084 1422 5147 tactum
1445 5090 1508 5158 est,
1536 5083 1772 5163 praetermitto

414 5181 543 5247 tendum
562 5200 624 5243 non
650 5178 783 5243 videtur.
837 5182 946 5259 Neque
972 5180 1053 5240 enim
1079 5180 1178 5240 maius
1203 5186 1252 5241 est
1275 5177 1380 5258 legere
1401 5177 1558 5252 codicem,
1595 5193 1665 5237 cum
1683 5175 1734 5236 in-

415 5275 610 5353 tercedatur,
632 5294 725 5355 quam
746 5273 877 5336 sitellam
896 5276 997 5355 ipsam
1017 5292 1088 5334 cum
1106 5274 1175 5355 ipso
1195 5274 1401 5336 intercessore
1422 5272 1559 5348 deferre,
1582 5289 1642 5331 nee
1660 5287 1734 5348 gra-

415 5372 482 5432 vius
505 5371 641 5450 incipere
670 5370 750 5430 ferre
772 5387 866 5448 quam
885 5370 1034 5450 perterre,
1055 5385 1115 5428 nec
1127 5366 1341 5429 vehementius
1361 5365 1527 5428 ostendere
1547 5382 1582 5426 se
1600 5364 1734 5425 laturum

413 5466 508 5526 invito
529 5462 664 5542 collega,
692 5481 784 5542 quam
804 5463 863 5542 ipsi
884 5462 1021 5541 collegae
1041 5461 1254 5539 magistratum
1273 5460 1441 5539 abrogare,
1462 5477 1521 5520 nec
1541 5456 1734 5520 criminosius

415 5560 514 5623 tribus
544 5557 584 5620 ad
612 5558 713 5638 legem
743 5556 954 5638 accipiendam
985 5575 1077 5636 quam
1106 5555 1147 5617 ad
1175 5555 1324 5636 collegam
1354 5552 1551 5616 reddendum
1580 5552 1771 5633 privatumte

414 5657 495 5716 intro
520 5672 653 5717 vocare:
682 5672 764 5734 quae
783 5654 830 5713 vir
848 5653 932 5713 tortis
964 5652 1054 5713 buius
1082 5650 1200 5731 collega
1223 5650 1321 5713 Aulus
1340 5649 1489 5712 Gabinius
1514 5649 1546 5709 in
1564 5666 1600 5709 re
1618 5647 1734 5727 optima

481 5865 521 5917 48.
547 5862 700 5931 redipacrdlr]
717 5861 803 5913 schol.
822 5862 888 5913 Bob.
906 5876 934 5928 p.
953 5861 1012 5915 131.
1028 5862 1088 5915 Maii
1107 5860 1155 5914 ud.
1173 5862 1250 5913 ilem.
1266 5860 1385 5926 rapatodit
1400 5856 1466 5911 Edd.
1484 5857 1600 5910 1000011.
