4342 7459
795 1226 863 1288 Lis.
885 1226 908 1287 1.
939 1223 1013 1288 Cer.
1036 1225 1142 1287 l-ll.
1169 1220 1215 1306 §§
1238 1219 1345 1286 t—5.
1671 1215 1734 1283 209

409 1386 603 1469 accepimus.¹
620 1386 720 1448 Annis
739 1379 846 1469 [euim]
867 1384 933 1447 lere
949 1384 1106 1448 0000οΧ
1120 1377 1193 1466 post
1205 1384 1333 1445 liomam
1349 1380 1506 1445 conditam
1521 1378 1629 1441 Livius
1643 1374 1734 1441 fabu-

408 1481 471 1546 lam
495 1481 585 1544 dedit
600 1485 631 1545 0.
649 1480 791 1552 Claudio,
808 1480 899 1542 Caeci
921 1480 998 1551 filio,
1013 1480 1054 1541 Μ.
1071 1477 1225 1541 Tuditano
1241 1476 1424 1539 consulibus
1439 1493 1522 1537 anno
1537 1480 1611 1536 ante
1625 1479 1733 1533 natum

408 1576 545 1639 Ennium
571 1572 638 1659 [qui
661 1574 720 1637 tuit
742 1574 841 1637 maior
865 1582 940 1636 uatu
963 1592 1058 1655 quam
1081 1572 1210 1634 Plautus
1233 1579 1265 1633 et
1285 1562 1444 1652 Naevius}
1477 1569 1516 1629 ll.
1539 1568 1616 1629 Sero
1637 1565 1734 1647 igitur

407 1689 427 1732 a
455 1670 571 1733 uostris
602 1675 716 1751 potitae
744 1668 794 1731 vel
822 1667 940 1748 cogniti
963 1668 1012 1728 vel
1038 1668 1165 1747 recepti.
1204 1664 1402 1747 Quamquam
1425 1663 1525 1725 estin
1548 1658 1732 1741 Originibus

407 1764 519 1826 solitos
542 1783 612 1826 esse
634 1763 667 1825 in
690 1762 794 1844 epulis
816 1780 930 1823 canere
951 1760 1100 1822 convivas
1115 1757 1155 1821 ad
1170 1758 1330 1821 tibicinem
1347 1756 1387 1818 de
1402 1756 1556 1819 clarorum
1573 1752 1755 1816 bominuma

406 1856 591 1929 virtutibus,
614 1858 764 1919 honorem
787 1864 891 1918 umen
915 1852 987 1916 buic
1009 1853 1116 1936 generi
1136 1872 1201 1915 non
1217 1850 1315 1914 fuisse
1330 1848 1469 1912 declarat
1483 1848 1582 1911 oratio
1597 1846 1732 1917 Catonis,

406 1951 438 2013 iu
469 1969 532 2032 qua
562 1945 679 2012 obiecit
701 1959 737 2011 ut
758 1948 905 2030 probrum
928 1946 1163 2019 mirabiliori,
1194 1944 1280 2028 quod
1303 1944 1330 2005 is
1352 1943 1385 2005 in
1407 1943 1601 2025 provinciam
1623 1947 1733 2022 politas

406 2043 569 2116 duxisset3
602 2041 735 2106 duxerat
761 2053 866 2105 autem
898 2041 1007 2104 consul
1034 2040 1088 2101 ille
1110 2040 1141 2102 in
1163 2038 1336 2111 Aetoliam,
1365 2045 1400 2099 ut
1427 2037 1558 2110 scimus,
1585 2034 1733 2095 Ennium.

408 2137 480 2213 Quo
512 2137 617 2198 minus
644 2138 740 2219 igitur
768 2134 896 2198 bonoris
927 2142 995 2197 erat
1020 2133 1140 2216 poetis,
1170 2152 1209 2195 eo
1238 2132 1359 2194 minora
1381 2129 1484 2193 studia
1505 2129 1648 2201 luerunt,
1675 2146 1733 2189 nec

408 2240 530 2304 tamen,
553 2231 580 2292 si
603 2232 657 2313 qui
679 2231 800 2312 magnis
822 2229 958 2310 ingeniis
979 2229 1011 2289 iu
1034 2247 1073 2289 eo
1096 2246 1212 2309 genere
1234 2226 1422 2299 extiterunt,
1450 2244 1514 2287 non
1540 2224 1615 2286 satis
1638 2222 1770 2285 Grae-to

408 2344 515 2387 corum
547 2323 668 2405 gloriae
697 2322 937 2407 responderunt.
988 2315 1017 2380 i.
1046 2321 1094 2382 An
1131 2340 1311 2393 censemus,
1346 2318 1373 2381 si
1403 2314 1511 2392 Fabio,
1537 2315 1733 2380 nobilissimo

408 2417 547 2489 bomini,
575 2416 661 2479 laudi
692 2416 798 2478 datum
820 2426 904 2478 esset
927 2413 1012 2497 quod
1043 2414 1198 2497 pingeret,
1228 2434 1291 2476 non
1314 2412 1429 2475 multos
1452 2414 1545 2475 etiam
1568 2410 1651 2493 apud
1674 2429 1733 2472 nos

408 2509 529 2573 tuturos
552 2509 724 2593 Polyclitos
747 2518 779 2571 et
797 2508 980 2570 Parrhasios
994 2507 1114 2569 inisset
1137 2508 1246 2569 llouos
1261 2506 1318 2568 alit
1332 2513 1425 2580 artes,
1440 2525 1613 2588 omnesque
1628 2505 1733 2567 incen-

408 2603 527 2665 duntur
555 2604 595 2666 ad
617 2602 722 2665 studia
743 2602 856 2684 gloria,
879 2604 1046 2682 iacentque
1069 2619 1105 2662 ea
1128 2620 1268 2682 semper,
1299 2619 1381 2682 quae
1403 2600 1487 2682 apud
1511 2617 1655 2682 quosque
1677 2598 1734 2659 im·

409 2697 591 2779 probantur.
632 2695 791 2757 Summam
821 2694 1029 2756 eruditionem
1061 2693 1172 2756 Graeci
1203 2694 1295 2756 sitam
1317 2693 1487 2756 censebant
1510 2693 1543 2755 in
1565 2712 1732 2756 nervorum
1742 2708 1770 2754 ts

410 2809 587 2871 vocumque
609 2788 772 2851 cautibus:
795 2789 891 2869 igitur
912 2796 945 2850 et
965 2786 1216 2870 Epaminondas,
1238 2789 1383 2871 princeps
1405 2806 1477 2849 meo
1499 2786 1615 2849 iudicio
1639 2785 1734 2847 Grae·

410 2883 486 2955 siae,
518 2882 635 2944 fidibus
670 2880 828 2961 praeclare
862 2882 1013 2943 cecinisse
1035 2880 1165 2953 dicitur,
1199 2880 1489 2963 Themistoclesque
1519 2880 1641 2963 aliquot
1661 2887 1733 2943 ante

410 2979 518 3048 annis,
547 2996 620 3037 curn
646 2976 679 3037 in
707 2974 810 3055 epulis
840 2982 1000 3036 recusaret
1025 2975 1140 3056 lyram,
1170 2982 1218 3035 est
1239 2975 1365 3037 habitus
1387 2973 1552 3037 indoctior.
1597 2975 1680 3055 Ergo
1701 2974 1733 3035 iu

411 3069 542 3132 Graecia
564 3068 676 3131 musici
699 3070 881 3140 floruerunt,
905 3066 1132 3149 discebantque
1154 3065 1187 3128 id
1203 3086 1324 3139 omues,
1339 3087 1398 3129 uec
1413 3066 1469 3150 qui
1483 3066 1644 3129 nesciebat
1658 3066 1734 3128 satis

412 3163 556 3227 excultus
578 3161 720 3225 doctrina
742 3160 919 3242 putabatur.
964 3159 993 3222 5.
1021 3162 1057 3222 lu
1079 3180 1201 3224 summo
1222 3160 1307 3243 apud
1329 3161 1400 3224 illos
1422 3160 1542 3223 bonore
1564 3158 1772 3242 geometriam

1504 3365 1734 3378 d—

475 3516 497 3566 4.
518 3517 585 3567 min
601 3517 634 3565 li:
659 3527 712 3566 om.
732 3514 794 3575 GR,
820 3513 906 3577 «quod
925 3527 987 3576 non,
1005 3518 1033 3565 ut
1050 3513 1168 3566 Bentleio
1185 3517 1270 3567 visum
1288 3518 1339 3577 est,
1360 3518 1458 3568 rectius
1475 3515 1560 3577 abest,
1580 3518 1641 3580 quia
1657 3517 1736 3580 ipunr

412 3594 544 3657 sequitur:
564 3604 596 3642 ea
614 3592 685 3641 enim
704 3588 831 3654 particule
849 3590 900 3639 hoc
918 3589 976 3640 loco
993 3604 1045 3640 non
1062 3590 1218 3655 simpliciter
1234 3590 1415 3643 concludentis
1432 3595 1482 3652 est,
1500 3591 1549 3642 sed
1566 3591 1734 3643 conclusione

412 3679 443 3716 ex
463 3666 617 3730 parenthesi
641 3665 709 3715 lacta
731 3664 765 3714 ed
786 3664 922 3727 superiora
940 3665 1101 3717 redeuntis·
1119 3668 1162 3717 W.
1181 3693 1207 3704 -
1229 3667 1348 3719 CCCCCX
1362 3668 1505 3717 Manutius:
1529 3667 1629 3719 CCCCX
1642 3668 1690 3718 iili
1709 3669 1736 3717 04

414 3741 488 3803 (inter
506 3742 526 3792 0
541 3744 570 3791 04
585 3741 610 3791 X
623 3752 759 3804 superscr.
773 3738 831 3802 syll.
844 3740 881 3799 an)
898 3741 959 3789 G-
977 3742 1002 3790 2.
1016 3741 1053 3804 0,]
1071 3742 1130 3805 poio
1147 3744 1195 3792 Gli
1214 3741 1290 3805 (deli
1307 3746 1416 3806 propter
1432 3740 1533 3792 laesam
1550 3742 1734 3793 membranam

412 3829 462 3866 non
479 3815 592 3875 constat)
612 3842 639 3851 -
658 3815 748 3864 ciendo
764 3816 910 3878 (superscr.
927 3813 944 3873 0
963 3817 984 3865 0
1003 3843 1026 3853 -
1048 3814 1098 3867 cris.
1118 3820 1166 3868 08
1186 3845 1213 3854 -
1232 3818 1255 3868 3.
1271 3816 1487 3870 Unciabsuntab
1500 3818 1530 3867 0.
1553 3819 1640 3877 nouae
1653 3817 1735 3867 verba

411 3889 559 3955 Tregderus
576 3902 609 3939 ex
626 3889 732 3939 boherii
753 3890 904 3939 coniectura
922 3887 1020 3941 delerit
1035 3893 1079 3955 qni
1097 3894 1135 3952 t:
1150 3894 1171 3942 ir
1186 3898 1270 3943 ameris
1286 3893 1303 3942 i.
1318 3906 1342 3943 0.
1358 3890 1454 3955 Livius)
1470 3892 1519 3956 sirit
1529 3921 1544 3934 ·
1555 3923 1567 3933 -
1578 3898 1602 3944 et
1616 3893 1735 3955 Naeuius,

411 3979 463 4017 non
485 3964 567 4016 00000
588 3976 640 4013 nou
663 3963 727 4014 falsa
745 3964 786 4026 (04.
805 3965 877 4013 Brut.
896 3963 937 4024 48,
955 3965 987 4014 'tt
1005 3966 1058 4030 sq.)
1080 3979 1167 4030 neque
1185 3980 1395 4032 supervacanea,
1422 3967 1470 4018 sed
1489 3966 1523 4017 ed
1539 3965 1616 4028 illud,
1638 3968 1664 4017 in
1682 3980 1735 4032 quo

411 4041 463 4091 tota
480 4039 673 4101 argumentatio
691 4039 822 4097 consistit,
844 4039 1060 4102 significandum.
1081 4044 1194 4103 prienam
1210 4043 1328 4094 omniurn
1350 4044 1451 4093 bivium
1469 4039 1584 4093 tabulam
1602 4042 1734 4104 docuisse,

411 4114 487 4179 plane
510 4115 663 4164 necessaria
686 4116 755 4164 sunt.
783 4116 947 4165 pronominis
964 4115 997 4163 ad
1016 4128 1113 4165 nomen
1130 4119 1257 4167 remotius
1274 4116 1336 4167 illud
1355 4117 1472 4181 quidem,
1491 4117 1539 4168 sed
1557 4116 1590 4167 de
1608 4131 1661 4182 qno
1679 4122 1735 4169 tum

412 4190 525 4263 maxime
543 4193 677 4251 ageretur,
696 4189 769 4239 relati
787 4189 908 4252 exempla
926 4192 949 4239 si
967 4192 1095 4253 requiras,
1115 4190 1147 4241 ci.
1166 4191 1181 4254 S
1198 4193 1237 4241 87.
1254 4193 1285 4244 74
1304 4195 1375 4254 (idern
1389 4194 1406 4241 i.
1420 4207 1443 4242 0.
1458 4193 1598 4256 Socrates).
1623 4194 1653 4243 ts
1665 4195 1734 4258 (quo,

412 4264 497 4327 quarn)
516 4264 547 4323 44,
567 4263 597 4312 37
616 4264 710 4327 (qnos).
735 4266 777 4322 iv,
796 4262 827 4313 l9
845 4265 944 4325 (cuias).
973 4263 1045 4315 Catil.
1065 4266 1108 4327 lV,
1127 4266 1157 4314 47
1175 4265 1292 4329 (qnorum
1309 4268 1325 4316 i.
1340 4282 1363 4317 e.
1383 4280 1491 4326 eorum,
1511 4269 1600 4330 quiin
1618 4268 1735 4321 tabernis

412 4341 489 4397 sunt).
509 4338 613 4387 Verrio.
627 4339 657 4397 V,
671 4339 702 4389 08
719 4340 794 4401 (quoe
811 4345 929 4401 superato
940 4340 994 4401 est).
1014 4338 1100 4390 blilou.
1114 4341 1155 4389 70.
1174 4354 1198 4405 p.
1212 4341 1292 4391 Tullio
1305 4344 1345 4399 00,
1365 4342 1409 4391 ubi
1428 4345 1470 4405 qni
1487 4344 1520 4392 ad
1531 4346 1641 4394 maiores
1657 4348 1736 4396 nostri

412 4414 460 4475 440)
478 4413 651 4464 retereudum
668 4417 709 4463 est
726 4413 766 4475 404.
787 4414 916 4463 Emendd.
936 4415 989 4464 Cic.
1010 4415 1089 4477 Epist.
1109 4416 1192 4465 Haun.
1212 4417 1275 4467 4840
1293 4430 1318 4482 p.
1338 4418 1393 4467 itt.
1420 4417 1493 4468 Catii.
1514 4419 1554 4477 444,
1572 4420 1613 4468 tt.
1632 4422 1733 4472 liuren.

412 4490 484 4552 ⁸⁸9·
503 4491 566 4539 tter.
581 4489 659 4551 Resp.
673 4488 713 4538 28.
726 4488 766 4538 88.
786 4487 859 4537 lialb.
873 4489 897 4537 0.
916 4487 985 4537 Lael.
998 4490 1038 4546 08,
1057 4488 1102 4537 ubi
1120 4490 1180 4539 vide
1198 4505 1231 4541 ne
1249 4505 1281 4540 ex
1299 4492 1420 4541 codicum
1431 4494 1547 4555 vestigiis
1563 4495 1735 4547 scribendum

412 4566 444 4615 ait
459 4566 516 4627 qni
532 4564 592 4613 locis
608 4565 668 4625 ipsis
678 4564 825 4613 &latemur
835 4565 891 4614 sive
902 4564 1070 4625 delectamur).
1095 4566 1178 4614 Divin.
1191 4567 1222 4625 44,
1236 4567 1267 4615 70
1280 4569 1364 4628 (qnam
1381 4570 1397 4618 i.
1412 4582 1436 4618 0.
1449 4571 1620 4635 opinionem).
1640 4573 1732 4635 Wopk.

412 4641 493 4691 lectt.
511 4639 576 4690 Tull.
595 4654 621 4704 p.
635 4639 708 4690 ⁴92·
726 4640 769 4690 W.
799 4642 904 4690 Rectius
922 4641 1092 4689 liuehuerus:
1113 4640 1194 4699 sQuid
1212 4641 1297 4691 vero?
1314 4645 1336 4692 si
1353 4644 1542 4704 concedamus,
1561 4648 1604 4706 qni
1616 4646 1735 4697 releren-

412 4715 475 4768 dum
493 4728 554 4766 esse
572 4714 605 4764 ad
624 4716 737 4773 livium,
760 4718 788 4764 ut
806 4720 956 4779 temporum
975 4717 1041 4764 ratio
1059 4719 1173 4773 constet,
1199 4730 1285 4766 nonne
1303 4718 1371 4768 istud
1390 4719 1598 4772 additamentum
1616 4724 1734 4773 ieiunum

411 4792 488 4857 piane
510 4792 552 4841 est
574 4792 601 4838 04
623 4787 788 4852 languidum,
812 4790 863 4839 hoc
881 4789 1004 4839 videlicet
1027 4788 1095 4850 loco,
1119 4790 1163 4838 ubi
1182 4803 1233 4839 non
1252 4790 1284 4840 00
1303 4794 1453 4855 temporum
1470 4797 1571 4846 ratione
1589 4800 1733 4860 quaeritur,

411 4866 459 4916 sed
476 4864 564 4915 obiter
581 4867 683 4913 tantum
702 4866 763 4913 livii
781 4868 855 4915 aetas
873 4869 1107 4915 commemoratur.
1135 4867 1222 4927 Longe
1240 4864 1288 4914 alia
1306 4879 1349 4915 res
1367 4871 1408 4917 est
1424 4870 1448 4917 iu
1465 4869 1544 4918 Bruto
1556 4869 1572 4919 4.
1587 4871 1624 4929 0.,
1643 4871 1687 4921 ubi
1701 4872 1734 4922 de

411 4940 540 4990 industria
558 4942 585 4987 et
602 4938 689 4988 dedita
709 4952 789 5001 opera
809 4941 834 4989 in
852 4941 914 4988 Livii
932 4943 1045 4989 aetatem
1070 4941 1216 5002 inquiritur.
1243 4942 1333 5004 ltaque
1352 4942 1475 5004 equidem
1494 4958 1545 4995 uon
1564 4947 1655 4997 dubito
1671 4951 1734 5012 quin

411 5014 492 5064 rerba
512 5015 556 5073 ersi
567 5039 605 5050 ·-
617 5016 726 5063 Naevius
742 5028 757 5064 a
775 5014 934 5079 glossatore,
959 5019 1003 5079 qui
1021 5015 1070 5065 loci
1089 5017 1150 5066 dicti
1168 5018 1192 5064 in
1211 5017 1289 5065 Bruto
1307 5029 1411 5067 memor
1428 5023 1511 5078 esset,
1535 5022 1568 5071 ad
1586 5026 1734 5073 accuratius

412 5086 590 5137 definiendam
612 5090 675 5138 Livii
699 5092 813 5139 0040ῑο0]
836 5091 947 5152 margini
968 5091 1115 5154 adscripta,
1138 5095 1229 5155 postea
1253 5090 1339 5141 alieno
1361 5090 1418 5140 loco
1441 5094 1467 5142 in
1486 5096 1572 5157 ipsum
1590 5098 1734 5149 verborum

412 5162 534 5212 ordinem
552 5161 652 5212 adscita
670 5166 747 5214 sint.»
771 5166 853 5227 (conl.
874 5166 970 5215 liitschl
992 5171 1103 5229 Parerga
1122 5166 1237 5216 Plautina
1255 5168 1264 5215 i
1284 5180 1308 5229 p.
1322 5166 1354 5216 48
1371 5168 1439 5230 sqq.)
1460 5193 1486 5203 -
1506 5170 1529 5218 7.
1548 5172 1594 5234 it]
1611 5174 1734 5223 mercoC

413 5260 438 5271 -
459 5237 498 5285 40,
518 5237 601 5299 siqui
617 5237 695 5298 (corr.
714 5239 748 5288 ab
766 5240 861 5290 eadem
880 5254 960 5290 uranu
978 5255 1009 5290 ex
1026 5242 1061 5289 sic
1078 5244 1132 5302 qni)
1150 5242 1182 5290 li:
1207 5243 1242 5290 sic
1264 5243 1307 5303 qni
1331 5243 1389 5291 Gli.
1417 5244 1512 5302 «Quod
1535 5247 1684 5311 Tregderus
1703 5263 1735 5299 ex

413 5312 469 5369 Gli,
487 5309 553 5369 aliia,
573 5313 678 5375 scripsit
694 5328 738 5363 nee
755 5320 837 5364 tomen
853 5318 913 5374 sie,
935 5318 978 5376 qni
997 5342 1035 5372 -,
1058 5330 1122 5365 uum
1140 5318 1343 5366 ciceronianum
1360 5318 1402 5372 sit,
1421 5319 1545 5380 equidem
1563 5321 1736 5372 vehementer

414 5384 512 5435 dubito.
538 5387 615 5446 Quod
633 5390 704 5439 euim
721 5391 756 5439 ric
773 5403 832 5440 esse
850 5389 952 5448 volunt,
977 5391 1002 5440 id
1025 5392 1122 5441 iamin
1139 5397 1221 5440 tamen
1239 5393 1314 5441 inest.
1342 5392 1501 5443 Modestioro
1518 5399 1607 5445 autem
1626 5394 1666 5444 ille
1685 5396 1734 5444 du-

414 5458 553 5521 bitatione,
577 5475 657 5525 quam
680 5462 761 5513 habet
784 5468 804 5515 ri
821 5467 876 5526 qai,
901 5464 964 5527 quid
982 5467 1007 5515 in
1026 5467 1093 5515 hanc
1111 5467 1288 5516 Romanorum
1306 5479 1367 5516 cum
1386 5469 1491 5518 Graecis
1509 5472 1735 5534 comparationem

414 5538 495 5599 magis
513 5538 659 5587 convenit?
678 5538 865 5589 panicularum
883 5541 904 5588 si
923 5543 949 5588 et
965 5542 999 5588 sic
1016 5540 1135 5590 conlusio
1153 5554 1214 5590 cum
1232 5539 1443 5603 irequeutissima
1462 5545 1503 5591 est
1521 5544 1570 5602 4444,
1590 5546 1621 5593 22
1639 5543 1735 5594 Gli¹B¹

414 5613 498 5675 sipro
515 5612 574 5673 sic),
598 5614 656 5661 tum
677 5612 703 5661 h.
723 5612 739 5663 4.
758 5616 890 5676 geminato
907 5617 1042 5677 sequentis
1060 5613 1161 5664 litterae
1179 5628 1244 5665 sono
1262 5614 1382 5665 facillima
1401 5616 1446 5665 luit
1462 5617 1503 5677 (V,
1523 5615 1553 5666 54
1571 5617 1649 5668 codd.
1669 5632 1736 5668 non-

415 5685 474 5736 nulii
491 5688 527 5735 sic
542 5701 601 5735 cnm
618 5699 666 5751 pro
683 5690 704 5736 ri
721 5690 812 5749 camin·
831 5690 873 5737 W.
891 5715 917 5723 -
937 5691 977 5737 tt.
997 5691 1150 5739 ceunnnsti
1170 5715 1197 5725 -
1217 5689 1257 5738 43.
1275 5690 1407 5750 Potnctetos
1423 5692 1442 5739 0
1462 5716 1488 5724 -
1507 5690 1635 5740 Honor„
1647 5704 1737 5741 cocen-

414 5759 740 5824 turm-inprobantur·
760 5764 919 5826 Augustinus
942 5763 976 5812 00
998 5766 1047 5813 civ.
1067 5763 1110 5814 dei
1129 5764 1158 5823 V,
1178 5764 1217 5813 43.
1240 5791 1273 5801 -
1295 5766 1449 5814 incendimur
1470 5764 1579 5827 Bentley
1603 5770 1630 5815 et
1652 5767 1737 5817 Cobet

415 5833 541 5886 memor.
560 5836 591 5894 V,
604 5834 661 5887 sti.
678 5862 704 5872 -
724 5838 764 5886 46.
782 5840 880 5900 praecis
896 5838 915 5887 0
935 5863 962 5873 -
981 5838 1022 5886 ti.
1041 5839 1231 5902 temistoclesqne
1247 5843 1267 5890 0
1286 5864 1312 5876 -
1333 5841 1372 5890 48.
1391 5853 1470 5889 annor
1481 5841 1510 5890 0.
1529 5839 1568 5890 Ci.
1582 5840 1657 5892 fland
1669 5842 1736 5893 ‘lur-

415 5908 468 5960 tell.
486 5909 506 5969 l,
526 5921 553 5973 p.
572 5908 621 5961 sto
639 5923 699 5976 sqq.
720 5936 747 5948 -
765 5912 843 5962 liram
860 5913 879 5962 C
899 5937 926 5948 -
946 5918 980 5962 eat
995 5912 1094 5964 habitus
1109 5914 1233 5965 indoctior
1249 5914 1421 5975 Quintilianus
1437 5916 1459 5977 l,
1477 5915 1518 5976 40,
1537 5914 1577 5966 40.

465 6008 596 6058 emor.
610 6010 648 6058 rr.
1388 6006 1392 6009 ’
1495 6003 1536 6070 μ
