<?xml version="1.0" encoding="UTF-8"?>
<!DOCTYPE html PUBLIC "-//W3C//DTD XHTML 1.0 Transitional//EN"
    "http://www.w3.org/TR/xhtml1/DTD/xhtml1-transitional.dtd">
<html xmlns="http://www.w3.org/1999/xhtml" xml:lang="en" lang="en">
 <head>
  <title>
</title>
<meta http-equiv="Content-Type" content="text/html;charset=utf-8" />
  <meta name='ocr-system' content='tesseract 3.04.00' />
  <meta name='ocr-capabilities' content='ocr_page ocr_carea ocr_par ocr_line ocrx_word'/>
</head>
<body>
  <div class='ocr_page' id='page_1' title='image "./operaquaesupers00halmgoog/operaquaesupers00halmgoog_1025.png"; bbox 0 0 4342 7459; ppageno 0'>
   <div class='ocr_carea' id='block_1_1' title="bbox 981 1244 1735 1327">
    <p class='ocr_par' dir='ltr' id='par_1_1' title="bbox 981 1244 1735 1327">
     <span class='ocr_line' id='line_1_1' title="bbox 981 1244 1735 1327; baseline -0.009 -2"><span class='ocrx_word' id='word_1_1' title='bbox 981 1253 1167 1327; x_wconf 74' lang='lat' dir='ltr'><strong>amanus</strong></span> <span class='ocrx_word' id='word_1_2' title='bbox 1651 1244 1735 1319; x_wconf 78' lang='lat' dir='ltr'><strong>teos</strong></span> 
     </span>
    </p>
   </div>
   <div class='ocr_carea' id='block_1_2' title="bbox 407 1413 1773 2714">
    <p class='ocr_par' dir='ltr' id='par_1_2' title="bbox 407 1413 1773 2714">
     <span class='ocr_line' id='line_1_2' title="bbox 408 1413 1734 1501; baseline -0.005 -21"><span class='ocrx_word' id='word_1_3' title='bbox 408 1419 599 1501; x_wconf 84' lang='lat' dir='ltr'><strong>praeberent</strong></span> <span class='ocrx_word' id='word_1_4' title='bbox 631 1417 789 1496; x_wconf 88' lang='lat' dir='ltr'><strong>vitamque</strong></span> <span class='ocrx_word' id='word_1_5' title='bbox 822 1418 890 1477; x_wconf 89' lang='lat' dir='ltr'><strong>eius</strong></span> <span class='ocrx_word' id='word_1_6' title='bbox 920 1434 1013 1496; x_wconf 90' lang='lat' dir='ltr'><strong>quam</strong></span> <span class='ocrx_word' id='word_1_7' title='bbox 1043 1415 1251 1494; x_wconf 89' lang='lat' dir='ltr'><strong>pulcherrime</strong></span> <span class='ocrx_word' id='word_1_8' title='bbox 1280 1423 1425 1495; x_wconf 89' lang='lat' dir='ltr'><strong>regerent</strong></span> <span class='ocrx_word' id='word_1_9' title='bbox 1450 1423 1482 1476; x_wconf 91' lang='lat' dir='ltr'><strong>et</strong></span> <span class='ocrx_word' id='word_1_10' title='bbox 1512 1413 1734 1493; x_wconf 75' lang='lat' dir='ltr'><strong>gubernarent,</strong></span> 
     </span>
     <span class='ocr_line' id='line_1_3' title="bbox 409 1507 1732 1593; baseline -0.005 -19"><span class='ocrx_word' id='word_1_11' title='bbox 409 1521 564 1593; x_wconf 86' lang='lat' dir='ltr'><strong>quatenus</strong></span> <span class='ocrx_word' id='word_1_12' title='bbox 591 1528 653 1572; x_wconf 89' lang='lat' dir='ltr'><strong>non</strong></span> <span class='ocrx_word' id='word_1_13' title='bbox 673 1512 743 1590; x_wconf 92' lang='lat' dir='ltr'><strong>ipse</strong></span> <span class='ocrx_word' id='word_1_14' title='bbox 762 1508 844 1570; x_wconf 92' lang='lat' dir='ltr'><strong>bene</strong></span> <span class='ocrx_word' id='word_1_15' title='bbox 865 1510 963 1571; x_wconf 86' lang='lat' dir='ltr'><strong>laetus</strong></span> <span class='ocrx_word' id='word_1_16' title='bbox 984 1527 1040 1569; x_wconf 87' lang='lat' dir='ltr'><strong>sua</strong></span> <span class='ocrx_word' id='word_1_17' title='bbox 1061 1507 1152 1589; x_wconf 88' lang='lat' dir='ltr'><strong>culpa</strong></span> <span class='ocrx_word' id='word_1_18' title='bbox 1173 1508 1233 1570; x_wconf 90' lang='lat' dir='ltr'><strong>sibi</strong></span> <span class='ocrx_word' id='word_1_19' title='bbox 1254 1507 1372 1589; x_wconf 89' lang='lat' dir='ltr'><strong>aliquid</strong></span> <span class='ocrx_word' id='word_1_20' title='bbox 1390 1509 1537 1569; x_wconf 79' lang='lat' dir='ltr'><strong>miseriae</strong></span> <span class='ocrx_word' id='word_1_21' title='bbox 1556 1515 1732 1587; x_wconf 85' lang='lat' dir='ltr'><strong>quaereret.</strong></span> 
     </span>
     <span class='ocr_line' id='line_1_4' title="bbox 484 1602 1736 1685; baseline -0.005 -17"><span class='ocrx_word' id='word_1_22' title='bbox 484 1610 586 1685; x_wconf 75' lang='lat' dir='ltr'><strong>Atque</strong></span> <span class='ocrx_word' id='word_1_23' title='bbox 612 1606 640 1667; x_wconf 93' lang='lat' dir='ltr'><strong>is</strong></span> <span class='ocrx_word' id='word_1_24' title='bbox 660 1602 806 1685; x_wconf 89' lang='lat' dir='ltr'><strong>quidem,</strong></span> <span class='ocrx_word' id='word_1_25' title='bbox 837 1604 890 1683; x_wconf 92' lang='lat' dir='ltr'><strong>qui</strong></span> <span class='ocrx_word' id='word_1_26' title='bbox 911 1611 1023 1665; x_wconf 91' lang='lat' dir='ltr'><strong>cuncta</strong></span> <span class='ocrx_word' id='word_1_27' title='bbox 1043 1606 1227 1683; x_wconf 75' lang='lat' dir='ltr'><strong>conposuit,</strong></span> <span class='ocrx_word' id='word_1_28' title='bbox 1259 1611 1439 1666; x_wconf 74' lang='lat' dir='ltr'><strong>constanter</strong></span> <span class='ocrx_word' id='word_1_29' title='bbox 1458 1604 1490 1664; x_wconf 93' lang='lat' dir='ltr'><strong>in</strong></span> <span class='ocrx_word' id='word_1_30' title='bbox 1510 1620 1567 1664; x_wconf 90' lang='lat' dir='ltr'><strong>suo</strong></span> <span class='ocrx_word' id='word_1_31' title='bbox 1588 1602 1736 1664; x_wconf 85' lang='lat' dir='ltr'><strong>manebat</strong></span> 
     </span>
     <span class='ocr_line' id='line_1_5' title="bbox 408 1695 1733 1777; baseline -0.005 -17"><span class='ocrx_word' id='word_1_32' title='bbox 408 1706 514 1775; x_wconf 90' lang='lat' dir='ltr'><strong>statu,</strong></span> <span class='ocrx_word' id='word_1_33' title='bbox 535 1700 590 1777; x_wconf 94' lang='lat' dir='ltr'><strong>qui</strong></span> <span class='ocrx_word' id='word_1_34' title='bbox 611 1706 715 1761; x_wconf 89' lang='lat' dir='ltr'><strong>nutem</strong></span> <span class='ocrx_word' id='word_1_35' title='bbox 736 1707 826 1759; x_wconf 88' lang='lat' dir='ltr'><strong>erant</strong></span> <span class='ocrx_word' id='word_1_36' title='bbox 844 1695 884 1758; x_wconf 91' lang='lat' dir='ltr'><strong>ab</strong></span> <span class='ocrx_word' id='word_1_37' title='bbox 905 1715 943 1757; x_wconf 90' lang='lat' dir='ltr'><strong>eo</strong></span> <span class='ocrx_word' id='word_1_38' title='bbox 963 1698 1070 1771; x_wconf 89' lang='lat' dir='ltr'><strong>creati,</strong></span> <span class='ocrx_word' id='word_1_39' title='bbox 1093 1700 1323 1776; x_wconf 83' lang='lat' dir='ltr'><strong>comparentis</strong></span> <span class='ocrx_word' id='word_1_40' title='bbox 1343 1696 1483 1758; x_wconf 79' lang='lat' dir='ltr'><strong>ordinem</strong></span> <span class='ocrx_word' id='word_1_41' title='bbox 1504 1697 1733 1774; x_wconf 81' lang='lat' dir='ltr'><strong>cognovissent,</strong></span> 
     </span>
     <span class='ocr_line' id='line_1_6' title="bbox 407 1787 1773 1872; baseline -0.007 -19"><span class='ocrx_word' id='word_1_42' title='bbox 407 1791 489 1854; x_wconf 88' lang='lat' dir='ltr'><strong>bunc</strong></span> <span class='ocrx_word' id='word_1_43' title='bbox 509 1790 734 1872; x_wconf 81' lang='lat' dir='ltr'><strong>sequebantur.</strong></span> <span class='ocrx_word' id='word_1_44' title='bbox 775 1792 881 1870; x_wconf 87' lang='lat' dir='ltr'><strong>ltaque</strong></span> <span class='ocrx_word' id='word_1_45' title='bbox 901 1808 973 1851; x_wconf 92' lang='lat' dir='ltr'><strong>cum</strong></span> <span class='ocrx_word' id='word_1_46' title='bbox 992 1793 1190 1871; x_wconf 84' lang='lat' dir='ltr'><strong>accepissent</strong></span> <span class='ocrx_word' id='word_1_47' title='bbox 1209 1789 1372 1853; x_wconf 77' lang='lat' dir='ltr'><strong>inmortale</strong></span> <span class='ocrx_word' id='word_1_48' title='bbox 1390 1791 1577 1871; x_wconf 91' lang='lat' dir='ltr'><strong>principium</strong></span> <span class='ocrx_word' id='word_1_49' title='bbox 1597 1787 1735 1851; x_wconf 78' lang='lat' dir='ltr'><strong>mortalis</strong></span> <span class='ocrx_word' id='word_1_50' title='bbox 1757 1796 1773 1843; x_wconf 84' lang='lat' dir='ltr'><strong>o</strong></span> 
     </span>
     <span class='ocr_line' id='line_1_7' title="bbox 408 1883 1734 1963; baseline -0.003 -16"><span class='ocrx_word' id='word_1_51' title='bbox 408 1886 585 1960; x_wconf 81' lang='lat' dir='ltr'><strong>animantis,</strong></span> <span class='ocrx_word' id='word_1_52' title='bbox 605 1885 765 1945; x_wconf 92' lang='lat' dir='ltr'><strong>imitantes</strong></span> <span class='ocrx_word' id='word_1_53' title='bbox 785 1885 956 1961; x_wconf 82' lang='lat' dir='ltr'><strong>genitorem</strong></span> <span class='ocrx_word' id='word_1_54' title='bbox 976 1891 1008 1944; x_wconf 89' lang='lat' dir='ltr'><strong>ot</strong></span> <span class='ocrx_word' id='word_1_55' title='bbox 1027 1884 1204 1945; x_wconf 87' lang='lat' dir='ltr'><strong>elieetorem</strong></span> <span class='ocrx_word' id='word_1_56' title='bbox 1224 1886 1272 1946; x_wconf 91' lang='lat' dir='ltr'><strong>sui</strong></span> <span class='ocrx_word' id='word_1_57' title='bbox 1294 1883 1461 1963; x_wconf 90' lang='lat' dir='ltr'><strong>particulas</strong></span> <span class='ocrx_word' id='word_1_58' title='bbox 1480 1884 1562 1963; x_wconf 90' lang='lat' dir='ltr'><strong>ignis</strong></span> <span class='ocrx_word' id='word_1_59' title='bbox 1581 1892 1614 1944; x_wconf 92' lang='lat' dir='ltr'><strong>et</strong></span> <span class='ocrx_word' id='word_1_60' title='bbox 1633 1891 1734 1944; x_wconf 89' lang='lat' dir='ltr'><strong>terrae</strong></span> 
     </span>
     <span class='ocr_line' id='line_1_8' title="bbox 408 1975 1734 2057; baseline -0.002 -18"><span class='ocrx_word' id='word_1_61' title='bbox 408 1985 442 2039; x_wconf 88' lang='lat' dir='ltr'><strong>et</strong></span> <span class='ocrx_word' id='word_1_62' title='bbox 459 1996 561 2057; x_wconf 87' lang='lat' dir='ltr'><strong>aquae</strong></span> <span class='ocrx_word' id='word_1_63' title='bbox 581 1987 614 2039; x_wconf 94' lang='lat' dir='ltr'><strong>et</strong></span> <span class='ocrx_word' id='word_1_64' title='bbox 631 1978 753 2039; x_wconf 89' lang='lat' dir='ltr'><strong>animae</strong></span> <span class='ocrx_word' id='word_1_65' title='bbox 773 1994 791 2037; x_wconf 89' lang='lat' dir='ltr'><strong>a</strong></span> <span class='ocrx_word' id='word_1_66' title='bbox 812 1976 938 2053; x_wconf 89' lang='lat' dir='ltr'><strong>mundo,</strong></span> <span class='ocrx_word' id='word_1_67' title='bbox 960 1992 1039 2054; x_wconf 86' lang='lat' dir='ltr'><strong>quas</strong></span> <span class='ocrx_word' id='word_1_68' title='bbox 1059 1995 1169 2038; x_wconf 89' lang='lat' dir='ltr'><strong>rursus</strong></span> <span class='ocrx_word' id='word_1_69' title='bbox 1189 1976 1368 2055; x_wconf 88' lang='lat' dir='ltr'><strong>redderent,</strong></span> <span class='ocrx_word' id='word_1_70' title='bbox 1383 1975 1605 2039; x_wconf 86' lang='lat' dir='ltr'><strong>mutuabantur</strong></span> <span class='ocrx_word' id='word_1_71' title='bbox 1617 1992 1734 2055; x_wconf 88' lang='lat' dir='ltr'><strong>easque</strong></span> 
     </span>
     <span class='ocr_line' id='line_1_9' title="bbox 408 2067 1734 2151; baseline -0.002 -19"><span class='ocrx_word' id='word_1_72' title='bbox 408 2071 490 2132; x_wconf 85' lang='lat' dir='ltr'><strong>inter</strong></span> <span class='ocrx_word' id='word_1_73' title='bbox 508 2088 544 2132; x_wconf 87' lang='lat' dir='ltr'><strong>se</strong></span> <span class='ocrx_word' id='word_1_74' title='bbox 564 2068 763 2150; x_wconf 89' lang='lat' dir='ltr'><strong>copulabant,</strong></span> <span class='ocrx_word' id='word_1_75' title='bbox 783 2067 867 2129; x_wconf 90' lang='lat' dir='ltr'><strong>baud</strong></span> <span class='ocrx_word' id='word_1_76' title='bbox 886 2067 987 2130; x_wconf 92' lang='lat' dir='ltr'><strong>isdem</strong></span> <span class='ocrx_word' id='word_1_77' title='bbox 1008 2068 1137 2146; x_wconf 92' lang='lat' dir='ltr'><strong>vinclis,</strong></span> <span class='ocrx_word' id='word_1_78' title='bbox 1158 2070 1273 2150; x_wconf 91' lang='lat' dir='ltr'><strong>quibus</strong></span> <span class='ocrx_word' id='word_1_79' title='bbox 1292 2072 1352 2151; x_wconf 90' lang='lat' dir='ltr'><strong>ipsi</strong></span> <span class='ocrx_word' id='word_1_80' title='bbox 1373 2078 1464 2132; x_wconf 88' lang='lat' dir='ltr'><strong>eraut</strong></span> <span class='ocrx_word' id='word_1_81' title='bbox 1481 2069 1646 2149; x_wconf 78' lang='lat' dir='ltr'><strong>conligati,</strong></span> <span class='ocrx_word' id='word_1_82' title='bbox 1677 2067 1734 2130; x_wconf 89' lang='lat' dir='ltr'><strong>sed</strong></span> 
     </span>
     <span class='ocr_line' id='line_1_10' title="bbox 408 2162 1736 2245; baseline -0.001 -20"><span class='ocrx_word' id='word_1_83' title='bbox 408 2162 535 2238; x_wconf 86' lang='lat' dir='ltr'><strong>talibus,</strong></span> <span class='ocrx_word' id='word_1_84' title='bbox 556 2164 737 2243; x_wconf 87' lang='lat' dir='ltr'><strong>quaccerni</strong></span> <span class='ocrx_word' id='word_1_85' title='bbox 750 2181 812 2224; x_wconf 90' lang='lat' dir='ltr'><strong>nou</strong></span> <span class='ocrx_word' id='word_1_86' title='bbox 831 2172 963 2242; x_wconf 86' lang='lat' dir='ltr'><strong>possent</strong></span> <span class='ocrx_word' id='word_1_87' title='bbox 981 2174 1110 2245; x_wconf 85' lang='lat' dir='ltr'><strong>propter</strong></span> <span class='ocrx_word' id='word_1_88' title='bbox 1129 2167 1325 2244; x_wconf 86' lang='lat' dir='ltr'><strong>parvitatem,</strong></span> <span class='ocrx_word' id='word_1_89' title='bbox 1346 2164 1466 2226; x_wconf 77' lang='lat' dir='ltr'><strong>crebris</strong></span> <span class='ocrx_word' id='word_1_90' title='bbox 1486 2165 1575 2244; x_wconf 88' lang='lat' dir='ltr'><strong>quasi</strong></span> <span class='ocrx_word' id='word_1_91' title='bbox 1596 2162 1736 2226; x_wconf 90' lang='lat' dir='ltr'><strong>cuneolis</strong></span> 
     </span>
     <span class='ocr_line' id='line_1_11' title="bbox 408 2257 1773 2341; baseline -0.003 -20"><span class='ocrx_word' id='word_1_92' title='bbox 408 2257 619 2338; x_wconf 78' lang='lat' dir='ltr'><strong>inliquefactis</strong></span> <span class='ocrx_word' id='word_1_93' title='bbox 643 2276 740 2320; x_wconf 92' lang='lat' dir='ltr'><strong>unum</strong></span> <span class='ocrx_word' id='word_1_94' title='bbox 763 2257 940 2320; x_wconf 85' lang='lat' dir='ltr'><strong>alliciebant</strong></span> <span class='ocrx_word' id='word_1_95' title='bbox 968 2277 1007 2320; x_wconf 88' lang='lat' dir='ltr'><strong>ex</strong></span> <span class='ocrx_word' id='word_1_96' title='bbox 1033 2258 1178 2321; x_wconf 90' lang='lat' dir='ltr'><strong>omnibus</strong></span> <span class='ocrx_word' id='word_1_97' title='bbox 1205 2278 1319 2341; x_wconf 88' lang='lat' dir='ltr'><strong>corpus</strong></span> <span class='ocrx_word' id='word_1_98' title='bbox 1344 2269 1439 2339; x_wconf 91' lang='lat' dir='ltr'><strong>atque</strong></span> <span class='ocrx_word' id='word_1_99' title='bbox 1462 2261 1494 2321; x_wconf 93' lang='lat' dir='ltr'><strong>in</strong></span> <span class='ocrx_word' id='word_1_100' title='bbox 1525 2277 1563 2319; x_wconf 93' lang='lat' dir='ltr'><strong>eo</strong></span> <span class='ocrx_word' id='word_1_101' title='bbox 1586 2258 1773 2319; x_wconf 80' lang='lat' dir='ltr'><strong>induentett</strong></span> 
     </span>
     <span class='ocr_line' id='line_1_12' title="bbox 409 2350 1735 2434; baseline -0.001 -20"><span class='ocrx_word' id='word_1_102' title='bbox 409 2360 504 2433; x_wconf 84' lang='lat' dir='ltr'><strong>utque</strong></span> <span class='ocrx_word' id='word_1_103' title='bbox 524 2351 671 2414; x_wconf 83' lang='lat' dir='ltr'><strong>effluente</strong></span> <span class='ocrx_word' id='word_1_104' title='bbox 690 2353 783 2414; x_wconf 89' lang='lat' dir='ltr'><strong>animi</strong></span> <span class='ocrx_word' id='word_1_105' title='bbox 804 2350 901 2413; x_wconf 92' lang='lat' dir='ltr'><strong>divini</strong></span> <span class='ocrx_word' id='word_1_106' title='bbox 920 2353 1056 2415; x_wconf 88' lang='lat' dir='ltr'><strong>ambitus</strong></span> <span class='ocrx_word' id='word_1_107' title='bbox 1075 2353 1258 2432; x_wconf 85' lang='lat' dir='ltr'><strong>inligabent.</strong></span> <span class='ocrx_word' id='word_1_108' title='bbox 1298 2355 1405 2434; x_wconf 90' lang='lat' dir='ltr'><strong>ltaque</strong></span> <span class='ocrx_word' id='word_1_109' title='bbox 1430 2353 1474 2415; x_wconf 91' lang='lat' dir='ltr'><strong>illi</strong></span> <span class='ocrx_word' id='word_1_110' title='bbox 1494 2355 1526 2415; x_wconf 92' lang='lat' dir='ltr'><strong>in</strong></span> <span class='ocrx_word' id='word_1_111' title='bbox 1546 2353 1662 2414; x_wconf 88' lang='lat' dir='ltr'><strong>ilumen</strong></span> <span class='ocrx_word' id='word_1_112' title='bbox 1684 2353 1735 2413; x_wconf 90' lang='lat' dir='ltr'><strong>in·</strong></span> 
     </span>
     <span class='ocr_line' id='line_1_13' title="bbox 408 2445 1734 2526; baseline -0.001 -20"><span class='ocrx_word' id='word_1_113' title='bbox 408 2448 503 2507; x_wconf 88' lang='lat' dir='ltr'><strong>mersi</strong></span> <span class='ocrx_word' id='word_1_114' title='bbox 524 2462 628 2525; x_wconf 88' lang='lat' dir='ltr'><strong>neque</strong></span> <span class='ocrx_word' id='word_1_115' title='bbox 648 2445 797 2507; x_wconf 90' lang='lat' dir='ltr'><strong>tenebant</strong></span> <span class='ocrx_word' id='word_1_116' title='bbox 817 2463 919 2524; x_wconf 92' lang='lat' dir='ltr'><strong>neque</strong></span> <span class='ocrx_word' id='word_1_117' title='bbox 939 2446 1138 2523; x_wconf 89' lang='lat' dir='ltr'><strong>tenebantur,</strong></span> <span class='ocrx_word' id='word_1_118' title='bbox 1159 2445 1216 2507; x_wconf 90' lang='lat' dir='ltr'><strong>sed</strong></span> <span class='ocrx_word' id='word_1_119' title='bbox 1238 2449 1267 2508; x_wconf 92' lang='lat' dir='ltr'><strong>vi</strong></span> <span class='ocrx_word' id='word_1_120' title='bbox 1287 2466 1398 2526; x_wconf 87' lang='lat' dir='ltr'><strong>magna</strong></span> <span class='ocrx_word' id='word_1_121' title='bbox 1419 2456 1483 2509; x_wconf 88' lang='lat' dir='ltr'><strong>tum</strong></span> <span class='ocrx_word' id='word_1_122' title='bbox 1502 2446 1655 2521; x_wconf 89' lang='lat' dir='ltr'><strong>lerebant,</strong></span> <span class='ocrx_word' id='word_1_123' title='bbox 1671 2454 1734 2506; x_wconf 93' lang='lat' dir='ltr'><strong>tum</strong></span> 
     </span>
     <span class='ocr_line' id='line_1_14' title="bbox 408 2536 1736 2620; baseline -0.002 -20"><span class='ocrx_word' id='word_1_124' title='bbox 408 2538 599 2600; x_wconf 78' lang='lat' dir='ltr'><strong>terebantur.</strong></span> <span class='ocrx_word' id='word_1_125' title='bbox 641 2538 684 2599; x_wconf 91' lang='lat' dir='ltr'><strong>lta</strong></span> <span class='ocrx_word' id='word_1_126' title='bbox 713 2547 811 2600; x_wconf 91' lang='lat' dir='ltr'><strong>totum</strong></span> <span class='ocrx_word' id='word_1_127' title='bbox 842 2538 955 2601; x_wconf 90' lang='lat' dir='ltr'><strong>animal</strong></span> <span class='ocrx_word' id='word_1_128' title='bbox 979 2539 1165 2602; x_wconf 89' lang='lat' dir='ltr'><strong>movebatur</strong></span> <span class='ocrx_word' id='word_1_129' title='bbox 1190 2539 1266 2601; x_wconf 90' lang='lat' dir='ltr'><strong>illud</strong></span> <span class='ocrx_word' id='word_1_130' title='bbox 1291 2538 1436 2620; x_wconf 86' lang='lat' dir='ltr'><strong>quidem,</strong></span> <span class='ocrx_word' id='word_1_131' title='bbox 1467 2539 1525 2601; x_wconf 88' lang='lat' dir='ltr'><strong>sed</strong></span> <span class='ocrx_word' id='word_1_132' title='bbox 1544 2536 1736 2600; x_wconf 82' lang='lat' dir='ltr'><strong>inmoderate</strong></span> 
     </span>
     <span class='ocr_line' id='line_1_15' title="bbox 409 2630 1735 2714; baseline -0.001 -22"><span class='ocrx_word' id='word_1_133' title='bbox 409 2640 441 2692; x_wconf 92' lang='lat' dir='ltr'><strong>et</strong></span> <span class='ocrx_word' id='word_1_134' title='bbox 459 2631 599 2708; x_wconf 89' lang='lat' dir='ltr'><strong>lortuito,</strong></span> <span class='ocrx_word' id='word_1_135' title='bbox 621 2641 655 2693; x_wconf 94' lang='lat' dir='ltr'><strong>ut</strong></span> <span class='ocrx_word' id='word_1_136' title='bbox 674 2650 732 2692; x_wconf 86' lang='lat' dir='ltr'><strong>sex</strong></span> <span class='ocrx_word' id='word_1_137' title='bbox 752 2630 888 2693; x_wconf 89' lang='lat' dir='ltr'><strong>motibus</strong></span> <span class='ocrx_word' id='word_1_138' title='bbox 908 2631 1087 2694; x_wconf 88' lang='lat' dir='ltr'><strong>veheretur.</strong></span> <span class='ocrx_word' id='word_1_139' title='bbox 1128 2634 1204 2694; x_wconf 90' lang='lat' dir='ltr'><strong>Nam</strong></span> <span class='ocrx_word' id='word_1_140' title='bbox 1226 2642 1258 2694; x_wconf 92' lang='lat' dir='ltr'><strong>et</strong></span> <span class='ocrx_word' id='word_1_141' title='bbox 1277 2642 1349 2694; x_wconf 93' lang='lat' dir='ltr'><strong>ante</strong></span> <span class='ocrx_word' id='word_1_142' title='bbox 1369 2642 1401 2694; x_wconf 92' lang='lat' dir='ltr'><strong>et</strong></span> <span class='ocrx_word' id='word_1_143' title='bbox 1420 2650 1502 2714; x_wconf 90' lang='lat' dir='ltr'><strong>pone</strong></span> <span class='ocrx_word' id='word_1_144' title='bbox 1518 2642 1550 2693; x_wconf 90' lang='lat' dir='ltr'><strong>et</strong></span> <span class='ocrx_word' id='word_1_145' title='bbox 1563 2630 1603 2693; x_wconf 90' lang='lat' dir='ltr'><strong>ad</strong></span> <span class='ocrx_word' id='word_1_146' title='bbox 1616 2631 1735 2693; x_wconf 88' lang='lat' dir='ltr'><strong>laevam</strong></span> 
     </span>
    </p>
   </div>
   <div class='ocr_carea' id='block_1_3' title="bbox 409 2722 1775 2857">
    <p class='ocr_par' dir='ltr' id='par_1_3' title="bbox 409 2722 1775 2857">
     <span class='ocr_line' id='line_1_16' title="bbox 409 2722 1775 2814; baseline 0.001 -28"><span class='ocrx_word' id='word_1_147' title='bbox 409 2733 442 2786; x_wconf 89' lang='lat' dir='ltr'><strong>et</strong></span> <span class='ocrx_word' id='word_1_148' title='bbox 460 2722 500 2787; x_wconf 91' lang='lat' dir='ltr'><strong>ad</strong></span> <span class='ocrx_word' id='word_1_149' title='bbox 520 2723 661 2787; x_wconf 87' lang='lat' dir='ltr'><strong>dextram</strong></span> <span class='ocrx_word' id='word_1_150' title='bbox 682 2734 714 2787; x_wconf 90' lang='lat' dir='ltr'><strong>et</strong></span> <span class='ocrx_word' id='word_1_151' title='bbox 733 2744 857 2814; x_wconf 81' lang='lat' dir='ltr'><strong>sursum</strong></span> <span class='ocrx_word' id='word_1_152' title='bbox 879 2737 911 2788; x_wconf 94' lang='lat' dir='ltr'><strong>et</strong></span> <span class='ocrx_word' id='word_1_153' title='bbox 931 2725 1090 2799; x_wconf 88' lang='lat' dir='ltr'><strong>deorsum,</strong></span> <span class='ocrx_word' id='word_1_154' title='bbox 1112 2726 1203 2789; x_wconf 90' lang='lat' dir='ltr'><strong>modo</strong></span> <span class='ocrx_word' id='word_1_155' title='bbox 1223 2729 1306 2803; x_wconf 91' lang='lat' dir='ltr'><strong>buc,</strong></span> <span class='ocrx_word' id='word_1_156' title='bbox 1328 2727 1420 2789; x_wconf 90' lang='lat' dir='ltr'><strong>modo</strong></span> <span class='ocrx_word' id='word_1_157' title='bbox 1439 2725 1512 2789; x_wconf 92' lang='lat' dir='ltr'><strong>illuc</strong></span> <span class='ocrx_word' id='word_1_158' title='bbox 1745 2731 1775 2778; x_wconf 84' lang='lat' dir='ltr'><strong>to</strong></span> 
     </span>
     <span class='ocr_line' id='line_1_17' title="bbox 980 2823 1177 2857; baseline 0 0"><span class='ocrx_word' id='word_1_159' title='bbox 980 2823 996 2857; x_wconf 62' lang='grc'>1</span> <span class='ocrx_word' id='word_1_160' title='bbox 1162 2823 1177 2857; x_wconf 55' lang='lat' dir='ltr'>U</span> 
     </span>
    </p>
   </div>
   <div class='ocr_carea' id='block_1_4' title="bbox 484 2864 1736 2985">
    <p class='ocr_par' dir='ltr' id='par_1_4' title="bbox 484 2864 1736 2985">
     <span class='ocr_line' id='line_1_18' title="bbox 484 2864 1736 2985; baseline 0.001 -21"><span class='ocrx_word' id='word_1_161' title='bbox 484 2904 561 2965; x_wconf 83' lang='lat' dir='ltr'><strong>xlv.</strong></span> <span class='ocrx_word' id='word_1_162' title='bbox 583 2902 647 2964; x_wconf 88' lang='lat' dir='ltr'><strong>Sed</strong></span> <span class='ocrx_word' id='word_1_163' title='bbox 669 2906 696 2965; x_wconf 92' lang='lat' dir='ltr'><strong>si</strong></span> <span class='ocrx_word' id='word_1_164' title='bbox 716 2905 748 2966; x_wconf 92' lang='lat' dir='ltr'><strong>in</strong></span> <span class='ocrx_word' id='word_1_165' title='bbox 767 2888 934 2985; x_wconf 89' lang='lat' dir='ltr'><strong>splendore</strong></span> <span class='ocrx_word' id='word_1_166' title='bbox 954 2864 1114 2982; x_wconf 68' lang='lat' dir='ltr'><strong>consedit,</strong></span> <span class='ocrx_word' id='word_1_167' title='bbox 1141 2915 1205 2967; x_wconf 87' lang='lat' dir='ltr'><strong>tum</strong></span> <span class='ocrx_word' id='word_1_168' title='bbox 1227 2905 1275 2967; x_wconf 89' lang='lat' dir='ltr'><strong>vel</strong></span> <span class='ocrx_word' id='word_1_169' title='bbox 1296 2905 1406 2969; x_wconf 88' lang='lat' dir='ltr'><strong>eadem</strong></span> <span class='ocrx_word' id='word_1_170' title='bbox 1426 2905 1550 2985; x_wconf 90' lang='lat' dir='ltr'><strong>speeies</strong></span> <span class='ocrx_word' id='word_1_171' title='bbox 1568 2902 1618 2963; x_wconf 89' lang='lat' dir='ltr'><strong>vel</strong></span> <span class='ocrx_word' id='word_1_172' title='bbox 1637 2904 1736 2965; x_wconf 91' lang='lat' dir='ltr'><strong>inter·</strong></span> 
     </span>
    </p>
   </div>
   <div class='ocr_carea' id='block_1_5' title="bbox 409 2993 1774 3639">
    <p class='ocr_par' dir='ltr' id='par_1_5' title="bbox 409 2993 1774 3639">
     <span class='ocr_line' id='line_1_19' title="bbox 409 2993 1736 3078; baseline 0 -21"><span class='ocrx_word' id='word_1_173' title='bbox 409 2993 486 3057; x_wconf 90' lang='lat' dir='ltr'><strong>dum</strong></span> <span class='ocrx_word' id='word_1_174' title='bbox 504 2998 655 3059; x_wconf 90' lang='lat' dir='ltr'><strong>inmutata</strong></span> <span class='ocrx_word' id='word_1_175' title='bbox 675 2996 835 3075; x_wconf 87' lang='lat' dir='ltr'><strong>redditur,</strong></span> <span class='ocrx_word' id='word_1_176' title='bbox 865 3018 936 3060; x_wconf 93' lang='lat' dir='ltr'><strong>cum</strong></span> <span class='ocrx_word' id='word_1_177' title='bbox 956 2999 1037 3078; x_wconf 91' lang='lat' dir='ltr'><strong>ignis</strong></span> <span class='ocrx_word' id='word_1_178' title='bbox 1057 2999 1218 3061; x_wconf 89' lang='lat' dir='ltr'><strong>oculorum</strong></span> <span class='ocrx_word' id='word_1_179' title='bbox 1239 3018 1308 3061; x_wconf 90' lang='lat' dir='ltr'><strong>cum</strong></span> <span class='ocrx_word' id='word_1_180' title='bbox 1328 3018 1366 3061; x_wconf 91' lang='lat' dir='ltr'><strong>eo</strong></span> <span class='ocrx_word' id='word_1_181' title='bbox 1385 3000 1473 3078; x_wconf 87' lang='lat' dir='ltr'><strong>igne,</strong></span> <span class='ocrx_word' id='word_1_182' title='bbox 1499 2998 1552 3078; x_wconf 91' lang='lat' dir='ltr'><strong>qui</strong></span> <span class='ocrx_word' id='word_1_183' title='bbox 1572 3006 1622 3058; x_wconf 93' lang='lat' dir='ltr'><strong>est</strong></span> <span class='ocrx_word' id='word_1_184' title='bbox 1639 2996 1681 3058; x_wconf 93' lang='lat' dir='ltr'><strong>ob</strong></span> <span class='ocrx_word' id='word_1_185' title='bbox 1701 3014 1736 3057; x_wconf 89' lang='lat' dir='ltr'><strong>os</strong></span> 
     </span>
     <span class='ocr_line' id='line_1_20' title="bbox 409 3089 1735 3170; baseline 0 -20"><span class='ocrx_word' id='word_1_186' title='bbox 409 3089 545 3166; x_wconf 78' lang='lat' dir='ltr'><strong>offusus,</strong></span> <span class='ocrx_word' id='word_1_187' title='bbox 567 3108 602 3151; x_wconf 89' lang='lat' dir='ltr'><strong>se</strong></span> <span class='ocrx_word' id='word_1_188' title='bbox 622 3089 760 3151; x_wconf 83' lang='lat' dir='ltr'><strong>contudit</strong></span> <span class='ocrx_word' id='word_1_189' title='bbox 779 3098 811 3151; x_wconf 91' lang='lat' dir='ltr'><strong>et</strong></span> <span class='ocrx_word' id='word_1_190' title='bbox 829 3089 967 3153; x_wconf 90' lang='lat' dir='ltr'><strong>contulit.</strong></span> <span class='ocrx_word' id='word_1_191' title='bbox 1009 3093 1121 3157; x_wconf 75' lang='lat' dir='ltr'><strong>Dentre</strong></span> <span class='ocrx_word' id='word_1_192' title='bbox 1143 3100 1246 3154; x_wconf 86' lang='lat' dir='ltr'><strong>autem</strong></span> <span class='ocrx_word' id='word_1_193' title='bbox 1266 3091 1428 3167; x_wconf 89' lang='lat' dir='ltr'><strong>videntur,</strong></span> <span class='ocrx_word' id='word_1_194' title='bbox 1450 3107 1531 3170; x_wconf 90' lang='lat' dir='ltr'><strong>quae</strong></span> <span class='ocrx_word' id='word_1_195' title='bbox 1549 3089 1637 3152; x_wconf 89' lang='lat' dir='ltr'><strong>laeva</strong></span> <span class='ocrx_word' id='word_1_196' title='bbox 1651 3098 1735 3163; x_wconf 89' lang='lat' dir='ltr'><strong>sunt,</strong></span> 
     </span>
     <span class='ocr_line' id='line_1_21' title="bbox 410 3183 1774 3265; baseline 0 -21"><span class='ocrx_word' id='word_1_197' title='bbox 410 3185 484 3263; x_wconf 90' lang='lat' dir='ltr'><strong>quin</strong></span> <span class='ocrx_word' id='word_1_198' title='bbox 513 3185 678 3245; x_wconf 85' lang='lat' dir='ltr'><strong>contrariis</strong></span> <span class='ocrx_word' id='word_1_199' title='bbox 706 3183 847 3264; x_wconf 90' lang='lat' dir='ltr'><strong>partibus</strong></span> <span class='ocrx_word' id='word_1_200' title='bbox 880 3184 1040 3247; x_wconf 92' lang='lat' dir='ltr'><strong>oculorum</strong></span> <span class='ocrx_word' id='word_1_201' title='bbox 1067 3187 1239 3247; x_wconf 88' lang='lat' dir='ltr'><strong>contrarias</strong></span> <span class='ocrx_word' id='word_1_202' title='bbox 1266 3196 1371 3265; x_wconf 84' lang='lat' dir='ltr'><strong>partes</strong></span> <span class='ocrx_word' id='word_1_203' title='bbox 1390 3186 1553 3264; x_wconf 91' lang='lat' dir='ltr'><strong>attingunt.</strong></span> <span class='ocrx_word' id='word_1_204' title='bbox 1594 3186 1774 3263; x_wconf 80' lang='lat' dir='ltr'><strong>Respon—sn</strong></span> 
     </span>
     <span class='ocr_line' id='line_1_22' title="bbox 410 3275 1736 3355; baseline 0 -17"><span class='ocrx_word' id='word_1_205' title='bbox 410 3275 486 3339; x_wconf 90' lang='lat' dir='ltr'><strong>dent</strong></span> <span class='ocrx_word' id='word_1_206' title='bbox 505 3285 610 3339; x_wconf 89' lang='lat' dir='ltr'><strong>antem</strong></span> <span class='ocrx_word' id='word_1_207' title='bbox 631 3276 760 3339; x_wconf 84' lang='lat' dir='ltr'><strong>dextera</strong></span> <span class='ocrx_word' id='word_1_208' title='bbox 780 3276 935 3355; x_wconf 81' lang='lat' dir='ltr'><strong>dexteris,</strong></span> <span class='ocrx_word' id='word_1_209' title='bbox 963 3279 1051 3341; x_wconf 89' lang='lat' dir='ltr'><strong>laeva</strong></span> <span class='ocrx_word' id='word_1_210' title='bbox 1076 3279 1173 3341; x_wconf 90' lang='lat' dir='ltr'><strong>laevis</strong></span> <span class='ocrx_word' id='word_1_211' title='bbox 1198 3280 1403 3340; x_wconf 85' lang='lat' dir='ltr'><strong>conversione</strong></span> <span class='ocrx_word' id='word_1_212' title='bbox 1426 3277 1587 3353; x_wconf 92' lang='lat' dir='ltr'><strong>luminum,</strong></span> <span class='ocrx_word' id='word_1_213' title='bbox 1609 3293 1736 3338; x_wconf 91' lang='lat' dir='ltr'><strong>cumea</strong></span> 
     </span>
     <span class='ocr_line' id='line_1_23' title="bbox 410 3369 1738 3452; baseline -0.002 -19"><span class='ocrx_word' id='word_1_214' title='bbox 410 3371 494 3433; x_wconf 88' lang='lat' dir='ltr'><strong>inter</strong></span> <span class='ocrx_word' id='word_1_215' title='bbox 512 3389 548 3432; x_wconf 94' lang='lat' dir='ltr'><strong>se</strong></span> <span class='ocrx_word' id='word_1_216' title='bbox 568 3389 630 3432; x_wconf 90' lang='lat' dir='ltr'><strong>non</strong></span> <span class='ocrx_word' id='word_1_217' title='bbox 653 3372 887 3433; x_wconf 88' lang='lat' dir='ltr'><strong>cohaerescunt.</strong></span> <span class='ocrx_word' id='word_1_218' title='bbox 927 3370 960 3434; x_wconf 93' lang='lat' dir='ltr'><strong>ld</strong></span> <span class='ocrx_word' id='word_1_219' title='bbox 982 3373 1032 3448; x_wconf 87' lang='lat' dir='ltr'><strong>lit,</strong></span> <span class='ocrx_word' id='word_1_220' title='bbox 1053 3391 1124 3435; x_wconf 91' lang='lat' dir='ltr'><strong>cum</strong></span> <span class='ocrx_word' id='word_1_221' title='bbox 1144 3372 1343 3452; x_wconf 90' lang='lat' dir='ltr'><strong>speculorum</strong></span> <span class='ocrx_word' id='word_1_222' title='bbox 1362 3371 1473 3433; x_wconf 90' lang='lat' dir='ltr'><strong>levites</strong></span> <span class='ocrx_word' id='word_1_223' title='bbox 1493 3370 1564 3432; x_wconf 92' lang='lat' dir='ltr'><strong>hinc</strong></span> <span class='ocrx_word' id='word_1_224' title='bbox 1583 3369 1668 3432; x_wconf 90' lang='lat' dir='ltr'><strong>illinc</strong></span> <span class='ocrx_word' id='word_1_225' title='bbox 1689 3370 1738 3433; x_wconf 89' lang='lat' dir='ltr'><strong>el-</strong></span> 
     </span>
     <span class='ocr_line' id='line_1_24' title="bbox 410 3462 1737 3544; baseline -0.002 -18"><span class='ocrx_word' id='word_1_226' title='bbox 410 3463 573 3526; x_wconf 91' lang='lat' dir='ltr'><strong>titudinem</strong></span> <span class='ocrx_word' id='word_1_227' title='bbox 606 3462 781 3544; x_wconf 86' lang='lat' dir='ltr'><strong>adsumpsit</strong></span> <span class='ocrx_word' id='word_1_228' title='bbox 809 3466 902 3526; x_wconf 91' lang='lat' dir='ltr'><strong>etita</strong></span> <span class='ocrx_word' id='word_1_229' title='bbox 922 3464 1053 3527; x_wconf 81' lang='lat' dir='ltr'><strong>dextera</strong></span> <span class='ocrx_word' id='word_1_230' title='bbox 1073 3464 1206 3527; x_wconf 90' lang='lat' dir='ltr'><strong>detrusit</strong></span> <span class='ocrx_word' id='word_1_231' title='bbox 1234 3466 1266 3526; x_wconf 91' lang='lat' dir='ltr'><strong>in</strong></span> <span class='ocrx_word' id='word_1_232' title='bbox 1291 3465 1412 3527; x_wconf 90' lang='lat' dir='ltr'><strong>laevam</strong></span> <span class='ocrx_word' id='word_1_233' title='bbox 1432 3472 1551 3544; x_wconf 90' lang='lat' dir='ltr'><strong>partem</strong></span> <span class='ocrx_word' id='word_1_234' title='bbox 1577 3462 1737 3526; x_wconf 90' lang='lat' dir='ltr'><strong>oculorum</strong></span> 
     </span>
     <span class='ocr_line' id='line_1_25' title="bbox 409 3556 1736 3639; baseline -0.002 -18"><span class='ocrx_word' id='word_1_235' title='bbox 409 3556 564 3639; x_wconf 83' lang='lat' dir='ltr'><strong>laevaque</strong></span> <span class='ocrx_word' id='word_1_236' title='bbox 585 3559 618 3620; x_wconf 93' lang='lat' dir='ltr'><strong>in</strong></span> <span class='ocrx_word' id='word_1_237' title='bbox 639 3556 810 3619; x_wconf 81' lang='lat' dir='ltr'><strong>dexteram.</strong></span> <span class='ocrx_word' id='word_1_238' title='bbox 851 3559 969 3638; x_wconf 88' lang='lat' dir='ltr'><strong>Supina</strong></span> <span class='ocrx_word' id='word_1_239' title='bbox 988 3560 1082 3622; x_wconf 90' lang='lat' dir='ltr'><strong>etiam</strong></span> <span class='ocrx_word' id='word_1_240' title='bbox 1102 3577 1157 3620; x_wconf 88' lang='lat' dir='ltr'><strong>ora</strong></span> <span class='ocrx_word' id='word_1_241' title='bbox 1177 3566 1346 3620; x_wconf 83' lang='lat' dir='ltr'><strong>cernuntur</strong></span> <span class='ocrx_word' id='word_1_242' title='bbox 1364 3556 1550 3639; x_wconf 87' lang='lat' dir='ltr'><strong>depulsione</strong></span> <span class='ocrx_word' id='word_1_243' title='bbox 1574 3556 1736 3633; x_wconf 90' lang='lat' dir='ltr'><strong>luminum,</strong></span> 
     </span>
    </p>
   </div>
   <div class='ocr_carea' id='block_1_6' title="bbox 409 3774 1743 5937">
    <p class='ocr_par' dir='ltr' id='par_1_6' title="bbox 409 3774 1743 5937">
     <span class='ocr_line' id='line_1_26' title="bbox 479 3774 1739 3841; baseline 0.005 -19"><span class='ocrx_word' id='word_1_244' title='bbox 479 3778 501 3823; x_wconf 86' lang='lat' dir='ltr'><strong>t.</strong></span> <span class='ocrx_word' id='word_1_245' title='bbox 519 3774 666 3836; x_wconf 71' lang='lat' dir='ltr'><strong>procem</strong></span> <span class='ocrx_word' id='word_1_246' title='bbox 681 3774 815 3827; x_wconf 68' lang='lat' dir='ltr'><strong>uetat:</strong></span> <span class='ocrx_word' id='word_1_247' title='bbox 829 3775 1064 3840; x_wconf 67' lang='lat' dir='ltr'><strong>mmA¹B¹E</strong></span> <span class='ocrx_word' id='word_1_248' title='bbox 1079 3805 1106 3815; x_wconf 87' lang='lat'><em>-</em></span> <span class='ocrx_word' id='word_1_249' title='bbox 1120 3776 1297 3841; x_wconf 65' lang='lat' dir='ltr'><strong>quecea:</strong></span> <span class='ocrx_word' id='word_1_250' title='bbox 1311 3787 1365 3826; x_wconf 90' lang='lat' dir='ltr'><strong>om.</strong></span> <span class='ocrx_word' id='word_1_251' title='bbox 1378 3775 1399 3826; x_wconf 93' lang='grc'>0</span> <span class='ocrx_word' id='word_1_252' title='bbox 1413 3802 1439 3813; x_wconf 91' lang='grc'>-</span> <span class='ocrx_word' id='word_1_253' title='bbox 1458 3776 1739 3841; x_wconf 76' lang='lat' dir='ltr'><strong>raperentetqubem·</strong></span> 
     </span>
     <span class='ocr_line' id='line_1_27' title="bbox 409 3848 1737 3918; baseline -0.002 -16"><span class='ocrx_word' id='word_1_254' title='bbox 409 3855 469 3902; x_wconf 81' lang='lat' dir='ltr'><strong>mt</strong></span> <span class='ocrx_word' id='word_1_255' title='bbox 487 3848 558 3901; x_wconf 77' lang='lat' dir='ltr'>GV’:</span> <span class='ocrx_word' id='word_1_256' title='bbox 584 3858 680 3915; x_wconf 77' lang='lat' dir='ltr'><strong>regeret</strong></span> <span class='ocrx_word' id='word_1_257' title='bbox 699 3857 724 3901; x_wconf 85' lang='lat' dir='ltr'><strong>et</strong></span> <span class='ocrx_word' id='word_1_258' title='bbox 741 3851 894 3916; x_wconf 58' lang='lat' dir='ltr'><strong>muneret</strong></span> <span class='ocrx_word' id='word_1_259' title='bbox 913 3851 1006 3911; x_wconf 75' lang='lat' dir='ltr'><strong>ABV&#39;,</strong></span> <span class='ocrx_word' id='word_1_260' title='bbox 1029 3858 1127 3918; x_wconf 81' lang='lat' dir='ltr'><strong>reperet</strong></span> <span class='ocrx_word' id='word_1_261' title='bbox 1141 3852 1293 3918; x_wconf 58' lang='lat' dir='ltr'><strong>minueret</strong></span> <span class='ocrx_word' id='word_1_262' title='bbox 1311 3851 1329 3902; x_wconf 84' lang='lat' dir='ltr'><strong>E</strong></span> <span class='ocrx_word' id='word_1_263' title='bbox 1350 3878 1375 3888; x_wconf 96' lang='lat'><em>-</em></span> <span class='ocrx_word' id='word_1_264' title='bbox 1399 3853 1424 3901; x_wconf 76' lang='lat' dir='ltr'><strong>t.</strong></span> <span class='ocrx_word' id='word_1_265' title='bbox 1446 3857 1569 3915; x_wconf 77' lang='lat' dir='ltr'><strong>quotenos</strong></span> <span class='ocrx_word' id='word_1_266' title='bbox 1584 3867 1634 3901; x_wconf 78' lang='lat' dir='ltr'><strong>non</strong></span> <span class='ocrx_word' id='word_1_267' title='bbox 1652 3852 1737 3903; x_wconf 80' lang='lat' dir='ltr'>CEG:</span> 
     </span>
     <span class='ocr_line' id='line_1_28' title="bbox 409 3924 1740 3990; baseline 0.003 -14"><span class='ocrx_word' id='word_1_268' title='bbox 409 3924 633 3987; x_wconf 74' lang='lat' dir='ltr'><strong>nlviqeoteneao</strong></span> <span class='ocrx_word' id='word_1_269' title='bbox 653 3950 681 3963; x_wconf 90' lang='lat'><strong>·-</strong></span> <span class='ocrx_word' id='word_1_270' title='bbox 700 3924 724 3975; x_wconf 84' lang='grc'><strong>3.</strong></span> <span class='ocrx_word' id='word_1_271' title='bbox 743 3925 865 3990; x_wconf 73' lang='lat' dir='ltr'><strong>islttsd</strong></span> <span class='ocrx_word' id='word_1_272' title='bbox 890 3952 917 3965; x_wconf 93' lang='lat'>-</span> <span class='ocrx_word' id='word_1_273' title='bbox 940 3931 1084 3978; x_wconf 70' lang='lat' dir='ltr'><strong>moster</strong></span> <span class='ocrx_word' id='word_1_274' title='bbox 1105 3940 1174 3977; x_wconf 86' lang='lat' dir='ltr'><strong>corr.</strong></span> <span class='ocrx_word' id='word_1_275' title='bbox 1199 3941 1231 3977; x_wconf 85' lang='lat' dir='ltr'><strong>ex</strong></span> <span class='ocrx_word' id='word_1_276' title='bbox 1251 3931 1384 3977; x_wconf 71' lang='lat' dir='ltr'><strong>contester</strong></span> <span class='ocrx_word' id='word_1_277' title='bbox 1407 3925 1473 3973; x_wconf 86' lang='lat' dir='ltr'><strong>V-</strong></span> <span class='ocrx_word' id='word_1_278' title='bbox 1492 3925 1516 3978; x_wconf 79' lang='lat' dir='ltr'><strong>l.</strong></span> <span class='ocrx_word' id='word_1_279' title='bbox 1535 3925 1740 3980; x_wconf 61' lang='lat' dir='ltr'><strong>metunt</strong></span> 
     </span>
     <span class='ocr_line' id='line_1_29' title="bbox 410 3996 1736 4065; baseline 0.001 -15"><span class='ocrx_word' id='word_1_280' title='bbox 410 3998 480 4061; x_wconf 64' lang='grc' dir='ltr'><strong>ον’,</strong></span> <span class='ocrx_word' id='word_1_281' title='bbox 498 4012 552 4050; x_wconf 92' lang='lat' dir='ltr'><strong>om.</strong></span> <span class='ocrx_word' id='word_1_282' title='bbox 572 3996 640 4050; x_wconf 60' lang='grc' dir='ltr'><strong>ΑΨ</strong></span> <span class='ocrx_word' id='word_1_283' title='bbox 658 4025 685 4037; x_wconf 93' lang='grc'><strong>-</strong></span> <span class='ocrx_word' id='word_1_284' title='bbox 704 4000 934 4064; x_wconf 72' lang='lat' dir='ltr'><strong>mqeoetmtltlvl</strong></span> <span class='ocrx_word' id='word_1_285' title='bbox 946 4027 973 4039; x_wconf 92' lang='lat'>-</span> <span class='ocrx_word' id='word_1_286' title='bbox 996 4003 1021 4052; x_wconf 78' lang='lat'><strong>7.</strong></span> <span class='ocrx_word' id='word_1_287' title='bbox 1033 4006 1130 4052; x_wconf 83' lang='lat' dir='ltr'><strong>stante</strong></span> <span class='ocrx_word' id='word_1_288' title='bbox 1142 4005 1307 4054; x_wconf 80' lang='lat' dir='ltr'><strong>cetmoeom</strong></span> <span class='ocrx_word' id='word_1_289' title='bbox 1321 4001 1380 4050; x_wconf 79' lang='lat' dir='ltr'><strong>V·</strong></span> <span class='ocrx_word' id='word_1_290' title='bbox 1394 4001 1552 4063; x_wconf 65' lang='lat' dir='ltr'><strong>maen:</strong></span> <span class='ocrx_word' id='word_1_291' title='bbox 1566 4003 1695 4065; x_wconf 83' lang='lat' dir='ltr'><strong>qvcsiGV</strong></span> <span class='ocrx_word' id='word_1_292' title='bbox 1711 4030 1736 4040; x_wconf 91' lang='lat'>-</span> 
     </span>
     <span class='ocr_line' id='line_1_30' title="bbox 409 4074 1736 4137; baseline 0.001 -12"><span class='ocrx_word' id='word_1_293' title='bbox 409 4087 500 4125; x_wconf 73' lang='lat' dir='ltr'><strong>rursus</strong></span> <span class='ocrx_word' id='word_1_294' title='bbox 515 4087 569 4125; x_wconf 84' lang='lat' dir='ltr'><strong>om.</strong></span> <span class='ocrx_word' id='word_1_295' title='bbox 588 4074 609 4124; x_wconf 83' lang='lat' dir='ltr'>G</span> <span class='ocrx_word' id='word_1_296' title='bbox 630 4100 655 4111; x_wconf 91' lang='lat'>-</span> <span class='ocrx_word' id='word_1_297' title='bbox 683 4074 708 4131; x_wconf 85' lang='lat' dir='ltr'><strong>it.</strong></span> <span class='ocrx_word' id='word_1_298' title='bbox 727 4076 796 4125; x_wconf 76' lang='lat' dir='ltr'><strong>tout</strong></span> <span class='ocrx_word' id='word_1_299' title='bbox 812 4090 882 4129; x_wconf 89' lang='lat' dir='ltr'><strong>corr.</strong></span> <span class='ocrx_word' id='word_1_300' title='bbox 901 4090 934 4128; x_wconf 83' lang='lat' dir='ltr'><strong>ex</strong></span> <span class='ocrx_word' id='word_1_301' title='bbox 954 4077 1035 4126; x_wconf 79' lang='lat' dir='ltr'><strong>oete</strong></span> <span class='ocrx_word' id='word_1_302' title='bbox 1055 4104 1082 4115; x_wconf 87' lang='lat'>-</span> <span class='ocrx_word' id='word_1_303' title='bbox 1112 4077 1188 4126; x_wconf 62' lang='lat' dir='ltr'><strong>edem</strong></span> <span class='ocrx_word' id='word_1_304' title='bbox 1214 4074 1309 4128; x_wconf 74' lang='lat' dir='ltr'><strong>Ecv2:</strong></span> <span class='ocrx_word' id='word_1_305' title='bbox 1330 4075 1423 4125; x_wconf 77' lang='lat' dir='ltr'><strong>iisdem</strong></span> <span class='ocrx_word' id='word_1_306' title='bbox 1449 4074 1540 4137; x_wconf 76' lang='lat' dir='ltr'><strong>ABV¹,</strong></span> <span class='ocrx_word' id='word_1_307' title='bbox 1567 4077 1690 4126; x_wconf 69' lang='lat' dir='ltr'><strong>tommo</strong></span> <span class='ocrx_word' id='word_1_308' title='bbox 1711 4103 1736 4113; x_wconf 93' lang='lat'>-</span> 
     </span>
     <span class='ocr_line' id='line_1_31' title="bbox 409 4146 1738 4215; baseline -0.001 -16"><span class='ocrx_word' id='word_1_309' title='bbox 409 4149 500 4199; x_wconf 70' lang='lat' dir='ltr'><strong>«tado</strong></span> <span class='ocrx_word' id='word_1_310' title='bbox 515 4146 605 4200; x_wconf 80' lang='lat' dir='ltr'>AEV:</span> <span class='ocrx_word' id='word_1_311' title='bbox 624 4150 732 4200; x_wconf 77' lang='lat' dir='ltr'><strong>uinculis</strong></span> <span class='ocrx_word' id='word_1_312' title='bbox 752 4151 823 4201; x_wconf 75' lang='lat' dir='ltr'><strong>titio</strong></span> <span class='ocrx_word' id='word_1_313' title='bbox 851 4174 879 4187; x_wconf 90' lang='lat'><strong>·</strong></span> <span class='ocrx_word' id='word_1_314' title='bbox 908 4151 948 4200; x_wconf 79' lang='grc'><strong>40.</strong></span> <span class='ocrx_word' id='word_1_315' title='bbox 966 4150 1133 4213; x_wconf 68' lang='lat' dir='ltr'><strong>inliquefactis</strong></span> <span class='ocrx_word' id='word_1_316' title='bbox 1150 4149 1255 4202; x_wconf 77' lang='lat' dir='ltr'>A¹B²E2</span> <span class='ocrx_word' id='word_1_317' title='bbox 1282 4149 1436 4215; x_wconf 69' lang='lat' dir='ltr'><strong>inliquefactis</strong></span> <span class='ocrx_word' id='word_1_318' title='bbox 1460 4147 1498 4210; x_wconf 74' lang='lat'><strong>1³¹,</strong></span> <span class='ocrx_word' id='word_1_319' title='bbox 1516 4151 1641 4209; x_wconf 78' lang='lat' dir='ltr'><strong>iatiqoetis</strong></span> <span class='ocrx_word' id='word_1_320' title='bbox 1657 4151 1738 4202; x_wconf 71' lang='lat' dir='ltr'><strong>mov</strong></span> 
     </span>
     <span class='ocr_line' id='line_1_32' title="bbox 413 4222 1741 4287; baseline 0.002 -13"><span class='ocrx_word' id='word_1_321' title='bbox 413 4248 441 4260; x_wconf 94' lang='lat'><em>-</em></span> <span class='ocrx_word' id='word_1_322' title='bbox 460 4222 590 4287; x_wconf 67' lang='lat' dir='ltr'><strong>efflabant</strong></span> <span class='ocrx_word' id='word_1_323' title='bbox 609 4227 627 4274; x_wconf 87' lang='grc' dir='ltr'><strong>Α</strong></span> <span class='ocrx_word' id='word_1_324' title='bbox 650 4250 675 4261; x_wconf 90' lang='lat'>-</span> <span class='ocrx_word' id='word_1_325' title='bbox 694 4232 771 4287; x_wconf 78' lang='lat' dir='ltr'><strong>etque</strong></span> <span class='ocrx_word' id='word_1_326' title='bbox 788 4225 872 4275; x_wconf 71' lang='lat' dir='ltr'><strong>cao:</strong></span> <span class='ocrx_word' id='word_1_327' title='bbox 891 4225 1033 4287; x_wconf 66' lang='lat' dir='ltr'><strong>umqeeo</strong></span> <span class='ocrx_word' id='word_1_328' title='bbox 1053 4252 1078 4261; x_wconf 95' lang='lat'>-</span> <span class='ocrx_word' id='word_1_329' title='bbox 1100 4225 1140 4274; x_wconf 87' lang='lat' dir='ltr'><strong>ll.</strong></span> <span class='ocrx_word' id='word_1_330' title='bbox 1158 4226 1243 4273; x_wconf 75' lang='lat' dir='ltr'><strong>onina</strong></span> <span class='ocrx_word' id='word_1_331' title='bbox 1260 4224 1346 4273; x_wconf 58' lang='lat' dir='ltr'><strong>dieue</strong></span> <span class='ocrx_word' id='word_1_332' title='bbox 1363 4237 1432 4274; x_wconf 90' lang='lat' dir='ltr'><strong>corr.</strong></span> <span class='ocrx_word' id='word_1_333' title='bbox 1446 4237 1478 4274; x_wconf 82' lang='lat' dir='ltr'><strong>ex</strong></span> <span class='ocrx_word' id='word_1_334' title='bbox 1493 4222 1741 4277; x_wconf 72' lang='lat' dir='ltr'><strong>catmtotctnttt&#39;tts</strong></span> 
     </span>
     <span class='ocr_line' id='line_1_33' title="bbox 410 4296 1738 4365; baseline 0.005 -18"><span class='ocrx_word' id='word_1_335' title='bbox 410 4323 445 4337; x_wconf 91' lang='lat'>-</span> <span class='ocrx_word' id='word_1_336' title='bbox 463 4296 654 4361; x_wconf 66' lang='lat' dir='ltr'><strong>hliqcbctcli,</strong></span> <span class='ocrx_word' id='word_1_337' title='bbox 673 4300 832 4365; x_wconf 78' lang='lat' dir='ltr'><strong>elqtiobotd</strong></span> <span class='ocrx_word' id='word_1_338' title='bbox 855 4324 883 4339; x_wconf 93' lang='lat'><em>-</em></span> <span class='ocrx_word' id='word_1_339' title='bbox 904 4302 998 4364; x_wconf 69' lang='lat' dir='ltr'><strong>flaccos</strong></span> <span class='ocrx_word' id='word_1_340' title='bbox 1015 4300 1101 4350; x_wconf 84' lang='lat' dir='ltr'>CEG:</span> <span class='ocrx_word' id='word_1_341' title='bbox 1120 4299 1207 4363; x_wconf 77' lang='lat' dir='ltr'><strong>legens</strong></span> <span class='ocrx_word' id='word_1_342' title='bbox 1221 4301 1314 4363; x_wconf 68' lang='lat' dir='ltr'><strong>timaee</strong></span> <span class='ocrx_word' id='word_1_343' title='bbox 1331 4302 1357 4348; x_wconf 89' lang='lat' dir='ltr'><strong>et</strong></span> <span class='ocrx_word' id='word_1_344' title='bbox 1372 4300 1464 4362; x_wconf 69' lang='lat' dir='ltr'><strong>penten</strong></span> <span class='ocrx_word' id='word_1_345' title='bbox 1482 4300 1571 4363; x_wconf 77' lang='lat' dir='ltr'><strong>tepens</strong></span> <span class='ocrx_word' id='word_1_346' title='bbox 1587 4300 1738 4360; x_wconf 75' lang='lat' dir='ltr'><strong>lumbicus.</strong></span> 
     </span>
     <span class='ocr_line' id='line_1_34' title="bbox 409 4365 1740 4440; baseline 0.004 -18"><span class='ocrx_word' id='word_1_347' title='bbox 409 4375 503 4440; x_wconf 63' lang='lat' dir='ltr'><strong>penem</strong></span> <span class='ocrx_word' id='word_1_348' title='bbox 520 4373 625 4439; x_wconf 77' lang='lat' dir='ltr'><strong>[ingens]</strong></span> <span class='ocrx_word' id='word_1_349' title='bbox 643 4375 703 4426; x_wconf 92' lang='lat'><strong>0-</strong></span> <span class='ocrx_word' id='word_1_350' title='bbox 720 4377 759 4426; x_wconf 80' lang='lat' dir='ltr'><strong>tt.</strong></span> <span class='ocrx_word' id='word_1_351' title='bbox 773 4390 830 4426; x_wconf 83' lang='lat' dir='ltr'><strong>cvm</strong></span> <span class='ocrx_word' id='word_1_352' title='bbox 845 4378 957 4440; x_wconf 68' lang='lat' dir='ltr'><strong>{eoem</strong></span> <span class='ocrx_word' id='word_1_353' title='bbox 973 4376 1021 4427; x_wconf 81' lang='lat' dir='ltr'><strong>EG</strong></span> <span class='ocrx_word' id='word_1_354' title='bbox 1035 4403 1060 4412; x_wconf 98' lang='lat'>-</span> <span class='ocrx_word' id='word_1_355' title='bbox 1076 4365 1116 4426; x_wconf 70' lang='lat' dir='ltr'><strong>ta:</strong></span> <span class='ocrx_word' id='word_1_356' title='bbox 1129 4374 1217 4438; x_wconf 74' lang='lat' dir='ltr'><strong>ntea]</strong></span> <span class='ocrx_word' id='word_1_357' title='bbox 1233 4378 1327 4424; x_wconf 76' lang='lat' dir='ltr'><strong>metten</strong></span> <span class='ocrx_word' id='word_1_358' title='bbox 1346 4373 1376 4434; x_wconf 91' lang='lat' dir='ltr'><strong>V,</strong></span> <span class='ocrx_word' id='word_1_359' title='bbox 1389 4380 1458 4423; x_wconf 79' lang='lat' dir='ltr'><strong>moto</strong></span> <span class='ocrx_word' id='word_1_360' title='bbox 1474 4375 1573 4425; x_wconf 75' lang='lat' dir='ltr'>ABEG</span> <span class='ocrx_word' id='word_1_361' title='bbox 1585 4400 1618 4415; x_wconf 94' lang='lat'>-</span> <span class='ocrx_word' id='word_1_362' title='bbox 1634 4376 1672 4429; x_wconf 81' lang='lat' dir='ltr'><strong>tt.</strong></span> <span class='ocrx_word' id='word_1_363' title='bbox 1684 4378 1740 4439; x_wconf 73' lang='lat' dir='ltr'><strong>(er-</strong></span> 
     </span>
     <span class='ocr_line' id='line_1_35' title="bbox 413 4446 1740 4514; baseline 0.002 -14"><span class='ocrx_word' id='word_1_364' title='bbox 413 4449 476 4500; x_wconf 75' lang='lat' dir='ltr'><strong>telto</strong></span> <span class='ocrx_word' id='word_1_365' title='bbox 496 4448 530 4499; x_wconf 82' lang='lat' dir='ltr'><strong>tt:</strong></span> <span class='ocrx_word' id='word_1_366' title='bbox 551 4451 657 4511; x_wconf 69' lang='lat' dir='ltr'><strong>fortudo</strong></span> <span class='ocrx_word' id='word_1_367' title='bbox 674 4450 809 4501; x_wconf 73' lang='lat' dir='ltr'><strong>AEGVO.</strong></span> <span class='ocrx_word' id='word_1_368' title='bbox 832 4452 897 4503; x_wconf 81' lang='lat' dir='ltr'><strong>Vide</strong></span> <span class='ocrx_word' id='word_1_369' title='bbox 918 4450 1011 4503; x_wconf 84' lang='lat' dir='ltr'><strong>tiendii</strong></span> <span class='ocrx_word' id='word_1_370' title='bbox 1030 4447 1140 4500; x_wconf 73' lang='lat' dir='ltr'><strong>Turscil.</strong></span> <span class='ocrx_word' id='word_1_371' title='bbox 1160 4450 1191 4500; x_wconf 89' lang='lat' dir='ltr'><strong>ll.</strong></span> <span class='ocrx_word' id='word_1_372' title='bbox 1203 4462 1231 4514; x_wconf 90' lang='lat' dir='ltr'><strong>p.</strong></span> <span class='ocrx_word' id='word_1_373' title='bbox 1244 4446 1292 4499; x_wconf 72' lang='lat' dir='ltr'><strong>il!</strong></span> <span class='ocrx_word' id='word_1_374' title='bbox 1308 4459 1339 4513; x_wconf 88' lang='lat' dir='ltr'><strong>sq</strong></span> <span class='ocrx_word' id='word_1_375' title='bbox 1371 4476 1395 4484; x_wconf 95' lang='lat'><em>-</em></span> <span class='ocrx_word' id='word_1_376' title='bbox 1413 4462 1478 4511; x_wconf 85' lang='lat' dir='ltr'><strong>pone</strong></span> <span class='ocrx_word' id='word_1_377' title='bbox 1493 4454 1517 4499; x_wconf 81' lang='lat' dir='ltr'><strong>et</strong></span> <span class='ocrx_word' id='word_1_378' title='bbox 1533 4450 1568 4499; x_wconf 82' lang='lat' dir='ltr'><strong>od</strong></span> <span class='ocrx_word' id='word_1_379' title='bbox 1584 4448 1740 4503; x_wconf 82' lang='lat' dir='ltr'><strong>Lambinus:</strong></span> 
     </span>
     <span class='ocr_line' id='line_1_36' title="bbox 410 4523 1741 4591; baseline 0.003 -18"><span class='ocrx_word' id='word_1_380' title='bbox 410 4529 466 4588; x_wconf 77' lang='lat' dir='ltr'><strong>post</strong></span> <span class='ocrx_word' id='word_1_381' title='bbox 481 4524 516 4573; x_wconf 79' lang='lat' dir='ltr'><strong>od</strong></span> <span class='ocrx_word' id='word_1_382' title='bbox 532 4525 562 4585; x_wconf 81' lang='lat' dir='ltr'><strong>G,</strong></span> <span class='ocrx_word' id='word_1_383' title='bbox 582 4538 645 4586; x_wconf 79' lang='lat' dir='ltr'><strong>pone</strong></span> <span class='ocrx_word' id='word_1_384' title='bbox 660 4526 695 4575; x_wconf 82' lang='lat' dir='ltr'><strong>cd</strong></span> <span class='ocrx_word' id='word_1_385' title='bbox 712 4526 787 4577; x_wconf 86' lang='lat' dir='ltr'><strong>CEO</strong></span> <span class='ocrx_word' id='word_1_386' title='bbox 813 4552 839 4562; x_wconf 97' lang='lat'><em>-</em></span> <span class='ocrx_word' id='word_1_387' title='bbox 866 4528 906 4579; x_wconf 84' lang='lat' dir='ltr'><strong>to.</strong></span> <span class='ocrx_word' id='word_1_388' title='bbox 925 4528 987 4579; x_wconf 85' lang='lat' dir='ltr'><strong>Post</strong></span> <span class='ocrx_word' id='word_1_389' title='bbox 1009 4525 1092 4578; x_wconf 86' lang='lat' dir='ltr'><strong>verba</strong></span> <span class='ocrx_word' id='word_1_390' title='bbox 1111 4527 1185 4576; x_wconf 81' lang='lat' dir='ltr'><strong>modo</strong></span> <span class='ocrx_word' id='word_1_391' title='bbox 1203 4526 1263 4575; x_wconf 81' lang='lat' dir='ltr'><strong>illuc</strong></span> <span class='ocrx_word' id='word_1_392' title='bbox 1280 4524 1306 4574; x_wconf 93' lang='lat' dir='ltr'><strong>in</strong></span> <span class='ocrx_word' id='word_1_393' title='bbox 1327 4523 1398 4576; x_wconf 83' lang='lat' dir='ltr'><strong>CEG</strong></span> <span class='ocrx_word' id='word_1_394' title='bbox 1416 4529 1565 4589; x_wconf 83' lang='lat' dir='ltr'><strong>sequuntur</strong></span> <span class='ocrx_word' id='word_1_395' title='bbox 1580 4526 1662 4579; x_wconf 83' lang='lat' dir='ltr'><strong>verba</strong></span> <span class='ocrx_word' id='word_1_396' title='bbox 1680 4530 1741 4591; x_wconf 76' lang='lat' dir='ltr'><strong>quta</strong></span> 
     </span>
     <span class='ocr_line' id='line_1_37' title="bbox 412 4598 1741 4669; baseline 0.002 -20"><span class='ocrx_word' id='word_1_397' title='bbox 412 4598 473 4663; x_wconf 75' lang='lat' dir='ltr'><strong>(qui)</strong></span> <span class='ocrx_word' id='word_1_398' title='bbox 490 4599 521 4649; x_wconf 82' lang='lat' dir='ltr'><strong>de</strong></span> <span class='ocrx_word' id='word_1_399' title='bbox 536 4602 589 4649; x_wconf 81' lang='lat' dir='ltr'><strong>svis</strong></span> <span class='ocrx_word' id='word_1_400' title='bbox 605 4602 687 4651; x_wconf 78' lang='lat' dir='ltr'><strong>cete</strong></span> <span class='ocrx_word' id='word_1_401' title='bbox 712 4603 749 4651; x_wconf 86' lang='lat' dir='ltr'><strong>tt.</strong></span> <span class='ocrx_word' id='word_1_402' title='bbox 765 4615 791 4666; x_wconf 91' lang='lat' dir='ltr'><strong>p.</strong></span> <span class='ocrx_word' id='word_1_403' title='bbox 810 4602 884 4664; x_wconf 76' lang='grc'>4006,</span> <span class='ocrx_word' id='word_1_404' title='bbox 902 4602 934 4653; x_wconf 74' lang='lat'><strong>23</strong></span> <span class='ocrx_word' id='word_1_405' title='bbox 951 4615 1012 4669; x_wconf 82' lang='lat' dir='ltr'><strong>sqq.</strong></span> <span class='ocrx_word' id='word_1_406' title='bbox 1033 4629 1057 4639; x_wconf 91' lang='lat'>-</span> <span class='ocrx_word' id='word_1_407' title='bbox 1081 4602 1155 4651; x_wconf 84' lang='lat' dir='ltr'><strong>modo</strong></span> <span class='ocrx_word' id='word_1_408' title='bbox 1170 4600 1230 4650; x_wconf 78' lang='lat' dir='ltr'><strong>illoc</strong></span> <span class='ocrx_word' id='word_1_409' title='bbox 1246 4598 1330 4649; x_wconf 83' lang='lat' dir='ltr'>CEG:</span> <span class='ocrx_word' id='word_1_410' title='bbox 1348 4599 1421 4648; x_wconf 83' lang='lat' dir='ltr'><strong>modo</strong></span> <span class='ocrx_word' id='word_1_411' title='bbox 1437 4599 1496 4649; x_wconf 79' lang='lat' dir='ltr'><strong>illuc</strong></span> <span class='ocrx_word' id='word_1_412' title='bbox 1512 4600 1566 4663; x_wconf 78' lang='lat' dir='ltr'><strong>[sc-c</strong></span> <span class='ocrx_word' id='word_1_413' title='bbox 1581 4615 1642 4652; x_wconf 83' lang='lat' dir='ltr'><strong>oros</strong></span> <span class='ocrx_word' id='word_1_414' title='bbox 1657 4605 1741 4667; x_wconf 82' lang='lat' dir='ltr'><strong>reqio-</strong></span> 
     </span>
     <span class='ocr_line' id='line_1_38' title="bbox 410 4673 1739 4743; baseline 0.002 -18"><span class='ocrx_word' id='word_1_415' title='bbox 410 4686 502 4737; x_wconf 75' lang='lat' dir='ltr'><strong>nssque</strong></span> <span class='ocrx_word' id='word_1_416' title='bbox 517 4688 602 4725; x_wconf 74' lang='lat' dir='ltr'><strong>cerm</strong></span> <span class='ocrx_word' id='word_1_417' title='bbox 617 4688 708 4726; x_wconf 76' lang='lat' dir='ltr'><strong>meas</strong></span> <span class='ocrx_word' id='word_1_418' title='bbox 722 4677 889 4743; x_wconf 81' lang='lat' dir='ltr'><strong>procedebat]</strong></span> <span class='ocrx_word' id='word_1_419' title='bbox 909 4691 971 4730; x_wconf 89' lang='lat' dir='ltr'><strong>cnm</strong></span> <span class='ocrx_word' id='word_1_420' title='bbox 992 4677 1120 4730; x_wconf 81' lang='lat' dir='ltr'><strong>Lambino</strong></span> <span class='ocrx_word' id='word_1_421' title='bbox 1143 4679 1173 4728; x_wconf 89' lang='lat'><strong>0.</strong></span> <span class='ocrx_word' id='word_1_422' title='bbox 1191 4676 1271 4725; x_wconf 81' lang='lat' dir='ltr'><strong>«Tres</strong></span> <span class='ocrx_word' id='word_1_423' title='bbox 1294 4673 1350 4725; x_wconf 87' lang='lat' dir='ltr'><strong>lere</strong></span> <span class='ocrx_word' id='word_1_424' title='bbox 1368 4674 1465 4724; x_wconf 86' lang='lat' dir='ltr'><strong>desunt</strong></span> <span class='ocrx_word' id='word_1_425' title='bbox 1481 4676 1592 4738; x_wconf 84' lang='lat' dir='ltr'><strong>paginae</strong></span> <span class='ocrx_word' id='word_1_426' title='bbox 1615 4679 1739 4728; x_wconf 81' lang='lat' dir='ltr'><strong>orationis</strong></span> 
     </span>
     <span class='ocr_line' id='line_1_39' title="bbox 411 4747 1740 4816; baseline 0.001 -15"><span class='ocrx_word' id='word_1_427' title='bbox 411 4747 571 4802; x_wconf 77' lang='lat' dir='ltr'><strong>Platonicae.</strong></span> <span class='ocrx_word' id='word_1_428' title='bbox 606 4748 693 4801; x_wconf 84' lang='lat' dir='ltr'><strong>Verba</strong></span> <span class='ocrx_word' id='word_1_429' title='bbox 706 4753 768 4801; x_wconf 87' lang='lat' dir='ltr'><strong>ante</strong></span> <span class='ocrx_word' id='word_1_430' title='bbox 781 4751 881 4802; x_wconf 81' lang='lat' dir='ltr'><strong>hiatum</strong></span> <span class='ocrx_word' id='word_1_431' title='bbox 894 4750 984 4804; x_wconf 84' lang='lat' dir='ltr'><strong>ultima</strong></span> <span class='ocrx_word' id='word_1_432' title='bbox 996 4753 1065 4804; x_wconf 87' lang='lat' dir='ltr'><strong>hacc</strong></span> <span class='ocrx_word' id='word_1_433' title='bbox 1075 4756 1138 4803; x_wconf 86' lang='lat' dir='ltr'><strong>sunt</strong></span> <span class='ocrx_word' id='word_1_434' title='bbox 1148 4749 1218 4815; x_wconf 88' lang='lat' dir='ltr'><strong>apud</strong></span> <span class='ocrx_word' id='word_1_435' title='bbox 1231 4748 1366 4799; x_wconf 80' lang='lat' dir='ltr'><strong>Platonem</strong></span> <span class='ocrx_word' id='word_1_436' title='bbox 1379 4762 1404 4814; x_wconf 89' lang='lat' dir='ltr'><strong>p.</strong></span> <span class='ocrx_word' id='word_1_437' title='bbox 1418 4747 1450 4799; x_wconf 80' lang='lat' dir='ltr'><strong>te</strong></span> <span class='ocrx_word' id='word_1_438' title='bbox 1463 4749 1481 4799; x_wconf 86' lang='lat' dir='ltr'>B</span> <span class='ocrx_word' id='word_1_439' title='bbox 1493 4749 1535 4799; x_wconf 89' lang='lat' dir='ltr'><strong>ed.</strong></span> <span class='ocrx_word' id='word_1_440' title='bbox 1554 4750 1644 4816; x_wconf 81' lang='lat' dir='ltr'><strong>steph.</strong></span> <span class='ocrx_word' id='word_1_441' title='bbox 1663 4747 1740 4802; x_wconf 78' lang='grc' dir='ltr'><strong>κάτω</strong></span> 
     </span>
     <span class='ocr_line' id='line_1_40' title="bbox 411 4818 1739 4892; baseline 0.001 -15"><span class='ocrx_word' id='word_1_442' title='bbox 411 4838 443 4877; x_wconf 80' lang='lat' dir='ltr'><strong>ra</strong></span> <span class='ocrx_word' id='word_1_443' title='bbox 459 4826 509 4876; x_wconf 74' lang='lat' dir='ltr'><strong>xci</strong></span> <span class='ocrx_word' id='word_1_444' title='bbox 525 4818 587 4875; x_wconf 73' lang='grc' dir='ltr'><strong>ἄνω</strong></span> <span class='ocrx_word' id='word_1_445' title='bbox 603 4825 652 4874; x_wconf 70' lang='grc' dir='ltr'><strong>καὶ</strong></span> <span class='ocrx_word' id='word_1_446' title='bbox 670 4821 772 4891; x_wconf 74' lang='grc' dir='ltr'><em>πάντη.</em></span> <span class='ocrx_word' id='word_1_447' title='bbox 805 4824 939 4892; x_wconf 70' lang='lat' dir='ltr'><strong>abruptae</strong></span> <span class='ocrx_word' id='word_1_448' title='bbox 959 4828 1085 4879; x_wconf 86' lang='lat' dir='ltr'><strong>orationis</strong></span> <span class='ocrx_word' id='word_1_449' title='bbox 1106 4824 1178 4877; x_wconf 86' lang='lat' dir='ltr'><strong>fllum</strong></span> <span class='ocrx_word' id='word_1_450' title='bbox 1199 4825 1240 4875; x_wconf 84' lang='lat' dir='ltr'><strong>his</strong></span> <span class='ocrx_word' id='word_1_451' title='bbox 1254 4822 1427 4887; x_wconf 74' lang='lat' dir='ltr'><strong>cernente</strong></span> <span class='ocrx_word' id='word_1_452' title='bbox 1441 4827 1459 4874; x_wconf 80' lang='grc' dir='ltr'><strong>Α</strong></span> <span class='ocrx_word' id='word_1_453' title='bbox 1473 4829 1739 4878; x_wconf 82' lang='lat' dir='ltr'><strong>rursusnnneclitur:</strong></span> 
     </span>
     <span class='ocr_line' id='line_1_41' title="bbox 411 4889 1739 4969; baseline -0.001 -15"><span class='ocrx_word' id='word_1_454' title='bbox 411 4896 478 4965; x_wconf 59' lang='lat' dir='ltr'><strong>trec</strong></span> <span class='ocrx_word' id='word_1_455' title='bbox 494 4913 525 4951; x_wconf 76' lang='lat' dir='ltr'><strong>ra</strong></span> <span class='ocrx_word' id='word_1_456' title='bbox 541 4889 580 4951; x_wconf 75' lang='grc' dir='ltr'><strong>αὖ</strong></span> <span class='ocrx_word' id='word_1_457' title='bbox 597 4900 660 4969; x_wconf 71' lang='lat' dir='ltr'><strong>crept</strong></span> <span class='ocrx_word' id='word_1_458' title='bbox 677 4894 731 4966; x_wconf 76' lang='grc' dir='ltr'><strong>τὴν</strong></span> <span class='ocrx_word' id='word_1_459' title='bbox 747 4896 881 4965; x_wconf 75' lang='grc' dir='ltr'><strong>λειότητα</strong></span> <span class='ocrx_word' id='word_1_460' title='bbox 897 4905 966 4952; x_wconf 81' lang='lat' dir='ltr'><strong>cat·</strong></span> <span class='ocrx_word' id='word_1_461' title='bbox 987 4902 1032 4951; x_wconf 82' lang='lat' dir='ltr'><strong>On.</strong></span> <span class='ocrx_word' id='word_1_462' title='bbox 1057 4928 1084 4938; x_wconf 94' lang='lat'>-</span> <span class='ocrx_word' id='word_1_463' title='bbox 1108 4902 1148 4952; x_wconf 76' lang='lat' dir='ltr'><strong>ta.</strong></span> <span class='ocrx_word' id='word_1_464' title='bbox 1171 4901 1213 4949; x_wconf 80' lang='lat' dir='ltr'><strong>scd</strong></span> <span class='ocrx_word' id='word_1_465' title='bbox 1233 4900 1252 4948; x_wconf 89' lang='lat' dir='ltr'><strong>il</strong></span> <span class='ocrx_word' id='word_1_466' title='bbox 1267 4898 1395 4962; x_wconf 76' lang='lat' dir='ltr'><strong>splendore</strong></span> <span class='ocrx_word' id='word_1_467' title='bbox 1416 4897 1454 4959; x_wconf 67' lang='grc' dir='ltr'><strong>ΑΙ,</strong></span> <span class='ocrx_word' id='word_1_468' title='bbox 1474 4901 1516 4950; x_wconf 83' lang='lat' dir='ltr'><strong>sed</strong></span> <span class='ocrx_word' id='word_1_469' title='bbox 1532 4902 1564 4950; x_wconf 85' lang='lat' dir='ltr'><strong>tis</strong></span> <span class='ocrx_word' id='word_1_470' title='bbox 1580 4904 1699 4965; x_wconf 74' lang='lat' dir='ltr'><strong>mendara</strong></span> <span class='ocrx_word' id='word_1_471' title='bbox 1710 4904 1739 4961; x_wconf 85' lang='lat' dir='ltr'><strong>e.</strong></span> 
     </span>
     <span class='ocr_line' id='line_1_42' title="bbox 410 4970 1741 5039; baseline 0.002 -11"><span class='ocrx_word' id='word_1_472' title='bbox 410 4976 454 5028; x_wconf 77' lang='lat' dir='ltr'><strong>uit</strong></span> <span class='ocrx_word' id='word_1_473' title='bbox 468 4978 501 5028; x_wconf 78' lang='lat' dir='ltr'><strong>ta</strong></span> <span class='ocrx_word' id='word_1_474' title='bbox 516 4976 646 5039; x_wconf 72' lang='lat' dir='ltr'><strong>spendore</strong></span> <span class='ocrx_word' id='word_1_475' title='bbox 661 4974 701 5033; x_wconf 63' lang='grc' dir='ltr'><strong>Ψ,</strong></span> <span class='ocrx_word' id='word_1_476' title='bbox 714 4976 756 5024; x_wconf 77' lang='lat' dir='ltr'><strong>sed</strong></span> <span class='ocrx_word' id='word_1_477' title='bbox 766 4975 804 5024; x_wconf 79' lang='lat' dir='ltr'><strong>tis</strong></span> <span class='ocrx_word' id='word_1_478' title='bbox 814 4976 944 5035; x_wconf 67' lang='lat' dir='ltr'><strong>spendore</strong></span> <span class='ocrx_word' id='word_1_479' title='bbox 955 4974 993 5035; x_wconf 70' lang='lat' dir='ltr'><strong>A2,</strong></span> <span class='ocrx_word' id='word_1_480' title='bbox 1006 4977 1048 5026; x_wconf 79' lang='lat' dir='ltr'><strong>sed</strong></span> <span class='ocrx_word' id='word_1_481' title='bbox 1058 4978 1081 5025; x_wconf 83' lang='lat' dir='ltr'><strong>ts</strong></span> <span class='ocrx_word' id='word_1_482' title='bbox 1091 4976 1219 5038; x_wconf 63' lang='lat' dir='ltr'><strong>spendore</strong></span> <span class='ocrx_word' id='word_1_483' title='bbox 1231 4970 1322 5025; x_wconf 67' lang='lat' dir='ltr'><strong>EGW.</strong></span> <span class='ocrx_word' id='word_1_484' title='bbox 1345 4975 1412 5025; x_wconf 80' lang='lat' dir='ltr'><strong>Ante</strong></span> <span class='ocrx_word' id='word_1_485' title='bbox 1425 4973 1492 5026; x_wconf 87' lang='lat' dir='ltr'><strong>baec</strong></span> <span class='ocrx_word' id='word_1_486' title='bbox 1504 4976 1648 5029; x_wconf 83' lang='lat' dir='ltr'><strong>Lambinus</strong></span> <span class='ocrx_word' id='word_1_487' title='bbox 1663 4978 1741 5029; x_wconf 83' lang='lat' dir='ltr'><strong>addi·</strong></span> 
     </span>
     <span class='ocr_line' id='line_1_43' title="bbox 411 5049 1742 5116; baseline 0.002 -16"><span class='ocrx_word' id='word_1_488' title='bbox 411 5049 463 5101; x_wconf 86' lang='lat' dir='ltr'><strong>dtt:</strong></span> <span class='ocrx_word' id='word_1_489' title='bbox 482 5050 537 5100; x_wconf 75' lang='lat' dir='ltr'><strong>ton</strong></span> <span class='ocrx_word' id='word_1_490' title='bbox 553 5062 613 5100; x_wconf 84' lang='lat' dir='ltr'><strong>vero</strong></span> <span class='ocrx_word' id='word_1_491' title='bbox 635 5062 724 5098; x_wconf 76' lang='lat' dir='ltr'><strong>aarum</strong></span> <span class='ocrx_word' id='word_1_492' title='bbox 746 5050 893 5114; x_wconf 67' lang='lat' dir='ltr'><strong>tempium,</strong></span> <span class='ocrx_word' id='word_1_493' title='bbox 911 5063 976 5113; x_wconf 80' lang='lat' dir='ltr'><strong>quoe</strong></span> <span class='ocrx_word' id='word_1_494' title='bbox 989 5053 1120 5114; x_wconf 65' lang='lat' dir='ltr'><strong>linquetur</strong></span> <span class='ocrx_word' id='word_1_495' title='bbox 1135 5055 1159 5100; x_wconf 80' lang='lat' dir='ltr'><strong>et</strong></span> <span class='ocrx_word' id='word_1_496' title='bbox 1174 5050 1314 5099; x_wconf 67' lang='lat' dir='ltr'><strong>recum</strong></span> <span class='ocrx_word' id='word_1_497' title='bbox 1331 5051 1358 5099; x_wconf 84' lang='lat' dir='ltr'><strong>lo</strong></span> <span class='ocrx_word' id='word_1_498' title='bbox 1380 5050 1493 5112; x_wconf 63' lang='lat' dir='ltr'><strong>meretis</strong></span> <span class='ocrx_word' id='word_1_499' title='bbox 1513 5064 1656 5113; x_wconf 70' lang='lat' dir='ltr'><strong>meque,</strong></span> <span class='ocrx_word' id='word_1_500' title='bbox 1676 5065 1742 5116; x_wconf 78' lang='lat' dir='ltr'><strong>quae</strong></span> 
     </span>
     <span class='ocr_line' id='line_1_44' title="bbox 410 5122 1741 5190; baseline 0 -15"><span class='ocrx_word' id='word_1_501' title='bbox 410 5125 541 5189; x_wconf 57' lang='lat' dir='ltr'><strong>&#39;Md‘</strong></span> <span class='ocrx_word' id='word_1_502' title='bbox 556 5130 579 5174; x_wconf 84' lang='lat' dir='ltr'><strong>et</strong></span> <span class='ocrx_word' id='word_1_503' title='bbox 593 5122 659 5171; x_wconf 81' lang='lat' dir='ltr'><strong>teoto</strong></span> <span class='ocrx_word' id='word_1_504' title='bbox 675 5127 742 5182; x_wconf 79' lang='lat' dir='ltr'><strong>sunt,</strong></span> <span class='ocrx_word' id='word_1_505' title='bbox 760 5125 884 5175; x_wconf 80' lang='lat' dir='ltr'><strong>rationem</strong></span> <span class='ocrx_word' id='word_1_506' title='bbox 898 5125 1039 5188; x_wconf 64' lang='lat' dir='ltr'><strong>perspicere</strong></span> <span class='ocrx_word' id='word_1_507' title='bbox 1048 5124 1117 5174; x_wconf 81' lang='lat' dir='ltr'><strong>toud</strong></span> <span class='ocrx_word' id='word_1_508' title='bbox 1127 5124 1227 5189; x_wconf 59' lang='lat' dir='ltr'><strong>diliciis</strong></span> <span class='ocrx_word' id='word_1_509' title='bbox 1236 5128 1281 5174; x_wconf 81' lang='lat' dir='ltr'><strong>est.</strong></span> <span class='ocrx_word' id='word_1_510' title='bbox 1299 5124 1366 5175; x_wconf 77' lang='lat' dir='ltr'><strong>Nom</strong></span> <span class='ocrx_word' id='word_1_511' title='bbox 1377 5138 1411 5175; x_wconf 81' lang='lat' dir='ltr'><strong>ec</strong></span> <span class='ocrx_word' id='word_1_512' title='bbox 1421 5125 1487 5190; x_wconf 77' lang='lat' dir='ltr'><strong>iguis</strong></span> <span class='ocrx_word' id='word_1_513' title='bbox 1497 5128 1628 5189; x_wconf 77' lang='lat' dir='ltr'><strong>utriusque</strong></span> <span class='ocrx_word' id='word_1_514' title='bbox 1642 5128 1741 5179; x_wconf 72' lang='lat' dir='ltr'><strong>wumt</strong></span> 
     </span>
     <span class='ocr_line' id='line_1_45' title="bbox 411 5199 1741 5265; baseline 0.002 -15"><span class='ocrx_word' id='word_1_515' title='bbox 411 5205 488 5265; x_wconf 78' lang='lat' dir='ltr'><strong>etque</strong></span> <span class='ocrx_word' id='word_1_516' title='bbox 503 5200 597 5249; x_wconf 76' lang='lat' dir='ltr'><strong>interni</strong></span> <span class='ocrx_word' id='word_1_517' title='bbox 613 5199 784 5247; x_wconf 73' lang='lat' dir='ltr'><strong>mmmcmlone</strong></span> <span class='ocrx_word' id='word_1_518' title='bbox 800 5202 866 5249; x_wconf 78' lang='lat' dir='ltr'><strong>inter</strong></span> <span class='ocrx_word' id='word_1_519' title='bbox 881 5200 955 5263; x_wconf 82' lang='lat' dir='ltr'><strong>ipsos,</strong></span> <span class='ocrx_word' id='word_1_520' title='bbox 971 5213 1030 5258; x_wconf 82' lang='lat' dir='ltr'><strong>cem</strong></span> <span class='ocrx_word' id='word_1_521' title='bbox 1045 5213 1111 5248; x_wconf 75' lang='lat' dir='ltr'><strong>coes</strong></span> <span class='ocrx_word' id='word_1_522' title='bbox 1122 5212 1171 5261; x_wconf 86' lang='lat' dir='ltr'><strong>per</strong></span> <span class='ocrx_word' id='word_1_523' title='bbox 1186 5200 1299 5263; x_wconf 72' lang='lat' dir='ltr'><strong>singulos</strong></span> <span class='ocrx_word' id='word_1_524' title='bbox 1312 5204 1399 5262; x_wconf 79' lang='lat' dir='ltr'><strong>portes</strong></span> <span class='ocrx_word' id='word_1_525' title='bbox 1415 5201 1515 5264; x_wconf 68' lang='lat' dir='ltr'><strong>effectus</strong></span> <span class='ocrx_word' id='word_1_526' title='bbox 1529 5207 1552 5251; x_wconf 89' lang='lat' dir='ltr'><strong>et</strong></span> <span class='ocrx_word' id='word_1_527' title='bbox 1566 5202 1652 5252; x_wconf 67' lang='lat' dir='ltr'><strong>moab</strong></span> <span class='ocrx_word' id='word_1_528' title='bbox 1661 5202 1741 5251; x_wconf 77' lang='lat' dir='ltr'><strong>modis</strong></span> 
     </span>
     <span class='ocr_line' id='line_1_46' title="bbox 411 5268 1741 5334; baseline 0.005 -13"><span class='ocrx_word' id='word_1_529' title='bbox 411 5286 515 5326; x_wconf 75' lang='lat' dir='ltr'><strong>concors</strong></span> <span class='ocrx_word' id='word_1_530' title='bbox 531 5278 555 5323; x_wconf 86' lang='lat' dir='ltr'><strong>et</strong></span> <span class='ocrx_word' id='word_1_531' title='bbox 570 5278 645 5334; x_wconf 80' lang='lat' dir='ltr'><strong>aptos</strong></span> <span class='ocrx_word' id='word_1_532' title='bbox 660 5274 771 5324; x_wconf 80' lang='lat' dir='ltr'><strong>redditos</strong></span> <span class='ocrx_word' id='word_1_533' title='bbox 785 5276 812 5324; x_wconf 80' lang='lat' dir='ltr'><strong>in</strong></span> <span class='ocrx_word' id='word_1_534' title='bbox 827 5276 909 5327; x_wconf 79' lang='lat' dir='ltr'><strong>tenore</strong></span> <span class='ocrx_word' id='word_1_535' title='bbox 924 5276 1040 5327; x_wconf 72' lang='lat' dir='ltr'><strong>cmsedit.</strong></span> <span class='ocrx_word' id='word_1_536' title='bbox 1076 5274 1175 5326; x_wconf 85' lang='lat' dir='ltr'><strong>Eadem</strong></span> <span class='ocrx_word' id='word_1_537' title='bbox 1189 5271 1305 5331; x_wconf 78' lang='lat' dir='ltr'><strong>exbibet,</strong></span> <span class='ocrx_word' id='word_1_538' title='bbox 1318 5274 1367 5325; x_wconf 89' lang='lat' dir='ltr'><strong>sed</strong></span> <span class='ocrx_word' id='word_1_539' title='bbox 1378 5271 1472 5326; x_wconf 86' lang='lat' dir='ltr'><strong>litteris</strong></span> <span class='ocrx_word' id='word_1_540' title='bbox 1483 5268 1613 5327; x_wconf 80' lang='lat' dir='ltr'><strong>inclinatis</strong></span> <span class='ocrx_word' id='word_1_541' title='bbox 1624 5281 1651 5327; x_wconf 88' lang='lat' dir='ltr'><strong>et</strong></span> <span class='ocrx_word' id='word_1_542' title='bbox 1665 5278 1741 5328; x_wconf 86' lang='lat' dir='ltr'><strong>uncis</strong></span> 
     </span>
     <span class='ocr_line' id='line_1_47' title="bbox 412 5346 1741 5413; baseline 0.001 -12"><span class='ocrx_word' id='word_1_543' title='bbox 412 5350 624 5413; x_wconf 85' lang='lat' dir='ltr'><strong>circumscripta,</strong></span> <span class='ocrx_word' id='word_1_544' title='bbox 636 5348 657 5399; x_wconf 91' lang='lat'>0</span> <span class='ocrx_word' id='word_1_545' title='bbox 670 5374 697 5385; x_wconf 89' lang='lat'>-</span> <span class='ocrx_word' id='word_1_546' title='bbox 718 5349 757 5400; x_wconf 76' lang='lat'><strong>⁴8.</strong></span> <span class='ocrx_word' id='word_1_547' title='bbox 776 5352 890 5401; x_wconf 75' lang='lat' dir='ltr'><strong>redditur</strong></span> <span class='ocrx_word' id='word_1_548' title='bbox 901 5351 987 5402; x_wconf 74' lang='lat' dir='ltr'><strong>etto:</strong></span> <span class='ocrx_word' id='word_1_549' title='bbox 1005 5350 1129 5408; x_wconf 77' lang='lat' dir='ltr'><strong>redditur,</strong></span> <span class='ocrx_word' id='word_1_550' title='bbox 1148 5346 1291 5412; x_wconf 70' lang='lat' dir='ltr'><strong>[oculoque</strong></span> <span class='ocrx_word' id='word_1_551' title='bbox 1301 5348 1441 5399; x_wconf 60' lang='lat' dir='ltr'><strong>immadi</strong></span> <span class='ocrx_word' id='word_1_552' title='bbox 1452 5352 1590 5401; x_wconf 69' lang='lat' dir='ltr'><strong>morto</strong></span> <span class='ocrx_word' id='word_1_553' title='bbox 1601 5352 1628 5401; x_wconf 80' lang='lat' dir='ltr'><strong>te</strong></span> <span class='ocrx_word' id='word_1_554' title='bbox 1642 5352 1741 5413; x_wconf 67' lang='lat' dir='ltr'><strong>sumto</strong></span> 
     </span>
     <span class='ocr_line' id='line_1_48' title="bbox 411 5422 1742 5489; baseline 0.002 -14"><span class='ocrx_word' id='word_1_555' title='bbox 411 5423 582 5486; x_wconf 61' lang='lat' dir='ltr'><strong>rosnaium]</strong></span> <span class='ocrx_word' id='word_1_556' title='bbox 598 5434 660 5473; x_wconf 89' lang='lat' dir='ltr'><strong>cnm</strong></span> <span class='ocrx_word' id='word_1_557' title='bbox 679 5423 838 5475; x_wconf 77' lang='lat' dir='ltr'><strong>Lantbinoo</strong></span> <span class='ocrx_word' id='word_1_558' title='bbox 860 5453 884 5461; x_wconf 96' lang='lat'>-</span> <span class='ocrx_word' id='word_1_559' title='bbox 904 5438 932 5475; x_wconf 80' lang='lat' dir='ltr'><strong>oa</strong></span> <span class='ocrx_word' id='word_1_560' title='bbox 942 5437 1012 5476; x_wconf 84' lang='lat' dir='ltr'><strong>corr.</strong></span> <span class='ocrx_word' id='word_1_561' title='bbox 1026 5425 1051 5474; x_wconf 89' lang='lat' dir='ltr'><strong>ln</strong></span> <span class='ocrx_word' id='word_1_562' title='bbox 1063 5437 1104 5474; x_wconf 80' lang='lat' dir='ltr'><strong>eoa</strong></span> <span class='ocrx_word' id='word_1_563' title='bbox 1116 5423 1145 5483; x_wconf 88' lang='lat' dir='ltr'><strong>V,</strong></span> <span class='ocrx_word' id='word_1_564' title='bbox 1158 5436 1199 5474; x_wconf 80' lang='lat' dir='ltr'><strong>eos</strong></span> <span class='ocrx_word' id='word_1_565' title='bbox 1211 5425 1231 5472; x_wconf 80' lang='lat' dir='ltr'><strong>o</strong></span> <span class='ocrx_word' id='word_1_566' title='bbox 1245 5448 1271 5459; x_wconf 92' lang='lat'>-</span> <span class='ocrx_word' id='word_1_567' title='bbox 1292 5423 1331 5473; x_wconf 84' lang='lat' dir='ltr'><strong>te.</strong></span> <span class='ocrx_word' id='word_1_568' title='bbox 1345 5426 1437 5487; x_wconf 61' lang='lat' dir='ltr'><strong>emaus</strong></span> <span class='ocrx_word' id='word_1_569' title='bbox 1449 5424 1534 5483; x_wconf 56' lang='lat' dir='ltr'><strong>BE&amp;</strong></span> <span class='ocrx_word' id='word_1_570' title='bbox 1551 5426 1654 5489; x_wconf 65' lang='lat' dir='ltr'><strong>offusus,</strong></span> <span class='ocrx_word' id='word_1_571' title='bbox 1667 5422 1703 5489; x_wconf 76' lang='lat' dir='ltr'><strong>[ie</strong></span> <span class='ocrx_word' id='word_1_572' title='bbox 1713 5441 1742 5478; x_wconf 86' lang='lat' dir='ltr'><strong>re</strong></span> 
     </span>
     <span class='ocr_line' id='line_1_49' title="bbox 413 5498 1742 5565; baseline 0.001 -14"><span class='ocrx_word' id='word_1_573' title='bbox 413 5499 461 5551; x_wconf 77' lang='lat' dir='ltr'><strong>loci</strong></span> <span class='ocrx_word' id='word_1_574' title='bbox 476 5504 500 5549; x_wconf 80' lang='lat' dir='ltr'><strong>et</strong></span> <span class='ocrx_word' id='word_1_575' title='bbox 515 5498 652 5564; x_wconf 73' lang='lat' dir='ltr'><strong>splendido]</strong></span> <span class='ocrx_word' id='word_1_576' title='bbox 671 5511 732 5549; x_wconf 92' lang='lat' dir='ltr'><strong>cum</strong></span> <span class='ocrx_word' id='word_1_577' title='bbox 751 5499 879 5550; x_wconf 72' lang='lat' dir='ltr'><strong>lambino</strong></span> <span class='ocrx_word' id='word_1_578' title='bbox 897 5501 917 5550; x_wconf 94' lang='lat'>0</span> <span class='ocrx_word' id='word_1_579' title='bbox 941 5525 967 5536; x_wconf 96' lang='lat'><em>-</em></span> <span class='ocrx_word' id='word_1_580' title='bbox 988 5498 1092 5549; x_wconf 78' lang='lat' dir='ltr'><strong>contulit</strong></span> <span class='ocrx_word' id='word_1_581' title='bbox 1104 5510 1170 5549; x_wconf 86' lang='lat' dir='ltr'><strong>corr.</strong></span> <span class='ocrx_word' id='word_1_582' title='bbox 1185 5500 1211 5548; x_wconf 86' lang='lat' dir='ltr'><strong>in</strong></span> <span class='ocrx_word' id='word_1_583' title='bbox 1223 5499 1366 5548; x_wconf 70' lang='lat' dir='ltr'><strong>emicuisti</strong></span> <span class='ocrx_word' id='word_1_584' title='bbox 1389 5521 1415 5535; x_wconf 89' lang='lat'>-</span> <span class='ocrx_word' id='word_1_585' title='bbox 1438 5499 1479 5549; x_wconf 78' lang='lat'><strong>20.</strong></span> <span class='ocrx_word' id='word_1_586' title='bbox 1499 5499 1640 5561; x_wconf 78' lang='lat' dir='ltr'><strong>qetocorr.</strong></span> <span class='ocrx_word' id='word_1_587' title='bbox 1653 5514 1685 5552; x_wconf 85' lang='lat' dir='ltr'><strong>ex</strong></span> <span class='ocrx_word' id='word_1_588' title='bbox 1698 5502 1742 5565; x_wconf 71' lang='lat' dir='ltr'><strong>qut</strong></span> 
     </span>
     <span class='ocr_line' id='line_1_50' title="bbox 414 5572 1740 5639; baseline 0.002 -14"><span class='ocrx_word' id='word_1_589' title='bbox 414 5576 435 5625; x_wconf 84' lang='grc' dir='ltr'><strong>Α</strong></span> <span class='ocrx_word' id='word_1_590' title='bbox 458 5598 484 5612; x_wconf 87' lang='grc'>-</span> <span class='ocrx_word' id='word_1_591' title='bbox 508 5573 642 5637; x_wconf 75' lang='lat' dir='ltr'><strong>odtinqwst</strong></span> <span class='ocrx_word' id='word_1_592' title='bbox 660 5572 723 5631; x_wconf 75' lang='lat' dir='ltr'><strong>Av;</strong></span> <span class='ocrx_word' id='word_1_593' title='bbox 744 5577 872 5637; x_wconf 79' lang='lat' dir='ltr'><strong>ottinquat</strong></span> <span class='ocrx_word' id='word_1_594' title='bbox 890 5572 1001 5639; x_wconf 81' lang='lat' dir='ltr'><strong>[praeter</strong></span> <span class='ocrx_word' id='word_1_595' title='bbox 1019 5586 1113 5622; x_wconf 70' lang='lat' dir='ltr'><strong>metu</strong></span> <span class='ocrx_word' id='word_1_596' title='bbox 1131 5573 1251 5622; x_wconf 81' lang='lat' dir='ltr'><strong>usitatum</strong></span> <span class='ocrx_word' id='word_1_597' title='bbox 1265 5573 1410 5623; x_wconf 78' lang='lat' dir='ltr'><strong>adiectionis</strong></span> <span class='ocrx_word' id='word_1_598' title='bbox 1419 5578 1444 5623; x_wconf 84' lang='lat' dir='ltr'><strong>et</strong></span> <span class='ocrx_word' id='word_1_599' title='bbox 1459 5574 1656 5639; x_wconf 69' lang='lat' dir='ltr'><strong>economus]</strong></span> <span class='ocrx_word' id='word_1_600' title='bbox 1677 5585 1740 5628; x_wconf 77' lang='lat' dir='ltr'><strong>tum</strong></span> 
     </span>
     <span class='ocr_line' id='line_1_51' title="bbox 413 5646 1739 5713; baseline -0.002 -11"><span class='ocrx_word' id='word_1_601' title='bbox 413 5648 542 5702; x_wconf 63' lang='lat' dir='ltr'><strong>lambino</strong></span> <span class='ocrx_word' id='word_1_602' title='bbox 561 5650 591 5708; x_wconf 86' lang='lat'><strong>0,</strong></span> <span class='ocrx_word' id='word_1_603' title='bbox 613 5647 709 5699; x_wconf 85' lang='lat' dir='ltr'><strong>additis</strong></span> <span class='ocrx_word' id='word_1_604' title='bbox 730 5651 868 5713; x_wconf 85' lang='lat' dir='ltr'><strong>praeterea</strong></span> <span class='ocrx_word' id='word_1_605' title='bbox 889 5650 997 5699; x_wconf 85' lang='lat' dir='ltr'><strong>motoris</strong></span> <span class='ocrx_word' id='word_1_606' title='bbox 1017 5646 1128 5698; x_wconf 85' lang='lat' dir='ltr'><strong>lacunae</strong></span> <span class='ocrx_word' id='word_1_607' title='bbox 1148 5648 1238 5711; x_wconf 84' lang='lat' dir='ltr'><strong>signis,</strong></span> <span class='ocrx_word' id='word_1_608' title='bbox 1259 5648 1381 5712; x_wconf 83' lang='lat' dir='ltr'><strong>quamvls</strong></span> <span class='ocrx_word' id='word_1_609' title='bbox 1401 5646 1463 5699; x_wconf 86' lang='lat' dir='ltr'><strong>nibil</strong></span> <span class='ocrx_word' id='word_1_610' title='bbox 1477 5646 1591 5712; x_wconf 83' lang='lat' dir='ltr'><strong>amplius</strong></span> <span class='ocrx_word' id='word_1_611' title='bbox 1610 5649 1688 5702; x_wconf 84' lang='lat' dir='ltr'><strong>decit.</strong></span> <span class='ocrx_word' id='word_1_612' title='bbox 1712 5676 1739 5688; x_wconf 92' lang='lat'>-</span> 
     </span>
     <span class='ocr_line' id='line_1_52' title="bbox 412 5719 1742 5783; baseline -0.003 -6"><span class='ocrx_word' id='word_1_613' title='bbox 412 5724 455 5777; x_wconf 75' lang='grc'><strong>14.</strong></span> <span class='ocrx_word' id='word_1_614' title='bbox 473 5724 579 5774; x_wconf 72' lang='lat' dir='ltr'><strong>mero</strong></span> <span class='ocrx_word' id='word_1_615' title='bbox 595 5724 705 5774; x_wconf 73' lang='lat' dir='ltr'><strong>caserta</strong></span> <span class='ocrx_word' id='word_1_616' title='bbox 720 5720 1029 5782; x_wconf 67' lang='lat' dir='ltr'><strong>Azdectredecterisffl,</strong></span> <span class='ocrx_word' id='word_1_617' title='bbox 1042 5719 1388 5773; x_wconf 60' lang='lat' dir='ltr'><strong>cenomanensem</strong></span> <span class='ocrx_word' id='word_1_618' title='bbox 1403 5746 1430 5758; x_wconf 94' lang='lat'>-</span> <span class='ocrx_word' id='word_1_619' title='bbox 1443 5721 1742 5783; x_wconf 62' lang='lat' dir='ltr'><strong>antemnaeque</strong></span> 
     </span>
     <span class='ocr_line' id='line_1_53' title="bbox 413 5793 1743 5862; baseline -0.004 -11"><span class='ocrx_word' id='word_1_620' title='bbox 413 5796 514 5851; x_wconf 73' lang='lat' dir='ltr'><strong>REGV</strong></span> <span class='ocrx_word' id='word_1_621' title='bbox 527 5823 551 5833; x_wconf 95' lang='lat'>-</span> <span class='ocrx_word' id='word_1_622' title='bbox 563 5798 605 5848; x_wconf 75' lang='lat'><strong>23.</strong></span> <span class='ocrx_word' id='word_1_623' title='bbox 618 5798 769 5848; x_wconf 73' lang='lat' dir='ltr'><strong>docteroii:</strong></span> <span class='ocrx_word' id='word_1_624' title='bbox 782 5797 1105 5858; x_wconf 75' lang='lat' dir='ltr'><strong>denteromAV,de.ctrom</strong></span> <span class='ocrx_word' id='word_1_625' title='bbox 1116 5796 1155 5855; x_wconf 78' lang='lat'><strong>(3¹,</strong></span> <span class='ocrx_word' id='word_1_626' title='bbox 1167 5793 1440 5847; x_wconf 62' lang='grc' dir='ltr'><strong>ἀπεναΕΘὈ-ἱὸ.</strong></span> <span class='ocrx_word' id='word_1_627' title='bbox 1452 5795 1619 5862; x_wconf 74' lang='grc' dir='ltr'><strong>ΙωναᾳιιοΑε</strong></span> <span class='ocrx_word' id='word_1_628' title='bbox 1637 5798 1743 5861; x_wconf 76' lang='lat' dir='ltr'><strong>locoque</strong></span> 
     </span>
     <span class='ocr_line' id='line_1_54' title="bbox 413 5869 1511 5937; baseline -0.004 -11"><span class='ocrx_word' id='word_1_629' title='bbox 413 5870 671 5937; x_wconf 50' lang='lat' dir='ltr'><strong>&amp;languendi</strong></span> <span class='ocrx_word' id='word_1_630' title='bbox 694 5898 720 5909; x_wconf 89' lang='lat'>-</span> <span class='ocrx_word' id='word_1_631' title='bbox 741 5870 1185 5924; x_wconf 70' lang='lat' dir='ltr'><strong>desteromBEtizdertromAVO</strong></span> <span class='ocrx_word' id='word_1_632' title='bbox 1208 5896 1231 5910; x_wconf 92' lang='lat'>-</span> <span class='ocrx_word' id='word_1_633' title='bbox 1253 5872 1329 5922; x_wconf 72' lang='lat' dir='ltr'><strong>mon</strong></span> <span class='ocrx_word' id='word_1_634' title='bbox 1345 5875 1369 5921; x_wconf 85' lang='lat' dir='ltr'><strong>et</strong></span> <span class='ocrx_word' id='word_1_635' title='bbox 1384 5882 1432 5921; x_wconf 84' lang='lat' dir='ltr'><strong>oro</strong></span> <span class='ocrx_word' id='word_1_636' title='bbox 1448 5869 1511 5922; x_wconf 78' lang='lat' dir='ltr'><strong>ct.</strong></span> 
     </span>
    </p>
   </div>
   <div class='ocr_carea' id='block_1_7' title="bbox 498 6006 1506 6078">
    <p class='ocr_par' dir='ltr' id='par_1_7' title="bbox 498 6006 1506 6078">
     <span class='ocr_line' id='line_1_55' title="bbox 498 6006 1506 6078; baseline -0.006 -16"><span class='ocrx_word' id='word_1_637' title='bbox 498 6009 590 6062; x_wconf 73' lang='lat' dir='ltr'><strong>omno</strong></span> <span class='ocrx_word' id='word_1_638' title='bbox 608 6010 634 6060; x_wconf 84' lang='grc' dir='ltr'><strong>τ.</strong></span> <span class='ocrx_word' id='word_1_639' title='bbox 650 6009 688 6059; x_wconf 80' lang='lat' dir='ltr'><strong>tv.</strong></span> <span class='ocrx_word' id='word_1_640' title='bbox 1464 6006 1506 6078; x_wconf 73' lang='lat' dir='ltr'><strong>gg</strong></span> 
     </span>
    </p>
   </div>
   <div class='ocr_carea' id='block_1_8' title="bbox 0 0 2183 7459">
    <p class='ocr_par' dir='ltr' id='par_1_8' title="bbox 0 0 2183 7459">
     <span class='ocr_line' id='line_1_56' title="bbox 0 0 2183 7459; baseline 0 0"><span class='ocrx_word' id='word_1_641' title='bbox 0 0 2183 7459; x_wconf 95' lang='lat' dir='ltr'><strong> </strong></span> 
     </span>
    </p>
   </div>
  </div>
 </body>
</html>
