4342 7459
653 1265 721 1330 nn.
743 1266 768 1329 1.
797 1264 871 1329 cn.
891 1263 1231 1329 naxus-xxxiv.
1257 1260 1304 1348 §s
1326 1260 1473 1328 ιιι-ιι.
1674 1255 1738 1323 sos

408 1434 495 1493 ratus
516 1433 575 1500 est,
597 1433 636 1490 et·
650 1432 686 1489 ut
706 1425 741 1488 in
757 1425 865 1490 Sullae
886 1426 1040 1507 scriptum
1062 1423 1197 1488 historia
1219 1423 1370 1498 videmus,
1392 1423 1479 1507 quod
1495 1430 1527 1486 te
1541 1423 1738 1506 inspectante

409 1522 525 1587 iactum
549 1528 615 1595 est,
644 1529 696 1595 ut,
717 1539 788 1583 cum
811 1519 865 1581 ille
887 1520 919 1581 in
942 1539 1017 1601 agro
1039 1519 1162 1582 Nolano
1184 1516 1351 1580 inmolaret
1371 1525 1443 1580 ante
1465 1519 1675 1600 praetorium,
1698 1516 1738 1579 ab

408 1614 516 1681 infima
537 1635 592 1679 ara
613 1614 717 1678 subito
740 1613 853 1695 anguis
875 1622 1060 1695 emergeret,
1081 1632 1153 1676 cum
1176 1612 1304 1696 quidem
1324 1611 1358 1675 C.
1374 1611 1555 1673 Postumius
1576 1611 1738 1691 haruspex

411 1716 517 1775 oraret
536 1709 627 1774 illum
648 1717 684 1771 ut
703 1709 737 1771 in
753 1707 991 1788 expeditionem
1013 1706 1186 1769 exercitum
1208 1705 1372 1768 educeret:
1395 1704 1428 1767 id
1451 1725 1521 1767 cum
1538 1703 1625 1767 Sulla
1646 1702 1740 1765 iecis-

408 1813 473 1879 set,
506 1810 573 1867 tum
606 1808 679 1866 ante
712 1800 866 1884 oppidum
893 1800 1002 1864 Nolam
1035 1800 1270 1863 florentissuma
1296 1798 1483 1862 Samnitium
1514 1808 1616 1862 castra
1645 1797 1760 1878 cepits

407 1894 460 1961 73.
489 1898 584 1960 Facta
610 1896 794 1959 coniectura
821 1894 914 1957 etiam
941 1895 975 1957 in
1000 1895 1154 1978 Dionysio
1179 1900 1243 1967 est,
1277 1891 1374 1975 paulo
1396 1899 1469 1955 ante
1491 1912 1586 1977 quam
1607 1909 1739 1973 regnare

408 1991 533 2073 coepit:
564 1990 620 2074 qui
650 2008 720 2052 cum
750 2008 808 2070 per
835 2006 944 2069 agrum
967 1989 1158 2051 Leontinum
1184 1985 1388 2050 iterfaciens
1410 2007 1528 2069 equum
1550 1992 1619 2069 ipse
1641 1984 1740 2048 demi·

408 2085 503 2149 deaut
523 2084 555 2147 in
579 2084 712 2158 flumen,
734 2083 917 2145 submersus
939 2102 1044 2166 aquus
1066 2081 1269 2164 voraginibus
1291 2100 1355 2144 non
1379 2081 1521 2144 exstitit:
1551 2099 1645 2164 quem
1668 2098 1739 2141 oum

409 2177 547 2241 maxima
569 2178 773 2240 contentione
795 2195 858 2238 non
881 2178 1038 2260 potuisset
1059 2176 1244 2248 extrahere,
1271 2174 1433 2249 discessit,
1459 2181 1495 2237 ut
1516 2174 1560 2238 ait
1580 2173 1740 2245 Philistus,

408 2289 502 2353 aegre
524 2270 639 2334 ferens
677 2270 755 2333 Cum
777 2278 882 2333 autem
904 2270 1104 2353 aliquantum
1126 2288 1313 2352 progressus
1334 2276 1429 2342 esset,
1451 2268 1555 2331 subito
1579 2266 1779 2331 exaudirittt

408 2363 564 2429 hinnitum
593 2364 799 2447 respexitque
829 2373 861 2427 et
889 2385 1006 2448 equum
1036 2363 1171 2427 alacrem
1199 2363 1300 2426 laetus
1320 2364 1463 2445 aspexit,
1497 2363 1588 2426 cuius
1610 2363 1645 2425 in
1667 2361 1741 2424 iuba

411 2477 546 2522 examen
568 2459 676 2541 apium
700 2457 898 2522 consederat.
942 2458 1036 2533 Quod
1059 2467 1219 2521 ostentum
1242 2458 1352 2521 habuit
1372 2457 1454 2520 hanc
1476 2458 1548 2530 rim,
1571 2458 1740 2539 utliiooy·

409 2552 478 2616 sius
499 2552 608 2635 paucis
630 2559 704 2633 post
725 2552 836 2613 diebus
857 2571 990 2634 regnare
1012 2553 1162 2635 coeperit.

492 2645 641 2709 XXXIV.
661 2641 714 2706 7t.
737 2643 846 2720 Qutdr
868 2644 1128 2708 Lacedaemoniis
1150 2646 1244 2729 paulo
1266 2654 1340 2710 ante
1362 2647 1557 2710 Leuctricam
1579 2645 1740 2709 calamita·

409 2746 472 2804 ίοιιι
502 2757 585 2822 quae
614 2735 803 2821 significatio
829 2738 912 2802 iacta
941 2748 1004 2813 est,
1036 2760 1107 2802 cum
1135 2740 1167 2802 in
1190 2740 1333 2803 Herculis
1361 2739 1434 2803 lano
1456 2760 1542 2803 arma
1565 2742 1779 2804 sonuerunttt

409 2832 622 2916 Herculisque
653 2831 856 2895 stmutacru·
892 2833 991 2896 multo
1023 2832 1141 2896 sudore
1177 2835 1335 2896 manaritl
1381 2838 1422 2898 et
1454 2835 1568 2898 eodem
1597 2842 1740 2914 tempore

409 2920 543 2999 Thebis,
565 2932 599 2989 ut
620 2927 664 2989 ait
686 2926 910 3001 Callisthenes,
933 2927 966 2988 in
988 2919 1106 3009 tem'plo
1127 2926 1275 2990 Herculis
1296 2928 1407 2991 valvae
1429 2930 1557 2993 clausae
1578 2925 1740 3010 repagulis

409 3020 516 3084 subito
538 3038 572 3083 se
593 3019 682 3102 ipsae
704 3027 898 3104 aperuerunt
918 3039 1079 3102 armaque,
1102 3040 1185 3103 quae
1206 3020 1271 3083 lixa
1294 3019 1326 3083 in
1350 3023 1521 3105 parietibus
1542 3022 1680 3095 inerant,
1703 3039 1740 3083 ea

410 3121 486 3178 sunt
508 3113 595 3176 humi
617 3114 757 3178 inventa.
801 3114 946 3196 Cumque
968 3116 1080 3178 eodem
1103 3123 1246 3197 tempore
1268 3117 1351 3198 apud
1368 3116 1537 3180 Lebadiam
1553 3115 1739 3199 Trophonio
1788 3173 1790 3177 ,

411 3227 464 3272 rea
486 3206 595 3271 divina
616 3203 724 3281 lieret,
753 3207 854 3290 gallos
876 3207 1067 3289 gallinaceos
1097 3209 1131 3271 in
1154 3228 1193 3271 eo
1215 3209 1287 3271 loco
1310 3211 1355 3272 sic
1377 3209 1512 3273 adsidue
1532 3228 1646 3272 canere
1669 3210 1779 3272 coe-2²

411 3301 509 3387 pisae,
530 3309 566 3363 ut
587 3301 666 3364 nihil
689 3302 953 3365 intermitterent:
975 3309 1040 3363 tum
1056 3320 1193 3383 augures
1208 3302 1330 3365 dixisse
1344 3305 1501 3378 boeotius,
1516 3304 1739 3367 Thebanorum

413 3414 483 3461 csse
505 3396 688 3470 victoriam,
715 3405 880 3478 propterea
902 3394 989 3476 quod
1012 3396 1078 3458 avis
1100 3396 1155 3459 illa
1178 3396 1259 3458 victa
1281 3396 1375 3459 silere
1398 3397 1533 3472 soleret,
1562 3416 1691 3468 canere,
1714 3398 1740 3459 si

409 3488 548 3553 vicisset.
590 3486 642 3551 75.
664 3487 849 3571 Eademque
871 3497 1057 3572 tempestate
1080 3490 1189 3552 multis
1211 3491 1309 3572 signis
1326 3492 1585 3555 Lacedaemoniis
1601 3492 1742 3553 Leuctri-

410 3602 466 3647 cae
489 3602 613 3665 pugnae
635 3582 798 3645 calamitas
820 3582 1075 3646 denuntiabatur.
1117 3585 1260 3666 Namque
1284 3593 1315 3647 et
1337 3586 1368 3648 in
1386 3583 1549 3670 Lysandri,
1572 3587 1626 3669 qui
1644 3586 1741 3648 Lace·

410 3677 649 3741 doemoniorum
672 3676 865 3740 clarissimus
886 3676 1001 3751 fueret,
1029 3685 1151 3752 statua,
1181 3697 1263 3762 quae
1285 3679 1418 3762 Delphis
1440 3681 1555 3753 stabat,
1584 3681 1614 3742 in
1638 3680 1779 3761 capite!l

409 3789 528 3835 corona
550 3770 655 3834 subito
677 3771 800 3835 exstitit
822 3790 863 3833 ex
884 3772 1005 3853 asperis
1027 3770 1134 3835 herbis
1155 3781 1187 3835 ot
1205 3773 1395 3853 agrestibus,
1422 3774 1596 3857 stellaeque
1615 3792 1741 3846 aureae,
1814 3804 1822 3821 ·

411 3885 493 3951 quae
515 3865 647 3950 Delphis
672 3871 763 3927 erant
789 3883 808 3926 a
829 3865 1090 3927 Lacedaemoniis
1119 3868 1242 3949 positae
1270 3875 1344 3949 post
1369 3867 1512 3931 navalem
1533 3868 1619 3930 illam
1642 3868 1742 3930 victo·

411 3961 490 4024 riam
513 3958 683 4044 Lysandri,
706 3978 769 4041 qua
787 3958 997 4022 Athenienses
1019 3960 1243 4034 conciderunt,
1266 3982 1328 4045 qua
1351 3963 1382 4024 in
1404 3981 1511 4044 pugna
1533 3963 1609 4045 quia
1632 3961 1743 4024 Castor

410 4064 443 4120 et
470 4055 584 4120 Pollux
615 4074 685 4118 cum
712 4052 1034 4116 Lacedaemoniorum
1068 4055 1169 4118 classe
1201 4055 1258 4117 visi
1292 4074 1362 4118 esse
1395 4056 1597 4129 dicebantur,
1632 4076 1740 4119 eorum

409 4149 547 4232 insignia
570 4149 714 4220 deorum,
738 4146 848 4208 stellae
870 4166 1002 4221 aureae,
1027 4168 1107 4231 quas
1129 4148 1211 4221 dixi,
1234 4148 1366 4231 Delphis
1388 4150 1527 4231 positae,
1552 4152 1646 4232 paulo
1669 4158 1779 4213 astteso

409 4243 603 4306 Leuctricam
626 4261 763 4325 pugnam
787 4241 973 4303 deciderunt
996 4262 1100 4324 oeque
1123 4251 1266 4323 repertae
1284 4251 1366 4306 suut.
1401 4240 1453 4304 76.
1478 4246 1648 4307 Maximum
1666 4261 1741 4306 vero

409 4336 488 4401 illud
512 4343 690 4417 portentum
713 4336 814 4397 isdem
838 4335 1002 4416 Spartiatis
1024 4334 1099 4410 luit,
1123 4335 1220 4419 quod,
1242 4355 1312 4399 cum
1336 4338 1498 4399 oraculum
1522 4339 1561 4400 ab
1583 4338 1658 4399 love
1680 4338 1742 4400 Do-

410 4429 534 4492 donaeo
556 4430 743 4512 petivissent
765 4428 804 4489 de
827 4429 959 4491 victoria
982 4430 1194 4504 sciscitantes,
1224 4430 1383 4513 legatique
1408 4452 1462 4491 vos
1489 4430 1586 4503 illud,
1615 4432 1647 4494 in
1677 4450 1741 4512 quo

410 4525 536 4589 inerant
557 4532 673 4597 sortes,
701 4522 958 4597 collocavisseut,
989 4524 1096 4598 simia,
1124 4544 1217 4606 quam
1240 4544 1295 4587 rex
1319 4525 1529 4587 Molossorum
1561 4527 1593 4588 in
1618 4524 1742 4587 deliciis

409 4617 563 4690 babebat,
586 4627 618 4681 et
639 4626 742 4679 sortes
764 4617 849 4700 ipsas
871 4627 903 4681 et
924 4627 1044 4691 cetera,
1067 4639 1151 4700 quae
1173 4627 1264 4682 erant
1285 4618 1325 4682 ad
1348 4627 1465 4682 sortem
1489 4626 1604 4703 parata,
1628 4619 1780 4682 disier-at

412 4712 499 4777 bavit
531 4721 562 4775 et
587 4711 674 4775 aliud
706 4712 770 4775 alio
802 4712 987 4795 dissupasit.
1045 4716 1126 4778 Tum
1157 4733 1194 4776 ea
1224 4734 1305 4799 quae
1334 4715 1512 4798 praeposita
1540 4722 1606 4776 erat
1635 4713 1741 4776 oraclo

411 4806 559 4871 sacerdos
581 4806 701 4869 dixisse
724 4806 854 4880 dicitur,
884 4807 923 4869 de
945 4807 1047 4871 salute
1070 4808 1329 4872 Lacedaemoniis
1352 4829 1439 4883 esse,
1461 4828 1523 4870 non
1547 4807 1742 4870 devictoris

411 4901 624 4983 cogitandum.

475 5070 500 5117 l.
518 5068 545 5116 is
560 5068 638 5117 sessos
654 5065 752 5118 13²t1v:
771 5070 870 5119 tutulos
886 5069 923 5127 13¹,
942 5070 968 5118 iu
986 5070 1056 5118 ullos
1072 5073 1102 5130 Α,
1121 5071 1148 5119 in
1159 5070 1278 5119 Sisennae
1295 5070 1396 5119 Morsus
1409 5072 1436 5118 et
1448 5071 1467 5119 0
1481 5095 1508 5106 -
1527 5070 1552 5119 i.
1565 5070 1606 5118 iile
1618 5070 1650 5118 C:
1671 5070 1742 5118 Solio

410 5142 557 5193 Narsuael
574 5143 594 5192 0
613 5168 640 5178 -
659 5144 794 5194 colociill
823 5171 846 5181 ··
877 5143 901 5195 3.
920 5146 1063 5207 infirmati
1091 5171 1117 5181 -
1146 5145 1215 5195 dc
1244 5171 1270 5180 -
1297 5142 1320 5194 l.
1340 5145 1534 5206 aspeditirmcll
1562 5171 1588 5179 -
1616 5145 1694 5204 scylla
1711 5145 1740 5204 B,

410 5219 505 5268 sllioll
529 5245 555 5256 -
581 5219 606 5268 s.
623 5221 826 5281 florentissimum
848 5220 884 5278 Η,
908 5221 1047 5282 fortissimo
1068 5221 1219 5283 liuttinger,
1243 5223 1271 5269 ut
1292 5223 1334 5269 est
1356 5219 1426 5283 apud
1449 5218 1579 5270 Valerium
1599 5220 1741 5268 Maximum

410 5294 436 5352 l,
454 5292 513 5352 d,l
533 5319 560 5330 -
579 5295 753 5344 somnitumll
777 5320 804 5332 ·-
833 5296 857 5346 6.
876 5296 902 5343 in
921 5297 946 5345 io
965 5296 983 5345 Β
1002 5307 1109 5345 erasum
1136 5321 1160 5330 -
1185 5296 1210 5344 t.
1229 5297 1396 5344 dimisissctC
1420 5321 1446 5330 -
1472 5295 1497 5344 8.
1516 5296 1647 5343 rubemus
1665 5291 1693 5342 Βι
1712 5319 1739 5329 -

410 5368 435 5417 9.
453 5381 549 5431 mopso
567 5368 587 5418 ll
606 5395 639 5405 —
662 5370 702 5418 ld.
721 5370 909 5433 aliquantulum
933 5369 1003 5420 codd
1032 5369 1097 5419 dett.
1118 5371 1182 5420 eiO
1204 5396 1230 5406 -
1260 5373 1300 5420 tl.
1319 5371 1420 5420 intubus
1441 5369 1517 5428 t¹t'¹‚
1542 5372 1568 5419 iss
1585 5368 1645 5418 tubo
1661 5365 1693 5417 A¹
1710 5394 1741 5404 -

410 5443 451 5493 tt.
469 5457 548 5505 epam
564 5444 649 5506 Vltio
669 5470 695 5480 -
714 5444 773 5508 cim]
787 5459 842 5494 rem
859 5446 881 5495 H
900 5447 925 5496 in
943 5459 995 5496 res.
1017 5473 1044 5483 -
1064 5446 1105 5497 tt.
1124 5447 1257 5497 lectricum
1268 5448 1297 5506 Α,
1317 5448 1380 5498 item
1398 5447 1465 5497 intra
1485 5473 1512 5483 —
1534 5446 1572 5495 lb.
1592 5448 1628 5492 est
1645 5442 1663 5492 B
1681 5455 1739 5505 sup.

410 5515 469 5577 lin..
494 5524 529 5568 cst
543 5519 651 5579 sustuli
676 5545 703 5554 -
729 5521 768 5569 li.
787 5522 967 5571 cutistbcscsh
991 5547 1018 5558 -
1042 5522 1171 5571 urcuibli
1193 5549 1226 5559 —
1250 5522 1289 5571 te,
1308 5522 1377 5584 apud
1394 5522 1533 5570 thebaidam
1550 5521 1584 5578 C,
1608 5519 1652 5581 qui
1670 5517 1742 5567 idem

410 5605 487 5644 error
504 5594 535 5647 ΙΙ.
553 5593 613 5656 §bd
631 5596 744 5644 recurrit
763 5622 789 5632 -
813 5598 855 5645 ts.
874 5596 965 5646 boetius
982 5598 1017 5656 Η,
1035 5597 1131 5647 decutio
1147 5600 1182 5654 Α,
1208 5598 1286 5647 boetio
1303 5597 1367 5652 BV;
1392 5597 1425 5647 cl.
1440 5599 1470 5656 ll,
1483 5596 1538 5657 §bd
1552 5621 1578 5629 -
1597 5591 1638 5642 il.
1654 5604 1743 5655 pugne

410 5668 432 5719 Η
451 5694 478 5704 -
498 5674 521 5719 ct
537 5670 824 5730 sumnum-statuae
841 5672 933 5721 Lamb.
953 5672 1017 5721 et0
1038 5700 1063 5709 -
1089 5674 1130 5722 25.
1149 5678 1234 5721 statua
1252 5669 1372 5731 Ali’lli',
1401 5679 1481 5721 statue
1500 5672 1527 5720 8¹
1548 5696 1574 5705 -
1595 5668 1635 5718 28.
1654 5668 1742 5728 queis

407 5757 565 5809 pegasum
586 5746 606 5794 H
628 5772 652 5784 -
674 5746 715 5794 st.
733 5747 826 5796 ΗΜΛ
847 5774 872 5783 -
891 5748 977 5797 iisdem
994 5747 1041 5797 ΒΟ
1061 5774 1087 5784 -
1108 5748 1272 5798 oraculumo
1292 5775 1318 5783 -
1337 5747 1369 5796 ob
1386 5761 1436 5796 uso
1454 5747 1563 5795 dodonec
1578 5744 1703 5805 pstiutsset
1721 5744 1741 5793 Η

411 5844 438 5856 -
457 5820 496 5871 3³.
517 5833 564 5870 cor
579 5821 641 5869 iliud
658 5820 778 5870 Ernesti:
801 5834 847 5870 uos
864 5834 917 5873 om.
937 5822 982 5873 CO
1001 5847 1029 5860 -
1049 5823 1142 5885 isque
1154 5822 1279 5871 --simiu
1303 5835 1356 5872 om.
1377 5821 1416 5875 Η;
1440 5818 1743 5883 centumcellensis

409 5897 578 5958 eschom
595 5902 686 5955 ιονιοι,
708 5898 737 5944 ss
754 5896 806 5947 soto
822 5896 907 5948 cotim.
930 5898 1000 5951 cont.
1018 5895 1097 5950 Orelli
1122 5925 1148 5934 -
1178 5896 1218 5951 dl.
1237 5897 1388 5949 molesmo
1405 5896 1452 5948 ΒΗ
1477 5921 1503 5932 -
1529 5894 1570 5945 36.
1588 5894 1689 5946 obul
1713 5922 1740 5935 -

408 5974 482 6022 m
498 5970 521 6021 Η
539 5995 566 6008 -
585 5970 691 6024 oraculo
707 5971 737 6020 0.
