4342 7459
448 1224 511 1292 228
781 1226 1107 1291 TUSCULANARUM
1127 1225 1458 1292 utsrurarloituu

447 1388 553 1462 vides,
575 1397 608 1450 at
629 1387 723 1470 qualo
746 1389 786 1451 sit
801 1386 907 1450 vides:
930 1387 956 1449 si
972 1408 1013 1449 66
1029 1385 1061 1450 46
1078 1385 1225 1469 quidem,
1247 1393 1279 1450 at
1294 1392 1448 1470 quantum
1465 1388 1507 1449 644
1520 1385 1665 1471 proiecto
1681 1385 1782 1451 64666.

442 1477 494 1543 64.
516 1481 603 1557 Quid
625 1482 743 1564 igitur?
766 1491 871 1544 utrum
893 1481 1100 1563 capacitatem
1116 1479 1256 1563 aliquam
1271 1480 1424 1543 inanimo
1440 1489 1588 1562 putamus
1604 1499 1690 1554 esse,
1712 1499 1779 1563 quo

441 1572 603 1658 tamquam
626 1576 658 1637 in
680 1574 810 1658 aliquod
833 1596 887 1639 vas
909 1595 963 1649 ea,
987 1594 1069 1658 quae
1093 1574 1310 1649 meminimus,
1339 1570 1569 1637 infundantur?
1599 1572 1783 1637 Absurdam

441 1667 472 1731 id
489 1668 636 1751 quidem:
652 1670 707 1753 qui
724 1669 810 1732 enim
824 1668 942 1732 iundus
956 1677 1013 1732 aut
1028 1689 1111 1752 quae
1127 1668 1199 1732 talis
1214 1667 1311 1731 animi
1326 1666 1428 1749 figura
1443 1667 1586 1751 intellegi
1601 1673 1709 1751 potest
1724 1672 1782 1739 apt

417 1779 524 1844 oquae
548 1771 634 1826 tanta
656 1763 786 1826 omnino
807 1763 990 1845 capacitas?
1012 1766 1062 1824 An
1083 1761 1212 1844 inprimi
1235 1761 1328 1844 quasi
1350 1780 1454 1823 ceram
1468 1761 1610 1825 animum
1629 1769 1781 1845 putamus

441 1864 474 1919 et
493 1876 563 1920 esse
580 1849 764 1920 memoriam
779 1856 973 1938 signatarum
991 1876 1098 1918 rerum
1113 1856 1145 1917 in
1164 1864 1269 1919 mento
1285 1855 1440 1936 vestigia?
1463 1875 1546 1938 quae
1561 1860 1699 1938 possunt
1712 1871 1784 1916 ver·

441 1951 566 2024 borum,
588 1970 670 2032 quae
685 1969 791 2012 rerum
806 1951 947 2031 ipsarum
964 1969 1034 2012 esse
1049 1950 1194 2032 vestigia,
1212 1969 1294 2033 quae
1307 1968 1406 2033 porro
1422 1958 1486 2012 tam
1500 1938 1646 2013 inmensa
1664 1947 1784 2029 magui·

441 2043 518 2107 tudo
533 2063 616 2127 quae
631 2044 687 2106 illa
705 2051 769 2107 4646
786 2044 884 2107 multa
899 2044 1000 2128 possit
1014 2041 1188 2126 effingeret
1212 2042 1320 2119 Quid?
1343 2043 1461 2106 iliaris
1477 2064 1559 2126 quae
1576 2041 1706 2105 tandem
1722 2048 1782 2113 664,

440 2157 522 2221 6666
544 2138 714 2221 investigat
734 2136 869 2210 occulta,
892 2158 975 2220 quae
997 2137 1140 2201 inventio
1162 2148 1261 2222 atque
1284 2138 1475 2220 excogitatio
1497 2138 1637 2200 diciturt
1663 2130 1716 2197 62.
1733 2133 1783 2196 ax

403 2231 542 2295 iohanne
563 2232 620 2294 tibi
642 2239 770 2295 terrena
793 2230 981 2315 mortalique
1004 2241 1119 2295 natura
1140 2241 1172 2294 64
1193 2230 1312 2294 caduca
1335 2240 1482 2295 concreta
1504 2250 1542 2293 ea
1564 2228 1706 2302 videtur,
1727 2231 1784 2290 aut

441 2327 496 2409 qui
527 2326 662 2408 primus,
694 2324 782 2407 quod
811 2344 952 2388 summae
979 2326 1155 2407 sapientiae
1185 2325 1381 2408 Pythagorae
1404 2326 1508 2387 visum
1531 2331 1598 2390 est.
1633 2319 1782 2384 omnibus

439 2420 534 2483 rebus
564 2421 718 2503 imposuit
745 2419 887 2493 nomina,
919 2427 973 2481 aut
1001 2420 1056 2501 qui
1079 2420 1250 2501 dissipatos
1277 2418 1425 2483 homines
1452 2414 1657 2500 congregavit
1687 2412 1782 2478 etad

439 2512 624 2577 societatem
647 2513 731 2576 vitae
753 2512 957 2586 convocavit,
981 2520 1036 2576 aut
1058 2512 1114 2594 qui
1138 2532 1234 2575 sonos
1253 2513 1357 2587 vocis,
1381 2513 1438 2595 qui
1451 2509 1566 2576 infiniti
1581 2508 1781 2582 videbantur,

368 2613 370 2617 ’
439 2609 550 2693 paucis
579 2607 754 2669 litterarum
781 2607 865 2669 notis
894 2606 1090 2678 terminavit,
1120 2615 1175 2669 aut
1197 2607 1254 2689 qui
1277 2606 1449 2669 errantium
1471 2606 1636 2669 stellarum
1659 2623 1782 2678 cursus,

402 2714 430 2759 46
441 2702 713 2785 praegressiones,
735 2700 915 2763 institiones
938 2698 1085 2761 notavit?
1107 2719 1217 2762 omnes
1240 2701 1364 2781 magni,
1387 2701 1481 2763 etiam
1503 2698 1701 2782 superiores,
1725 2694 1782 2781 qui

439 2796 563 2878 fruges,
594 2795 649 2879 qui
672 2794 837 2867 vestitum,
860 2794 916 2877 qui
939 2801 1038 2865 tecta,
1063 2793 1127 2875 qui
1142 2792 1263 2856 cultum
1285 2793 1383 2868 vitae,
1407 2794 1462 2876 qui
1484 2791 1647 2876 praesidia
1669 2799 1781 2855 666466

438 2890 522 2953 feras
544 2891 751 2963 invenerunt,
779 2909 797 2950 a
820 2888 938 2971 quibus
960 2885 1168 2949 mansuefacti
1190 2895 1223 2949 et
1243 2885 1363 2949 exculti
1385 2906 1404 2951 a
1426 2887 1615 2950 necessariis
1637 2885 1781 2952 artificiis

438 2985 479 3048 ad
509 2984 704 3065 elegantiora
732 2983 934 3045 defluximus.
971 2982 1049 3043 Nam
1080 2989 1113 3043 et
1141 2980 1270 3044 auribus
1292 2980 1464 3043 oblectatio
1486 3000 1600 3063 magna
1622 2988 1713 3063 parta
1734 2986 1782 3044 664

439 3081 567 3140 inventa
595 3085 627 3140 et
653 3084 828 3160 temperata
858 3076 1008 3138 varietate
1038 3086 1069 3138 et
1097 3084 1209 3138 natura
1232 3094 1393 3149 sonorum,
1416 3083 1448 3137 et
1470 3084 1554 3137 astra
1576 3075 1780 3158 suspeximus

400 3184 511 3235 socum
542 3191 594 3246 cn,
621 3191 704 3254 quae
733 3180 807 3233 sunt
834 3170 931 3232 infixa
962 3169 1057 3232 certis
1079 3169 1176 3243 locis,
1206 3177 1271 3230 tum
1294 3167 1350 3230 illa
1371 3189 1435 3232 non
1458 3189 1508 3243 re,
1543 3169 1601 3232 sed
1624 3168 1780 3233 vocabulo

439 3268 593 3338 errantia,
624 3286 761 3348 quorum
784 3265 1007 3329 conversiones
1031 3264 1199 3346 omnisque
1229 3269 1335 3325 motus
1359 3264 1415 3345 qui
1447 3258 1596 3347 [animus]
1623 3263 1719 3337 vidit,
1752 3262 1780 3327 is

440 3360 549 3423 docuit
570 3358 706 3422 similem
728 3359 869 3421 animum
891 3377 983 3419 suum
1006 3358 1075 3421 eius
1099 3380 1187 3431 esse,
1210 3358 1265 3441 qui
1290 3377 1327 3420 ea
1343 3355 1514 3420 fabricatus
1529 3363 1615 3420 esset
1629 3358 1664 3418 in
1679 3355 1780 3419 caelo.

438 3452 489 3518 63.
523 3457 600 3517 Nam
635 3474 708 3516 cum
736 3451 943 3515 Archimedes
973 3452 1086 3525 lunae,
1120 3452 1215 3525 solis,
1248 3449 1390 3533 quinque
1420 3451 1591 3514 errantium
1618 3459 1726 3514 motus
1746 3450 1780 3513 in

438 3549 603 3630 sphaeram
627 3547 786 3628 inligavit,
809 3546 912 3610 effecit
934 3544 1019 3607 idem
1036 3544 1122 3627 quod
1145 3545 1214 3618 ille,
1237 3544 1291 3627 qui
1315 3545 1348 3607 in
1365 3545 1496 3607 Timaeo
1519 3545 1673 3608 mundum
1693 3543 1781 3609 aedi·

400 3642 544 3705 666664
565 3640 707 3703 Platonis
730 3638 823 3711 deus,
854 3647 888 3700 ut
917 3638 1064 3700 tarditate
1087 3649 1119 3700 et
1141 3638 1303 3701 celeritate
1326 3638 1558 3701 dissimillimos
1585 3648 1688 3702 motus
1716 3658 1780 3703 una

437 3743 562 3816 regeret
583 3733 761 3795 conversio.
799 3730 892 3806 Quod
915 3731 941 3793 si
964 3732 996 3793 in
1018 3731 1079 3793 hoc
1104 3731 1221 3795 mundo
1243 3729 1311 3795 lieri
1335 3736 1403 3796 sine
1426 3730 1487 3795 deo
1507 3752 1573 3795 non
1594 3741 1716 3817 potest,
1738 3754 1779 3797 66

437 3829 471 3890 46
497 3826 632 3911 sphaera
660 3826 790 3909 quidem
818 3824 947 3887 eosdem
979 3834 1082 3888 motus
1112 3826 1318 3890 Archimedes
1345 3828 1413 3890 sine
1436 3826 1544 3890 divino
1567 3827 1697 3910 ingenio
1719 3848 1779 3911 po·

438 3923 551 3986 tuisset
573 3921 697 3983 imitari.

522 4016 639 4078 XXVI.
666 4010 717 4076 ot.
747 4014 825 4078 Mihi
848 4033 923 4078 vero
945 4034 986 4077 ne
1008 4012 1088 4075 haec
1110 4013 1242 4097 quidem
1264 4015 1388 4078 notiora
1410 4024 1441 4080 64
1463 4015 1647 4080 inlustriora
1669 4028 1779 4079 carere

401 4114 469 4175 ³0vi
497 4111 604 4174 divina
633 4108 796 4183 videntur,
827 4118 862 4172 ut
891 4128 950 4191 ego
977 4117 1032 4170 aut
1062 4115 1188 4191 potitam
1219 4130 1313 4192 grave
1342 4111 1537 4195 plenumque
1560 4131 1688 4174 carmen
1709 4110 1780 4173 sine

440 4207 569 4269 caelesti
590 4205 701 4288 aliquo
724 4204 839 4267 mentis
860 4203 1010 4265 instinctu
1035 4211 1142 4283 putem
1167 4202 1299 4266 fundere
1321 4213 1376 4266 aut
1398 4205 1613 4288 eloquentiam
1630 4205 1698 4268 sins
1714 4223 1781 4268 ma·

439 4302 507 4363 iore
536 4298 673 4382 quadam
703 4300 733 4362 vi
764 4300 863 4361 fluere
893 4295 1107 4359 abundantem
1130 4299 1317 4361 sonantibus
1341 4300 1444 4362 verbis
1467 4299 1685 4382 uberibusque
1708 4318 1780 4362 sen·

440 4395 558 4457 tentiis.
594 4391 801 4475 Philosophia
822 4411 913 4466 vero,
935 4391 1075 4453 omnium
1099 4400 1198 4454 mater
1220 4394 1349 4467 artium,
1372 4393 1450 4477 quid
1473 4402 1522 4457 est
1542 4391 1629 4457 aliud
1644 4392 1722 4467 nisi,
1745 4398 1781 4455 ut

440 4488 544 4561 Plato,
567 4486 701 4560 donum,
723 4496 758 4548 ut
780 4505 857 4567 ego,
879 4486 1044 4547 inventum
1066 4484 1220 4548 deorum?
1242 4486 1329 4548 Haec
1351 4506 1409 4550 nos
1432 4489 1570 4570 primum
1585 4485 1625 4549 ad
1647 4485 1779 4549 illorum

403 4582 576 4656 34661466,
598 4580 715 4642 664666
738 4580 777 4643 ad
800 4579 849 4641 ius
870 4578 1049 4651 hominum,
1073 4579 1159 4661 quod
1182 4581 1277 4643 situm
1300 4589 1349 4643 est
1369 4584 1402 4644 46
1426 4581 1551 4664 generis
1572 4580 1703 4643 humani
1725 4599 1778 4643 so-

440 4677 570 4748 cietate,
600 4682 666 4736 tum
689 4673 729 4736 ad
751 4671 939 4734 modestiam
963 4672 1272 4759 magnitudinemque
1299 4676 1395 4738 animi
1418 4674 1571 4749 erudivit,
1600 4671 1778 4757 eademque

441 4771 480 4833 ab
502 4771 609 4834 animo
632 4775 791 4849 tamquam
815 4766 854 4828 ab
878 4765 980 4828 oculis
1002 4766 1170 4849 caliginem
1192 4768 1340 4852 dispulit,
1364 4777 1398 4832 ut
1413 4769 1519 4832 omnia
1537 4766 1779 4851 superainfera,

948 4927 1042 4934 -.ο-..-
1198 4922 1777 4937 m-—v——W

506 5019 531 5071 4.
549 5018 654 5081 4644444464
671 5017 697 5066 h.
713 5014 729 5066 4.
744 5017 794 5065 GR
811 5042 844 5051 —
861 5015 884 5065 6.
903 5016 1052 5064 memoriam
1067 5028 1118 5065 csse
1130 5016 1150 5065 0
1163 5041 1191 5051 -
1210 5017 1251 5065 444.
1270 5016 1358 5065 burim
1375 5014 1536 5065 4466464666.
1556 5014 1643 5078 (hucne
1659 5013 1780 5066 66466644

440 5096 555 5148 Klotzius
572 5090 632 5143 6644.
651 5092 769 5154 Propert.
790 5089 832 5150 lv,
851 5088 875 5147 3.
892 5090 943 5151 44.)
964 5116 990 5126 -
1011 5092 1051 5141 ts.
1070 5092 1209 5141 institiones
1226 5093 1370 5141 Manutius:
1389 5091 1556 5140 institutiones
1573 5090 1592 5140 C
1610 5117 1643 5126 -
1660 5090 1705 5140 io.
1721 5102 1780 5140 6664

442 5172 575 5223 Davisius:
593 5172 647 5217 ton
664 5165 714 5215 CO
729 5190 754 5199 -
774 5166 815 5214 44.
835 5168 878 5227 qui
897 5164 1021 5214 Woiflus:
1041 5166 1084 5227 qui
1101 5167 1200 5215 6646466
1212 5166 1247 5222 C;
1267 5166 1310 5228 qui
1324 5166 1422 5227 primus
1438 5164 1562 5215 Bouhier.
1586 5164 1656 5227 «Ego
1673 5162 1777 5225 dubito,

442 5250 531 5296 utrum
554 5243 655 5291 unimus
675 5238 826 5289 aberrando
850 5253 883 5288 er
905 5252 964 5301 seq.
989 5240 1103 5289 animum
1126 5244 1217 5290 natum
1240 5242 1325 5290 sitan
1342 5239 1592 5289 accommodatione
1609 5238 1728 5302 quadem
1745 5251 1778 5289 ex

440 5324 527 5371 unirno
545 5316 590 5378 464.
608 5314 690 5365 4666.
710 5315 729 5373 4,
749 5314 808 5374 445)
832 5316 988 5376 corruptum
1011 5328 1045 5363 an
1064 5329 1095 5364 ex
1111 5317 1210 5377 prtinus
1227 5314 1268 5374 (64.
1289 5329 1312 5363 v.
1333 5316 1372 5377 44)
1391 5319 1480 5365 ortum
1497 5326 1598 5372 errore,
1617 5313 1778 5376 praesertim

440 5394 520 5459 paulo
537 5395 598 5442 ante
616 5390 743 5449 animum,
763 5402 815 5439 non
834 5386 990 5438 incredibili.
1010 5389 1098 5441 Oreiiii
1110 5402 1191 5439 causa
1207 5389 1259 5439 hoc
1271 5388 1350 5446 addo.
1362 5390 1487 5438 rationem
1499 5391 1632 5437 astrorum
1645 5389 1776 5447 motuum,

440 5483 522 5535 quam
544 5464 635 5516 videro
657 5462 738 5512 divini
761 5463 842 5512 animi
866 5476 926 5513 esse
944 5463 1039 5514 Cicero
1057 5462 1125 5525 vult,
1148 5477 1236 5527 neque
1254 5465 1332 5513 ocutis
1348 5464 1422 5514 cerui
1440 5476 1528 5527 66666
1545 5461 1580 5511 ab
1598 5462 1779 5524 antiquissimi»

439 5542 592 5596 hominibus
610 5551 672 5590 esse
689 5536 860 5589 intellectam.
879 5538 979 5599 ittotai,
993 5541 1037 5602 qui
1050 5540 1194 5603 archetypi
1208 5537 1349 5588 lectionem
1362 5537 1527 5587 confidenter
1537 5533 1666 5596 detendit,
1680 5535 1777 5586 usnimi

439 5622 574 5671 animum»
593 5615 699 5672 omitto;
719 5614 768 5663 nisi
786 5612 849 5662 iliud
868 5626 974 5673 moneo,
994 5614 1065 5676 quod
1081 5614 1115 5664 66
1133 5613 1207 5664 04446.
1221 5614 1240 5673 4,
1253 5614 1285 5664 80
1298 5627 1329 5662 ex
1342 5611 1467 5663 omnibus
1479 5611 1558 5663 codd.
1572 5612 1680 5675 praeter
1692 5622 1776 5661 unum

439 5694 601 5744 deteriorem
618 5687 762 5752 legendum
775 5691 824 5739 est:
843 5688 924 5737 Fortis
934 5714 969 5724 --
982 5689 1080 5738 animi
1097 5694 1120 5739 st
1137 5690 1274 5738 6666466446
1285 5686 1534 5749 estnonperturbnri
1545 5699 1636 5736 --nse
1652 5686 1716 5735 66464
1726 5708 1774 5747 --,

438 5770 480 5819 sed
494 5768 620 5830 prementi
637 5765 740 5815 uninio
757 5764 808 5824 uti,
828 5762 854 5812 46
871 5762 906 5813 66
923 5767 1043 5814 nostrum
1060 5762 1150 5813 locum
1163 5761 1225 5812 nibil
1237 5765 1385 5827 pertinere;
1405 5763 1465 5825 quis
1477 5764 1519 5812 est
1530 5761 1602 5811 onim
1613 5761 1659 5823 qui
1671 5760 1775 5823 ignoret

438 5842 590 5894 subiectum
607 5839 683 5891 verbi
699 5839 737 5889 644
754 5851 807 5889 666
824 5839 947 5899 oninium,
966 5839 1014 5890 666
1032 5838 1200 5890 indefinitum
1217 5835 1280 5887 iilud
1291 5838 1401 5899 ntiquom
1411 5849 1472 5886 esso
1483 5833 1710 5897 intelligendum·
1729 5830 1772 5883 W.

442 5941 468 5953 -
488 5918 529 5970 27.
543 5916 627 5982 potvit
643 5915 714 5967 Bake
731 5912 749 5966 l.
767 5912 785 5966 l.
802 5926 831 5979 p.
850 5914 890 5965 49.
910 5912 975 5965 Vide
993 5914 1028 5964 ad
1045 5913 1060 5978 5
1078 5912 1120 5965 34.
1140 5937 1168 5948 -
1187 5910 1228 5963 33.
1246 5916 1275 5963 ut
1290 5911 1361 5963 Pinio
1378 5910 1413 5963 C:
1431 5914 1462 5962 ut
1476 5909 1547 5962 Pluto
1564 5906 1621 5975 [644]
1637 5908 1667 5960 0.
1706 5945 1718 5968 .
