4342 7459
445 1228 507 1299 ati
775 1238 1094 1304 TUSCULANARUM
1116 1239 1446 1305 DlSPllTilTlONllbl

444 1398 576 1481 primam
594 1397 749 1480 speciem,
772 1406 807 1462 ut
822 1399 1051 1474 misericordia,
1074 1398 1249 1483 aegritudo,
1266 1406 1378 1463 metus.
1408 1398 1649 1482 Aegrotationes
1662 1405 1771 1463 autem

444 1492 608 1575 morbique
638 1494 813 1556 animorum
843 1490 1003 1557 difficilius
1033 1492 1126 1557 evelli
1154 1514 1248 1576 posse
1276 1501 1426 1577 putantur
1448 1513 1543 1577 quam
1572 1513 1694 1557 summa
1715 1492 1770 1556 illa

444 1585 532 1657 vitia,
555 1605 638 1669 quae
658 1588 826 1650 virtutibus
848 1595 923 1651 sunt
945 1588 1113 1650 contraria.
1147 1588 1264 1651 Morbis
1288 1588 1371 1650 enim
1394 1587 1590 1652 manentibus
1605 1587 1682 1649 vitia
1697 1587 1772 1649 sub·

444 1677 506 1740 lata
537 1699 607 1742 esse
634 1688 785 1764 possunt,
815 1681 869 1764 qui
901 1701 965 1744 nou
989 1690 1050 1744 tam
1074 1681 1393 1744 celeriterasanantur
1414 1701 1508 1765 quam
1531 1680 1585 1743 illa
1607 1680 1771 1744 tolluntur.

419 1768 494 1833 533.
516 1773 621 1836 Habes
643 1794 693 1848 ea,
716 1794 799 1858 quae
821 1776 860 1836 de
883 1775 1172 1856 perturbationibus
1193 1776 1356 1839 enucleate
1372 1774 1535 1857 disputant
1551 1774 1668 1848 Stoici,
1689 1794 1772 1857 quae

444 1866 559 1948 λογικά
573 1868 745 1951 appellant,
764 1869 840 1950 quia
855 1867 1053 1932 disseruntur
1068 1869 1233 1932 subtilius:
1257 1890 1296 1931 ex
1312 1869 1429 1952 quibus
1446 1869 1594 1951 quoniam
1610 1876 1772 1951 tamquam

443 1980 484 2024 ex
514 1961 707 2043 scrupulosis
738 1963 860 2025 cotibus
889 1962 1206 2043 enavigavit'oratio,
1236 1964 1379 2045 reliquae
1402 1962 1624 2044 disputationis
1645 1982 1771 2026 cursum

442 2059 621 2129 teneamus,
654 2054 748 2119 modo
780 2057 855 2119 satis
888 2056 943 2118 illa
972 2056 1111 2119 dilucide
1140 2056 1312 2120 dixerimus
1344 2078 1401 2140 pro
1436 2076 1540 2118 rerum
1569 2054 1771 2119 obscuritate.

441 2149 478 2211 A.
500 2149 631 2211 Prorsus
653 2150 746 2225 satis,
769 2149 823 2213 sed
847 2151 873 2214 si
897 2170 978 2233 quae
1001 2150 1184 2233 diligentius
1206 2159 1298 2213 erunt
1320 2149 1558 2232 cognoscenda,
1582 2169 1772 2231 quaeremus

404 2242 535 2306 toaliast
558 2263 641 2306 nunc
663 2244 749 2317 vela,
771 2263 852 2327 quae
876 2242 970 2306 modo
993 2243 1136 2317 dicebas,
1160 2252 1363 2327 expectamus
1385 2250 1418 2306 et
1439 2262 1576 2306 cursum.

525 2337 594 2399 XV.
615 2332 667 2399 3l.
693 2338 736 2401 M.
759 2336 908 2411 Quando,
938 2344 972 2400 nt
1000 2337 1073 2400 aliis
1106 2337 1185 2400 locis
1208 2339 1247 2399 de
1269 2337 1384 2399 virtute
1407 2345 1439 2399 et
1461 2336 1599 2398 diximus
1621 2343 1653 2397 et
1674 2354 1771 2418 saepe

441 2416 610 2493 dicendum
632 2431 692 2494 erit
713 2431 945 2514 -pleraeque
967 2432 1050 2494 enim
1074 2432 1292 2515 quaestiones,
1315 2450 1398 2512 quae
1420 2431 1459 2493 ad
1482 2430 1576 2492 vitam
1599 2448 1771 2512 moresque

441 2524 613 2607 pertinent,
636 2544 654 2589 a
677 2525 799 2590 virtutis
822 2523 907 2587 fonte
930 2523 1088 2588 ducuntur
1105 2559 1163 2598 -,
1186 2524 1314 2606 quaudo
1338 2523 1432 2606 igitur
1448 2522 1546 2586 virtus
1569 2530 1618 2586 est
1632 2521 1770 2586 adlectio

441 2618 537 2681 animi
560 2632 706 2682 constans
728 2619 999 2701 conveniensque,
1022 2618 1198 2681 laudabiles
1221 2615 1360 2680 efficiens
1383 2637 1455 2690 eos,
1477 2618 1509 2679 iu
1526 2616 1641 2698 quibua
1657 2624 1715 2691 est,
1738 2627 1770 2681 et

404 2712 509 2793 reipsa
532 2733 589 2797 per
609 2734 660 2787 se,
683 2733 740 2776 sua
762 2722 890 2794 sponte,
921 2720 1066 2795 separata
1089 2712 1183 2775 etiam
1206 2711 1342 2774 utilitate
1365 2710 1546 2783 laudabilis,
1574 2730 1614 2772 ex
1637 2730 1676 2773 ea
1696 2729 1771 2793 pro·

440 2802 623 2869 ficiscuntur
642 2808 795 2871 honestae
810 2806 1003 2878 voluntates,
1026 2805 1217 2879 sententiae,
1240 2806 1381 2868 actiones
1397 2805 1564 2887 omnisque
1579 2813 1664 2867 recta
1679 2804 1770 2877 ratio,

442 2920 633 2984 quamquam
660 2902 729 2984 ipsa
756 2900 856 2962 virtus
886 2899 1080 2961 brevissume
1105 2905 1189 2962 recta
1210 2898 1291 2961 ratio
1314 2897 1376 2961 dici
1398 2905 1513 2979 potest.
1548 2899 1652 2960 lluius
1673 2898 1772 2979 igitur

440 2994 564 3057 virtutis
586 2996 743 3057 contraria
765 3002 813 3056 est
836 2993 1045 3055 vitiositas-
1061 2994 1108 3055 sic
1131 2994 1214 3055 enim
1231 2992 1313 3054 malo
1330 3011 1425 3075 quam
1441 2990 1590 3053 malitiam
1607 2991 1770 3072 appellare

440 3108 523 3161 eam,
553 3108 648 3171 quam
677 3088 788 3151 Graeci
816 3098 936 3150 κακίαν
961 3086 1143 3168 appellaut3
1173 3105 1245 3148 nam
1272 3085 1390 3147 malitia
1414 3085 1489 3147 certi
1512 3084 1677 3147 cuiusdam
1699 3086 1770 3150 vitii

401 3191 555 3246 ttnomen
584 3189 646 3256 est,
679 3182 835 3244 vitiositas
863 3180 1004 3243 omnium
1027 3202 1089 3254 -3
1126 3200 1166 3242 en
1195 3197 1255 3262 qua
1284 3178 1483 3241 concitantur
1505 3175 1770 3260 perturbationes,

439 3298 521 3359 quae
543 3285 629 3350 sunt,
650 3284 685 3340 ut
707 3274 801 3357 paulo
822 3282 896 3337 ante
919 3275 1070 3347 diximus,
1094 3271 1212 3337 turbidi
1235 3273 1410 3334 animorum
1427 3274 1639 3354 concitatique
1655 3282 1770 3349 motus,

438 3372 539 3434 aversi
571 3391 588 3432 a
616 3370 736 3434 ratione
764 3377 796 3431 et
821 3367 1029 3431 inimicissimi
1054 3368 1168 3430 mentis
1190 3366 1337 3449 vitaeque
1360 3366 1558 3448 tranquillae.
1603 3368 1772 3449 lnportant

439 3465 523 3527 enim
545 3463 758 3547 aegritudines
780 3462 891 3524 anxias
913 3470 1007 3543 atque
1030 3461 1159 3523 acerbas
1181 3461 1367 3544 animosque
1389 3459 1543 3541 adfligunt
1557 3467 1589 3523 et
1604 3460 1771 3523 debilitant

438 3567 543 3633 metu3
575 3558 660 3620 idem
688 3556 883 3618 inflammant
910 3555 1106 3635 adpetitione
1128 3555 1247 3633 nimia,¹
1269 3573 1364 3635 quam
1387 3562 1454 3616 tum
1477 3553 1680 3635 cupiditatem
1703 3563 1770 3618 tum

401 3650 599 3713 aalibidinem
623 3650 773 3723 dicimus,
803 3650 1007 3730 inpotentium
1030 3649 1188 3731 quandam
1211 3649 1306 3710 animi
1329 3668 1347 3710 a
1374 3648 1582 3731 temperantia
1604 3657 1636 3711 et
1658 3648 1769 3712 mode-

439 3745 560 3807 ratione
581 3744 748 3827 plurimum
772 3743 987 3805 dissidentem.
1021 3738 1072 3803 35.
1096 3740 1187 3817 Qu'ae
1209 3744 1380 3825 siquando
1403 3742 1516 3823 adepta
1531 3744 1592 3805 erit
1606 3743 1657 3815 id,
1680 3741 1769 3826 quud

439 3839 468 3902 ei
495 3836 590 3900 luerit
616 3838 833 3919 concupitum,
867 3845 932 3899 tum
964 3835 1120 3900 ecferetur
1148 3837 1324 3911 alacritate,
1359 3844 1401 3899 ut
1428 3836 1530 3900 nihil
1560 3838 1590 3900 ei
1612 3843 1771 3900 constet

502 4054 526 4102 Ι.
545 4053 582 4102 itti
599 4053 629 4100 G¹
647 4077 673 4087 -
698 4052 722 4102 Ι.
740 4057 840 4112 possunt
858 4049 1013 4101 Lambinus:
1037 4065 1088 4099 ooo
1107 4057 1208 4112 possunt
1226 4052 1245 4101 C
1264 4077 1291 4085 -
1312 4052 1355 4113 qui
1374 4052 1507 4101 Davisius:
1533 4051 1647 4112 quiec:
1667 4052 1729 4112 quio
1744 4052 1771 4101 bi

439 4127 587 4178 Lambinus.
608 4152 635 4163 -
655 4128 679 4176 5.
698 4127 957 4186 babes·-dispataut
973 4126 1072 4176 Nonius
1092 4141 1117 4190 p.
1131 4128 1171 4175 oo.
1187 4152 1212 4161 -
1233 4126 1257 4176 6.
1278 4122 1379 4192 λογικά
1396 4140 1460 4177 nos:
1479 4128 1563 4189 topice
1580 4127 1630 4176 CO
1651 4153 1678 4162 -
1698 4127 1721 4176 7.
1737 4140 1771 4177 sa

437 4206 472 4254 C:
491 4205 540 4252 σθ
561 4229 586 4238 -
604 4204 736 4265 scruplosis
755 4204 771 4251 R
793 4206 819 4250 et
839 4204 1025 4264 (superscripta
1045 4202 1091 4251 littv
1112 4216 1128 4251 u
1146 4203 1240 4252 eadem
1260 4212 1306 4259 nri
1325 4207 1358 4256 (ἐς
1383 4205 1506 4263 scruposr's
1525 4203 1681 4260 Lambinus,
1701 4203 1720 4252 0
1741 4229 1768 4238 -

437 4279 460 4328 9.
481 4291 544 4340 quaa
560 4280 738 4342 superscripta
756 4277 801 4327 litt.
823 4278 889 4333 oB;
915 4290 966 4337 quo
983 4278 1002 4324 0
1022 4303 1047 4311 -
1072 4279 1112 4325 ΙΙ.
1132 4284 1158 4325 ut
1176 4278 1232 4325 aliis
1250 4278 1311 4326 locis
1332 4279 1361 4325 de
1383 4279 1476 4327 virtute
1497 4283 1520 4327 et
1543 4278 1653 4327 dicimus
1677 4280 1771 4328 blanu-

438 4354 503 4403 tius:
526 4359 549 4402 et
571 4354 629 4402 aliis
649 4353 708 4401 locis
730 4353 758 4400 de
780 4353 873 4401 uirtute
894 4359 917 4400 et
940 4352 1052 4400 dicimus
1069 4354 1104 4409 C;
1127 4357 1151 4401 et
1168 4352 1225 4400 altis
1245 4352 1305 4400 iocis
1324 4353 1352 4400 de
1376 4353 1640 4410 viridissimorum,
1667 4365 1770 4416 «quam

436 4430 594 4492 scripturam
617 4427 707 4477 falsam
730 4440 790 4477 esse
814 4426 854 4476 illa
879 4425 1006 4485 clamant,
1026 4440 1095 4490 quac
1121 4427 1289 4489 parenthesin
1308 4430 1469 4489 sequuntur:
1499 4440 1587 4489 neque
1606 4427 1675 4475 enim
1694 4428 1770 4489 prius

437 4501 512 4562 illud,
536 4505 566 4551 dc
585 4505 678 4552 virtute
701 4504 842 4553 Ciceronem
864 4508 888 4551 et
911 4503 969 4551 otiis
988 4504 1048 4550 iocis
1065 4503 1156 4550 dirissc
1176 4506 1200 4550 et
1216 4515 1288 4562 saepe
1305 4503 1430 4550 dicturum
1446 4515 1504 4560 esse,
1524 4503 1661 4565 repetitur,
1681 4503 1770 4558 neque

437 4591 545 4628 causam
570 4577 650 4627 ullam
673 4578 767 4637 babet,
792 4590 840 4626 cur
862 4590 895 4625 ec
916 4578 1009 4627 obtato
1027 4578 1220 4639 proficiscantur
1235 4576 1351 4625 honestae
1367 4577 1512 4626 voluntates.
1532 4576 1570 4626 Cl.
1589 4576 1604 4637 ,ξ
1621 4576 1650 4624 5:
1676 4577 1725 4625 Sed
1741 4576 1771 4627 de

436 4654 523 4702 ceteris
538 4655 627 4702 stadiis
642 4654 708 4702 atio
725 4655 793 4702 loco
810 4658 839 4700 cl
855 4654 1005 4711 dicemus,
1023 4654 1044 4700 si
1061 4665 1120 4701 esais
1136 4653 1225 4712 suerit,
1244 4656 1269 4699 st
1286 4663 1383 4711 saepe
1399 4652 1550 4699 diximus.
1577 4652 1633 4702 Cat.
1651 4652 1687 4702 ΙΙ.
1705 4653 1720 4714 5
1738 4651 1769 4704 3:

437 4729 484 4777 Sed
501 4729 529 4776 de
546 4729 632 4776 ceteris
652 4734 679 4776 et
700 4729 839 4776 dicimus
857 4727 956 4775 matio
975 4734 1002 4776 ct
1019 4740 1111 4787 saepe
1128 4726 1291 4774 directus.»
1310 4727 1351 4774 W.
1374 4752 1399 4761 -
1418 4726 1460 4776 ii.
1480 4724 1655 4776 brevissumme
1671 4729 1771 4791 (priore

436 4816 461 4850 m
478 4806 616 4865 expuncta]
636 4804 670 4860 ὓς
689 4801 771 4850 breuis
787 4813 881 4864 somnia
900 4803 916 4849 B
939 4829 961 4836 -
985 4801 1024 4850 te.
1044 4801 1145 4848 uirtutis
1163 4801 1226 4848 GB:
1252 4800 1334 4848 uirtus
1353 4801 1369 4847 ii
1390 4826 1416 4834 —
1438 4800 1479 4848 ⁶20.
1498 4802 1656 4849 condiantur
1674 4804 1771 4854 Came·

437 4878 536 4925 rarius:
555 4880 699 4936 coquuntur
716 4878 735 4928 C
753 4904 786 4913 -
803 4876 842 4926 ΞΙ.
863 4889 942 4939 quum
959 4875 1019 4937 tum]
1039 4882 1161 4935 quartum
1179 4876 1198 4923 G
1220 4900 1246 4909 -
1266 4876 1306 4924 25.
1326 4875 1405 4923 enimi
1422 4875 1446 4937 o]
1466 4876 1553 4923 crima
1571 4874 1672 4931 GltB¹;
1691 4880 1772 4927 auaoi

436 4949 466 5001 13²
484 4977 510 4986 -
529 4952 570 5000 26.
590 4954 681 5013 adepta
698 4954 744 5002 erit
763 4952 920 5002 Lambinus:
939 4953 1143 5012 eademptaretur
1161 4951 1180 4998 C
1195 4974 1222 4984 -
1242 4948 1283 4997 ti.
1302 4950 1423 5009 ecferatur
1440 4950 1486 4997 W:
1505 4950 1553 5009 [ert
1565 4952 1598 5002 C:
1615 4951 1770 5011 sertarood.

437 5026 617 5089 Gryphianum
641 5029 748 5088 offertum
768 5032 794 5076 et
811 5042 842 5075 co
856 5028 938 5089 sertim
954 5026 1010 5080 alii;
1036 5027 1139 5087 effertur
1156 5026 1188 5072 0.
1220 5026 1268 5073 «lu
1286 5038 1316 5072 co
1331 5025 1422 5084 serior,
1445 5026 1551 5085 offertur
1569 5022 1650 5073 latere
1668 5029 1773 5088 efferetur

437 5100 564 5163 (ecfertur)
582 5101 646 5150 vidit
664 5101 795 5151 lientleius
814 5103 904 5164 [immo
923 5103 1057 5158 Davisius,
1081 5102 1156 5151 cuius
1179 5098 1395 5150 emendationem
1414 5101 1576 5162 ingeniosam
1596 5104 1673 5149 vocat
1690 5102 1772 5153 Bent-

437 5174 498 5237 leyl.
526 5176 563 5224 De
581 5189 612 5223 ea
632 5175 860 5237 perturbationum
879 5180 963 5240 parte,
983 5189 1051 5237 (quae
1069 5180 1109 5223 est
1122 5176 1217 5223 laetitio
1229 5176 1342 5237 perticas,
1362 5188 1412 5236 qua
1426 5176 1530 5224 animus
1543 5176 1652 5223 inaniter
1662 5183 1684 5225 ct
1696 5179 1772 5240 effuse

395 5236 402 5250 ⁹
436 5250 546 5300 cxsuiwt
564 5248 586 5311 (fi
600 5249 638 5298 ⁴3.
659 5250 688 5306 V,
703 5251 747 5304 t6;
767 5252 845 5299 Stoici
858 5252 892 5299 ita
905 5249 1078 5310 deliniebant,
1097 5245 1205 5315 ἄλογον
1222 5244 1383 5317 ἔπαρσιν,
1401 5251 1562 5300 sioeroticoo
1578 5251 1769 5316 stationem),

438 5325 532 5375 Cicero
550 5336 658 5386 semper
674 5324 795 5383 ecferendi
813 5326 837 5383 (i.
858 5338 882 5374 e.
902 5323 1063 5383 exsultandi,
1082 5326 1227 5388 gestiendi,
1247 5325 1404 5386 bacchandi)
1423 5324 1506 5375 verbo
1524 5326 1620 5380 utitur;
1638 5325 1691 5375 vid.
1706 5326 1721 5389 S
1738 5328 1770 5377 ii

437 5400 547 5458 Metilio,
565 5404 592 5446 ut
609 5400 701 5457 adepta
717 5399 770 5446 iam
786 5400 883 5460 aliquid
900 5403 1070 5460 concupitum,
1088 5401 1214 5461 ecferatur
1231 5406 1253 5447 et
1269 5402 1366 5461 pesiict.
1387 5400 1427 5450 it.
1441 5400 1481 5448 37.
1495 5401 1527 5449 39
1539 5400 1604 5460 qaod
1616 5426 1628 5435 -
1639 5424 1653 5435 ·
1666 5401 1771 5462 adeptus

436 5477 531 5538 cesares
548 5479 570 5523 te
586 5474 718 5523 insolenter
736 5474 777 5525 ici.
797 5475 811 5537 5
829 5475 879 5533 ΙΙΙ).
905 5475 945 5524 66.
965 5476 1005 5524 68.
1026 5476 1055 5531 ν,
1076 5477 1114 5532 Ιβ,
1137 5477 1174 5524 ΙΙ.
1194 5476 1236 5531 ΙΙΙ,
1256 5475 1296 5524 Ι3.
1315 5475 1356 5524 ai.
1380 5474 1459 5525 acad.
1480 5475 1499 5534 1,
1518 5475 1564 5530 383
1584 5473 1616 5523 cl.
1637 5487 1662 5537 p.
1684 5476 1768 5525 Deiot.

437 5551 509 5613 526.
529 5549 561 5598 ad
581 5550 650 5599 ram.
671 5549 701 5610 ll,
721 5548 761 5605 ΙΙΙ,
782 5550 803 5596 Ι.
824 5550 853 5605 x,
875 5550 914 5607 ta,
933 5552 956 5597 t.
976 5550 1009 5600 de
1030 5552 1082 5599 lin.
1103 5551 1132 5606 V,
1152 5551 1192 5597 si.
1212 5550 1245 5598 de
1265 5551 1328 5612 liep.
1345 5551 1386 5609 ΙΙΙ,
1400 5551 1439 5600 lt.
1459 5551 1531 5599 Ferri
1545 5551 1574 5608 ti.
1593 5562 1617 5597 e.
1636 5552 1708 5612 rapi,
1729 5552 1769 5599 irr-

436 5626 510 5673 eitari
532 5624 564 5673 ad
587 5623 685 5687 aliquid
703 5623 859 5686 potiendum
877 5625 1053 5686 agendumve)
1074 5628 1146 5674 recte
1165 5624 1260 5673 dicitur
1277 5625 1311 5673 de
1331 5626 1432 5674 libidine
1448 5626 1560 5687 eiusque
1577 5623 1698 5687 partibus
1716 5625 1767 5685 (ΙΙΙ,

438 5700 464 5746 ΙΙ
486 5699 518 5748 ct.
538 5699 581 5758 lv,
601 5700 655 5758 itm
679 5700 723 5761 qui
747 5701 836 5747 autem
857 5700 953 5747 laetitia
969 5702 1049 5747 nimio
1072 5698 1251 5762 perturbatur,
1271 5699 1341 5761 quod
1360 5700 1527 5763 concupivit,
1551 5712 1583 5748 eo
1601 5700 1699 5761 potitus
1717 5702 1767 5759 est,

438 5787 488 5823 nco
506 5787 584 5836 agere
603 5774 747 5837 quicquam
765 5773 827 5831 vult,
847 5774 904 5830 sed,
924 5774 967 5822 ubi
986 5775 1018 5823 sit
1036 5773 1133 5835 quidve
1146 5777 1218 5835 agat,
1239 5774 1335 5826 nescit.
1356 5775 1371 5823 i.
1386 5788 1409 5823 e.
1424 5776 1534 5835 effertur.
1554 5774 1605 5822 Sed
1619 5786 1652 5823 ne
1665 5776 1769 5836 effertur

438 5847 545 5911 quidem
569 5850 630 5897 vitio
654 5852 741 5898 caret:
768 5852 828 5911 post
850 5847 935 5897 lutura
959 5853 1078 5911 tempora
1102 5848 1204 5909 (adepta
1225 5850 1284 5906 crit,
1310 5849 1387 5909 suerit
1404 5849 1571 5911 concupitum)
1597 5862 1708 5899 necesse
1727 5852 1768 5899 est

438 5921 531 5970 scribi:
550 5924 673 5985 effarier.
699 5924 833 5973 Praesenti
850 5926 971 5987 tempore
984 5923 1077 5973 Cicero
1089 5921 1242 5986 generalem
1254 5924 1415 5974 sententiam
1426 5924 1465 5974 sic
1478 5925 1655 5975 enuntiasset:
1674 5925 1766 5989 adepta
