4342 7459
721 1243 789 1307 bra.
803 1245 843 1307 11.
877 1242 950 1307 Cn.
966 1244 1169 1307 xlx-xx.
1196 1241 1242 1327 §S
1258 1239 1403 1305 lli-50.
1666 1237 1728 1302 897

407 1404 493 1469 enim
513 1403 552 1467 ad
574 1399 753 1487 pontificem
776 1404 816 1466 da
837 1404 905 1465 iure
927 1403 1080 1485 parietum
1104 1409 1158 1465 aut
1179 1421 1330 1485 aquarum
1352 1408 1408 1464 aut
1427 1397 1495 1464 ullo
1517 1399 1645 1463 omnino
1665 1397 1727 1461 nisi

408 1516 463 1572 ao,
486 1497 664 1580 quodcum
687 1498 840 1580 religione
863 1498 1065 1560 coniunctum
1088 1498 1157 1557 esti
1200 1496 1234 1556 ld
1257 1503 1361 1559 autem
1385 1494 1573 1578 quantulum
1597 1494 1663 1557 esti
1688 1493 1728 1554 de

407 1590 522 1665 sacris,
545 1589 661 1666 credo,
682 1589 721 1654 de
745 1592 843 1664 votis,
865 1591 905 1653 de
925 1590 1013 1653 feriis
1035 1599 1067 1652 et
1091 1589 1130 1652 de
1153 1587 1326 1673 sepulchris
1349 1588 1429 1651 etsi
1453 1586 1529 1670 quid
1552 1586 1727 1651 eiusmodi
1818 1598 1821 1601 ’

408 1692 465 1749 est.
510 1685 573 1750 Cur
593 1687 689 1769 igitur
709 1685 788 1749 baec
809 1693 894 1748 tenta
915 1685 1058 1756 iacimus,
1080 1703 1150 1745 cum
1174 1692 1277 1745 cetera
1299 1699 1453 1764 perparva
1475 1683 1547 1754 sint,
1570 1680 1610 1743 de
1631 1682 1728 1745 sacris

407 1787 533 1859 aulem,
561 1780 616 1864 qui
639 1779 725 1841 locus
747 1774 833 1861 patet
856 1777 966 1852 latius,
995 1776 1072 1840 baec
1096 1778 1137 1839 sit
1157 1796 1219 1839 una
1242 1776 1418 1849 sententia,
1446 1784 1483 1838 ut
1503 1783 1749 1837 conserventurn

408 1894 533 1956 semper
560 1881 592 1936 et
619 1872 770 1954 deinceps
791 1871 918 1934 familiis
941 1872 1134 1953 prodantur,
1165 1879 1211 1944 et,
1240 1879 1276 1933 ut
1297 1871 1329 1931 in
1353 1867 1422 1951 lege
1445 1870 1552 1952 posui,
1575 1876 1728 1950 perpetua

407 1969 471 2032 sint
493 1962 629 2053 [sacra]i
679 1963 730 2027 48.
760 1961 795 2049 [†
811 1966 896 2028 llaec
918 1966 1020 2047 posite
1048 1965 1128 2027 baec
1151 1965 1220 2027 iura
1242 1960 1424 2047 pontificum
1447 1961 1631 2025 auctoritate
1652 1980 1729 2023 con·

408 2070 515 2125 secuta
537 2069 627 2134 sunt,
656 2068 691 2122 ut
720 2079 761 2121 ne
793 2066 891 2121 morte
922 2059 1018 2140 patris
1045 2057 1180 2121 familias
1203 2076 1363 2120 sacrorum
1387 2056 1538 2120 memoria
1559 2053 1728 2127 occideret,

408 2154 466 2229 iis,
497 2153 586 2236 †est
607 2173 645 2217 ea
667 2152 831 2226 adiuncta,
861 2151 900 2213 ad
929 2170 1010 2234 quos
1032 2152 1173 2213 eiusdem
1196 2159 1296 2213 morte
1318 2150 1452 2233 pecunia
1472 2142 1615 2229 venerit]
1660 2146 1729 2210 Hoc

407 2268 471 2311 nno
493 2248 618 2331 posito,
647 2245 733 2330 quod
765 2254 814 2308 est
841 2243 880 2307 ad
909 2244 1121 2326 cognitionem
1151 2244 1337 2327 disciplinae
1365 2244 1460 2316 satis,
1488 2238 1767 2305 innumerabilium

408 2350 593 2415 nascuntur,
623 2339 740 2423 quibua
766 2337 939 2420 implentur
965 2338 1045 2400 iuris
1071 2338 1285 2400 consultorum
1315 2333 1408 2412 libri;
1451 2336 1614 2420 quaeritur
1644 2336 1728 2398 enim

409 2436 465 2519 qui
487 2434 725 2516 adstringantur
747 2432 854 2494 sacris.
887 2431 1048 2494 Heredum
1070 2450 1165 2493 causa
1187 2432 1360 2494 iustissima
1381 2439 1445 2505 esl;
1468 2429 1556 2493 nulla
1576 2439 1625 2493 est
1645 2431 1729 2492 enim

408 2547 565 2611 persona,
599 2546 681 2610 quaa
710 2524 749 2589 ad
778 2528 876 2587 vicem
900 2524 988 2597 eius,
1022 2524 1076 2607 qui
1100 2543 1117 2585 e
1141 2526 1203 2586 vita
1225 2524 1406 2606 emigrarit,
1439 2524 1570 2607 propius
1591 2524 1729 2587 accedat.

409 2622 546 2694 Deinde,
569 2621 625 2704 qui
646 2627 747 2683 morte
769 2625 995 2681 testamentove
1018 2619 1085 2680 eius
1108 2617 1302 2680 tantumdem
1325 2619 1427 2699 capiat
1448 2623 1599 2699 quantum
1621 2636 1730 2680 omnes

410 2713 552 2778 beredes.
596 2712 631 2774 ld
661 2732 790 2796 quoque
820 2710 951 2786 ordine;
985 2720 1034 2774 eat
1063 2712 1146 2774 enim
1175 2710 1286 2785 adid,
1314 2710 1399 2794 quod
1422 2711 1560 2792 positum
1583 2718 1646 2784 est,
1676 2710 1768 2775 adro

410 2805 651 2871 commodatum.
694 2807 801 2868 Tertio
824 2806 912 2878 loco,
942 2805 968 2867 si
991 2825 1083 2869 nemo
1106 2807 1148 2868 ait
1168 2805 1276 2877 beres,
1306 2805 1350 2878 is,
1380 2804 1436 2888 qui
1458 2804 1498 2866 de
1519 2805 1627 2878 bouis,
1648 2823 1730 2886 quae

410 2902 479 2964 eius
501 2899 634 2973 luerint,
657 2919 754 2983 quom
776 2899 925 2973 moritur,
948 2920 1007 2962 usu
1029 2900 1150 2982 ceperit
1172 2898 1340 2981 plurimum
1363 2896 1565 2979 possidendo.
1610 2896 1731 2972 Quarto

411 2996 482 3079 qui,
505 2994 647 3057 sinemo
670 2993 711 3056 sit
732 2994 788 3074 qui
811 2992 907 3054 ullam
930 3012 996 3054 rem
1018 2994 1151 3075 ceperit,
1175 2992 1215 3054 de
1237 2991 1448 3055 creditoribus
1470 2990 1538 3053 eius
1559 2990 1731 3074 plurimum

411 3097 525 3153 servet.
577 3082 628 3147 lu.
656 3087 804 3149 Extrema
828 3084 883 3147 illa
905 3104 1040 3166 persona
1062 3093 1125 3158 est,
1154 3094 1206 3160 ut,
1234 3086 1260 3147 si
1284 3086 1330 3158 is,
1358 3086 1414 3168 qui
1436 3084 1482 3159 ei,
1511 3085 1566 3166 qui
1590 3092 1732 3147 mortuus

410 3181 466 3255 sil,
495 3180 660 3263 pecuniam
689 3179 850 3252 debuerit,
879 3179 995 3242 nemini
1024 3197 1094 3241 eam
1122 3178 1271 3253 solverit,
1298 3179 1432 3262 proinde
1459 3179 1612 3243 habeatur
1640 3179 1770 3263 quasiuo

410 3293 479 3337 eam
501 3273 667 3355 pecuniam
691 3274 819 3356 ceperit.

494 3368 566 3430 XX.
597 3368 684 3430 llaec
705 3388 781 3449 quoe
801 3386 861 3429 nos
881 3386 901 3430 a
924 3366 1074 3429 Scaevola
1096 3366 1280 3441 didicimus,
1311 3387 1375 3430 non
1404 3369 1448 3430 itu
1476 3368 1633 3451 descripta
1660 3378 1734 3432 sunt

411 3462 451 3526 ab
472 3462 623 3545 antiquis.
665 3463 745 3525 Nam
767 3461 813 3523 illi
837 3460 965 3542 quidem
988 3459 1039 3522 bis
1060 3460 1166 3522 verbis
1189 3460 1360 3524 docebant:
1390 3462 1490 3525 tribus
1512 3462 1614 3526 modia
1637 3465 1734 3527 sacris

411 3554 632 3637 adstringitur:
654 3556 844 3627 hereditate,
867 3563 921 3618 aut
943 3555 969 3617 ai
992 3556 1142 3618 maiorem
1165 3562 1285 3635 partem
1308 3556 1460 3637 pecuniae
1482 3556 1595 3639 capiat,
1617 3565 1671 3620 aut
1694 3554 1733 3642 [si

414 3649 513 3712 maior
543 3667 614 3731 pars
645 3649 799 3731 pecuniae
828 3648 931 3731 legata
960 3645 1018 3730 est]
1053 3648 1079 3710 si
1110 3649 1185 3711 inde
1215 3649 1375 3733 quippiam
1404 3650 1534 3733 ceperit.
1591 3649 1643 3713 50.
1671 3650 1772 3715 Sed²⁶

415 3741 598 3825 pontificem
620 3761 801 3826 sequamur.
845 3742 968 3805 Videtis
989 3743 1085 3825 igitur
1107 3743 1214 3805 omnia
1235 3743 1373 3825 pendere
1396 3764 1436 3808 ex
1459 3764 1523 3807 uno
1544 3744 1619 3819 illo,
1648 3746 1734 3829 quod

414 3835 581 3917 pontifices
608 3856 678 3899 cum
707 3837 843 3919 pecunia
865 3855 954 3899 sacra
976 3836 1126 3918 coniungi
1149 3836 1259 3901 volunt
1278 3838 1446 3922 isdemque
1467 3837 1564 3902 lerias
1585 3846 1618 3902 et
1639 3841 1736 3902 caari-

462 3994 486 4043 l.
497 3994 599 4053 polliae
610 3996 663 4040 tren
679 3992 708 4050 ll,
724 3992 838 4053 peritton
854 3987 886 4040 A²
894 3991 924 4041 Η.
939 3996 1063 4053 porcium
1080 3987 1109 4041 A¹
1130 4018 1155 4027 -
1175 3992 1292 4041 cultqu
1309 3992 1358 4042 All
1377 4018 1404 4029 ·-
1423 3993 1510 4043 aislao
1527 3993 1641 4059 iladvig:
1659 3997 1738 4061 clepo

414 4068 443 4128 C,
461 4066 547 4117 sedin
560 4068 579 4117 ll
597 4067 674 4130 clepo
686 4066 751 4127 quod
767 4064 835 4115 linea
853 4064 999 4124 subducta;
1017 4066 1085 4129 Erpo
1103 4066 1123 4115 0
1139 4093 1172 4102 —
1189 4067 1213 4116 2.
1226 4067 1349 4131 calcatorio
1360 4068 1379 4117 B
1398 4094 1425 4103 -
1445 4067 1469 4117 3.
1483 4072 1507 4118 el
1517 4070 1547 4119 de
1557 4070 1691 4132 sepulchris
1702 4074 1735 4123 C:

412 4141 443 4191 ds
458 4141 575 4204 ispum
591 4141 611 4191 0
631 4167 657 4178 -
676 4139 700 4191 l.
720 4139 820 4190 litteras
838 4153 885 4189 crsr
900 4140 927 4203 lp
943 4141 964 4189 A
981 4140 1007 4190 in
1025 4153 1076 4190 ras.
1096 4138 1179 4189 babet
1198 4167 1224 4177 -
1243 4142 1268 4190 o.
1284 4142 1496 4192 concreanturll
1516 4169 1542 4179 -
1562 4143 1586 4193 6.
1599 4157 1695 4207 comper
1706 4146 1736 4211 et]

412 4221 487 4267 muci
503 4217 522 4267 c
547 4241 573 4251 -
599 4217 624 4265 l.
642 4227 719 4265 sucro
734 4227 783 4265 noa
801 4212 956 4264 inclusimus
974 4240 1001 4250 -
1020 4214 1081 4263 boec
1096 4215 1175 4275 posite
1190 4215 1248 4274 All,
1267 4228 1320 4266 om.
1339 4216 1368 4276 li,
1387 4217 1438 4266 Ηοο
1450 4218 1531 4279 posito
1547 4217 1577 4277 0,
1594 4219 1655 4269 boec
1669 4225 1739 4282 ponit

414 4288 479 4352 tacil.
493 4290 594 4349 Cicero)
612 4293 636 4339 et
653 4288 767 4347 Vahlen;
790 4288 873 4339 verbe
891 4287 992 4339 incluse
1013 4290 1101 4353 spuria
1124 4301 1185 4339 esse
1202 4288 1329 4340 intellexit
1344 4290 1448 4354 iladvig
1465 4291 1562 4356 opusc.
1580 4294 1611 4352 ll,
1630 4295 1686 4348 lbi.
1708 4324 1735 4334 -

413 4364 439 4416 8.
457 4378 528 4415 nouo
545 4370 568 4414 tc
584 4361 644 4414 B¹ll
668 4392 702 4402 -
729 4364 754 4415 9.
771 4370 806 4414 est
822 4378 853 4413 cc
870 4359 946 4414 B¹ll:
971 4369 1031 4413 essct
1047 4377 1078 4413 eo
1101 4361 1138 4423 θ’,
1162 4369 1239 4414 essent
1255 4378 1288 4415 eo
1304 4365 1338 4423 ος
1361 4367 1394 4415 iia
1409 4371 1469 4415 met
1485 4380 1516 4416 ec
1532 4367 1648 4418 deiuncto
1664 4368 1696 4419 A²
1712 4372 1737 4423 in

414 4452 519 4496 maura,
547 4436 719 4503 interpolator
734 4441 765 4489 iis
780 4445 838 4488 ml
854 4452 885 4488 eu
901 4439 1020 4488 moneta
1037 4437 1144 4488 videtur
1160 4439 1278 4501 posuisse
1305 4465 1333 4475 -
1360 4440 1480 4491 odium
1496 4442 1516 4490 B
1533 4441 1596 4493 add.
1614 4455 1673 4507 sup.
1692 4443 1737 4498 lin.

414 4512 581 4565 mutave!
594 4515 710 4564 deluacto
728 4542 755 4551 -
774 4513 813 4564 lt).
827 4519 862 4564 act
873 4514 1056 4578 aposiopesin
1076 4541 1104 4550 -
1125 4515 1163 4563 ll.
1176 4513 1246 4563 libris
1258 4515 1286 4563 Β1
1305 4540 1332 4549 -
1351 4516 1483 4577 omullus·
1499 4515 1616 4581 iladvig:
1635 4533 1739 4582 queren-

415 4594 459 4639 tur
469 4591 500 4648 A,
513 4594 670 4651 qocemtssr
680 4589 765 4648 llllO,
784 4595 908 4651 quaeunt
925 4588 968 4639 ed.
979 4590 1050 4639 Crat.
1070 4589 1161 4649 «Quod
1173 4587 1260 4638 editor
1272 4602 1380 4653 pravam
1393 4589 1475 4641 habel
1486 4596 1660 4644 sententium:
1677 4611 1739 4648 mco

414 4663 483 4714 aucit
491 4664 574 4724 neue,
585 4663 625 4713 die
635 4678 669 4714 aa
680 4665 721 4715 die
732 4664 807 4726 θρῖον
817 4664 943 4728 poenosa
954 4666 1054 4714 werden
1064 4664 1175 4715 konnen:
1189 4663 1270 4713 credo
1282 4677 1298 4712 a
1310 4665 1438 4715 Cicerone
1449 4667 1578 4731 scriptum
1591 4681 1651 4720 ease
1663 4684 1739 4734 pucs-

414 4740 483 4789 rttur
492 4741 558 4788 calm
569 4742 632 4789 etc:
644 4753 670 4790 es
679 4740 782 4789 οοοοιοοιο
791 4739 899 4789 sumlui
910 4740 950 4789 die
961 4740 1052 4804 Prope,
1064 4754 1118 4789 wer
1129 4753 1163 4788 aa
1175 4740 1214 4788 die
1226 4738 1301 4801 θρῖον
1311 4739 1438 4803 pabuadsa
1448 4741 1506 4790 ist·
1524 4743 1633 4794 llanrto.
1648 4771 1675 4785 ·-
1697 4749 1736 4800 lt.

415 4814 592 4877 moinpnslur
603 4810 642 4873 A¹,
656 4817 830 4877 minamur
841 4815 905 4873 A²B,
918 4817 979 4878 puio
990 4814 1178 4864 striucontorll
1194 4839 1217 4849 -
1234 4812 1273 4864 ⁴3.
1286 4815 1321 4864 cd
1331 4816 1437 4866 iudicem
1447 4812 1506 4868 B¹ll
1521 4842 1547 4854 -
1566 4820 1660 4879 quasit
1672 4821 1694 4871 Η
1706 4850 1739 4862 ..

415 4890 551 4952 smlprcret
567 4884 605 4951 θ’,
623 4890 754 4954 mimoni
771 4890 801 4949 ll,
820 4891 950 4953 miprarit
966 4891 996 4950 A,
1015 4888 1064 4941 sed
1080 4891 1115 4939 rit
1131 4891 1156 4938 in
1176 4902 1228 4938 raa.
1249 4915 1276 4925 -
1292 4891 1461 4953 propith
1481 4917 1509 4928 -
1533 4891 1573 4943 ll.
1592 4896 1635 4957 oui
1650 4899 1738 4964 morte]

416 4976 465 5027 quo
481 4970 563 5014 moute
580 4962 629 5025 (vel
641 4966 737 5026 morice)
755 4967 786 5024 A,
804 4969 942 5026 quomortc
959 4965 991 5025 ll,
1009 4978 1058 5027 quo
1068 4966 1134 5014 mori
1145 4970 1168 5014 et
1185 4965 1204 5014 B
1225 4989 1251 5000 -
1270 4969 1414 5015 testamento
1429 4969 1451 5016 A
1468 4980 1526 5031 sup.
1541 4966 1584 5018 lin.
1598 4982 1637 5033 pr.
1652 4984 1688 5023 m.
1710 4999 1737 5010 -

416 5039 512 5102 copilot
526 5042 548 5089 A
561 5065 588 5075 -
609 5040 649 5090 lc.
658 5042 768 5101 positum
779 5040 912 5089 Davisius:
930 5040 1053 5102 mentum
1065 5043 1095 5099 A,
1112 5041 1267 5102 propositum
1278 5040 1352 5091 ΒΗΟ
1370 5065 1397 5077 -
1418 5041 1458 5091 lli.
1470 5043 1491 5091 at
1502 5044 1586 5094 omli
1601 5067 1628 5082 ··
1642 5047 1740 5099 οονοάοο

415 5115 438 5163 la
454 5114 497 5176 qul
513 5115 543 5164 ds
558 5113 659 5177 bonico,
675 5116 728 5165 elus
750 5116 771 5165 Η
799 5137 826 5150 -
854 5116 895 5163 l'l.
913 5127 970 5163 cum
985 5115 1103 5175 moritur,
1121 5129 1168 5164 uns
1184 5114 1336 5166 Turnebus:
1355 5119 1538 5177 commoritur
1553 5120 1575 5169 la
1590 5125 1619 5170 ast
1637 5125 1665 5179 A,
1683 5136 1740 5172 com

415 5192 553 5239 moritu-w
569 5195 596 5239 ut
612 5191 663 5240 ΒΗ
692 5218 718 5229 -
745 5191 851 5253 eoeperit
867 5193 898 5251 A,
916 5191 1008 5260 ceperit
1026 5190 1045 5239 Η
1075 5217 1101 5227 -
1129 5190 1169 5241 48.
1189 5192 1241 5252 qui,
1259 5193 1280 5240 ri
1298 5192 1428 5242 Goerenz:
1452 5193 1474 5242 ci
1491 5193 1534 5254 cul
1551 5196 1586 5251 cz
1611 5195 1739 5250 editiones

417 5265 461 5327 put
481 5267 542 5315 ente
562 5264 701 5327 plurimun
721 5265 822 5317 babent
853 5292 878 5303 -
908 5267 1015 5327 coeperit
1035 5266 1099 5324 AB,
1126 5269 1154 5315 et
1174 5266 1213 5316 sic
1235 5264 1393 5329 plerumque
1410 5266 1537 5332 deinceps
1566 5296 1594 5307 -
1624 5271 1663 5321 tt.
1682 5275 1742 5325 sita

417 5340 464 5403 (bis
475 5341 505 5401 Η)
523 5342 566 5402 qul
583 5342 617 5391 C:
644 5342 665 5390 si
682 5342 762 5404 quio
792 5367 819 5376 -
848 5340 889 5391 20.
907 5341 1000 5389 nemini
1017 5353 1077 5391 nos:
1104 5341 1196 5390 nmini
1213 5343 1256 5402 orsi
1274 5342 1309 5399 C.
1328 5343 1469 5406 uesnloiqus
1485 5343 1558 5394 editt.
1586 5370 1613 5381 -
1638 5348 1742 5408 perinde

417 5414 546 5465 Victorius
571 5441 597 5451 -
624 5416 664 5466 Η.
683 5429 748 5478 quoe
765 5428 813 5466 nos
830 5414 979 5465 addidimus
999 5442 1025 5452 -
1045 5416 1169 5477 descripto
1185 5421 1241 5464 sunt
1258 5418 1279 5465 A
1297 5418 1361 5479 (sunt
1377 5430 1426 5481 per
1442 5417 1639 5481 compendium)
1657 5423 1684 5472 et
1700 5417 1739 5483 3¹,

418 5488 554 5550 descriptus
571 5490 602 5550 ll,
620 5490 748 5554 dempto
764 5486 807 5550 B¹;
825 5491 986 5553 dampno
1007 5516 1032 5525 -·
1058 5490 1099 5542 tl.
1117 5492 1284 5555 ndstrlnpllur
1299 5492 1403 5555 scripsi:
1425 5493 1569 5557 ndctrtapls
1585 5497 1615 5553 A,
1633 5497 1742 5548 Mattio

418 5565 455 5627 pit
471 5558 540 5624 wll,
559 5565 682 5630 cmtnnpi
700 5563 758 5616 1³²0
777 5590 804 5602 -
828 5565 955 5615 mulorum
968 5571 1043 5628 porte
1064 5566 1100 5622 Η;
1124 5571 1222 5628 purtem
1237 5567 1358 5627 pecunius
1373 5567 1459 5628 cupias
1474 5572 1520 5617 cut
1535 5569 1557 5617 si
1573 5570 1656 5619 motor
1669 5584 1740 5633 parc,

419 5651 488 5703 quae
507 5642 525 5690 B
544 5641 569 5691 in
587 5638 645 5689 loco
663 5654 740 5691 eraso
757 5653 822 5700 om,
840 5640 960 5705 supplete
978 5643 1040 5691 sunt
1056 5642 1082 5691 in
1096 5653 1179 5704 marg.
1201 5667 1227 5677 -
1247 5642 1288 5690 εδ.
1306 5640 1389 5705 teporo
1404 5643 1436 5689 n't
1452 5642 1535 5699 Bake;
1554 5656 1603 5693 nos
1619 5646 1681 5693 sin
1692 5646 1741 5711 lep.

420 5719 455 5765 est
472 5728 533 5765 com
546 5715 659 5765 Cbristio
676 5714 831 5766 inclusimus
850 5742 876 5753 -
897 5716 1026 5778 quidpiam
1042 5717 1061 5765 0
1081 5742 1107 5752 -
1127 5717 1168 5766 26.
1182 5713 1272 5766 malim
1285 5716 1422 5780 pontifices,
1441 5729 1501 5767 cum
1519 5715 1597 5767 lectio
1613 5715 1741 5772 librorum

421 5803 453 5841 ex
466 5793 582 5855 pontifics
590 5803 725 5853 seqwmur
741 5793 798 5839 orte
816 5789 936 5840 videatur
956 5818 981 5828 -
1000 5791 1040 5841 27.
1052 5791 1181 5855 pontifices
1191 5804 1247 5840 cum
1256 5792 1364 5853 peccoris
1374 5803 1450 5841 sacro
1466 5789 1581 5854 Madvig:
1597 5796 1742 5858 pontificum

418 5867 527 5927 poculo
549 5863 667 5929 (pecualis
681 5867 742 5928 AB)
764 5878 838 5916 acero
855 5866 884 5928 C,
908 5865 956 5917 sod
974 5869 993 5915 A
1012 5877 1052 5930 pr.
1072 5878 1142 5916 man.
1160 5879 1249 5924 sccrc3
1274 5865 1402 5928 pontifices
1413 5867 1548 5929 pecuniosa
1564 5869 1644 5918 soem
1665 5870 1686 5921 0
1713 5896 1741 5910 -

421 5943 548 6007 anmi
564 5942 586 5992 H
613 5968 640 5978 -
669 5942 840 6005 ι’ίοοοριριοοθ
858 5966 885 5978 -
903 5939 990 6006 {aial
1006 5941 1153 5993 mallotas
1169 5942 1325 5991 llommsan.
1348 5947 1353 5962 ·

476 6032 568 6082 cranao
583 6032 611 6082 τ.
622 6032 661 6083 Π.
1489 6036 1531 6104 57
