<?xml version="1.0" encoding="UTF-8"?>
<!DOCTYPE html PUBLIC "-//W3C//DTD XHTML 1.0 Transitional//EN"
    "http://www.w3.org/TR/xhtml1/DTD/xhtml1-transitional.dtd">
<html xmlns="http://www.w3.org/1999/xhtml" xml:lang="en" lang="en">
 <head>
  <title>
</title>
<meta http-equiv="Content-Type" content="text/html;charset=utf-8" />
  <meta name='ocr-system' content='tesseract 3.04.00' />
  <meta name='ocr-capabilities' content='ocr_page ocr_carea ocr_par ocr_line ocrx_word'/>
</head>
<body>
  <div class='ocr_page' id='page_1' title='image "./operaquaesupers00halmgoog/operaquaesupers00halmgoog_0710.png"; bbox 0 0 4342 7459; ppageno 0'>
   <div class='ocr_carea' id='block_1_1' title="bbox 441 1252 1226 1322">
    <p class='ocr_par' dir='ltr' id='par_1_1' title="bbox 441 1252 1226 1322">
     <span class='ocr_line' id='line_1_1' title="bbox 441 1252 1226 1322; baseline -0.006 0"><span class='ocrx_word' id='word_1_1' title='bbox 441 1254 504 1322; x_wconf 75' lang='lat' dir='ltr'><strong>tut</strong></span> <span class='ocrx_word' id='word_1_2' title='bbox 979 1254 1033 1316; x_wconf 84' lang='lat' dir='ltr'><strong>DE</strong></span> <span class='ocrx_word' id='word_1_3' title='bbox 1055 1252 1226 1318; x_wconf 67' lang='lat' dir='ltr'><strong>oltricus</strong></span> 
     </span>
    </p>
   </div>
   <div class='ocr_carea' id='block_1_2' title="bbox 400 1412 1768 4868">
    <p class='ocr_par' dir='ltr' id='par_1_2' title="bbox 400 1412 1768 4868">
     <span class='ocr_line' id='line_1_2' title="bbox 443 1412 1766 1503; baseline -0.002 -21"><span class='ocrx_word' id='word_1_4' title='bbox 443 1417 570 1503; x_wconf 91' lang='lat' dir='ltr'><strong>quidem</strong></span> <span class='ocrx_word' id='word_1_5' title='bbox 591 1414 794 1497; x_wconf 79' lang='lat' dir='ltr'><strong>neutiquam,</strong></span> <span class='ocrx_word' id='word_1_6' title='bbox 816 1413 872 1479; x_wconf 88' lang='lat' dir='ltr'><strong>sed</strong></span> <span class='ocrx_word' id='word_1_7' title='bbox 894 1412 935 1477; x_wconf 92' lang='lat' dir='ltr'><strong>de</strong></span> <span class='ocrx_word' id='word_1_8' title='bbox 957 1413 996 1477; x_wconf 88' lang='lat' dir='ltr'><strong>iis</strong></span> <span class='ocrx_word' id='word_1_9' title='bbox 1018 1412 1101 1476; x_wconf 88' lang='lat' dir='ltr'><strong>male</strong></span> <span class='ocrx_word' id='word_1_10' title='bbox 1122 1412 1323 1477; x_wconf 78' lang='lat' dir='ltr'><strong>existumant.</strong></span> <span class='ocrx_word' id='word_1_11' title='bbox 1360 1412 1617 1489; x_wconf 82' lang='lat' dir='ltr'><strong>Quamobrem,</strong></span> <span class='ocrx_word' id='word_1_12' title='bbox 1639 1424 1675 1479; x_wconf 92' lang='lat' dir='ltr'><strong>nt</strong></span> <span class='ocrx_word' id='word_1_13' title='bbox 1688 1422 1766 1479; x_wconf 86' lang='lat' dir='ltr'><strong>ante</strong></span> 
     </span>
     <span class='ocr_line' id='line_1_3' title="bbox 443 1506 1766 1594; baseline -0.002 -18"><span class='ocrx_word' id='word_1_14' title='bbox 443 1511 526 1585; x_wconf 84' lang='lat' dir='ltr'>dixi,</span> <span class='ocrx_word' id='word_1_15' title='bbox 548 1516 790 1576; x_wconf 89' lang='lat' dir='ltr'><strong>contemnuntur</strong></span> <span class='ocrx_word' id='word_1_16' title='bbox 810 1508 850 1581; x_wconf 92' lang='lat' dir='ltr'><strong>ii,</strong></span> <span class='ocrx_word' id='word_1_17' title='bbox 872 1508 927 1589; x_wconf 94' lang='lat' dir='ltr'><strong>qui</strong></span> <span class='ocrx_word' id='word_1_18' title='bbox 951 1526 1034 1570; x_wconf 83' lang='lat' dir='ltr'><strong>suec</strong></span> <span class='ocrx_word' id='word_1_19' title='bbox 1056 1506 1115 1569; x_wconf 93' lang='lat' dir='ltr'><strong>sibi</strong></span> <span class='ocrx_word' id='word_1_20' title='bbox 1138 1526 1197 1570; x_wconf 92' lang='lat' dir='ltr'><strong>nec</strong></span> <span class='ocrx_word' id='word_1_21' title='bbox 1218 1507 1350 1581; x_wconf 82' lang='lat' dir='ltr'><strong>alteris,</strong></span> <span class='ocrx_word' id='word_1_22' title='bbox 1379 1516 1414 1571; x_wconf 93' lang='lat' dir='ltr'><strong>ut</strong></span> <span class='ocrx_word' id='word_1_23' title='bbox 1436 1508 1565 1582; x_wconf 89' lang='lat' dir='ltr'><strong>dicitur,</strong></span> <span class='ocrx_word' id='word_1_24' title='bbox 1592 1509 1766 1594; x_wconf 83' lang='lat' dir='ltr'><strong>inquibus</strong></span> 
     </span>
     <span class='ocr_line' id='line_1_4' title="bbox 443 1598 1767 1677; baseline 0 -10"><span class='ocrx_word' id='word_1_25' title='bbox 443 1604 549 1676; x_wconf 74' lang='lat' dir='ltr'><strong>pullus</strong></span> <span class='ocrx_word' id='word_1_26' title='bbox 577 1602 683 1677; x_wconf 84' lang='lat' dir='ltr'><strong>labor,</strong></span> <span class='ocrx_word' id='word_1_27' title='bbox 711 1601 800 1665; x_wconf 88' lang='lat' dir='ltr'><strong>nulla</strong></span> <span class='ocrx_word' id='word_1_28' title='bbox 825 1601 998 1674; x_wconf 87' lang='lat' dir='ltr'><strong>industria,</strong></span> <span class='ocrx_word' id='word_1_29' title='bbox 1028 1600 1115 1663; x_wconf 91' lang='lat' dir='ltr'><strong>nulla</strong></span> <span class='ocrx_word' id='word_1_30' title='bbox 1137 1620 1212 1664; x_wconf 87' lang='lat' dir='ltr'><strong>cura</strong></span> <span class='ocrx_word' id='word_1_31' title='bbox 1233 1608 1291 1664; x_wconf 88' lang='lat' dir='ltr'><strong>est.</strong></span> <span class='ocrx_word' id='word_1_32' title='bbox 1340 1598 1392 1663; x_wconf 86' lang='grc'><strong>37.</strong></span> <span class='ocrx_word' id='word_1_33' title='bbox 1418 1602 1636 1666; x_wconf 75' lang='lat' dir='ltr'><strong>Admiratione</strong></span> <span class='ocrx_word' id='word_1_34' title='bbox 1655 1610 1767 1667; x_wconf 85' lang='lat' dir='ltr'><strong>antem</strong></span> 
     </span>
     <span class='ocr_line' id='line_1_5' title="bbox 443 1694 1767 1780; baseline -0.002 -17"><span class='ocrx_word' id='word_1_35' title='bbox 443 1698 596 1774; x_wconf 76' lang='lat' dir='ltr'><strong>adiiciunt</strong></span> <span class='ocrx_word' id='word_1_36' title='bbox 621 1697 661 1770; x_wconf 91' lang='lat' dir='ltr'><strong>ii,</strong></span> <span class='ocrx_word' id='word_1_37' title='bbox 689 1696 744 1780; x_wconf 90' lang='lat' dir='ltr'><strong>qui</strong></span> <span class='ocrx_word' id='word_1_38' title='bbox 775 1697 895 1759; x_wconf 90' lang='lat' dir='ltr'><strong>anteire</strong></span> <span class='ocrx_word' id='word_1_39' title='bbox 922 1694 1035 1758; x_wconf 91' lang='lat' dir='ltr'><strong>ceteris</strong></span> <span class='ocrx_word' id='word_1_40' title='bbox 1062 1694 1177 1757; x_wconf 87' lang='lat' dir='ltr'><strong>virtute</strong></span> <span class='ocrx_word' id='word_1_41' title='bbox 1199 1702 1349 1777; x_wconf 91' lang='lat' dir='ltr'><strong>putantur</strong></span> <span class='ocrx_word' id='word_1_42' title='bbox 1377 1703 1409 1759; x_wconf 90' lang='lat' dir='ltr'><strong>et</strong></span> <span class='ocrx_word' id='word_1_43' title='bbox 1437 1715 1508 1759; x_wconf 91' lang='lat' dir='ltr'><strong>cnm</strong></span> <span class='ocrx_word' id='word_1_44' title='bbox 1539 1697 1626 1759; x_wconf 92' lang='lat' dir='ltr'><strong>omni</strong></span> <span class='ocrx_word' id='word_1_45' title='bbox 1655 1715 1767 1761; x_wconf 87' lang='lat' dir='ltr'><strong>carere</strong></span> 
     </span>
     <span class='ocr_line' id='line_1_6' title="bbox 419 1786 1766 1872; baseline -0.003 -16"><span class='ocrx_word' id='word_1_46' title='bbox 419 1789 613 1865; x_wconf 71' lang='lat' dir='ltr'><strong>ededecora,</strong></span> <span class='ocrx_word' id='word_1_47' title='bbox 640 1798 708 1853; x_wconf 88' lang='lat' dir='ltr'><strong>tnm</strong></span> <span class='ocrx_word' id='word_1_48' title='bbox 729 1809 804 1852; x_wconf 81' lang='lat' dir='ltr'><strong>vero</strong></span> <span class='ocrx_word' id='word_1_49' title='bbox 825 1790 865 1852; x_wconf 89' lang='lat' dir='ltr'><strong>iis</strong></span> <span class='ocrx_word' id='word_1_50' title='bbox 887 1788 987 1861; x_wconf 86' lang='lat' dir='ltr'><strong>vitiis,</strong></span> <span class='ocrx_word' id='word_1_51' title='bbox 1020 1788 1135 1870; x_wconf 89' lang='lat' dir='ltr'><strong>quibus</strong></span> <span class='ocrx_word' id='word_1_52' title='bbox 1163 1786 1217 1850; x_wconf 91' lang='lat' dir='ltr'><strong>alii</strong></span> <span class='ocrx_word' id='word_1_53' title='bbox 1244 1807 1308 1850; x_wconf 93' lang='lat' dir='ltr'><strong>non</strong></span> <span class='ocrx_word' id='word_1_54' title='bbox 1330 1787 1423 1852; x_wconf 78' lang='lat' dir='ltr'><strong>facile</strong></span> <span class='ocrx_word' id='word_1_55' title='bbox 1443 1798 1579 1872; x_wconf 89' lang='lat' dir='ltr'><strong>possunt</strong></span> <span class='ocrx_word' id='word_1_56' title='bbox 1599 1789 1766 1854; x_wconf 87' lang='lat' dir='ltr'><strong>obsistere.</strong></span> 
     </span>
     <span class='ocr_line' id='line_1_7' title="bbox 442 1880 1768 1967; baseline -0.002 -19"><span class='ocrx_word' id='word_1_57' title='bbox 442 1886 520 1954; x_wconf 82' lang='lat' dir='ltr'><strong>llam</strong></span> <span class='ocrx_word' id='word_1_58' title='bbox 542 1892 575 1948; x_wconf 91' lang='lat' dir='ltr'><strong>et</strong></span> <span class='ocrx_word' id='word_1_59' title='bbox 596 1883 787 1967; x_wconf 86' lang='lat' dir='ltr'><strong>voluptates,</strong></span> <span class='ocrx_word' id='word_1_60' title='bbox 809 1882 1044 1946; x_wconf 87' lang='lat' dir='ltr'><strong>blandiesumae</strong></span> <span class='ocrx_word' id='word_1_61' title='bbox 1066 1880 1230 1954; x_wconf 90' lang='lat' dir='ltr'><strong>dominae,</strong></span> <span class='ocrx_word' id='word_1_62' title='bbox 1253 1883 1378 1945; x_wconf 88' lang='lat' dir='ltr'><strong>maioris</strong></span> <span class='ocrx_word' id='word_1_63' title='bbox 1400 1883 1498 1965; x_wconf 88' lang='lat' dir='ltr'><strong>partis</strong></span> <span class='ocrx_word' id='word_1_64' title='bbox 1520 1884 1641 1947; x_wconf 88' lang='lat' dir='ltr'><strong>animos</strong></span> <span class='ocrx_word' id='word_1_65' title='bbox 1661 1903 1681 1948; x_wconf 82' lang='lat' dir='ltr'><strong>a</strong></span> <span class='ocrx_word' id='word_1_66' title='bbox 1703 1883 1768 1946; x_wconf 84' lang='lat' dir='ltr'><strong>vir·</strong></span> 
     </span>
     <span class='ocr_line' id='line_1_8' title="bbox 441 1972 1768 2060; baseline -0.003 -14"><span class='ocrx_word' id='word_1_67' title='bbox 441 1986 508 2050; x_wconf 80' lang='lat' dir='ltr'><strong>tots</strong></span> <span class='ocrx_word' id='word_1_68' title='bbox 536 1975 726 2060; x_wconf 79' lang='lat' dir='ltr'><strong>detorquent</strong></span> <span class='ocrx_word' id='word_1_69' title='bbox 755 1985 805 2051; x_wconf 90' lang='lat' dir='ltr'><strong>et,</strong></span> <span class='ocrx_word' id='word_1_70' title='bbox 838 1975 984 2039; x_wconf 89' lang='lat' dir='ltr'><strong>dolorum</strong></span> <span class='ocrx_word' id='word_1_71' title='bbox 1013 1994 1084 2037; x_wconf 92' lang='lat' dir='ltr'><strong>cum</strong></span> <span class='ocrx_word' id='word_1_72' title='bbox 1113 1972 1323 2038; x_wconf 85' lang='lat' dir='ltr'><strong>admoventur</strong></span> <span class='ocrx_word' id='word_1_73' title='bbox 1353 1974 1455 2049; x_wconf 86' lang='lat' dir='ltr'><strong>faces,</strong></span> <span class='ocrx_word' id='word_1_74' title='bbox 1484 1979 1768 2060; x_wconf 84' lang='lat' dir='ltr'><strong>praetermodum</strong></span> 
     </span>
     <span class='ocr_line' id='line_1_9' title="bbox 444 2068 1767 2156; baseline 0.001 -22"><span class='ocrx_word' id='word_1_75' title='bbox 444 2072 590 2156; x_wconf 85' lang='lat' dir='ltr'><strong>plerique</strong></span> <span class='ocrx_word' id='word_1_76' title='bbox 619 2078 833 2134; x_wconf 75' lang='lat' dir='ltr'><strong>exterrenture</strong></span> <span class='ocrx_word' id='word_1_77' title='bbox 866 2070 950 2144; x_wconf 83' lang='lat' dir='ltr'><strong>vita,</strong></span> <span class='ocrx_word' id='word_1_78' title='bbox 979 2088 1080 2141; x_wconf 90' lang='lat' dir='ltr'><strong>mors,</strong></span> <span class='ocrx_word' id='word_1_79' title='bbox 1110 2068 1259 2142; x_wconf 85' lang='lat' dir='ltr'><strong>divitiae,</strong></span> <span class='ocrx_word' id='word_1_80' title='bbox 1288 2078 1459 2152; x_wconf 78' lang='lat' dir='ltr'><strong>paupertas</strong></span> <span class='ocrx_word' id='word_1_81' title='bbox 1489 2089 1599 2133; x_wconf 88' lang='lat' dir='ltr'><strong>omnes</strong></span> <span class='ocrx_word' id='word_1_82' title='bbox 1620 2070 1767 2136; x_wconf 76' lang='lat' dir='ltr'><strong>bominac</strong></span> 
     </span>
     <span class='ocr_line' id='line_1_10' title="bbox 441 2162 1766 2245; baseline -0.002 -14"><span class='ocrx_word' id='word_1_83' title='bbox 441 2164 716 2235; x_wconf 75' lang='lat' dir='ltr'><strong>uehementissime</strong></span> <span class='ocrx_word' id='word_1_84' title='bbox 738 2170 934 2245; x_wconf 81' lang='lat' dir='ltr'><strong>permovent.</strong></span> <span class='ocrx_word' id='word_1_85' title='bbox 963 2162 1053 2237; x_wconf 86' lang='lat' dir='ltr'><strong>Quae</strong></span> <span class='ocrx_word' id='word_1_86' title='bbox 1075 2162 1131 2245; x_wconf 93' lang='lat' dir='ltr'><strong>qui</strong></span> <span class='ocrx_word' id='word_1_87' title='bbox 1151 2162 1184 2225; x_wconf 94' lang='lat' dir='ltr'><strong>in</strong></span> <span class='ocrx_word' id='word_1_88' title='bbox 1199 2169 1367 2245; x_wconf 89' lang='lat' dir='ltr'><strong>utramque</strong></span> <span class='ocrx_word' id='word_1_89' title='bbox 1384 2172 1504 2245; x_wconf 91' lang='lat' dir='ltr'><strong>partem</strong></span> <span class='ocrx_word' id='word_1_90' title='bbox 1519 2163 1646 2227; x_wconf 81' lang='lat' dir='ltr'><strong>excelso</strong></span> <span class='ocrx_word' id='word_1_91' title='bbox 1659 2166 1766 2229; x_wconf 83' lang='lat' dir='ltr'><strong>animo</strong></span> 
     </span>
     <span class='ocr_line' id='line_1_11' title="bbox 405 2254 1768 2342; baseline -0.002 -18"><span class='ocrx_word' id='word_1_92' title='bbox 405 2271 622 2342; x_wconf 69' lang='lat' dir='ltr'><strong>ttuaguoque</strong></span> <span class='ocrx_word' id='word_1_93' title='bbox 643 2254 840 2340; x_wconf 86' lang='lat' dir='ltr'><strong>despiciunt,</strong></span> <span class='ocrx_word' id='word_1_94' title='bbox 868 2276 1007 2339; x_wconf 90' lang='lat' dir='ltr'><strong>cumque</strong></span> <span class='ocrx_word' id='word_1_95' title='bbox 1032 2254 1141 2337; x_wconf 92' lang='lat' dir='ltr'><strong>aliqua</strong></span> <span class='ocrx_word' id='word_1_96' title='bbox 1170 2255 1210 2318; x_wconf 91' lang='lat' dir='ltr'><strong>iis</strong></span> <span class='ocrx_word' id='word_1_97' title='bbox 1236 2255 1341 2338; x_wconf 91' lang='lat' dir='ltr'><strong>ampla</strong></span> <span class='ocrx_word' id='word_1_98' title='bbox 1362 2263 1394 2319; x_wconf 92' lang='lat' dir='ltr'><strong>et</strong></span> <span class='ocrx_word' id='word_1_99' title='bbox 1414 2255 1550 2321; x_wconf 87' lang='lat' dir='ltr'><strong>honesta</strong></span> <span class='ocrx_word' id='word_1_100' title='bbox 1570 2277 1623 2321; x_wconf 88' lang='lat' dir='ltr'><strong>res</strong></span> <span class='ocrx_word' id='word_1_101' title='bbox 1644 2257 1768 2322; x_wconf 82' lang='lat' dir='ltr'><strong>obiecta</strong></span> 
     </span>
     <span class='ocr_line' id='line_1_12' title="bbox 441 2347 1767 2435; baseline 0 -20"><span class='ocrx_word' id='word_1_102' title='bbox 441 2360 525 2424; x_wconf 77' lang='lat' dir='ltr'><strong>totos</strong></span> <span class='ocrx_word' id='word_1_103' title='bbox 547 2352 587 2421; x_wconf 80' lang='lat' dir='ltr'><strong>ed</strong></span> <span class='ocrx_word' id='word_1_104' title='bbox 608 2370 643 2416; x_wconf 87' lang='lat' dir='ltr'><strong>ee</strong></span> <span class='ocrx_word' id='word_1_105' title='bbox 664 2349 819 2420; x_wconf 76' lang='lat' dir='ltr'><strong>conuertit</strong></span> <span class='ocrx_word' id='word_1_106' title='bbox 840 2356 873 2413; x_wconf 86' lang='lat' dir='ltr'><strong>et</strong></span> <span class='ocrx_word' id='word_1_107' title='bbox 893 2351 985 2432; x_wconf 82' lang='lat' dir='ltr'><strong>rapit,</strong></span> <span class='ocrx_word' id='word_1_108' title='bbox 1008 2357 1074 2412; x_wconf 92' lang='lat' dir='ltr'><strong>tum</strong></span> <span class='ocrx_word' id='word_1_109' title='bbox 1097 2349 1169 2431; x_wconf 90' lang='lat' dir='ltr'><strong>quie</strong></span> <span class='ocrx_word' id='word_1_110' title='bbox 1191 2368 1255 2410; x_wconf 93' lang='lat' dir='ltr'><strong>non</strong></span> <span class='ocrx_word' id='word_1_111' title='bbox 1277 2347 1450 2412; x_wconf 90' lang='lat' dir='ltr'><strong>admiretur</strong></span> <span class='ocrx_word' id='word_1_112' title='bbox 1472 2350 1673 2433; x_wconf 90' lang='lat' dir='ltr'><strong>splendorem</strong></span> <span class='ocrx_word' id='word_1_113' title='bbox 1696 2350 1767 2435; x_wconf 86' lang='lat' dir='ltr'><strong>pul·</strong></span> 
     </span>
     <span class='ocr_line' id='line_1_13' title="bbox 441 2440 1767 2528; baseline -0.006 -12"><span class='ocrx_word' id='word_1_114' title='bbox 441 2443 718 2528; x_wconf 75' lang='lat' dir='ltr'><strong>ebritudiuemque</strong></span> <span class='ocrx_word' id='word_1_115' title='bbox 740 2445 886 2507; x_wconf 86' lang='lat' dir='ltr'><strong>virtutisl</strong></span> <span class='ocrx_word' id='word_1_116' title='bbox 936 2444 991 2506; x_wconf 83' lang='lat' dir='ltr'><strong>xl.</strong></span> <span class='ocrx_word' id='word_1_117' title='bbox 1020 2440 1071 2505; x_wconf 89' lang='grc'><strong>38.</strong></span> <span class='ocrx_word' id='word_1_118' title='bbox 1101 2442 1185 2523; x_wconf 87' lang='lat' dir='ltr'><strong>Ergo</strong></span> <span class='ocrx_word' id='word_1_119' title='bbox 1208 2450 1240 2504; x_wconf 93' lang='lat' dir='ltr'><strong>et</strong></span> <span class='ocrx_word' id='word_1_120' title='bbox 1260 2442 1340 2505; x_wconf 89' lang='lat' dir='ltr'><strong>baec</strong></span> <span class='ocrx_word' id='word_1_121' title='bbox 1361 2444 1457 2507; x_wconf 92' lang='lat' dir='ltr'><strong>animi</strong></span> <span class='ocrx_word' id='word_1_122' title='bbox 1481 2444 1688 2526; x_wconf 76' lang='lat' dir='ltr'><strong>despicientia</strong></span> <span class='ocrx_word' id='word_1_123' title='bbox 1709 2443 1767 2508; x_wconf 88' lang='lat' dir='ltr'><strong>ad·</strong></span> 
     </span>
     <span class='ocr_line' id='line_1_14' title="bbox 441 2535 1766 2618; baseline -0.002 -14"><span class='ocrx_word' id='word_1_124' title='bbox 441 2537 675 2609; x_wconf 79' lang='lat' dir='ltr'><strong>mirabilitatem</strong></span> <span class='ocrx_word' id='word_1_125' title='bbox 696 2556 841 2618; x_wconf 88' lang='lat' dir='ltr'><strong>maguam</strong></span> <span class='ocrx_word' id='word_1_126' title='bbox 862 2536 938 2599; x_wconf 83' lang='lat' dir='ltr'><strong>iacit</strong></span> <span class='ocrx_word' id='word_1_127' title='bbox 959 2543 991 2599; x_wconf 90' lang='lat' dir='ltr'><strong>et</strong></span> <span class='ocrx_word' id='word_1_128' title='bbox 1014 2555 1160 2598; x_wconf 84' lang='lat' dir='ltr'><strong>maxume</strong></span> <span class='ocrx_word' id='word_1_129' title='bbox 1183 2535 1312 2609; x_wconf 85' lang='lat' dir='ltr'><strong>iustitia,</strong></span> <span class='ocrx_word' id='word_1_130' title='bbox 1335 2556 1376 2599; x_wconf 80' lang='lat' dir='ltr'><strong>ex</strong></span> <span class='ocrx_word' id='word_1_131' title='bbox 1398 2556 1459 2618; x_wconf 87' lang='lat' dir='ltr'><strong>qua</strong></span> <span class='ocrx_word' id='word_1_132' title='bbox 1482 2556 1545 2599; x_wconf 94' lang='lat' dir='ltr'><strong>una</strong></span> <span class='ocrx_word' id='word_1_133' title='bbox 1566 2538 1681 2601; x_wconf 82' lang='lat' dir='ltr'><strong>virtute</strong></span> <span class='ocrx_word' id='word_1_134' title='bbox 1702 2537 1766 2601; x_wconf 82' lang='lat' dir='ltr'><strong>riri</strong></span> 
     </span>
     <span class='ocr_line' id='line_1_15' title="bbox 440 2627 1764 2714; baseline 0.001 -18"><span class='ocrx_word' id='word_1_135' title='bbox 440 2631 517 2702; x_wconf 88' lang='lat' dir='ltr'><strong>boui</strong></span> <span class='ocrx_word' id='word_1_136' title='bbox 545 2631 760 2714; x_wconf 81' lang='lat' dir='ltr'><strong>appellantur,</strong></span> <span class='ocrx_word' id='word_1_137' title='bbox 794 2630 925 2695; x_wconf 87' lang='lat' dir='ltr'><strong>mirifica</strong></span> <span class='ocrx_word' id='word_1_138' title='bbox 956 2627 1112 2714; x_wconf 86' lang='lat' dir='ltr'><strong>quaedam</strong></span> <span class='ocrx_word' id='word_1_139' title='bbox 1145 2629 1341 2692; x_wconf 81' lang='lat' dir='ltr'><strong>multitudini</strong></span> <span class='ocrx_word' id='word_1_140' title='bbox 1372 2628 1513 2703; x_wconf 87' lang='lat' dir='ltr'><strong>videtur,</strong></span> <span class='ocrx_word' id='word_1_141' title='bbox 1547 2650 1607 2695; x_wconf 90' lang='lat' dir='ltr'><strong>neo</strong></span> <span class='ocrx_word' id='word_1_142' title='bbox 1633 2632 1764 2698; x_wconf 90' lang='lat' dir='ltr'><strong>iniuria.</strong></span> 
     </span>
     <span class='ocr_line' id='line_1_16' title="bbox 404 2722 1766 2807; baseline 0.002 -19"><span class='ocrx_word' id='word_1_143' title='bbox 404 2726 541 2793; x_wconf 80' lang='lat' dir='ltr'><strong>ttNemo</strong></span> <span class='ocrx_word' id='word_1_144' title='bbox 562 2726 646 2790; x_wconf 90' lang='lat' dir='ltr'><strong>enim</strong></span> <span class='ocrx_word' id='word_1_145' title='bbox 668 2724 769 2788; x_wconf 87' lang='lat' dir='ltr'><strong>iustus</strong></span> <span class='ocrx_word' id='word_1_146' title='bbox 791 2744 862 2788; x_wconf 90' lang='lat' dir='ltr'><strong>esee</strong></span> <span class='ocrx_word' id='word_1_147' title='bbox 884 2732 1007 2807; x_wconf 89' lang='lat' dir='ltr'><strong>potest,</strong></span> <span class='ocrx_word' id='word_1_148' title='bbox 1030 2724 1084 2806; x_wconf 93' lang='lat' dir='ltr'><strong>qui</strong></span> <span class='ocrx_word' id='word_1_149' title='bbox 1106 2730 1258 2796; x_wconf 90' lang='lat' dir='ltr'><strong>mortem,</strong></span> <span class='ocrx_word' id='word_1_150' title='bbox 1282 2723 1339 2806; x_wconf 94' lang='lat' dir='ltr'><strong>qui</strong></span> <span class='ocrx_word' id='word_1_151' title='bbox 1361 2722 1522 2797; x_wconf 91' lang='lat' dir='ltr'><strong>dolorem,</strong></span> <span class='ocrx_word' id='word_1_152' title='bbox 1545 2726 1599 2807; x_wconf 92' lang='lat' dir='ltr'><strong>qui</strong></span> <span class='ocrx_word' id='word_1_153' title='bbox 1621 2726 1766 2805; x_wconf 85' lang='lat' dir='ltr'><strong>exilium,</strong></span> 
     </span>
     <span class='ocr_line' id='line_1_17' title="bbox 441 2817 1767 2902; baseline 0.003 -20"><span class='ocrx_word' id='word_1_154' title='bbox 441 2818 496 2901; x_wconf 87' lang='lat' dir='ltr'><strong>qui</strong></span> <span class='ocrx_word' id='word_1_155' title='bbox 518 2826 689 2901; x_wconf 72' lang='lat' dir='ltr'><strong>egestatem</strong></span> <span class='ocrx_word' id='word_1_156' title='bbox 712 2818 800 2881; x_wconf 89' lang='lat' dir='ltr'><strong>timet</strong></span> <span class='ocrx_word' id='word_1_157' title='bbox 820 2826 876 2881; x_wconf 82' lang='lat' dir='ltr'><strong>aut</strong></span> <span class='ocrx_word' id='word_1_158' title='bbox 897 2819 953 2901; x_wconf 92' lang='lat' dir='ltr'><strong>qui</strong></span> <span class='ocrx_word' id='word_1_159' title='bbox 976 2836 1024 2889; x_wconf 92' lang='lat' dir='ltr'><strong>ea,</strong></span> <span class='ocrx_word' id='word_1_160' title='bbox 1047 2836 1130 2899; x_wconf 88' lang='lat' dir='ltr'><strong>quae</strong></span> <span class='ocrx_word' id='word_1_161' title='bbox 1151 2825 1226 2882; x_wconf 89' lang='lat' dir='ltr'><strong>sunt</strong></span> <span class='ocrx_word' id='word_1_162' title='bbox 1247 2817 1296 2881; x_wconf 94' lang='lat' dir='ltr'><strong>bis</strong></span> <span class='ocrx_word' id='word_1_163' title='bbox 1319 2820 1486 2892; x_wconf 84' lang='lat' dir='ltr'><strong>contraria,</strong></span> <span class='ocrx_word' id='word_1_164' title='bbox 1509 2822 1660 2902; x_wconf 85' lang='lat' dir='ltr'><strong>aequitati</strong></span> <span class='ocrx_word' id='word_1_165' title='bbox 1674 2831 1767 2886; x_wconf 84' lang='lat' dir='ltr'><strong>ante-</strong></span> 
     </span>
     <span class='ocr_line' id='line_1_18' title="bbox 440 2910 1765 2998; baseline 0.005 -24"><span class='ocrx_word' id='word_1_166' title='bbox 440 2915 540 2994; x_wconf 78' lang='lat' dir='ltr'><strong>ponit.</strong></span> <span class='ocrx_word' id='word_1_167' title='bbox 582 2911 784 2994; x_wconf 80' lang='lat' dir='ltr'><strong>Maximeque</strong></span> <span class='ocrx_word' id='word_1_168' title='bbox 810 2910 1007 2979; x_wconf 83' lang='lat' dir='ltr'><strong>admirantur</strong></span> <span class='ocrx_word' id='word_1_169' title='bbox 1035 2929 1124 2984; x_wconf 92' lang='lat' dir='ltr'><strong>eum,</strong></span> <span class='ocrx_word' id='word_1_170' title='bbox 1154 2910 1208 2992; x_wconf 93' lang='lat' dir='ltr'><strong>qni</strong></span> <span class='ocrx_word' id='word_1_171' title='bbox 1238 2914 1371 2994; x_wconf 90' lang='lat' dir='ltr'><strong>pecunia</strong></span> <span class='ocrx_word' id='word_1_172' title='bbox 1400 2933 1464 2974; x_wconf 96' lang='lat' dir='ltr'><strong>non</strong></span> <span class='ocrx_word' id='word_1_173' title='bbox 1487 2921 1646 2977; x_wconf 80' lang='lat' dir='ltr'><strong>moretur:</strong></span> <span class='ocrx_word' id='word_1_174' title='bbox 1675 2916 1765 2998; x_wconf 92' lang='lat' dir='ltr'><strong>quod</strong></span> 
     </span>
     <span class='ocr_line' id='line_1_19' title="bbox 440 3003 1767 3093; baseline 0.003 -23"><span class='ocrx_word' id='word_1_175' title='bbox 440 3004 475 3077; x_wconf 75' lang='lat' dir='ltr'><strong>ia</strong></span> <span class='ocrx_word' id='word_1_176' title='bbox 503 3025 567 3088; x_wconf 84' lang='lat' dir='ltr'><strong>quo</strong></span> <span class='ocrx_word' id='word_1_177' title='bbox 596 3004 663 3071; x_wconf 85' lang='lat' dir='ltr'><strong>viro</strong></span> <span class='ocrx_word' id='word_1_178' title='bbox 691 3012 892 3087; x_wconf 88' lang='lat' dir='ltr'><strong>perspectum</strong></span> <span class='ocrx_word' id='word_1_179' title='bbox 921 3004 978 3079; x_wconf 89' lang='lat' dir='ltr'><strong>sit,</strong></span> <span class='ocrx_word' id='word_1_180' title='bbox 1010 3003 1096 3067; x_wconf 91' lang='lat' dir='ltr'><strong>hunc</strong></span> <span class='ocrx_word' id='word_1_181' title='bbox 1124 3004 1189 3085; x_wconf 90' lang='lat' dir='ltr'><strong>igni</strong></span> <span class='ocrx_word' id='word_1_182' title='bbox 1211 3012 1385 3087; x_wconf 89' lang='lat' dir='ltr'><strong>spectatum</strong></span> <span class='ocrx_word' id='word_1_183' title='bbox 1407 3006 1609 3070; x_wconf 86' lang='lat' dir='ltr'><strong>arbitrantur.</strong></span> <span class='ocrx_word' id='word_1_184' title='bbox 1653 3009 1767 3093; x_wconf 86' lang='lat' dir='ltr'><strong>ltaque</strong></span> 
     </span>
     <span class='ocr_line' id='line_1_20' title="bbox 440 3095 1767 3182; baseline 0.002 -18"><span class='ocrx_word' id='word_1_185' title='bbox 440 3096 494 3169; x_wconf 80' lang='lat' dir='ltr'><strong>illa</strong></span> <span class='ocrx_word' id='word_1_186' title='bbox 516 3095 585 3172; x_wconf 76' lang='lat' dir='ltr'><strong>uia,</strong></span> <span class='ocrx_word' id='word_1_187' title='bbox 606 3117 688 3182; x_wconf 88' lang='lat' dir='ltr'><strong>quae</strong></span> <span class='ocrx_word' id='word_1_188' title='bbox 710 3101 874 3182; x_wconf 87' lang='lat' dir='ltr'><strong>proposita</strong></span> <span class='ocrx_word' id='word_1_189' title='bbox 896 3099 1029 3162; x_wconf 88' lang='lat' dir='ltr'><strong>suntad</strong></span> <span class='ocrx_word' id='word_1_190' title='bbox 1053 3097 1196 3179; x_wconf 82' lang='lat' dir='ltr'><strong>gloriam,</strong></span> <span class='ocrx_word' id='word_1_191' title='bbox 1218 3099 1324 3163; x_wconf 92' lang='lat' dir='ltr'><strong>omnia</strong></span> <span class='ocrx_word' id='word_1_192' title='bbox 1340 3098 1459 3162; x_wconf 88' lang='lat' dir='ltr'><strong>iustitia</strong></span> <span class='ocrx_word' id='word_1_193' title='bbox 1474 3095 1608 3175; x_wconf 84' lang='lat' dir='ltr'><strong>coniicit,</strong></span> <span class='ocrx_word' id='word_1_194' title='bbox 1622 3111 1655 3166; x_wconf 89' lang='lat' dir='ltr'><strong>et</strong></span> <span class='ocrx_word' id='word_1_195' title='bbox 1669 3102 1767 3167; x_wconf 90' lang='lat' dir='ltr'><strong>bene-</strong></span> 
     </span>
     <span class='ocr_line' id='line_1_21' title="bbox 403 3190 1768 3275; baseline 0.006 -23"><span class='ocrx_word' id='word_1_196' title='bbox 403 3191 623 3267; x_wconf 68' lang='lat' dir='ltr'><strong>nevolentiam,</strong></span> <span class='ocrx_word' id='word_1_197' title='bbox 644 3193 732 3275; x_wconf 91' lang='lat' dir='ltr'><strong>quod</strong></span> <span class='ocrx_word' id='word_1_198' title='bbox 753 3191 905 3275; x_wconf 83' lang='lat' dir='ltr'><strong>prodesse</strong></span> <span class='ocrx_word' id='word_1_199' title='bbox 927 3191 995 3256; x_wconf 83' lang='lat' dir='ltr'><strong>vult</strong></span> <span class='ocrx_word' id='word_1_200' title='bbox 1016 3191 1173 3274; x_wconf 89' lang='lat' dir='ltr'><strong>plurimis,</strong></span> <span class='ocrx_word' id='word_1_201' title='bbox 1196 3199 1238 3254; x_wconf 85' lang='lat' dir='ltr'><strong>et</strong></span> <span class='ocrx_word' id='word_1_202' title='bbox 1251 3192 1292 3253; x_wconf 94' lang='lat' dir='ltr'><strong>ob</strong></span> <span class='ocrx_word' id='word_1_203' title='bbox 1314 3191 1446 3256; x_wconf 91' lang='lat' dir='ltr'><strong>eandem</strong></span> <span class='ocrx_word' id='word_1_204' title='bbox 1470 3212 1595 3256; x_wconf 89' lang='lat' dir='ltr'><strong>causam</strong></span> <span class='ocrx_word' id='word_1_205' title='bbox 1618 3190 1712 3260; x_wconf 84' lang='lat' dir='ltr'><strong>iidem</strong></span> <span class='ocrx_word' id='word_1_206' title='bbox 1735 3205 1768 3261; x_wconf 86' lang='lat' dir='ltr'><strong>et</strong></span> 
     </span>
     <span class='ocr_line' id='line_1_22' title="bbox 440 3284 1764 3370; baseline 0.004 -22"><span class='ocrx_word' id='word_1_207' title='bbox 440 3285 690 3359; x_wconf 79' lang='lat' dir='ltr'><strong>admirationem,</strong></span> <span class='ocrx_word' id='word_1_208' title='bbox 713 3286 800 3369; x_wconf 92' lang='lat' dir='ltr'><strong>quod</strong></span> <span class='ocrx_word' id='word_1_209' title='bbox 822 3306 876 3354; x_wconf 87' lang='lat' dir='ltr'><strong>eas</strong></span> <span class='ocrx_word' id='word_1_210' title='bbox 898 3305 949 3349; x_wconf 90' lang='lat' dir='ltr'><strong>res</strong></span> <span class='ocrx_word' id='word_1_211' title='bbox 972 3286 1092 3367; x_wconf 88' lang='lat' dir='ltr'><strong>spernit</strong></span> <span class='ocrx_word' id='word_1_212' title='bbox 1114 3292 1147 3347; x_wconf 91' lang='lat' dir='ltr'><strong>et</strong></span> <span class='ocrx_word' id='word_1_213' title='bbox 1168 3285 1315 3367; x_wconf 75' lang='lat' dir='ltr'><strong>neglegit,</strong></span> <span class='ocrx_word' id='word_1_214' title='bbox 1330 3284 1372 3349; x_wconf 92' lang='lat' dir='ltr'><strong>ad</strong></span> <span class='ocrx_word' id='word_1_215' title='bbox 1386 3306 1467 3370; x_wconf 89' lang='lat' dir='ltr'><strong>quas</strong></span> <span class='ocrx_word' id='word_1_216' title='bbox 1481 3286 1628 3370; x_wconf 88' lang='lat' dir='ltr'><strong>plerique</strong></span> <span class='ocrx_word' id='word_1_217' title='bbox 1643 3287 1764 3354; x_wconf 86' lang='lat' dir='ltr'><strong>indam·</strong></span> 
     </span>
     <span class='ocr_line' id='line_1_23' title="bbox 441 3378 886 3462; baseline -0.018 -13"><span class='ocrx_word' id='word_1_218' title='bbox 441 3380 517 3449; x_wconf 71' lang='lat' dir='ltr'><strong>mli</strong></span> <span class='ocrx_word' id='word_1_219' title='bbox 538 3378 688 3443; x_wconf 84' lang='lat' dir='ltr'><strong>aviditate</strong></span> <span class='ocrx_word' id='word_1_220' title='bbox 709 3380 886 3462; x_wconf 84' lang='lat' dir='ltr'><strong>rapiuntur.</strong></span> 
     </span>
     <span class='ocr_line' id='line_1_24' title="bbox 524 3470 1767 3556; baseline 0.006 -21"><span class='ocrx_word' id='word_1_221' title='bbox 524 3470 576 3536; x_wconf 82' lang='lat'><strong>39.</strong></span> <span class='ocrx_word' id='word_1_222' title='bbox 608 3476 653 3537; x_wconf 76' lang='lat' dir='ltr'><strong>dc</strong></span> <span class='ocrx_word' id='word_1_223' title='bbox 681 3492 750 3535; x_wconf 81' lang='lat' dir='ltr'><strong>mea</strong></span> <span class='ocrx_word' id='word_1_224' title='bbox 781 3473 910 3555; x_wconf 92' lang='lat' dir='ltr'><strong>quidem</strong></span> <span class='ocrx_word' id='word_1_225' title='bbox 941 3474 1098 3537; x_wconf 90' lang='lat' dir='ltr'><strong>sententia</strong></span> <span class='ocrx_word' id='word_1_226' title='bbox 1126 3474 1229 3538; x_wconf 90' lang='lat' dir='ltr'><strong>omnis</strong></span> <span class='ocrx_word' id='word_1_227' title='bbox 1257 3475 1338 3537; x_wconf 91' lang='lat' dir='ltr'><strong>ratio</strong></span> <span class='ocrx_word' id='word_1_228' title='bbox 1368 3482 1464 3556; x_wconf 90' lang='lat' dir='ltr'><strong>atque</strong></span> <span class='ocrx_word' id='word_1_229' title='bbox 1494 3474 1651 3542; x_wconf 85' lang='lat' dir='ltr'><strong>institutio</strong></span> <span class='ocrx_word' id='word_1_230' title='bbox 1681 3478 1767 3543; x_wconf 82' lang='lat' dir='ltr'><strong>ritae</strong></span> 
     </span>
     <span class='ocr_line' id='line_1_25' title="bbox 440 3565 1767 3655; baseline -0.001 -19"><span class='ocrx_word' id='word_1_231' title='bbox 440 3568 621 3636; x_wconf 81' lang='lat' dir='ltr'><strong>adiumenta</strong></span> <span class='ocrx_word' id='word_1_232' title='bbox 641 3565 803 3629; x_wconf 91' lang='lat' dir='ltr'><strong>bominum</strong></span> <span class='ocrx_word' id='word_1_233' title='bbox 826 3565 1000 3639; x_wconf 85' lang='lat' dir='ltr'><strong>desiderat,</strong></span> <span class='ocrx_word' id='word_1_234' title='bbox 1022 3568 1056 3629; x_wconf 91' lang='lat' dir='ltr'><strong>in</strong></span> <span class='ocrx_word' id='word_1_235' title='bbox 1076 3566 1269 3649; x_wconf 86' lang='lat' dir='ltr'><strong>primisque,</strong></span> <span class='ocrx_word' id='word_1_236' title='bbox 1292 3575 1327 3630; x_wconf 88' lang='lat' dir='ltr'><strong>nt</strong></span> <span class='ocrx_word' id='word_1_237' title='bbox 1347 3567 1462 3630; x_wconf 88' lang='lat' dir='ltr'><strong>babeat</strong></span> <span class='ocrx_word' id='word_1_238' title='bbox 1484 3566 1670 3650; x_wconf 83' lang='lat' dir='ltr'><strong>quibuscum</strong></span> <span class='ocrx_word' id='word_1_239' title='bbox 1692 3592 1767 3655; x_wconf 83' lang='lat' dir='ltr'><strong>pos·</strong></span> 
     </span>
     <span class='ocr_line' id='line_1_26' title="bbox 402 3657 1767 3749; baseline 0.007 -29"><span class='ocrx_word' id='word_1_240' title='bbox 402 3661 483 3729; x_wconf 77' lang='lat' dir='ltr'><strong>assit</strong></span> <span class='ocrx_word' id='word_1_241' title='bbox 501 3659 674 3729; x_wconf 73' lang='lat' dir='ltr'><strong>familiares</strong></span> <span class='ocrx_word' id='word_1_242' title='bbox 701 3659 844 3723; x_wconf 82' lang='lat' dir='ltr'><strong>conterre</strong></span> <span class='ocrx_word' id='word_1_243' title='bbox 871 3679 1051 3723; x_wconf 85' lang='lat' dir='ltr'><strong>sermones:</strong></span> <span class='ocrx_word' id='word_1_244' title='bbox 1082 3657 1170 3742; x_wconf 91' lang='lat' dir='ltr'><strong>quod</strong></span> <span class='ocrx_word' id='word_1_245' title='bbox 1198 3668 1246 3723; x_wconf 89' lang='lat' dir='ltr'><strong>est</strong></span> <span class='ocrx_word' id='word_1_246' title='bbox 1267 3658 1412 3734; x_wconf 87' lang='lat' dir='ltr'><strong>difficile,</strong></span> <span class='ocrx_word' id='word_1_247' title='bbox 1442 3661 1504 3724; x_wconf 91' lang='lat' dir='ltr'><strong>nisi</strong></span> <span class='ocrx_word' id='word_1_248' title='bbox 1527 3664 1667 3744; x_wconf 89' lang='lat' dir='ltr'><strong>speciem</strong></span> <span class='ocrx_word' id='word_1_249' title='bbox 1688 3686 1767 3749; x_wconf 85' lang='lat' dir='ltr'><strong>prae</strong></span> 
     </span>
     <span class='ocr_line' id='line_1_27' title="bbox 440 3751 1766 3839; baseline 0.002 -20"><span class='ocrx_word' id='word_1_250' title='bbox 440 3762 472 3822; x_wconf 84' lang='lat' dir='ltr'><strong>te</strong></span> <span class='ocrx_word' id='word_1_251' title='bbox 499 3753 575 3820; x_wconf 87' lang='lat' dir='ltr'><strong>boui</strong></span> <span class='ocrx_word' id='word_1_252' title='bbox 604 3753 664 3816; x_wconf 79' lang='lat' dir='ltr'><strong>siri</strong></span> <span class='ocrx_word' id='word_1_253' title='bbox 692 3751 785 3817; x_wconf 82' lang='lat' dir='ltr'><strong>ferae.</strong></span> <span class='ocrx_word' id='word_1_254' title='bbox 835 3754 919 3835; x_wconf 85' lang='lat' dir='ltr'><strong>Ergo</strong></span> <span class='ocrx_word' id='word_1_255' title='bbox 949 3754 1041 3817; x_wconf 89' lang='lat' dir='ltr'><strong>etiam</strong></span> <span class='ocrx_word' id='word_1_256' title='bbox 1072 3754 1214 3817; x_wconf 89' lang='lat' dir='ltr'><strong>solitario</strong></span> <span class='ocrx_word' id='word_1_257' title='bbox 1240 3753 1363 3818; x_wconf 90' lang='lat' dir='ltr'><strong>homini</strong></span> <span class='ocrx_word' id='word_1_258' title='bbox 1391 3763 1486 3838; x_wconf 90' lang='lat' dir='ltr'><strong>atque</strong></span> <span class='ocrx_word' id='word_1_259' title='bbox 1515 3758 1547 3819; x_wconf 91' lang='lat' dir='ltr'><strong>in</strong></span> <span class='ocrx_word' id='word_1_260' title='bbox 1570 3776 1645 3839; x_wconf 90' lang='lat' dir='ltr'><strong>agro</strong></span> <span class='ocrx_word' id='word_1_261' title='bbox 1668 3759 1766 3822; x_wconf 82' lang='lat' dir='ltr'><strong>vitam</strong></span> 
     </span>
     <span class='ocr_line' id='line_1_28' title="bbox 441 3845 1767 3932; baseline 0.002 -20"><span class='ocrx_word' id='word_1_262' title='bbox 441 3849 546 3930; x_wconf 81' lang='lat' dir='ltr'><strong>agenti</strong></span> <span class='ocrx_word' id='word_1_263' title='bbox 567 3846 677 3929; x_wconf 93' lang='lat' dir='ltr'><strong>opinio</strong></span> <span class='ocrx_word' id='word_1_264' title='bbox 699 3845 837 3910; x_wconf 90' lang='lat' dir='ltr'><strong>iustitiae</strong></span> <span class='ocrx_word' id='word_1_265' title='bbox 860 3848 1039 3910; x_wconf 90' lang='lat' dir='ltr'><strong>necessaria</strong></span> <span class='ocrx_word' id='word_1_266' title='bbox 1060 3855 1123 3920; x_wconf 91' lang='lat' dir='ltr'><strong>est,</strong></span> <span class='ocrx_word' id='word_1_267' title='bbox 1146 3867 1249 3930; x_wconf 90' lang='lat' dir='ltr'><strong>eoque</strong></span> <span class='ocrx_word' id='word_1_268' title='bbox 1271 3850 1366 3912; x_wconf 87' lang='lat' dir='ltr'><strong>etiam</strong></span> <span class='ocrx_word' id='word_1_269' title='bbox 1388 3851 1501 3932; x_wconf 89' lang='lat' dir='ltr'><strong>magis,</strong></span> <span class='ocrx_word' id='word_1_270' title='bbox 1525 3849 1624 3932; x_wconf 92' lang='lat' dir='ltr'><strong>quod,</strong></span> <span class='ocrx_word' id='word_1_271' title='bbox 1647 3872 1715 3915; x_wconf 89' lang='lat' dir='ltr'><strong>eam</strong></span> <span class='ocrx_word' id='word_1_272' title='bbox 1739 3853 1767 3915; x_wconf 89' lang='lat' dir='ltr'><strong>si</strong></span> 
     </span>
     <span class='ocr_line' id='line_1_29' title="bbox 440 3934 1767 4026; baseline 0.002 -21"><span class='ocrx_word' id='word_1_273' title='bbox 440 3961 506 4007; x_wconf 90' lang='lat' dir='ltr'><strong>nou</strong></span> <span class='ocrx_word' id='word_1_274' title='bbox 527 3939 702 4013; x_wconf 86' lang='lat' dir='ltr'><strong>babebunt,</strong></span> <span class='ocrx_word' id='word_1_275' title='bbox 727 3934 850 4023; x_wconf 87' lang='lat' dir='ltr'><strong>[iniusti</strong></span> <span class='ocrx_word' id='word_1_276' title='bbox 871 3935 1084 4022; x_wconf 83' lang='lat' dir='ltr'><strong>habebuntur]</strong></span> <span class='ocrx_word' id='word_1_277' title='bbox 1114 3942 1210 4004; x_wconf 89' lang='lat' dir='ltr'><strong>nullis</strong></span> <span class='ocrx_word' id='word_1_278' title='bbox 1239 3941 1405 4025; x_wconf 89' lang='lat' dir='ltr'><strong>praesidiis</strong></span> <span class='ocrx_word' id='word_1_279' title='bbox 1434 3944 1533 4026; x_wconf 88' lang='lat' dir='ltr'><strong>saepti</strong></span> <span class='ocrx_word' id='word_1_280' title='bbox 1564 3944 1670 4007; x_wconf 90' lang='lat' dir='ltr'><strong>multis</strong></span> <span class='ocrx_word' id='word_1_281' title='bbox 1696 3940 1767 4007; x_wconf 81' lang='lat' dir='ltr'><strong>alii-</strong></span> 
     </span>
     <span class='ocr_line' id='line_1_30' title="bbox 441 4028 1767 4119; baseline 0.001 -20"><span class='ocrx_word' id='word_1_282' title='bbox 441 4038 564 4102; x_wconf 86' lang='lat' dir='ltr'><strong>cientur</strong></span> <span class='ocrx_word' id='word_1_283' title='bbox 591 4033 724 4098; x_wconf 83' lang='lat' dir='ltr'><strong>iniuriis.</strong></span> <span class='ocrx_word' id='word_1_284' title='bbox 775 4028 824 4094; x_wconf 85' lang='lat' dir='ltr'><strong>to.</strong></span> <span class='ocrx_word' id='word_1_285' title='bbox 852 4035 957 4116; x_wconf 79' lang='lat' dir='ltr'><strong>Atque</strong></span> <span class='ocrx_word' id='word_1_286' title='bbox 983 4034 1023 4096; x_wconf 91' lang='lat' dir='ltr'><strong>iis</strong></span> <span class='ocrx_word' id='word_1_287' title='bbox 1051 4035 1162 4107; x_wconf 91' lang='lat' dir='ltr'><strong>etiam,</strong></span> <span class='ocrx_word' id='word_1_288' title='bbox 1192 4037 1247 4119; x_wconf 93' lang='lat' dir='ltr'><strong>qui</strong></span> <span class='ocrx_word' id='word_1_289' title='bbox 1270 4035 1409 4099; x_wconf 87' lang='lat' dir='ltr'><strong>vendunt</strong></span> <span class='ocrx_word' id='word_1_290' title='bbox 1431 4044 1556 4108; x_wconf 91' lang='lat' dir='ltr'><strong>emunt,</strong></span> <span class='ocrx_word' id='word_1_291' title='bbox 1586 4037 1767 4100; x_wconf 91' lang='lat' dir='ltr'><strong>conducunt</strong></span> 
     </span>
     <span class='ocr_line' id='line_1_31' title="bbox 400 4128 1766 4211; baseline 0.002 -20"><span class='ocrx_word' id='word_1_292' title='bbox 400 4131 545 4196; x_wconf 74' lang='lat' dir='ltr'><strong>alaeam</strong></span> <span class='ocrx_word' id='word_1_293' title='bbox 574 4128 859 4210; x_wconf 87' lang='lat' dir='ltr'><strong>contrahendisque</strong></span> <span class='ocrx_word' id='word_1_294' title='bbox 887 4129 1023 4208; x_wconf 87' lang='lat' dir='ltr'><strong>negotiis</strong></span> <span class='ocrx_word' id='word_1_295' title='bbox 1054 4129 1269 4211; x_wconf 87' lang='lat' dir='ltr'><strong>implicantur,</strong></span> <span class='ocrx_word' id='word_1_296' title='bbox 1298 4130 1417 4191; x_wconf 88' lang='lat' dir='ltr'><strong>iustitia</strong></span> <span class='ocrx_word' id='word_1_297' title='bbox 1445 4128 1572 4191; x_wconf 88' lang='lat' dir='ltr'><strong>adrem</strong></span> <span class='ocrx_word' id='word_1_298' title='bbox 1595 4129 1766 4210; x_wconf 86' lang='lat' dir='ltr'><strong>gerendam</strong></span> 
     </span>
     <span class='ocr_line' id='line_1_32' title="bbox 440 4220 1766 4305; baseline -0.002 -16"><span class='ocrx_word' id='word_1_299' title='bbox 440 4224 618 4289; x_wconf 86' lang='lat' dir='ltr'><strong>necessaria</strong></span> <span class='ocrx_word' id='word_1_300' title='bbox 640 4231 703 4295; x_wconf 88' lang='lat' dir='ltr'><strong>est,</strong></span> <span class='ocrx_word' id='word_1_301' title='bbox 734 4222 825 4284; x_wconf 90' lang='lat' dir='ltr'><strong>cuius</strong></span> <span class='ocrx_word' id='word_1_302' title='bbox 848 4229 933 4284; x_wconf 80' lang='grc'><strong>44444</strong></span> <span class='ocrx_word' id='word_1_303' title='bbox 956 4222 1003 4283; x_wconf 86' lang='lat' dir='ltr'><strong>vie</strong></span> <span class='ocrx_word' id='word_1_304' title='bbox 1026 4230 1090 4295; x_wconf 86' lang='lat' dir='ltr'><strong>eet,</strong></span> <span class='ocrx_word' id='word_1_305' title='bbox 1119 4231 1215 4285; x_wconf 92' lang='lat' dir='ltr'><strong>utne</strong></span> <span class='ocrx_word' id='word_1_306' title='bbox 1237 4222 1283 4286; x_wconf 94' lang='lat' dir='ltr'><strong>illi</strong></span> <span class='ocrx_word' id='word_1_307' title='bbox 1306 4223 1449 4304; x_wconf 88' lang='lat' dir='ltr'><strong>quidem,</strong></span> <span class='ocrx_word' id='word_1_308' title='bbox 1478 4223 1532 4305; x_wconf 94' lang='lat' dir='ltr'><strong>qui</strong></span> <span class='ocrx_word' id='word_1_309' title='bbox 1556 4220 1710 4285; x_wconf 83' lang='lat' dir='ltr'><strong>maleficio</strong></span> <span class='ocrx_word' id='word_1_310' title='bbox 1735 4231 1766 4286; x_wconf 91' lang='lat' dir='ltr'><strong>et</strong></span> 
     </span>
     <span class='ocr_line' id='line_1_33' title="bbox 440 4314 1765 4399; baseline -0.001 -18"><span class='ocrx_word' id='word_1_311' title='bbox 440 4318 561 4385; x_wconf 89' lang='lat' dir='ltr'><strong>scelere</strong></span> <span class='ocrx_word' id='word_1_312' title='bbox 583 4324 765 4399; x_wconf 91' lang='lat' dir='ltr'><strong>pascuntur,</strong></span> <span class='ocrx_word' id='word_1_313' title='bbox 787 4317 910 4398; x_wconf 87' lang='lat' dir='ltr'><strong>possint</strong></span> <span class='ocrx_word' id='word_1_314' title='bbox 932 4316 1001 4378; x_wconf 86' lang='lat' dir='ltr'><strong>aine</strong></span> <span class='ocrx_word' id='word_1_315' title='bbox 1024 4316 1090 4378; x_wconf 90' lang='lat' dir='ltr'><strong>ulla</strong></span> <span class='ocrx_word' id='word_1_316' title='bbox 1113 4314 1265 4397; x_wconf 89' lang='lat' dir='ltr'><strong>particula</strong></span> <span class='ocrx_word' id='word_1_317' title='bbox 1287 4317 1424 4378; x_wconf 87' lang='lat' dir='ltr'><strong>iustitiae</strong></span> <span class='ocrx_word' id='word_1_318' title='bbox 1447 4317 1564 4378; x_wconf 86' lang='lat' dir='ltr'><strong>vivere.</strong></span> <span class='ocrx_word' id='word_1_319' title='bbox 1609 4318 1685 4379; x_wconf 90' lang='lat' dir='ltr'><strong>Nam</strong></span> <span class='ocrx_word' id='word_1_320' title='bbox 1708 4319 1765 4399; x_wconf 93' lang='lat' dir='ltr'><strong>qui</strong></span> 
     </span>
     <span class='ocr_line' id='line_1_34' title="bbox 441 4407 1766 4492; baseline -0.003 -15"><span class='ocrx_word' id='word_1_321' title='bbox 441 4432 551 4478; x_wconf 87' lang='lat' dir='ltr'><strong>eorum</strong></span> <span class='ocrx_word' id='word_1_322' title='bbox 573 4411 720 4492; x_wconf 90' lang='lat' dir='ltr'><strong>cuipiam,</strong></span> <span class='ocrx_word' id='word_1_323' title='bbox 743 4409 797 4492; x_wconf 92' lang='lat' dir='ltr'><strong>qui</strong></span> <span class='ocrx_word' id='word_1_324' title='bbox 822 4428 883 4470; x_wconf 91' lang='lat' dir='ltr'><strong>una</strong></span> <span class='ocrx_word' id='word_1_325' title='bbox 906 4408 1142 4483; x_wconf 88' lang='lat' dir='ltr'><strong>latrocinantur,</strong></span> <span class='ocrx_word' id='word_1_326' title='bbox 1164 4408 1285 4472; x_wconf 81' lang='lat' dir='ltr'><strong>iuratur</strong></span> <span class='ocrx_word' id='word_1_327' title='bbox 1307 4408 1430 4491; x_wconf 91' lang='lat' dir='ltr'><strong>aliquid</strong></span> <span class='ocrx_word' id='word_1_328' title='bbox 1452 4418 1508 4472; x_wconf 89' lang='lat' dir='ltr'><strong>aut</strong></span> <span class='ocrx_word' id='word_1_329' title='bbox 1530 4410 1632 4492; x_wconf 85' lang='lat' dir='ltr'><strong>eripit,</strong></span> <span class='ocrx_word' id='word_1_330' title='bbox 1654 4410 1682 4472; x_wconf 88' lang='lat' dir='ltr'><strong>is</strong></span> <span class='ocrx_word' id='word_1_331' title='bbox 1704 4407 1766 4473; x_wconf 90' lang='lat' dir='ltr'><strong>sibi</strong></span> 
     </span>
     <span class='ocr_line' id='line_1_35' title="bbox 440 4501 1766 4585; baseline -0.002 -16"><span class='ocrx_word' id='word_1_332' title='bbox 440 4526 480 4569; x_wconf 92' lang='lat' dir='ltr'><strong>ne</strong></span> <span class='ocrx_word' id='word_1_333' title='bbox 508 4506 541 4567; x_wconf 94' lang='lat' dir='ltr'><strong>in</strong></span> <span class='ocrx_word' id='word_1_334' title='bbox 571 4502 735 4567; x_wconf 88' lang='lat' dir='ltr'><strong>latrocinio</strong></span> <span class='ocrx_word' id='word_1_335' title='bbox 766 4502 895 4585; x_wconf 92' lang='lat' dir='ltr'><strong>quidem</strong></span> <span class='ocrx_word' id='word_1_336' title='bbox 924 4503 1075 4583; x_wconf 89' lang='lat' dir='ltr'><strong>relinquit</strong></span> <span class='ocrx_word' id='word_1_337' title='bbox 1104 4502 1226 4574; x_wconf 89' lang='lat' dir='ltr'><strong>locum,</strong></span> <span class='ocrx_word' id='word_1_338' title='bbox 1256 4501 1310 4563; x_wconf 91' lang='lat' dir='ltr'><strong>ille</strong></span> <span class='ocrx_word' id='word_1_339' title='bbox 1339 4510 1460 4575; x_wconf 90' lang='lat' dir='ltr'><strong>autem,</strong></span> <span class='ocrx_word' id='word_1_340' title='bbox 1490 4504 1546 4585; x_wconf 93' lang='lat' dir='ltr'><strong>qui</strong></span> <span class='ocrx_word' id='word_1_341' title='bbox 1576 4503 1766 4584; x_wconf 87' lang='lat' dir='ltr'><strong>archipirata</strong></span> 
     </span>
     <span class='ocr_line' id='line_1_36' title="bbox 403 4595 1766 4679; baseline 0.004 -25"><span class='ocrx_word' id='word_1_342' title='bbox 403 4596 574 4672; x_wconf 81' lang='lat' dir='ltr'><strong>aedicitur,</strong></span> <span class='ocrx_word' id='word_1_343' title='bbox 604 4596 663 4659; x_wconf 90' lang='lat' dir='ltr'><strong>nisi</strong></span> <span class='ocrx_word' id='word_1_344' title='bbox 693 4596 902 4679; x_wconf 87' lang='lat' dir='ltr'><strong>aequabiliter</strong></span> <span class='ocrx_word' id='word_1_345' title='bbox 932 4597 1079 4678; x_wconf 88' lang='lat' dir='ltr'><strong>praedam</strong></span> <span class='ocrx_word' id='word_1_346' title='bbox 1110 4595 1293 4678; x_wconf 88' lang='lat' dir='ltr'><strong>dispertiat,</strong></span> <span class='ocrx_word' id='word_1_347' title='bbox 1322 4605 1377 4658; x_wconf 89' lang='lat' dir='ltr'><strong>aut</strong></span> <span class='ocrx_word' id='word_1_348' title='bbox 1404 4596 1609 4659; x_wconf 83' lang='lat' dir='ltr'><strong>interficiatur</strong></span> <span class='ocrx_word' id='word_1_349' title='bbox 1631 4616 1649 4658; x_wconf 90' lang='lat' dir='ltr'><strong>a</strong></span> <span class='ocrx_word' id='word_1_350' title='bbox 1670 4597 1766 4660; x_wconf 91' lang='lat' dir='ltr'><strong>sociis</strong></span> 
     </span>
     <span class='ocr_line' id='line_1_37' title="bbox 441 4689 1767 4774; baseline -0.001 -20"><span class='ocrx_word' id='word_1_351' title='bbox 441 4699 496 4755; x_wconf 85' lang='lat' dir='ltr'><strong>aut</strong></span> <span class='ocrx_word' id='word_1_352' title='bbox 516 4691 721 4774; x_wconf 89' lang='lat' dir='ltr'><strong>relinquatur.</strong></span> <span class='ocrx_word' id='word_1_353' title='bbox 766 4689 966 4763; x_wconf 88' lang='lat' dir='ltr'><strong>Quinetiam</strong></span> <span class='ocrx_word' id='word_1_354' title='bbox 990 4690 1075 4771; x_wconf 85' lang='lat' dir='ltr'><strong>leges</strong></span> <span class='ocrx_word' id='word_1_355' title='bbox 1098 4690 1254 4752; x_wconf 88' lang='lat' dir='ltr'><strong>latronum</strong></span> <span class='ocrx_word' id='word_1_356' title='bbox 1278 4710 1347 4751; x_wconf 91' lang='lat' dir='ltr'><strong>esse</strong></span> <span class='ocrx_word' id='word_1_357' title='bbox 1371 4689 1537 4762; x_wconf 88' lang='lat' dir='ltr'><strong>dicuntur,</strong></span> <span class='ocrx_word' id='word_1_358' title='bbox 1568 4691 1682 4772; x_wconf 90' lang='lat' dir='ltr'><strong>quibus</strong></span> <span class='ocrx_word' id='word_1_359' title='bbox 1710 4711 1767 4774; x_wconf 90' lang='lat' dir='ltr'><strong>pa·</strong></span> 
     </span>
     <span class='ocr_line' id='line_1_38' title="bbox 441 4782 1767 4868; baseline -0.001 -20"><span class='ocrx_word' id='word_1_360' title='bbox 441 4793 548 4859; x_wconf 88' lang='lat' dir='ltr'><strong>reant,</strong></span> <span class='ocrx_word' id='word_1_361' title='bbox 578 4804 657 4868; x_wconf 89' lang='lat' dir='ltr'><strong>quas</strong></span> <span class='ocrx_word' id='word_1_362' title='bbox 685 4784 862 4846; x_wconf 82' lang='lat' dir='ltr'><strong>observent.</strong></span> <span class='ocrx_word' id='word_1_363' title='bbox 906 4784 1017 4865; x_wconf 89' lang='lat' dir='ltr'><strong>ltaque</strong></span> <span class='ocrx_word' id='word_1_364' title='bbox 1041 4791 1167 4867; x_wconf 90' lang='lat' dir='ltr'><strong>propter</strong></span> <span class='ocrx_word' id='word_1_365' title='bbox 1188 4783 1385 4867; x_wconf 89' lang='lat' dir='ltr'><strong>aequabilem</strong></span> <span class='ocrx_word' id='word_1_366' title='bbox 1409 4782 1544 4866; x_wconf 89' lang='lat' dir='ltr'><strong>praedae</strong></span> <span class='ocrx_word' id='word_1_367' title='bbox 1566 4782 1767 4868; x_wconf 90' lang='lat' dir='ltr'><strong>partitionem</strong></span> 
     </span>
    </p>
   </div>
   <div class='ocr_carea' id='block_1_3' title="bbox 440 5052 1769 6016">
    <p class='ocr_par' dir='ltr' id='par_1_3' title="bbox 440 5052 1769 6016">
     <span class='ocr_line' id='line_1_39' title="bbox 507 5052 1769 5115; baseline -0.003 -8"><span class='ocrx_word' id='word_1_368' title='bbox 507 5054 618 5107; x_wconf 71' lang='lat' dir='ltr'><strong>llisll:</strong></span> <span class='ocrx_word' id='word_1_369' title='bbox 637 5052 852 5113; x_wconf 79' lang='lat' dir='ltr'><strong>bisllab,bi1&#39;ro</strong></span> <span class='ocrx_word' id='word_1_370' title='bbox 873 5078 896 5088; x_wconf 95' lang='lat'>-</span> <span class='ocrx_word' id='word_1_371' title='bbox 918 5052 1040 5102; x_wconf 69' lang='lat' dir='ltr'><strong>attan:</strong></span> <span class='ocrx_word' id='word_1_372' title='bbox 1059 5053 1094 5103; x_wconf 84' lang='grc'><strong>444</strong></span> <span class='ocrx_word' id='word_1_373' title='bbox 1114 5054 1144 5110; x_wconf 89' lang='lat' dir='ltr'><strong>ll,</strong></span> <span class='ocrx_word' id='word_1_374' title='bbox 1162 5054 1187 5102; x_wconf 87' lang='lat' dir='ltr'><strong>bi</strong></span> <span class='ocrx_word' id='word_1_375' title='bbox 1205 5066 1230 5111; x_wconf 82' lang='lat' dir='ltr'><strong>a,</strong></span> <span class='ocrx_word' id='word_1_376' title='bbox 1248 5053 1327 5114; x_wconf 83' lang='lat' dir='ltr'><strong>bijo;</strong></span> <span class='ocrx_word' id='word_1_377' title='bbox 1352 5054 1414 5103; x_wconf 90' lang='lat' dir='ltr'><strong>item</strong></span> <span class='ocrx_word' id='word_1_378' title='bbox 1432 5053 1601 5104; x_wconf 71' lang='grc'><strong>44444.-</strong></span> <span class='ocrx_word' id='word_1_379' title='bbox 1620 5055 1769 5115; x_wconf 74' lang='grc'><strong>444444444-</strong></span> 
     </span>
     <span class='ocr_line' id='line_1_40' title="bbox 441 5127 1765 5191; baseline -0.002 -9"><span class='ocrx_word' id='word_1_380' title='bbox 441 5138 498 5185; x_wconf 80' lang='grc' dir='ltr'>ιιιιι4</span> <span class='ocrx_word' id='word_1_381' title='bbox 513 5136 541 5181; x_wconf 85' lang='lat' dir='ltr'><strong>ut</strong></span> <span class='ocrx_word' id='word_1_382' title='bbox 557 5142 572 5180; x_wconf 88' lang='lat' dir='ltr'><strong>e</strong></span> <span class='ocrx_word' id='word_1_383' title='bbox 590 5154 617 5165; x_wconf 97' lang='lat'>-</span> <span class='ocrx_word' id='word_1_384' title='bbox 637 5129 660 5177; x_wconf 86' lang='grc'><strong>3.</strong></span> <span class='ocrx_word' id='word_1_385' title='bbox 675 5133 758 5177; x_wconf 70' lang='lat' dir='ltr'><strong>saum</strong></span> <span class='ocrx_word' id='word_1_386' title='bbox 775 5140 858 5190; x_wconf 82' lang='lat' dir='ltr'><strong>emp</strong></span> <span class='ocrx_word' id='word_1_387' title='bbox 879 5154 905 5164; x_wconf 96' lang='lat'><em>-</em></span> <span class='ocrx_word' id='word_1_388' title='bbox 925 5128 948 5179; x_wconf 87' lang='grc'><strong>4.</strong></span> <span class='ocrx_word' id='word_1_389' title='bbox 967 5130 1086 5191; x_wconf 68' lang='lat' dir='ltr'><strong>adficiunt</strong></span> <span class='ocrx_word' id='word_1_390' title='bbox 1104 5127 1256 5179; x_wconf 82' lang='lat' dir='ltr'><strong>Lambinus:</strong></span> <span class='ocrx_word' id='word_1_391' title='bbox 1279 5130 1431 5190; x_wconf 76' lang='lat' dir='ltr'><strong>adficiuntur</strong></span> <span class='ocrx_word' id='word_1_392' title='bbox 1444 5129 1484 5178; x_wconf 88' lang='lat' dir='ltr'><strong>Co</strong></span> <span class='ocrx_word' id='word_1_393' title='bbox 1504 5154 1531 5164; x_wconf 93' lang='lat'><em>-</em></span> <span class='ocrx_word' id='word_1_394' title='bbox 1550 5135 1574 5178; x_wconf 86' lang='grc'><strong>44</strong></span> <span class='ocrx_word' id='word_1_395' title='bbox 1590 5135 1642 5177; x_wconf 84' lang='lat' dir='ltr'><strong>tum</strong></span> <span class='ocrx_word' id='word_1_396' title='bbox 1659 5142 1674 5179; x_wconf 93' lang='lat' dir='ltr'><strong>o</strong></span> <span class='ocrx_word' id='word_1_397' title='bbox 1693 5155 1720 5166; x_wconf 93' lang='lat'><em>-</em></span> <span class='ocrx_word' id='word_1_398' title='bbox 1740 5130 1765 5181; x_wconf 82' lang='grc'><strong>6.</strong></span> 
     </span>
     <span class='ocr_line' id='line_1_41' title="bbox 440 5205 1766 5268; baseline 0.002 -14"><span class='ocrx_word' id='word_1_399' title='bbox 440 5208 546 5259; x_wconf 69' lang='lat' dir='ltr'><strong>notorie</strong></span> <span class='ocrx_word' id='word_1_400' title='bbox 553 5206 635 5268; x_wconf 79' lang='lat' dir='ltr'><strong>portis</strong></span> <span class='ocrx_word' id='word_1_401' title='bbox 645 5205 742 5253; x_wconf 75' lang='lat' dir='ltr'><strong>animoa</strong></span> <span class='ocrx_word' id='word_1_402' title='bbox 753 5215 767 5253; x_wconf 87' lang='lat' dir='ltr'><strong>e</strong></span> <span class='ocrx_word' id='word_1_403' title='bbox 780 5207 807 5253; x_wconf 87' lang='lat' dir='ltr'><strong>et</strong></span> <span class='ocrx_word' id='word_1_404' title='bbox 818 5205 1018 5266; x_wconf 87' lang='lat' dir='ltr'><strong>Cbapmannus:</strong></span> <span class='ocrx_word' id='word_1_405' title='bbox 1037 5205 1146 5253; x_wconf 82' lang='lat' dir='ltr'><strong>maiorer</strong></span> <span class='ocrx_word' id='word_1_406' title='bbox 1155 5207 1239 5266; x_wconf 76' lang='lat' dir='ltr'><strong>portis</strong></span> <span class='ocrx_word' id='word_1_407' title='bbox 1248 5205 1328 5252; x_wconf 86' lang='lat' dir='ltr'><strong>animi</strong></span> <span class='ocrx_word' id='word_1_408' title='bbox 1340 5205 1367 5261; x_wconf 85' lang='grc' dir='ltr'><strong>Β,</strong></span> <span class='ocrx_word' id='word_1_409' title='bbox 1386 5205 1494 5253; x_wconf 84' lang='lat' dir='ltr'><strong>maiores</strong></span> <span class='ocrx_word' id='word_1_410' title='bbox 1502 5210 1588 5265; x_wconf 74' lang='lat' dir='ltr'><strong>portes</strong></span> <span class='ocrx_word' id='word_1_411' title='bbox 1598 5205 1676 5253; x_wconf 80' lang='grc'><strong>444444</strong></span> <span class='ocrx_word' id='word_1_412' title='bbox 1690 5205 1766 5256; x_wconf 83' lang='lat' dir='ltr'><strong>ttsb.</strong></span> 
     </span>
     <span class='ocr_line' id='line_1_42' title="bbox 443 5278 1768 5346; baseline -0.004 -12"><span class='ocrx_word' id='word_1_413' title='bbox 443 5284 483 5336; x_wconf 87' lang='lat' dir='ltr'><strong>Cl.</strong></span> <span class='ocrx_word' id='word_1_414' title='bbox 502 5284 512 5332; x_wconf 92' lang='lat'><em>1</em></span> <span class='ocrx_word' id='word_1_415' title='bbox 530 5280 613 5346; x_wconf 74' lang='lat' dir='ltr'><strong>salt.</strong></span> <span class='ocrx_word' id='word_1_416' title='bbox 634 5305 662 5317; x_wconf 91' lang='lat'>-</span> <span class='ocrx_word' id='word_1_417' title='bbox 686 5279 711 5328; x_wconf 83' lang='grc'><strong>44.</strong></span> <span class='ocrx_word' id='word_1_418' title='bbox 730 5292 812 5328; x_wconf 79' lang='lat' dir='ltr'><strong>munes</strong></span> <span class='ocrx_word' id='word_1_419' title='bbox 829 5291 910 5328; x_wconf 86' lang='lat' dir='ltr'><strong>omo</strong></span> <span class='ocrx_word' id='word_1_420' title='bbox 931 5305 956 5313; x_wconf 88' lang='lat'>-</span> <span class='ocrx_word' id='word_1_421' title='bbox 978 5280 1017 5328; x_wconf 87' lang='lat' dir='ltr'><strong>lt).</strong></span> <span class='ocrx_word' id='word_1_422' title='bbox 1036 5292 1141 5339; x_wconf 85' lang='lat' dir='ltr'><strong>cumque</strong></span> <span class='ocrx_word' id='word_1_423' title='bbox 1158 5281 1192 5329; x_wconf 89' lang='lat' dir='ltr'><strong>C:</strong></span> <span class='ocrx_word' id='word_1_424' title='bbox 1211 5293 1268 5328; x_wconf 85' lang='lat' dir='ltr'><strong>cum</strong></span> <span class='ocrx_word' id='word_1_425' title='bbox 1285 5278 1335 5327; x_wconf 85' lang='lat' dir='ltr'><strong>alii.</strong></span> <span class='ocrx_word' id='word_1_426' title='bbox 1358 5305 1384 5314; x_wconf 92' lang='lat'>—</span> <span class='ocrx_word' id='word_1_427' title='bbox 1403 5278 1441 5328; x_wconf 79' lang='lat' dir='ltr'><strong>liis</strong></span> <span class='ocrx_word' id='word_1_428' title='bbox 1460 5279 1509 5334; x_wconf 83' lang='lat' dir='ltr'><strong>lla.</strong></span> <span class='ocrx_word' id='word_1_429' title='bbox 1528 5279 1606 5340; x_wconf 81' lang='lat' dir='ltr'><strong>bijro</strong></span> <span class='ocrx_word' id='word_1_430' title='bbox 1627 5305 1652 5314; x_wconf 82' lang='lat'><em>-</em></span> <span class='ocrx_word' id='word_1_431' title='bbox 1672 5279 1768 5329; x_wconf 81' lang='lat' dir='ltr'><strong>obiecto</strong></span> 
     </span>
     <span class='ocr_line' id='line_1_43' title="bbox 442 5353 1768 5416; baseline -0.007 -4"><span class='ocrx_word' id='word_1_432' title='bbox 442 5371 472 5412; x_wconf 77' lang='lat' dir='ltr'><strong>e:</strong></span> <span class='ocrx_word' id='word_1_433' title='bbox 491 5357 584 5407; x_wconf 76' lang='grc'><strong>4444444</strong></span> <span class='ocrx_word' id='word_1_434' title='bbox 600 5360 636 5404; x_wconf 80' lang='lat' dir='ltr'><strong>eet</strong></span> <span class='ocrx_word' id='word_1_435' title='bbox 653 5355 764 5409; x_wconf 85' lang='lat' dir='ltr'><strong>Bllabo</strong></span> <span class='ocrx_word' id='word_1_436' title='bbox 783 5378 810 5388; x_wconf 91' lang='lat'>-</span> <span class='ocrx_word' id='word_1_437' title='bbox 831 5354 870 5402; x_wconf 79' lang='lat' dir='ltr'><strong>td.</strong></span> <span class='ocrx_word' id='word_1_438' title='bbox 884 5368 943 5415; x_wconf 78' lang='lat' dir='ltr'><strong>ergo</strong></span> <span class='ocrx_word' id='word_1_439' title='bbox 954 5355 1047 5404; x_wconf 84' lang='lat' dir='ltr'><strong>etbnec</strong></span> <span class='ocrx_word' id='word_1_440' title='bbox 1059 5356 1218 5415; x_wconf 79' lang='lat' dir='ltr'><strong>despicientia</strong></span> <span class='ocrx_word' id='word_1_441' title='bbox 1230 5379 1243 5389; x_wconf 94' lang='lat'>-</span> <span class='ocrx_word' id='word_1_442' title='bbox 1255 5380 1269 5389; x_wconf 95' lang='lat'>-</span> <span class='ocrx_word' id='word_1_443' title='bbox 1279 5354 1343 5413; x_wconf 77' lang='lat' dir='ltr'><strong>facit</strong></span> <span class='ocrx_word' id='word_1_444' title='bbox 1360 5354 1458 5402; x_wconf 86' lang='lat' dir='ltr'><strong>Nonius</strong></span> <span class='ocrx_word' id='word_1_445' title='bbox 1475 5366 1501 5416; x_wconf 89' lang='lat' dir='ltr'><strong>p.</strong></span> <span class='ocrx_word' id='word_1_446' title='bbox 1512 5353 1572 5406; x_wconf 61' lang='lat'><strong>20&amp;</strong></span> <span class='ocrx_word' id='word_1_447' title='bbox 1592 5366 1651 5415; x_wconf 80' lang='lat' dir='ltr'><strong>erqo</strong></span> <span class='ocrx_word' id='word_1_448' title='bbox 1667 5358 1690 5401; x_wconf 86' lang='lat' dir='ltr'><strong>st</strong></span> <span class='ocrx_word' id='word_1_449' title='bbox 1706 5355 1768 5403; x_wconf 82' lang='grc'><strong>4444</strong></span> 
     </span>
     <span class='ocr_line' id='line_1_44' title="bbox 442 5427 1765 5493; baseline -0.005 -9"><span class='ocrx_word' id='word_1_450' title='bbox 442 5434 522 5484; x_wconf 74' lang='lat' dir='ltr'><strong>ociosi</strong></span> <span class='ocrx_word' id='word_1_451' title='bbox 538 5431 694 5493; x_wconf 65' lang='grc'><strong>4444444444</strong></span> <span class='ocrx_word' id='word_1_452' title='bbox 705 5455 741 5466; x_wconf 91' lang='grc'><strong>--</strong></span> <span class='ocrx_word' id='word_1_453' title='bbox 752 5429 813 5492; x_wconf 69' lang='lat' dir='ltr'><strong>facit</strong></span> <span class='ocrx_word' id='word_1_454' title='bbox 830 5427 902 5478; x_wconf 86' lang='lat' dir='ltr'><strong>idem</strong></span> <span class='ocrx_word' id='word_1_455' title='bbox 920 5442 944 5491; x_wconf 85' lang='lat' dir='ltr'><strong>p.</strong></span> <span class='ocrx_word' id='word_1_456' title='bbox 957 5428 1014 5479; x_wconf 81' lang='grc'><strong>490.</strong></span> <span class='ocrx_word' id='word_1_457' title='bbox 1036 5456 1062 5464; x_wconf 94' lang='grc'><strong>-</strong></span> <span class='ocrx_word' id='word_1_458' title='bbox 1083 5430 1123 5478; x_wconf 85' lang='grc'><strong>43.</strong></span> <span class='ocrx_word' id='word_1_459' title='bbox 1140 5429 1196 5477; x_wconf 79' lang='lat' dir='ltr'><strong>boos·</strong></span> <span class='ocrx_word' id='word_1_460' title='bbox 1213 5429 1264 5476; x_wconf 83' lang='lat' dir='ltr'><strong>ciri</strong></span> <span class='ocrx_word' id='word_1_461' title='bbox 1282 5439 1296 5476; x_wconf 90' lang='lat' dir='ltr'><strong>o</strong></span> <span class='ocrx_word' id='word_1_462' title='bbox 1317 5453 1343 5462; x_wconf 93' lang='lat'><em>-</em></span> <span class='ocrx_word' id='word_1_463' title='bbox 1365 5429 1403 5476; x_wconf 80' lang='lat' dir='ltr'><strong>te.</strong></span> <span class='ocrx_word' id='word_1_464' title='bbox 1423 5428 1500 5475; x_wconf 82' lang='lat' dir='ltr'><strong>Nemo</strong></span> <span class='ocrx_word' id='word_1_465' title='bbox 1517 5428 1596 5476; x_wconf 84' lang='lat' dir='ltr'><strong>iustus</strong></span> <span class='ocrx_word' id='word_1_466' title='bbox 1611 5432 1690 5489; x_wconf 82' lang='lat' dir='ltr'><strong>potest</strong></span> <span class='ocrx_word' id='word_1_467' title='bbox 1705 5442 1765 5489; x_wconf 71' lang='grc'><strong>4444,</strong></span> 
     </span>
     <span class='ocr_line' id='line_1_45' title="bbox 442 5502 1768 5572; baseline -0.002 -16"><span class='ocrx_word' id='word_1_468' title='bbox 442 5508 676 5572; x_wconf 78' lang='lat' dir='ltr'><strong>qui--egestatem</strong></span> <span class='ocrx_word' id='word_1_469' title='bbox 691 5506 760 5561; x_wconf 82' lang='lat' dir='ltr'><strong>timet</strong></span> <span class='ocrx_word' id='word_1_470' title='bbox 777 5504 926 5553; x_wconf 83' lang='lat' dir='ltr'><strong>Lactantius</strong></span> <span class='ocrx_word' id='word_1_471' title='bbox 946 5503 1027 5552; x_wconf 88' lang='lat' dir='ltr'><strong>lnstit.</strong></span> <span class='ocrx_word' id='word_1_472' title='bbox 1047 5503 1126 5552; x_wconf 88' lang='lat' dir='ltr'><strong>divin.</strong></span> <span class='ocrx_word' id='word_1_473' title='bbox 1147 5503 1187 5561; x_wconf 89' lang='lat' dir='ltr'><strong>Vt,</strong></span> <span class='ocrx_word' id='word_1_474' title='bbox 1202 5504 1241 5552; x_wconf 82' lang='grc'><strong>47.</strong></span> <span class='ocrx_word' id='word_1_475' title='bbox 1264 5530 1289 5539; x_wconf 86' lang='lat'>-</span> <span class='ocrx_word' id='word_1_476' title='bbox 1313 5504 1378 5551; x_wconf 84' lang='lat' dir='ltr'><strong>enim</strong></span> <span class='ocrx_word' id='word_1_477' title='bbox 1395 5502 1478 5551; x_wconf 89' lang='lat' dir='ltr'><strong>om.b</strong></span> <span class='ocrx_word' id='word_1_478' title='bbox 1499 5529 1525 5539; x_wconf 93' lang='lat'><em>-</em></span> <span class='ocrx_word' id='word_1_479' title='bbox 1552 5504 1591 5552; x_wconf 78' lang='grc'><strong>44.</strong></span> <span class='ocrx_word' id='word_1_480' title='bbox 1610 5505 1768 5554; x_wconf 80' lang='lat' dir='ltr'><strong>admirentur</strong></span> 
     </span>
     <span class='ocr_line' id='line_1_46' title="bbox 442 5577 1768 5642; baseline -0.005 -8"><span class='ocrx_word' id='word_1_481' title='bbox 442 5583 469 5642; x_wconf 92' lang='lat' dir='ltr'><strong>b,</strong></span> <span class='ocrx_word' id='word_1_482' title='bbox 488 5582 653 5632; x_wconf 70' lang='lat' dir='ltr'><strong>mansur</strong></span> <span class='ocrx_word' id='word_1_483' title='bbox 670 5579 702 5636; x_wconf 84' lang='lat' dir='ltr'><strong>ll,</strong></span> <span class='ocrx_word' id='word_1_484' title='bbox 720 5578 860 5627; x_wconf 72' lang='lat' dir='ltr'><strong>ominetur</strong></span> <span class='ocrx_word' id='word_1_485' title='bbox 877 5577 895 5626; x_wconf 88' lang='grc' dir='ltr'><strong>Β</strong></span> <span class='ocrx_word' id='word_1_486' title='bbox 920 5603 946 5610; x_wconf 87' lang='grc'><strong>-</strong></span> <span class='ocrx_word' id='word_1_487' title='bbox 973 5577 1012 5626; x_wconf 89' lang='grc'><strong>48.</strong></span> <span class='ocrx_word' id='word_1_488' title='bbox 1031 5579 1098 5640; x_wconf 74' lang='lat' dir='ltr'><strong>ipsis</strong></span> <span class='ocrx_word' id='word_1_489' title='bbox 1114 5583 1250 5639; x_wconf 83' lang='lat' dir='ltr'><strong>spectatum</strong></span> <span class='ocrx_word' id='word_1_490' title='bbox 1267 5578 1302 5633; x_wconf 88' lang='grc' dir='ltr'><strong>Η;</strong></span> <span class='ocrx_word' id='word_1_491' title='bbox 1326 5578 1378 5639; x_wconf 76' lang='lat' dir='ltr'><strong>iqui</strong></span> <span class='ocrx_word' id='word_1_492' title='bbox 1393 5578 1526 5638; x_wconf 83' lang='lat' dir='ltr'><strong>probatum</strong></span> <span class='ocrx_word' id='word_1_493' title='bbox 1543 5589 1558 5625; x_wconf 91' lang='lat' dir='ltr'><strong>o</strong></span> <span class='ocrx_word' id='word_1_494' title='bbox 1585 5604 1609 5614; x_wconf 92' lang='lat'>-</span> <span class='ocrx_word' id='word_1_495' title='bbox 1639 5579 1678 5627; x_wconf 81' lang='grc'><strong>49.</strong></span> <span class='ocrx_word' id='word_1_496' title='bbox 1697 5579 1768 5629; x_wconf 76' lang='lat' dir='ltr'><strong>besi-</strong></span> 
     </span>
     <span class='ocr_line' id='line_1_47' title="bbox 442 5651 1765 5714; baseline -0.002 -7"><span class='ocrx_word' id='word_1_497' title='bbox 442 5656 578 5707; x_wconf 73' lang='lat' dir='ltr'><strong>ttoleatioss</strong></span> <span class='ocrx_word' id='word_1_498' title='bbox 594 5667 622 5704; x_wconf 93' lang='lat' dir='ltr'><strong>o:</strong></span> <span class='ocrx_word' id='word_1_499' title='bbox 641 5653 805 5703; x_wconf 67' lang='lat' dir='ltr'><strong>beniuolestie</strong></span> <span class='ocrx_word' id='word_1_500' title='bbox 823 5652 914 5703; x_wconf 85' lang='lat' dir='ltr'><strong>Blleb</strong></span> <span class='ocrx_word' id='word_1_501' title='bbox 930 5677 964 5688; x_wconf 91' lang='lat'>-</span> <span class='ocrx_word' id='word_1_502' title='bbox 980 5652 1020 5701; x_wconf 73' lang='lat'><strong>23.</strong></span> <span class='ocrx_word' id='word_1_503' title='bbox 1040 5654 1138 5714; x_wconf 85' lang='lat' dir='ltr'><strong>quidem</strong></span> <span class='ocrx_word' id='word_1_504' title='bbox 1155 5664 1239 5703; x_wconf 81' lang='lat' dir='ltr'><strong>ome</strong></span> <span class='ocrx_word' id='word_1_505' title='bbox 1257 5678 1283 5687; x_wconf 94' lang='lat'>—</span> <span class='ocrx_word' id='word_1_506' title='bbox 1302 5651 1342 5701; x_wconf 70' lang='grc'><strong>44.</strong></span> <span class='ocrx_word' id='word_1_507' title='bbox 1362 5653 1507 5701; x_wconf 78' lang='lat' dir='ltr'><strong>adiumento</strong></span> <span class='ocrx_word' id='word_1_508' title='bbox 1522 5653 1627 5701; x_wconf 76' lang='grc'><strong>44444444</strong></span> <span class='ocrx_word' id='word_1_509' title='bbox 1643 5665 1657 5702; x_wconf 90' lang='grc'><strong>4</strong></span> <span class='ocrx_word' id='word_1_510' title='bbox 1676 5679 1701 5688; x_wconf 98' lang='grc'>-</span> <span class='ocrx_word' id='word_1_511' title='bbox 1722 5656 1765 5704; x_wconf 78' lang='lat'><strong>26.</strong></span> 
     </span>
     <span class='ocr_line' id='line_1_48' title="bbox 442 5726 1766 5788; baseline -0.003 -6"><span class='ocrx_word' id='word_1_512' title='bbox 442 5732 535 5782; x_wconf 72' lang='grc'><strong>4444444</strong></span> <span class='ocrx_word' id='word_1_513' title='bbox 551 5743 634 5781; x_wconf 75' lang='lat' dir='ltr'><strong>omo</strong></span> <span class='ocrx_word' id='word_1_514' title='bbox 653 5755 679 5767; x_wconf 92' lang='lat'><em>-</em></span> <span class='ocrx_word' id='word_1_515' title='bbox 699 5729 739 5779; x_wconf 76' lang='lat'><strong>28.</strong></span> <span class='ocrx_word' id='word_1_516' title='bbox 758 5728 888 5787; x_wconf 77' lang='grc'><strong>44444444,</strong></span> <span class='ocrx_word' id='word_1_517' title='bbox 901 5728 975 5777; x_wconf 81' lang='lat' dir='ltr'><strong>nattis</strong></span> <span class='ocrx_word' id='word_1_518' title='bbox 987 5726 1161 5777; x_wconf 81' lang='lat' dir='ltr'><strong>fasciolatus:</strong></span> <span class='ocrx_word' id='word_1_519' title='bbox 1181 5726 1301 5775; x_wconf 79' lang='grc'><strong>44444444</strong></span> <span class='ocrx_word' id='word_1_520' title='bbox 1317 5727 1403 5774; x_wconf 81' lang='lat' dir='ltr'><strong>iniusti</strong></span> <span class='ocrx_word' id='word_1_521' title='bbox 1419 5726 1573 5775; x_wconf 81' lang='lat' dir='ltr'><strong>bcbsbuatur</strong></span> <span class='ocrx_word' id='word_1_522' title='bbox 1589 5728 1663 5776; x_wconf 78' lang='lat' dir='ltr'><strong>sellie</strong></span> <span class='ocrx_word' id='word_1_523' title='bbox 1679 5728 1766 5788; x_wconf 78' lang='lat' dir='ltr'><strong>llllb;</strong></span> 
     </span>
     <span class='ocr_line' id='line_1_49' title="bbox 443 5800 1765 5862; baseline -0.003 -5"><span class='ocrx_word' id='word_1_524' title='bbox 443 5806 564 5857; x_wconf 65' lang='lat' dir='ltr'><strong>mut</strong></span> <span class='ocrx_word' id='word_1_525' title='bbox 579 5806 666 5855; x_wconf 77' lang='lat' dir='ltr'><strong>isiuttl</strong></span> <span class='ocrx_word' id='word_1_526' title='bbox 681 5803 835 5854; x_wconf 72' lang='grc'><strong>4444444444·</strong></span> <span class='ocrx_word' id='word_1_527' title='bbox 850 5808 873 5854; x_wconf 82' lang='grc'><strong>44</strong></span> <span class='ocrx_word' id='word_1_528' title='bbox 889 5803 965 5852; x_wconf 76' lang='lat' dir='ltr'><strong>asellis</strong></span> <span class='ocrx_word' id='word_1_529' title='bbox 986 5815 1044 5859; x_wconf 83' lang='lat' dir='ltr'><strong>ao;</strong></span> <span class='ocrx_word' id='word_1_530' title='bbox 1071 5800 1193 5851; x_wconf 78' lang='grc'><strong>44444444</strong></span> <span class='ocrx_word' id='word_1_531' title='bbox 1210 5802 1343 5862; x_wconf 76' lang='lat' dir='ltr'><strong>iniustique</strong></span> <span class='ocrx_word' id='word_1_532' title='bbox 1358 5800 1514 5850; x_wconf 73' lang='lat' dir='ltr'><strong>habebuntur</strong></span> <span class='ocrx_word' id='word_1_533' title='bbox 1529 5802 1603 5850; x_wconf 81' lang='lat' dir='ltr'><strong>nullis</strong></span> <span class='ocrx_word' id='word_1_534' title='bbox 1623 5813 1639 5851; x_wconf 84' lang='lat' dir='ltr'><strong>o</strong></span> <span class='ocrx_word' id='word_1_535' title='bbox 1667 5829 1692 5838; x_wconf 98' lang='lat'><em>-</em></span> <span class='ocrx_word' id='word_1_536' title='bbox 1723 5803 1765 5855; x_wconf 75' lang='lat'><strong>29.</strong></span> 
     </span>
     <span class='ocr_line' id='line_1_50' title="bbox 443 5876 1766 5941; baseline -0.005 -9"><span class='ocrx_word' id='word_1_537' title='bbox 443 5880 481 5932; x_wconf 80' lang='grc'><strong>444</strong></span> <span class='ocrx_word' id='word_1_538' title='bbox 497 5882 614 5937; x_wconf 66' lang='lat' dir='ltr'><strong>lilim</strong></span> <span class='ocrx_word' id='word_1_539' title='bbox 640 5892 694 5930; x_wconf 89' lang='lat' dir='ltr'><strong>orn.</strong></span> <span class='ocrx_word' id='word_1_540' title='bbox 713 5891 729 5930; x_wconf 87' lang='lat' dir='ltr'><strong>o</strong></span> <span class='ocrx_word' id='word_1_541' title='bbox 748 5905 775 5915; x_wconf 96' lang='lat'><em>-</em></span> <span class='ocrx_word' id='word_1_542' title='bbox 799 5878 840 5928; x_wconf 83' lang='lat'><strong>30.</strong></span> <span class='ocrx_word' id='word_1_543' title='bbox 856 5891 911 5928; x_wconf 81' lang='lat' dir='ltr'><strong>rem</strong></span> <span class='ocrx_word' id='word_1_544' title='bbox 926 5879 1060 5941; x_wconf 74' lang='lat' dir='ltr'><strong>regmdom</strong></span> <span class='ocrx_word' id='word_1_545' title='bbox 1077 5877 1131 5928; x_wconf 73' lang='grc'><strong>844</strong></span> <span class='ocrx_word' id='word_1_546' title='bbox 1157 5903 1181 5911; x_wconf 91' lang='grc'>-</span> <span class='ocrx_word' id='word_1_547' title='bbox 1207 5876 1247 5926; x_wconf 83' lang='grc'><strong>34.</strong></span> <span class='ocrx_word' id='word_1_548' title='bbox 1266 5877 1456 5927; x_wconf 75' lang='lat' dir='ltr'><strong>mcessoriertb</strong></span> <span class='ocrx_word' id='word_1_549' title='bbox 1475 5902 1507 5913; x_wconf 94' lang='lat'>-</span> <span class='ocrx_word' id='word_1_550' title='bbox 1529 5876 1569 5926; x_wconf 78' lang='grc'><strong>34.</strong></span> <span class='ocrx_word' id='word_1_551' title='bbox 1589 5880 1717 5938; x_wconf 72' lang='lat' dir='ltr'><strong>poscente</strong></span> <span class='ocrx_word' id='word_1_552' title='bbox 1738 5903 1766 5915; x_wconf 95' lang='lat'>-</span> 
     </span>
     <span class='ocr_line' id='line_1_51' title="bbox 445 5950 1675 6016; baseline -0.004 -10"><span class='ocrx_word' id='word_1_553' title='bbox 445 5953 486 6006; x_wconf 82' lang='grc'><strong>34.</strong></span> <span class='ocrx_word' id='word_1_554' title='bbox 503 5954 637 6016; x_wconf 71' lang='lat' dir='ltr'><strong>retum</strong></span> <span class='ocrx_word' id='word_1_555' title='bbox 660 5981 688 5994; x_wconf 91' lang='lat'><strong>·-</strong></span> <span class='ocrx_word' id='word_1_556' title='bbox 711 5954 752 6007; x_wconf 76' lang='lat' dir='ltr'><strong>att</strong></span> <span class='ocrx_word' id='word_1_557' title='bbox 768 5954 796 6005; x_wconf 77' lang='lat' dir='ltr'><strong>sl</strong></span> <span class='ocrx_word' id='word_1_558' title='bbox 812 5965 830 6004; x_wconf 81' lang='lat' dir='ltr'><strong>a</strong></span> <span class='ocrx_word' id='word_1_559' title='bbox 847 5979 875 5993; x_wconf 89' lang='lat'><em>-</em></span> <span class='ocrx_word' id='word_1_560' title='bbox 894 5953 1015 6016; x_wconf 75' lang='grc'><strong>44444444</strong></span> <span class='ocrx_word' id='word_1_561' title='bbox 1031 5964 1046 6003; x_wconf 85' lang='grc'><strong>4</strong></span> <span class='ocrx_word' id='word_1_562' title='bbox 1065 5979 1093 5991; x_wconf 88' lang='grc'>-</span> <span class='ocrx_word' id='word_1_563' title='bbox 1112 5953 1278 6016; x_wconf 62' lang='grc'><strong>4444444444</strong></span> <span class='ocrx_word' id='word_1_564' title='bbox 1293 5957 1338 6002; x_wconf 84' lang='lat' dir='ltr'><strong>cal</strong></span> <span class='ocrx_word' id='word_1_565' title='bbox 1354 5965 1371 6002; x_wconf 89' lang='lat' dir='ltr'><strong>a</strong></span> <span class='ocrx_word' id='word_1_566' title='bbox 1387 5952 1460 6002; x_wconf 82' lang='lat' dir='ltr'><strong>sociis</strong></span> <span class='ocrx_word' id='word_1_567' title='bbox 1474 5950 1634 6015; x_wconf 80' lang='lat' dir='ltr'><strong>retiaqaatur</strong></span> <span class='ocrx_word' id='word_1_568' title='bbox 1650 5962 1675 6001; x_wconf 88' lang='grc'><strong>4.</strong></span> 
     </span>
    </p>
   </div>
   <div class='ocr_carea' id='block_1_4' title="bbox 0 0 2181 7459">
    <p class='ocr_par' dir='ltr' id='par_1_4' title="bbox 0 0 2181 7459">
     <span class='ocr_line' id='line_1_52' title="bbox 0 0 2181 7459; baseline 0 0"><span class='ocrx_word' id='word_1_569' title='bbox 0 0 2181 7459; x_wconf 95' lang='lat' dir='ltr'><strong> </strong></span> 
     </span>
    </p>
   </div>
  </div>
 </body>
</html>
