4342 7459
720 1272 790 1335 ns.
811 1270 851 1334 11.
880 1268 955 1334 cn.
975 1266 1194 1333 xm-xrv.
1220 1264 1267 1352 ps
1289 1263 1438 1338 so-ts.
1703 1260 1744 1327 n

413 1442 451 1505 tit
472 1439 559 1505 enim
581 1439 622 1502 de
644 1439 790 1503 sensibus
812 1439 962 1503 hesterno
985 1457 1130 1503 sermone
1151 1437 1290 1511 vidistis,
1312 1438 1389 1500 item
1409 1435 1530 1500 faciunt
1543 1435 1583 1498 de
1600 1435 1741 1520 reliquis,

412 1536 445 1598 in
474 1532 674 1617 singulisque
703 1534 813 1607 rebus,
846 1554 926 1618 quas
957 1533 991 1596 in
1023 1533 1153 1596 minima
1182 1531 1387 1613 dispertiunt,
1420 1531 1532 1595 volunt
1553 1530 1678 1593 efficere
1701 1531 1741 1593 iis

411 1629 575 1703 omnibus,
604 1647 688 1712 quae
715 1628 783 1691 visa
807 1629 888 1703 sint,
916 1628 999 1691 veris
1020 1627 1170 1690 adiuncta
1192 1645 1263 1687 esse
1284 1624 1381 1700 falsa,
1412 1644 1495 1709 quae
1518 1644 1537 1687 a
1557 1626 1639 1688 veris
1661 1624 1741 1687 nihil

411 1720 575 1786 differant:
597 1742 635 1785 ea
658 1742 728 1785 cum
752 1721 827 1785 talia
848 1723 928 1797 sint,
952 1742 1017 1785 non
1039 1739 1133 1803 posse
1156 1713 1341 1801 conprendi.

492 1818 578 1880 XIV.
600 1812 652 1878 43.
681 1815 773 1878 Hanc
802 1835 861 1898 ego
891 1815 1099 1878 subtilitatem
1132 1813 1335 1896 philosophia
1365 1813 1496 1897 quidem
1525 1813 1765 1897 dignissimam!⁵

411 1909 533 1984 iudico,
554 1909 612 1973 sed
633 1909 673 1973 ab
696 1929 806 1973 eorum
829 1928 940 1983 causa,
962 1909 1017 1992 qui
1039 1908 1083 1971 ita
1098 1908 1273 1983 disserunt,
1295 1909 1550 1972 remotissimam.
1577 1906 1742 1973 Definitio-

410 2024 468 2067 nes
489 2004 574 2066 eninr
597 2012 630 2066 et
650 2003 838 2087 partitiones
860 2011 892 2065 et
912 2002 1026 2065 horum
1047 2001 1221 2065 luminibus
1248 2010 1341 2065 utens
1363 2003 1480 2077 oratio,
1508 2009 1574 2065 tum
1597 2002 1741 2065 similitu·

411 2097 501 2160 dines
530 2095 872 2179 dissimilitudinesque
900 2104 932 2158 et
961 2115 1069 2159 earum
1097 2096 1202 2158 tenuis
1225 2103 1257 2158 et
1276 2105 1370 2160 acuta
1391 2095 1553 2159 distinctio
1575 2095 1741 2158 fidentium

410 2198 458 2254 est
478 2189 661 2263 hominum,
692 2189 748 2252 illa
769 2209 844 2252 vera
866 2197 897 2253 et
919 2186 1009 2251 firma
1030 2197 1062 2251 et
1084 2197 1170 2251 certa
1193 2210 1281 2265 esse,
1308 2210 1391 2273 quae
1413 2196 1569 2264 tutentur,
1598 2209 1663 2253 non
1686 2211 1741 2254 eo·

408 2306 495 2360 rum,
526 2285 582 2369 qui
609 2283 745 2347 clament
773 2284 874 2347 nihilo
905 2285 1004 2367 magis
1026 2303 1102 2347 vera
1123 2282 1178 2346 illa
1200 2303 1269 2346 esse
1291 2304 1387 2368 quam
1407 2283 1496 2347 falsa.
1543 2282 1630 2359 Quid
1655 2285 1776 2348 enimn

408 2387 519 2462 agant,
541 2379 584 2453 si,
606 2398 677 2441 cum
700 2377 824 2461 aliquid
847 2378 1041 2452 definierint,
1063 2386 1156 2460 roget
1170 2397 1226 2440 eos
1242 2378 1417 2461 quispiam,
1439 2397 1514 2440 num
1528 2376 1583 2440 illa
1598 2373 1739 2440 definitio

408 2472 509 2557 possit
529 2472 563 2534 in
585 2470 680 2535 aliam
702 2490 769 2533 rem
786 2472 949 2535 transferri
965 2470 1172 2554 quemlubet?
1202 2471 1235 2532 Si
1251 2490 1347 2552 posse
1363 2470 1517 2545 dixerint,
1540 2470 1617 2555 quid
1633 2470 1739 2533 dicere
1828 2519 1832 2525 .

407 2564 565 2639 habeant,
586 2584 645 2628 eur
664 2563 720 2627 illa
741 2584 816 2628 vera
831 2563 972 2629 delinitio
988 2565 1050 2627 sit‘t
1073 2566 1100 2627 si
1115 2565 1311 2647 negaverint,
1332 2548 1495 2628 fatendum
1510 2565 1566 2640 sit,
1588 2564 1739 2649 quoniam

409 2654 484 2742 [vel]
515 2659 572 2722 illa
592 2678 667 2722 vera
689 2655 830 2722 delinitio
852 2660 1016 2723 transferri
1037 2679 1103 2723 non
1126 2662 1281 2741 possitis
1303 2660 1433 2735 falsum,
1460 2660 1546 2745 quod
1569 2678 1607 2722 ea
1629 2654 1740 2721 delini-

409 2754 496 2816 tione
518 2752 704 2836 explicetur,
726 2753 760 2815 id
782 2755 904 2836 percipi
927 2774 1038 2837 posse:
1061 2755 1147 2839 quod
1170 2754 1299 2818 minime
1320 2755 1368 2818 illi
1383 2755 1507 2819 volunt.
1540 2753 1661 2817 Eadem
1676 2750 1775 2814 disin

408 2855 560 2929 poterunt
581 2848 615 2909 in
637 2846 785 2910 omnibus
807 2847 959 2930 partibus.
1003 2844 1054 2912 ll.
1078 2849 1111 2912 Si
1135 2850 1219 2912 enim
1242 2849 1348 2912 dicent
1369 2869 1416 2925 ea,
1439 2850 1479 2913 de
1501 2840 1617 2932 quibus
1639 2846 1739 2911 disse·

407 2949 494 3015 mat,
526 2960 562 3004 se
594 2940 733 3003 dilucide
764 2942 946 3023 perspicere
978 2962 1038 3006 nec
1068 2942 1134 3006 ulla
1163 2944 1384 3007 communione
1406 2945 1545 3007 visorum
1572 2941 1738 3024 impediri,

408 3032 628 3117 conprendere
657 3053 696 3098 ea
723 3054 758 3098 se
786 3034 979 3098 fatebantur.
1023 3038 1078 3101 Sin
1108 3045 1214 3099 autem
1244 3038 1404 3120 negabunt
1424 3058 1500 3102 vera
1521 3038 1589 3101 visa
1611 3056 1628 3099 a
1650 3035 1738 3100 falsis

408 3147 504 3211 posse
525 3126 693 3210 distingui,
715 3127 771 3211 qui
793 3135 942 3211 poterunt
963 3129 1089 3213 longius
1111 3130 1285 3213 progredi‘r
1322 3132 1514 3195 Occurretur
1533 3131 1634 3205 enim,
1657 3130 1738 3193 sicut

408 3242 575 3286 oceanum
597 3229 657 3285 est.
694 3221 773 3284 llam
795 3222 944 3285 concludi
964 3232 1187 3306 argumentum
1209 3246 1272 3288 non
1298 3233 1407 3308 potest
1427 3226 1488 3288 nisi
1510 3226 1565 3300 iis,
1593 3244 1674 3308 quae
1696 3222 1774 3286 ann

408 3315 663 3380 concludendum
685 3322 810 3399 sumpta
832 3325 942 3390 erunt,
970 3318 1014 3380 ita
1035 3318 1191 3399 probatis,
1219 3326 1255 3382 ut
1275 3318 1354 3384 falsa
1376 3320 1516 3383 eiusdem
1540 3318 1626 3381 modi
1649 3316 1738 3380 nulla

406 3410 529 3492 possint
556 3429 638 3472 esse.
681 3408 766 3491 Ergo
795 3409 822 3472 si
853 3410 948 3472 rebus
977 3411 1163 3491 conprensis
1191 3421 1223 3475 et
1251 3414 1407 3496 perceptis
1428 3414 1497 3476 nisa
1518 3419 1552 3475 et
1571 3419 1738 3495 progressa

406 3503 487 3567 ratio
507 3502 570 3566 hoc
585 3500 716 3578 efficiet,
738 3502 818 3565 nihil
834 3523 929 3586 posse
945 3504 1133 3585 conprendi,
1155 3506 1232 3588 quid
1248 3515 1353 3590 potest
1365 3506 1512 3592 reperiri,
1531 3506 1617 3589 quod
1631 3509 1736 3588 ipsum

407 3597 468 3660 sihi
489 3606 647 3680 repugnet
667 3597 791 3679 magist
812 3617 949 3680 cumque
970 3597 1041 3678 ipsa
1062 3604 1175 3659 natura
1196 3606 1360 3662 accuratae
1383 3598 1536 3663 orationis
1557 3598 1619 3662 hoc
1640 3593 1736 3680 proli-

406 3697 524 3764 teatur,
554 3711 590 3755 se
617 3690 740 3773 aliquid
768 3689 996 3773 patefacturam
1018 3690 1106 3774 quod
1135 3709 1200 3754 non
1222 3700 1439 3777 appareat‘et,
1468 3713 1533 3777 quo
1555 3693 1588 3756 id
1609 3693 1770 3757 facilinstti

406 3781 613 3867 adaequabar,
636 3784 847 3849 adhibituram
869 3793 902 3847 et
922 3805 1034 3849 sensus
1057 3792 1090 3848 et
1111 3804 1148 3848 ea
1170 3806 1252 3870 quae
1274 3787 1441 3870 perspicua
1463 3788 1540 3861 sint,
1562 3787 1666 3872 qualis
1688 3791 1737 3849 est

406 3875 540 3940 istorum
563 3878 683 3953 oratio,
709 3879 764 3963 qui
787 3879 895 3941 omnia
916 3898 981 3942 non
1003 3885 1066 3941 tam
1089 3899 1159 3943 esse
1182 3900 1277 3963 quam
1298 3880 1398 3944 rideri
1418 3880 1556 3944 voluntt
1598 3880 1736 3945 blaxime

407 3977 514 4034 autem
535 3974 782 4047 convincuntur,
805 3992 876 4035 eum
897 3972 976 4036 haec
999 3974 1062 4036 duo
1084 3994 1141 4056 pro
1163 3972 1410 4055 congruentibus
1431 3982 1575 4049 sumunt,
1596 3980 1660 4039 tam
1682 3993 1737 4036 ve·

407 4062 573 4127 hementer
594 4066 819 4149 repugnantia:
840 4066 978 4148 primum
1000 4086 1071 4130 esse
1093 4068 1249 4149 quaedam
1270 4065 1351 4129 falsa
1372 4067 1455 4130 visa:
1478 4067 1564 4150 quod
1587 4089 1658 4130 cum
1680 4087 1736 4131 vo-

408 4156 494 4234 lunt,
521 4159 684 4223 declarant
712 4161 869 4244 quaedam
896 4180 966 4223 esse
989 4179 1081 4223 vera:
1113 4161 1228 4223 deinde
1251 4159 1384 4233 ibidem,
1410 4161 1494 4222 inter
1513 4159 1593 4224 falsa
1614 4162 1682 4225 visa
1704 4169 1772 4223 et³⁰

408 4271 481 4316 sera
514 4251 594 4316 nihil
620 4254 785 4316 interesse.
827 4253 869 4315 At
897 4254 1032 4335 primum
1059 4274 1256 4336 sumpseras,
1289 4262 1448 4335 amquam
1478 4255 1660 4316 interesset:
1691 4254 1735 4316 ita

410 4347 506 4427 priori
528 4347 702 4429 posterius,
724 4347 892 4429 posteriori
914 4350 1059 4431 superius
1081 4369 1146 4410 non
1161 4350 1310 4430 iungitur.
1353 4343 1403 4408 t5.
1420 4348 1482 4410 Sed
1497 4347 1736 4430 progrediamur

409 4438 533 4523 longius
556 4441 652 4504 etita
673 4462 819 4524 agamus,
840 4450 877 4505 ut
898 4442 977 4505 nihil
999 4443 1092 4506 nobis
1115 4443 1272 4507 adsentati
1295 4463 1366 4505 esse
1385 4442 1563 4516 videamur,
1588 4461 1733 4525 quaeque

472 4747 498 4796 ἱ.
515 4745 668 4808 mant
684 4743 706 4792 V
726 4768 753 4779 —
775 4743 822 4792 biis
839 4741 900 4793 ΑΨ
918 4768 945 4779 -
968 4745 992 4794 3.
1011 4744 1059 4793 sint
1076 4745 1095 4792 Β
1114 4744 1139 4793 in
1156 4756 1208 4793 ras.
1228 4744 1309 4793 habet
1327 4767 1355 4780 -
1378 4745 1464 4793 siwia
1480 4742 1524 4803 Αἱ,
1548 4744 1637 4793 ainata
1654 4737 1685 4791 V¹
1701 4770 1733 4780 -

409 4817 433 4870 l.
445 4834 496 4869 nos
507 4820 540 4871 C:
559 4820 621 4869 aaa
632 4820 661 4878 0,
675 4821 704 4868 nt
715 4832 807 4881 margo
819 4818 860 4868 ed.
872 4820 976 4868 Cret—
990 4820 1014 4869 6.
1029 4833 1093 4881 qaae
1104 4820 1140 4868 ita
1148 4820 1211 4868 1³¹-
1226 4820 1249 4868 7.
1263 4820 1354 4867 haram
1368 4817 1459 4869 Lamb.
1473 4818 1532 4892 fort.
1545 4820 1672 4869 rhetoreon
1684 4816 1734 4879 (vel

409 4896 548 4956 ami
561 4922 589 4934 -
608 4895 633 4945 8.
645 4894 863 4955 maenianaque
875 4897 937 4955 (om.
950 4894 1053 4955 dissita.)
1067 4897 1087 4943 Α
1100 4920 1126 4930 -
1146 4900 1169 4942 et
1183 4907 1235 4942 orn.
1247 4893 1303 4940 V-
1322 4899 1405 4943 unser
1416 4894 1474 4943 tt¹v
1486 4894 1607 4954 innabant
1618 4898 1694 4940 acuta
1706 4893 1732 4952 Bt

411 4996 438 5007 -
454 4972 498 5034 fid.
515 4976 574 5020 arent
588 4971 716 5019 bominem
733 4967 823 5019 malim
843 4995 869 5005 ·-
889 4970 913 5018 o.
931 4974 1052 5030 patentur
1069 4970 1200 5019 Manutius
1215 4995 1242 5005 -
1262 4970 1301 5016 n.
1321 4970 1434 5032 &finient
1450 4969 1469 5016 B
1485 4995 1511 5005 -
1530 4969 1570 5017 42.
1589 4968 1642 5015 otia
1658 4967 1689 5014 V¹
1701 4992 1733 5001 —

409 5059 484 5107 Μ
499 5046 566 5095 indat
581 5048 619 5096 A:
639 5058 716 5107 mam
732 5044 798 5093 iubet
814 5045 864 5094 BV
884 5070 910 5080 -
930 5045 990 5105 qaid
1006 5045 1072 5094 enim
1089 5046 1170 5092 dicore
1188 5045 1222 5101 C3
1243 5044 1364 5105 quidnam
1379 5046 1426 5092 dic.
1445 5045 1587 5100 Manutius;
1606 5043 1665 5102 qnid
1682 5047 1734 5090 tam

409 5121 456 5170 dc.
479 5119 574 5171 hamb.
594 5145 622 5155 -
649 5120 689 5170 ta.
713 5121 751 5168 sin
772 5133 827 5183 nep.
850 5119 918 5167 coni.
937 5120 1033 5169 Davies
1057 5121 1090 5179 (G
1108 5132 1228 5182 quoque,
1255 5118 1288 5167 de
1306 5132 1359 5181 quo
1377 5121 1494 5167 Goerenz
1515 5121 1560 5166 aut
1577 5119 1673 5166 errarit
1690 5120 1736 5164 aut

410 5197 533 5246 mentitus
551 5198 607 5254 est,
624 5195 646 5243 si
663 5194 751 5255 hebet)
771 5221 798 5230 -
822 5193 880 5242 lori.
898 5194 1026 5253 [amdam
1042 5200 1077 5242 est
1097 5221 1123 5229 -
1148 5192 1186 5242 tt.
1205 5192 1244 5240 aei
1265 5194 1385 5242 Davisius
1402 5191 1497 5255 aliique
1515 5193 1558 5241 hic
1575 5193 1662 5243 locum
1681 5206 1734 5240 non

411 5266 509 5319 habere
526 5268 712 5319 intellexerunt
729 5295 755 5304 -
781 5270 821 5317 ⁴⁵.
840 5269 885 5317 iila
900 5282 963 5317 aera
980 5270 1044 5317 AB:
1067 5268 1111 5317 iilo
1132 5282 1191 5317 nero
1214 5272 1244 5329 (a
1264 5282 1323 5317 asro
1341 5270 1418 5329 corr.)
1436 5269 1470 5323 V;
1491 5269 1536 5317 ilia
1553 5269 1586 5325 03
1609 5268 1734 5331 equidem

410 5343 512 5395 mam:
531 5347 653 5406 questore
667 5345 712 5394 iila
728 5345 851 5407 definitio,
870 5356 931 5392 nam
947 5342 1089 5393 verisimile
1108 5347 1147 5392 est
1164 5344 1203 5393 vei
1218 5356 1279 5391 nera
1294 5341 1328 5392 ab
1346 5342 1432 5405 aliquo
1450 5340 1556 5392 librario
1574 5343 1608 5393 ed
1624 5345 1670 5393 iila
1686 5342 1736 5390 ad-

410 5419 537 5483 scriptum
555 5431 625 5470 esee.
646 5446 673 5456 —
693 5420 737 5480 tn,
747 5420 875 5480 potuerint
891 5423 925 5478 Α,
946 5420 1055 5480 poterint
1074 5419 1108 5475 B;
1133 5418 1166 5467 cl.
1185 5418 1219 5466 ud
1237 5430 1276 5466 or.
1296 5432 1321 5481 p.
1340 5419 1406 5467 Sest.
1426 5432 1452 5478 p.
1471 5418 1531 5477 934,
1552 5421 1591 5469 ll.
1611 5445 1637 5455 -
1657 5430 1736 5478 par.-

410 5511 471 5563 tibas
487 5517 524 5574 A,
545 5516 647 5577 pavita·
665 5513 738 5563 raban
760 5513 940 5568 Hermennus;
964 5510 1081 5573 partibas
1097 5511 1117 5560 0
1134 5514 1242 5559 auctore
1260 5511 1404 5559 Goerenzio
1427 5508 1540 5559 inclusit.
1562 5538 1588 5546 -
1615 5512 1737 5559 disserant

411 5584 513 5638 Ernesti
531 5614 559 5627 -
579 5589 619 5640 ts.
637 5602 663 5638 ae
675 5601 747 5651 posse
762 5589 809 5648 sat.
823 5590 843 5636 G
859 5614 882 5625 -
905 5588 945 5636 te.
964 5591 1006 5635 tar
1022 5586 1120 5635 enimv
1138 5597 1218 5647 supra
1236 5597 1356 5633 rasuram
1370 5609 1397 5619 -
1416 5585 1457 5633 20.
1474 5590 1542 5645 potes
1558 5582 1627 5634 13¹-
1646 5587 1677 5633 its
1689 5584 1736 5633 ΑΒ

411 5673 477 5713 enm.
490 5676 523 5713 er
539 5665 574 5724 ts,
592 5665 630 5714 hta
646 5664 708 5713 v-
727 5665 768 5714 ἢ.
786 5664 842 5712 nisa
859 5663 1003 5713 hlenutius:
1021 5662 1079 5709 nisa
1092 5662 1111 5710 C
1125 5686 1151 5695 -
1172 5660 1212 5708 23.
1225 5660 1380 5721 reppertos
1397 5685 1421 5695 -
1441 5659 1482 5709 at.
1501 5659 1607 5707 rainois
1619 5661 1681 5707 etv.
1695 5658 1736 5707 27.

410 5738 475 5786 ratio
491 5738 532 5787 vir
548 5738 643 5789 doctus
659 5739 750 5789 nescio
767 5739 841 5801 qnis;
861 5740 888 5786 at
905 5740 946 5785 est
961 5735 1044 5783 oratio
1061 5733 1088 5781 h.
1102 5731 1119 5782 l.
1139 5732 1210 5783 idern
1227 5732 1300 5796 quod
1311 5731 1493 5796 syllogismus,
1513 5736 1542 5781 ut
1553 5733 1642 5782 docuit
1654 5731 1739 5782 Faber

411 5809 467 5863 coll.
485 5816 516 5864 Α.
535 5813 600 5864 Gall.
617 5814 672 5874 xit,
690 5814 732 5865 id.
752 5839 780 5850 -·
804 5814 847 5862 25.
866 5810 1006 5874 apparebat
1024 5810 1056 5857 V²
1074 5834 1102 5846 -
1126 5809 1166 5858 so.
1185 5815 1207 5859 et
1230 5824 1291 5873 equs
1307 5809 1338 5857 V¹
1358 5833 1385 5845 ·—
1411 5810 1451 5858 30.
1470 5814 1515 5858 ant
1532 5809 1656 5869 quosdam
1673 5808 1694 5854 V
1712 5809 1739 5856 in

411 5897 462 5937 ras.
479 5887 563 5939 habet
579 5914 608 5927 -
625 5888 716 5940 suani
732 5902 786 5939 om.
800 5888 820 5937 E
836 5912 863 5922 -
883 5887 924 5936 34.
941 5891 969 5935 at
986 5888 1006 5936 C
1024 5898 1095 5935 corr.
1114 5898 1147 5934 ex
1164 5887 1199 5936 od
1217 5912 1244 5924 -
1264 5887 1306 5936 32.
1322 5886 1408 5948 priore
1424 5885 1454 5934 Βι
1469 5912 1495 5922 -
1511 5884 1649 5949 posteriore
1665 5883 1696 5934 (1ι
1710 5907 1737 5916 -

411 5973 458 6011 u
473 5962 588 6027 &pter
603 5963 650 6015 Vi:
667 5965 829 6030 moitis
845 5962 876 6013 C.

586 6087 594 6106 ·
640 6087 649 6107 ·
1496 6055 1517 6121 a
