4342 7459
440 1197 523 1267 loli
997 1196 1211 1268 CICERONIS

438 1360 573 1433 Vulpem,
595 1373 711 1415 oeaeoo
728 1363 820 1412 centor
839 1354 974 1427 Aquilone
995 1360 1115 1417 natalie.

438 1454 540 1530 Atque
563 1451 654 1510 etiarn
676 1455 786 1509 ventos
806 1457 1037 1528 praemonstrat
1054 1468 1151 1531 saepe
1170 1451 1289 1515 luturos

436 1546 577 1608 lussatum
595 1561 698 1621 mara,
717 1561 788 1604 oum
809 1540 912 1603 subito
935 1544 1123 1624 penitusque
1142 1548 1302 1622 tumescit,

437 1639 582 1718 Saxaque
601 1656 678 1700 cana
702 1636 775 1699 salis
793 1637 883 1697 niveo
906 1647 1049 1717 spumata
1069 1639 1191 1719 liquore

436 1734 602 1795 Tristificas
620 1739 740 1794 certant
757 1734 899 1811 Neptuno
919 1733 1053 1796 reddare
1075 1753 1182 1814 voces,

435 1830 496 1889 Aut
515 1827 632 1887 densus
655 1824 769 1887 stridor
788 1844 859 1886 cum
879 1826 963 1888 celso
979 1845 997 1888 o
1015 1829 1133 1890 vertice
1149 1832 1263 1893 montis

435 1922 530 1982 Ortus
550 1919 731 1998 adaugescit
749 1918 946 1999 scopulorum
965 1938 1062 2000 saepe
1086 1922 1241 2003 repulsus.

434 2017 519 2077 Cana
538 2013 613 2076 fulix
631 2010 737 2073 itidem
756 2012 878 2090 fugiens
899 2030 916 2073 e
935 2015 1055 2093 gurgite
1074 2018 1162 2096 ponti

432 2108 557 2169 Nuntiat
575 2103 729 2166 horribilis
749 2103 886 2167 clamans
906 2106 1022 2168 instare
1042 2109 1215 2188 procellas,

430 2199 519 2263 Haud
536 2198 674 2260 modicos
694 2196 824 2260 tremulo
845 2197 979 2262 lundens
998 2218 1015 2261 e
1037 2210 1161 2280 gutture
1185 2212 1305 2268 cantus.

353 2341 355 2346 .
432 2297 566 2370 Cepplum
585 2298 668 2351 etiam
686 2296 780 2350 uidene
799 2296 874 2350 caelo
893 2296 1011 2354 uolitare
1033 2315 1128 2355 cereno

431 2392 532 2451 Contra
552 2397 677 2448 vnuuroe
696 2391 844 2447 connisum
863 2406 976 2462 corpore
995 2401 1106 2451 uentae.-

429 2487 515 2559 Saepe
532 2489 607 2557 [aar
627 2491 721 2541 anone
740 2500 836 2540 cernor
855 2501 993 2558 merqorae
1010 2489 1107 2545 relicto

427 2584 550 2655 Aequore
568 2597 634 2637 moa
653 2580 775 2635 tremulie
795 2579 918 2636 tellurem
936 2582 1066 2656 plangere
1084 2586 1195 2655 pennie3

426 2677 481 2734 Aut
500 2680 566 2748 iupa
584 2692 611 2731 re
629 2691 729 2744 supera
747 2676 848 2728 mantia
866 2676 1017 2733 distendere
1039 2678 1154 2734 nubem:

427 2770 502 2840 Quin
520 2774 603 2828 etiam
620 2770 722 2841 pappi,
742 2770 847 2825 amium
866 2774 988 2827 canentia
1007 2774 1158 2838 manliae,

423 2866 499 2924 Dant
517 2867 590 2922 uenti
609 2865 757 2928 indicium,
778 2880 890 2920 numero
909 2883 970 2922 cun
989 2869 1059 2937 {orte
1082 2870 1211 2926 videnlur

423 2960 569 3017 Innumero
587 2960 693 3031 placidi
709 2960 820 3032 {lallare
837 2976 887 3030 per
905 2977 1028 3033 aequora
1045 2964 1134 3034 ponti.

421 3055 510 3112 Immo
529 3057 597 3111 odeo
617 3054 736 3124 cailla,
755 3054 874 3109 uolitant
892 3070 948 3126 qua
967 3058 1033 3113 dira
1050 3074 1101 3128 per
1121 3064 1225 3115 acetum

421 3150 556 3224 Fulgura,
576 3156 656 3221 parte
672 3154 747 3219 polee
766 3155 892 3204 uenturae
912 3165 1020 3208 noscere
1041 3154 1134 3223 tlalue.

421 3246 453 3304 Si
471 3247 565 3302 uidear
584 3243 676 3299 atellae
695 3244 782 3299 noctie
802 3242 919 3299 uolitare
936 3261 986 3316 per
1004 3245 1134 3303 umbrant

419 3343 585 3413 Praecipitee
605 3340 750 3412 lonqoeque
769 3355 788 3394 a
807 3344 881 3411 terqo
901 3341 1034 3398 albescere
1058 3348 1178 3408 tractui,

419 3436 481 3493 Hoc
500 3439 553 3492 iter
571 3435 671 3492 emenii
689 3433 796 3489 uenient
812 3449 863 3505 per
880 3435 980 3491 inania
997 3438 1080 3493 uenti.

419 3531 451 3589 Si
469 3532 553 3587 uaria
571 3530 668 3585 ocrim
686 3529 780 3583 uidear
797 3535 929 3599 exparte
952 3531 1075 3587 calenus

418 3625 452 3682 ln
471 3634 558 3682 terror
577 3641 656 3679 ruere
674 3630 699 3679 et
718 3623 788 3679 caeli
804 3640 854 3695 per
873 3625 971 3681 nubila
988 3627 1074 3694 ferri,

416 3720 561 3777 Discorder
583 3720 688 3774 tendent
707 3719 818 3773 animae
836 3719 867 3773 in
885 3720 996 3776 dioerra
1014 3720 1152 3785 locurum,

415 3815 451 3872 Et
469 3816 552 3871 uaria
570 3815 706 3869 numanae
723 3814 867 3884 percellent
886 3817 998 3887 fiamine
1015 3822 1125 3871 nemu.

415 3910 530 3969 Fulmen
549 3910 598 3966 uli
616 3925 651 3965 ec
669 3908 759 3973 Euro,
781 3910 885 3978 [ulmea
904 3912 1031 3967 volitabit
1050 3911 1086 3966 ab
1105 3909 1223 3976 Austro,

415 4007 450 4063 Et
469 4005 594 4077 Zephyro
613 4006 809 4076 lomserieque
828 4003 923 4063 Arctoi
941 4005 1087 4079 Aquilonia
1106 4007 1141 4062 ab
1161 4008 1254 4071 aurio,

417 4102 490 4158 Tunc
509 4109 610 4157 naulae
627 4102 743 4171 pavidae
760 4107 885 4171 penetrat
905 4108 1006 4158 tremor
1027 4103 1136 4174 algidus
1155 4109 1243 4159 artua.

415 4195 440 4254 0
460 4201 567 4253 utinam
584 4198 680 4268 pelago
699 4214 732 4251 ne
752 4203 814 4252 tunc
834 4198 954 4253 oleeseus
974 4205 998 4254 et
1021 4200 1109 4255 imbre

413 4293 505 4352 iliata
523 4294 711 4365 perhorrescat
733 4294 853 4347 densatio
870 4294 984 4365 sulpura
1004 4295 1123 4350 nimlirl

412 4388 498 4461 Saepe
517 4392 600 4444 eliam
618 4389 715 4459 pluuia
732 4390 835 4459 poteria
854 4395 974 4459 spectare
993 4392 1090 4459 sutura

410 4484 515 4540 Nubila
535 4502 582 4539 ceu
603 4485 684 4538 lanae
702 4499 751 4552 pet·
770 4484 875 4538 caelum
894 4485 996 4538 vellera
1018 4486 1103 4553 ferri:

413 4580 481 4634 Tum
499 4582 605 4651 gemino
625 4580 708 4649 cingit
728 4579 833 4634 coelum
855 4578 1053 4635 Thaumantias
1073 4596 1157 4642 arcu,

409 4674 464 4730 Aut
483 4675 580 4745 aliquo
599 4680 720 4728 atratum
738 4674 882 4743 praeducit
901 4675 980 4729 elello
999 4674 1148 4730 corollam:

411 4767 511 4824 Crebra
531 4770 613 4823 etiam
632 4769 751 4823 volucria
769 4768 856 4838 soleae
876 4775 901 4822 el
924 4770 1021 4824 crebra
1043 4769 1177 4839 palustria

408 4863 513 4919 Haurit
532 4880 620 4933 aquae
637 4869 769 4933 potaeque
788 4864 847 4917 eitit
865 4864 1046 4918 vehementiae
1065 4864 1164 4918 undae.

409 4956 494 5028 Saepe
513 4961 595 5013 etiam
613 4957 724 5027 pluviae
740 4959 908 5027 praenuntia
926 4959 999 5012 venit
1019 4958 1154 5021 hirundo,

406 5052 547 5108 Limaeam
567 5053 670 5107 tumido
689 5054 853 5121 prolundene
872 5060 963 5108 uentre
975 5054 1115 5122 paludem.

407 5146 468 5206 Vos
491 5162 616 5223 quoque
636 5143 722 5222 signa
743 5142 869 5220 videtis,
894 5146 987 5223 aquai
1009 5144 1109 5206 dulcis
1132 5142 1293 5218 alumnae,

406 5242 484 5303 Curn
504 5240 637 5300 clamore
658 5239 773 5317 paratis
793 5240 894 5300 inanis
914 5241 1044 5302 sundere
1067 5256 1163 5301 voces

405 5333 613 5413 Absurdoque
634 5351 709 5393 sono
731 5332 823 5392 fontis
843 5342 874 5393 et
891 5341 1000 5411 stagna
1021 5334 1120 5393 cletis.

405 5428 506 5506 Saepe
527 5428 617 5488 etiam
640 5427 787 5504 pertriste
807 5428 890 5486 canit
910 5425 948 5486 do
969 5434 1097 5505 pectore
1116 5443 1241 5488 carmen

403 5522 441 5581 Et
460 5521 617 5582 matutinis
636 5518 781 5595 acredula
803 5519 932 5580 vocibus
954 5520 1063 5598 instat,

403 5616 538 5676 Vocibus
555 5616 648 5676 instat
668 5622 699 5674 et
717 5613 864 5675 adsiduas
885 5615 957 5675 iacit
975 5634 1029 5675 ore
1050 5614 1223 5694 querellas,

402 5708 479 5768 Cum
499 5709 632 5787 primum
652 5707 772 5784 gelidos
794 5725 881 5768 rores
897 5726 1009 5769 aurora
1031 5709 1173 5784 remittit;

400 5802 561 5883 Fuscaque
580 5821 641 5863 non
662 5821 831 5883 numquam
851 5821 981 5866 cursans
997 5822 1055 5884 per
1071 5802 1160 5866 litora
1186 5801 1292 5864 cornix
