4342 7459
440 1234 502 1300 252
770 1236 1091 1299 Tttsctttnritntttt
1114 1233 1439 1298 ntsrttrhrtorttttt

439 1396 503 1459 nim
533 1397 559 1459 si
590 1396 764 1470 orationes,
793 1415 873 1479 quas
901 1416 960 1459 uos
990 1395 1199 1458 multitudinis
1228 1394 1345 1458 iudicio
1367 1394 1495 1477 probari
1518 1394 1704 1460 volebamus
1726 1431 1767 1443 -

439 1490 601 1574 popularis
631 1498 679 1554 est
707 1490 792 1552 enim
817 1490 871 1552 illa
900 1489 1033 1552 facultas
1060 1499 1092 1552 et
1118 1492 1248 1553 ellectus
1271 1490 1475 1573 eloquentiae
1501 1498 1549 1552 est
1570 1488 1768 1553 audientium

439 1584 625 1667 adprobatio
649 1619 707 1658 -,
738 1582 795 1646 sed
823 1585 849 1646 si
878 1584 1117 1666 reperiebantur
1146 1604 1212 1646 non
1234 1584 1312 1647 nulli
1338 1585 1393 1668 qui
1416 1583 1495 1647 nihil
1519 1583 1686 1647 laudarent
1706 1585 1767 1648 nisi

439 1677 525 1763 quod
548 1700 582 1741 se
604 1679 721 1743 imitari
744 1697 838 1760 posse
861 1674 1057 1740 confiderent
1079 1699 1240 1762 quemque
1262 1678 1411 1760 sperandi
1433 1678 1511 1752 sibi,
1534 1676 1670 1742 eundem
1685 1677 1767 1740 bene

415 1771 567 1835 edicendi
589 1769 683 1836 finem
706 1778 934 1855 proponerent,
957 1778 989 1833 et
1011 1792 1080 1835 eum
1098 1773 1307 1834 obruerentur
1321 1772 1414 1855 copia
1430 1774 1657 1835 sententiarum
1672 1780 1767 1857 atque

439 1866 621 1940 verborum,
651 1866 848 1929 ieiunitatem
877 1873 909 1927 et
937 1864 1052 1928 samem
1079 1888 1114 1929 se
1143 1867 1237 1931 malle
1265 1888 1360 1951 qnam
1390 1868 1566 1930 ubertatem
1588 1873 1621 1929 et
1641 1866 1767 1949 copiam

440 1961 596 2036 dicerent,
618 1961 703 2025 unde
726 1969 793 2024 erat
814 1968 960 2022 exortum
983 1981 1082 2042 genus
1106 1961 1280 2025 Atticorum
1303 1963 1343 2025 iis
1366 1963 1459 2045 ipsis,
1486 1959 1594 2043 quiid
1617 1960 1710 2043 sequi
1733 1980 1768 2023 se

439 2054 682 2138 profitebantur,
705 2055 857 2137 ignotum,
884 2055 939 2137 qui
962 2055 1024 2117 iam
1048 2056 1267 2119 conticuerunt
1288 2077 1390 2140 paene
1413 2057 1452 2120 ab
1474 2058 1545 2137 ipso
1567 2053 1637 2116 foro
1659 2053 1768 2117 inrisit

440 2147 516 2231 quid
538 2147 678 2211 futurum
700 2156 857 2232 putamus,
880 2168 952 2211 cum
975 2148 1119 2212 adiutore
1142 2151 1272 2232 popula,
1296 2171 1361 2235 quo
1383 2150 1550 2214 utebamur
1563 2156 1667 2220 antea,
1683 2167 1768 2212 0000

403 2256 430 2302 ro
440 2243 568 2307 minime
598 2263 655 2306 nos
684 2242 728 2305 uti
757 2262 851 2326 posse
873 2242 1058 2326 videamus?
1101 2239 1131 2304 l.
1154 2244 1211 2306 Est
1232 2244 1317 2306 enim
1340 2243 1540 2326 philosophia
1562 2242 1673 2325 paucis
1694 2261 1770 2305 eon-

440 2344 526 2399 tenta
547 2337 721 2411 iudicibus,
745 2336 978 2401 multitudinem
994 2336 1140 2399 consulto
1162 2338 1229 2420 ipsa
1243 2337 1371 2419 fugiens
1387 2338 1482 2420 eique
1498 2336 1558 2419 ipsi
1575 2343 1606 2399 04
1621 2343 1769 2419 suspecta

440 2438 472 2492 et
489 2430 602 2504 invisa,
617 2439 652 2492 ut
666 2431 716 2494 vel
739 2432 849 2514 siquis
866 2431 1044 2492 universam
1061 2430 1139 2493 velit
1154 2434 1343 2513 vituperare,
1365 2430 1505 2493 secundo
1527 2430 1562 2492 id
1583 2429 1702 2513 populo
1724 2429 1771 2492 fa·

439 2544 511 2587 aere
534 2526 650 2607 possit,
673 2526 722 2587 vel
746 2526 828 2588 siin
852 2546 935 2598 eam,
959 2544 1053 2609 quarn
1077 2545 1135 2586 nos
1160 2526 1295 2589 maxime
1318 2526 1497 2609 sequimur,
1529 2533 1660 2587 conetur
1681 2524 1770 2587 inva-

439 2618 523 2692 dere,
540 2638 652 2702 magna
670 2620 787 2683 habere
807 2620 908 2703 possit
922 2618 1041 2682 auxilia
1054 2639 1075 2680 a
1089 2618 1285 2702 reliquorum
1299 2618 1561 2702 philosophorum
1581 2617 1769 2701 disciplinis.

401 2713 478 2775 all.
504 2715 571 2776 Nos
599 2721 704 2776 autem
735 2715 901 2776 universae
931 2712 1154 2795 philosophiae
1185 2713 1450 2794 vituperatoribus
1483 2712 1707 2793 respondimus
1736 2712 1769 2774 in

439 2806 623 2879 Hortensio,
652 2828 709 2889 pro
736 2809 907 2871 Academia
934 2817 1037 2870 autem
1068 2826 1150 2890 quae
1180 2806 1312 2869 dicenda
1333 2812 1441 2868 essent
1469 2806 1544 2868 satis
1566 2814 1714 2869 accurate
1736 2805 1768 2868 in

439 2901 636 2963 Academicis
660 2910 811 2985 quattuor
833 2901 920 2964 libris
940 2899 1096 2982 explicata
1113 2899 1318 2974 arbitramur3
1341 2898 1396 2962 sed
1414 2906 1518 2960 tamen
1534 2906 1654 2961 4004004
1670 2900 1769 2973 abest,

439 3002 475 3057 ut
504 2995 597 3057 scribi
624 3003 733 3058 contra
762 3016 820 3058 nos
847 2995 1000 3067 nolimus,
1031 3004 1065 3057 ut
1093 2995 1124 3057 id
1155 2996 1248 3057 etiam
1278 2994 1413 3058 maxime
1441 3002 1596 3076 optemus.
1632 2994 1668 3055 ln
1699 2994 1771 3075 ipsa

440 3089 524 3151 enim
547 3090 678 3153 Graecia
701 3090 904 3173 philosophia
926 3098 1013 3153 tanto
1036 3091 1068 3151 in
1091 3090 1213 3152 honore
1236 3109 1407 3173 numquam
1426 3087 1554 3162 fuisset,
1576 3086 1638 3150 nisi
1653 3085 1770 3150 doetis-

401 3184 590 3247 sasimorum
614 3185 872 3247 contentionibus
894 3183 1211 3267 dissensionibusque
1234 3183 1396 3264 viguisset

523 3276 554 3339 5.
584 3278 685 3353 Quam
715 3278 754 3342 ob
781 3299 848 3340 rem
875 3277 985 3340 hortor
1014 3278 1133 3352 omnis,
1161 3280 1216 3360 qui
1245 3278 1349 3341 lacere
1378 3277 1409 3339 id
1441 3283 1588 3359 possunt,
1617 3283 1653 3339 04
1674 3275 1770 3339 huius

441 3391 568 3455 quoque
599 3374 724 3454 generis
754 3371 880 3434 laudem
909 3372 971 3433 iam
998 3371 1159 3453 languenti
1182 3372 1331 3435 Graeciae
1355 3373 1490 3455 eripiant
1512 3379 1544 3433 et
1564 3370 1715 3433 traierant
1737 3370 1769 3432 in

439 3464 522 3528 hanc
538 3467 664 3540 urbem,
686 3467 766 3528 sicut
782 3465 920 3548 reliquas
936 3466 1054 3536 omnis,
1078 3486 1160 3548 quae
1176 3466 1304 3548 quidem
1325 3475 1413 3529 erant
1433 3463 1641 3547 expetendae,
1664 3463 1771 3526 studio

438 3564 534 3641 atque
564 3559 719 3623 industria
749 3578 806 3622 sua
833 3560 969 3622 maiores
991 3561 1092 3622 nostri
1114 3561 1353 3624 transtulerunt.
1392 3563 1496 3642 Atque
1517 3566 1677 3622 oratorum
1699 3557 1771 3640 qui·

401 3651 513 3716 rodem
536 3654 604 3717 laus
626 3656 669 3717 ita
691 3653 785 3715 dueta
807 3653 846 3716 ab
874 3653 985 3715 humili
1009 3654 1095 3714 venit
1117 3654 1155 3715 ad
1179 3674 1354 3730 summum,
1382 3654 1519 3726 utiam,
1549 3651 1635 3736 quod
1657 3660 1771 3716 natura

440 3745 502 3810 ieri
522 3747 555 3809 in
578 3748 726 3810 omnibus
750 3747 815 3810 lere
837 3748 949 3820 rebus,
973 3756 1119 3809 senescat
1140 3747 1293 3833 brevique
1316 3758 1458 3830 tempore
1481 3747 1521 3810 ad
1542 3745 1677 3809 nibilum
1694 3764 1771 3808 veu-

439 3848 511 3903 tura
532 3840 692 3917 videatur,
723 3843 926 3926 philosophia
956 3851 1104 3904 nascatur
1124 3842 1245 3905 Latinis
1269 3842 1398 3926 quidem
1421 3842 1533 3904 litteris
1555 3861 1596 3903 ex
1617 3838 1668 3901 bis
1691 3848 1771 3902 tem·

440 3936 568 4017 poribus
590 3955 726 4019 eamque
748 3957 806 3999 nos
828 3936 1033 4009 adiuvemus,
1057 3957 1181 4020 nosque
1206 3939 1293 4020 ipsos
1315 3936 1462 4017 redargui
1480 3934 1648 4017 refellique
1670 3936 1771 4016 patia-

505 4208 529 4257 7.
549 4212 652 4257 seorim
668 4201 727 4255 Gli¹
747 4231 774 4242 -
792 4207 830 4255 his
847 4207 866 4255 C
886 4231 913 4243 -
934 4209 974 4257 to.
993 4208 1036 4256 4404
1051 4207 1205 4270 philosophia
1216 4233 1230 4243 -
1240 4207 1321 4267 -ipsa
1336 4206 1434 4269 sopiens
1450 4205 1600 4255 Lactantius
1616 4204 1659 4261 lll,
1677 4206 1719 4255 rt.
1742 4233 1768 4241 -

440 4282 480 4333 44.
498 4297 516 4331 a
534 4280 691 4332 Lambinus:
710 4293 764 4330 om.
784 4283 803 4332 C
824 4309 851 4318 -
872 4282 911 4331 46.
930 4282 1301 4331 0040000040--004000404040
1318 4281 1366 4330 Gli
1387 4307 1413 4315 -
1434 4280 1473 4329 tt.
1493 4284 1603 4343 quatuor
1620 4279 1647 4329 h.
1667 4277 1683 4328 l.
1702 4282 1723 4329 G
1741 4307 1768 4317 -

438 4358 481 4407 000
497 4362 579 4407 tamen
590 4382 605 4392 ·
615 4383 628 4392 -
638 4362 756 4418 opternus.
783 4358 841 4418 ipsa
858 4358 923 4406 enirn
934 4358 1043 4407 Graecia
1057 4356 1212 4419 philosophia
1229 4362 1326 4405 tanturn
1343 4356 1368 4404 in
1386 4356 1477 4404 honore
1487 4380 1521 4391 ·-
1532 4354 1773 4417 dissensionibusque

438 4433 560 4482 040040004.
584 4432 781 4494 Quamobrem
792 4460 806 4470 -
816 4460 829 4469 -
841 4438 868 4481 ut
891 4434 943 4482 eius
960 4445 1057 4496 quoque
1068 4457 1105 4469 -·
1117 4432 1297 4480 transtulerunt
1313 4431 1439 4481 Boethius
1456 4428 1490 4478 00
1508 4429 1562 4478 Cic.
1582 4429 1645 4493 Tap.
1665 4444 1692 4494 0.
1711 4431 1770 4492 372,

438 4506 535 4556 34-38
552 4506 596 4556 00.
614 4506 678 4556 Bait.
701 4532 727 4540 -
752 4507 791 4557 48.
810 4508 917 4557 nolimus
933 4522 964 4556 ex
983 4506 1185 4556 correctioneli
1211 4531 1238 4542 -
1258 4505 1298 4554 44.
1317 4506 1422 4568 praecia
1444 4505 1492 4554 Gtt
1513 4532 1539 4542 -
1564 4505 1690 4566 4004000004
1706 4507 1773 4556 We·

439 4579 568 4643 senberg:
592 4581 746 4642 transierant
763 4580 901 4640 Boethius3
920 4582 1142 4643 praesnantGli;
1166 4581 1296 4640 perferant
1312 4582 1370 4630 l30.
1396 4582 1454 4630 «De
1473 4577 1603 4629 eiusmodi
1620 4579 1692 4629 sedis
1710 4593 1773 4630 mu-

439 4657 536 4705 tatione
555 4668 700 4718 nnmquem
718 4656 757 4704 sic
774 4656 870 4705 dicitur
882 4656 1009 4718 perterre,
1032 4669 1141 4720 semper
1161 4655 1314 4716 transferre,
1337 4659 1366 4704 04
1384 4653 1461 4719 00040
1478 4657 1539 4719 0004
1555 4656 1583 4703 04
1599 4654 1642 4712 44,
1662 4655 1672 4702 4
1698 4656 1738 4717 (ll,
1757 4657 1772 4705 6

438 4730 575 4791 traducta).
595 4730 648 4791 Ego
664 4730 786 4793 suspicor
803 4730 959 4779 Ciceronem
978 4732 1117 4793 scripsisse
1141 4731 1273 4792 trasernnt.
1299 4731 1322 4788 4,
1342 4731 1372 4779 tt]
1391 4744 1422 4779 ex
1441 4731 1473 4787 li,
1498 4727 1555 4778 aliis
1572 4728 1698 4779 scribitur
1714 4736 1772 4780 tra-

438 4805 524 4854 vectio.
551 4804 621 4853 Fam.
641 4804 671 4861 4,
690 4805 759 4862 ihi
778 4818 809 4853 er
828 4803 895 4854 bled.
915 4804 1089 4854 scribendum
1106 4807 1220 4868 traferri.
1248 4805 1284 4855 Cl.
1305 4803 1432 4857 lectiones
1453 4805 1539 4854 404400
1563 4815 1605 4867 ap.
1626 4803 1727 4854 livium
1739 4804 1770 4864 4,

439 4880 485 4938 iii,
504 4880 519 4929 8
541 4879 566 4927 40
590 4876 648 4927 1000
670 4877 828 4929 simillimo.»
846 4880 889 4929 W.
917 4906 942 4914 ·—
967 4880 1048 4942 eram]
1072 4886 1150 4930 essent
1166 4882 1236 4930 Bake
1254 4879 1270 4929 l.
1290 4878 1306 4929 l.
1327 4894 1353 4943 p.
1374 4880 1401 4929 84
1423 4878 1481 4930 coll.
1500 4881 1510 4929 l
1528 4879 1543 4942 5
1561 4878 1585 4926 l.
1606 4903 1632 4912 -
1654 4876 1696 4929 44.
1714 4893 1773 4928 rna-

438 4954 504 5003 iores
520 4954 546 5002 in
563 4966 654 5002 rasura
673 4953 753 5003 babet
771 4956 790 5002 G
806 4981 832 4989 -
851 4954 964 5002 oratoria
977 4953 1095 5018 Bentley.
1110 4981 1137 4990 —
1154 4958 1194 5005 46.
1208 4960 1316 5005 senescat
1332 4955 1435 5005 rebusC
1450 4981 1476 4989 -
1491 4954 1530 5002 27.
1547 4956 1624 5002 «Post
1634 4952 1771 5012 Wollium,

439 5028 504 5078 alios
521 5027 671 5091 Tregderus
688 5042 795 5091 000000
812 5029 850 5078 040
869 5028 997 5078 distinxit:
1022 5030 1146 5080 videatur.
1164 5032 1319 5093 Philosophia
1336 5034 1386 5080 004.
1406 5031 1481 5093 00004
1499 5032 1524 5079 40
1542 5037 1712 5081 namaturn
1723 5030 1773 5078 ad-

440 5105 597 5153 40000000--
607 5104 739 5165 patiamur
755 5102 877 5151 hortandi
895 5104 934 5152 vis
953 5104 1066 5159 inesset;
1091 5104 1162 5167 0000
1181 5117 1261 5167 quom
1280 5104 1426 5154 absurdum
1444 5106 1490 5163 044,
1513 5105 1584 5157 bene
1601 5107 1681 5156 00004
1698 5102 1774 5153 Orel-

440 5178 490 5229 lius
509 5178 550 5241 400
567 5176 654 5227 Wollii
672 5175 810 5227 Praeleett.
831 5191 856 5240 p.
873 5177 938 5237 sat).
963 5180 1046 5240 Supra
1066 5180 1181 5240 (hortor
1198 5193 1292 5239 omnes,
1312 5182 1354 5239 qai
1366 5181 1427 5238 004.)
1446 5182 1540 5230 Cicera
1558 5180 1622 5231 alios
1640 5182 1773 5230 liomanos

442 5256 576 5311 bortatur,
600 5259 629 5302 ut
650 5252 815 5318 philosophia
833 5266 940 5316 000000
958 5266 1019 5302 cum
1038 5256 1145 5304 Graecis
1163 5260 1279 5305 certent:
1306 5256 1356 5306 hoe
1374 5255 1432 5304 loco
1450 5270 1537 5319 neque
1554 5270 1584 5307 se
1603 5269 1691 5319 neque
1708 5253 1774 5304 alios

441 5330 476 5380 00
498 5330 640 5391 incipientia
663 5328 845 5392 philosophiae
869 5328 954 5377 040040
972 5328 1101 5385 hortatur,
1126 5329 1174 5378 sed
1193 5344 1255 5380 cum
1273 5329 1423 5393 eloquentia
1442 5331 1559 5381 Romana
1576 5334 1629 5382 iam
1646 5329 1681 5380 00
1698 5342 1774 5381 sum-

442 5418 516 5456 mum
535 5405 662 5468 perducta
680 5409 820 5452 nascentem
841 5403 892 5451 iam
912 5401 953 5462 (cl.
972 5402 986 5464 4
1005 5403 1019 5450 4
1037 5417 1090 5464 eos,
1109 5406 1480 5468 qni--phitarophantur,
1505 5408 1585 5457 4000.
1605 5409 1624 5467 4,
1642 5406 1667 5455 8.
1686 5405 1711 5454 9.
1730 5406 1770 5455 ts.

441 5481 496 5531 rin.
516 5481 535 5537 l,
554 5479 579 5529 8.
598 5481 626 5529 T.
646 5480 676 5528 D.
696 5479 738 5536 lv,
757 5479 781 5538 64
800 5476 992 5540 philosophiam
1011 5482 1149 5541 comparat
1165 5493 1279 5543 eamque
1297 5493 1326 5530 00
1345 5483 1399 5531 0040
1417 5479 1490 5532 libris
1507 5482 1632 5531 adiuvare
1650 5479 1693 5543 (el.
1711 5481 1731 5539 l,
1748 5481 1771 5542 5)

442 5558 478 5606 044
494 5568 578 5619 00000
596 5555 682 5620 400040
700 5553 823 5615 redargui
842 5554 894 5616 pati
913 5553 936 5615 (g
955 5552 969 5602 4
987 5559 1083 5615 optare,
1102 5555 1179 5618 00040
1198 5559 1257 5620 0004
1272 5562 1392 5617 paratum
1408 5557 1476 5617 00004.
1496 5555 1715 5620 Distinguendum
1733 5557 1774 5606 004

441 5634 519 5696 igitur
536 5633 589 5681 sic:
609 5632 732 5689 videatur,
749 5629 903 5691 philosophia
921 5633 971 5678 cet.
997 5630 1034 5679 De
1052 5629 1267 5692 frequentissima
1285 5633 1454 5688 attractione,
1474 5645 1535 5695 000,
1555 5631 1700 5695 quodcum
1719 5630 1773 5693 pri·

442 5708 524 5757 maria
548 5708 677 5756 sententie
699 5704 862 5767 iungendum
886 5708 956 5763 erat,
980 5705 1154 5755 secundariae
1178 5707 1335 5767 annectitur,
1359 5706 1391 5756 cl.
1411 5707 1441 5765 V,
1460 5707 1491 5756 37
1509 5720 1588 5768 neque
1608 5711 1652 5756 est
1668 5705 1771 5763 ultum,

441 5783 508 5841 qued
523 5795 573 5831 non
589 5782 627 5830 ita
644 5784 728 5844 eipeat
743 5807 780 5840 -,
799 5785 831 5828 ut
845 5781 956 5842 (undat
971 5808 1009 5841 -,
1027 5782 1190 5842 omniaque
1203 5807 1242 5841 -,
1258 5782 1367 5842 perfecta
1384 5782 1453 5830 sint.
1475 5782 1528 5831 Fin.
1542 5782 1585 5841 lV,
1600 5781 1639 5830 tt.
1659 5781 1769 5831 [4444004

442 5858 473 5915 ll,
492 5856 523 5908 33
540 5857 768 5919 (004004000ου
780 5857 934 5919 contingere,
951 5861 1248 5916 ut--crescant-·,
1266 5856 1453 5918 arboresque
1468 5855 1695 5919 utuputentur).
1717 5854 1769 5905 Fet.

442 5931 532 5996 548.»
551 5933 592 5982 W.
611 5932 917 5998 (assumentesque
932 5938 1049 5982 00000400
1065 5931 1225 5993 Tischerus.)
1245 5956 1271 5967 —
1290 5930 1331 5997 00]
1350 5937 1372 5982 04
1388 5931 1458 5982 Bake
1476 5929 1493 5981 l.
1511 5928 1529 5981 l.
1547 5944 1574 5996 p.
1592 5929 1634 5981 84.
