4342 7459
792 1225 861 1289 nu.
883 1225 908 1290 1.
939 1226 1015 1292 cu.
1036 1227 1177 1290 u-rv.
1205 1224 1252 1312 ii
1274 1224 1380 1292 2-7.
1691 1225 1755 1294 ssa

422 1382 511 1460 Quin
533 1383 627 1447 etiam
650 1383 801 1447 memoria
823 1391 932 1449 nostra
954 1384 1107 1469 templum
1122 1387 1254 1449 lunonis
1269 1386 1415 1469 Sospitae
1431 1386 1466 1449 L.
1481 1385 1590 1462 lulius,
1611 1388 1753 1471 quicum

420 1477 454 1539 P.
469 1477 588 1541 Rutilio
611 1476 723 1541 consul
744 1476 820 1554 luit,
842 1479 882 1542 de
904 1488 1032 1544 senatus
1055 1480 1212 1545 sententia
1233 1476 1346 1544 refecit
1365 1500 1407 1544 ex
1423 1479 1593 1557 Caeciliae,
1608 1481 1754 1546 Baliarici

419 1568 524 1645 filiae,
547 1571 682 1635 somnio.

504 1664 559 1727 lll.
590 1662 621 1727 5.
648 1666 753 1749 Atque
780 1666 876 1743 haec,
905 1674 942 1730 nt
969 1686 1027 1750 ego
1057 1668 1209 1744 arbitror,
1237 1676 1361 1733 veteres
1383 1687 1487 1731 renim
1510 1667 1609 1751 magis
1631 1668 1753 1731 eventis

419 1758 531 1821 moniti
559 1777 655 1841 quam
683 1761 805 1824 ratione
832 1760 918 1825 docti
940 1761 1164 1843 probaverunt.
1209 1759 1473 1845 Philosophorum
1496 1781 1571 1824 vero
1593 1761 1776 1846 exquisitab

418 1850 575 1936 quaedam
596 1862 783 1936 argumenta
805 1875 862 1918 cur
884 1863 969 1918 esset
993 1876 1067 1918 vera
1089 1855 1243 1919 divinatio
1266 1856 1400 1918 collecta
1421 1863 1510 1930 sunt,
1532 1854 1697 1939 equibus,
1718 1862 1754 1917 ut

418 1944 459 2008 de
480 1945 720 2029 antiquissumis
742 1947 871 2032 loquar,
895 1948 1114 2031 Colophonius
1136 1950 1371 2032 Xenophanes,
1398 1969 1481 2013 unns
1503 1948 1560 2033 qui
1582 1948 1659 2012 deos
1681 1967 1754 2012 esse

418 2038 555 2113 diceret,
571 2039 799 2104 divinationem
821 2041 965 2105 funditus
988 2042 1125 2105 sustulit.
1159 2042 1286 2126 Reliqui
1309 2061 1385 2106 vero
1408 2062 1518 2106 omnes
1540 2050 1664 2126 praeter
1677 2042 1754 2126 Epi·

417 2153 528 2196 curum
557 2131 785 2197 balbutientem
815 2135 855 2198 de
883 2144 996 2198 natura
1023 2133 1156 2198 deorum
1185 2135 1413 2199 divinationem
1435 2136 1666 2221 probaverunt,
1695 2135 1751 2200 sed

416 2245 481 2290 non
496 2246 559 2290 uno
574 2225 679 2290 modo.
713 2229 791 2292 Nam
808 2248 881 2291 cum
897 2228 1044 2292 Socrates
1060 2247 1236 2311 omnesque
1252 2228 1404 2292 Socratici
1420 2231 1572 2315 Zenoque
1591 2238 1624 2293 et
1637 2227 1677 2304 ii,
1695 2228 1752 2313 qui
1762 2237 1790 2285 ⁴⁰

416 2320 455 2383 ab
477 2339 517 2383 eo
539 2328 647 2384 essent
668 2320 820 2403 profecti,
842 2331 1007 2386 manerent
1027 2322 1061 2383 in
1080 2322 1287 2406 antiquorum
1303 2322 1568 2407 philosophorum
1585 2322 1751 2397 sententia,

416 2422 522 2477 vetere
545 2412 716 2478 Academia
738 2422 770 2478 et
792 2416 1010 2499 Peripateticis
1032 2417 1320 2491 consentientibus,
1350 2437 1487 2501 cumque
1514 2414 1592 2480 huic
1617 2416 1664 2480 rei
1686 2436 1751 2480 ma·

416 2526 509 2590 pam
531 2509 748 2571 auctoritatem
773 2509 965 2593 Pythagoras
987 2509 1049 2572 iam
1072 2517 1147 2571 ante
1168 2509 1351 2586 tribuisset,
1371 2509 1426 2594 qui
1448 2511 1542 2574 etiam
1564 2510 1635 2593 ipse
1650 2528 1751 2592 augur

416 2602 513 2666 vellet
533 2622 623 2678 esse,
651 2602 871 2686 plurumisque
900 2603 981 2667 locis
1008 2603 1112 2685 gravis
1141 2610 1253 2668 auctor
1273 2602 1472 2667 Democritus
1492 2602 1749 2687 praesensionem

415 2714 521 2759 rernm
551 2694 729 2759 futurarum
760 2696 988 2779 conprobaret,
1017 2697 1229 2761 Dicaearchus
1252 2696 1481 2780 Peripateticus
1503 2705 1606 2762 cetera
1628 2695 1787 2758 divina-to

414 2787 511 2852 tionis
533 2808 649 2872 genera
671 2789 818 2865 sustulit,
840 2791 1035 2855 somniorum
1058 2798 1089 2855 et
1111 2790 1226 2854 furoris
1248 2788 1392 2873 reliquit,
1408 2788 1640 2876 Cratippnsque
1658 2787 1750 2852 fami·

414 2880 501 2947 liaris
523 2891 641 2959 noster,
664 2903 759 2967 qnem
781 2903 840 2967 ego
862 2904 970 2969 parem
993 2884 1123 2948 summis
1145 2883 1363 2969 Peripateticis
1385 2884 1510 2958 iudico,
1531 2883 1632 2947 isdem
1654 2881 1749 2946 rebus

414 2973 510 3041 fidem
525 2977 649 3052 tribuit.
665 2977 789 3061 reliqua
806 2977 1009 3041 divinationis
1025 2997 1143 3061 genera
1157 2978 1277 3042 reiecit
1312 2979 1342 3041 6.
1361 2976 1423 3041 Sed
1439 2998 1509 3042 cum
1526 2975 1626 3041 Stoici
1641 2975 1748 3040 omnia

414 3067 481 3132 iere
502 3068 557 3133 illa
580 3069 803 3147 defenderent,
833 3070 921 3155 quod
944 3078 977 3134 et
999 3073 1084 3135 Zeno
1113 3072 1146 3133 in
1169 3071 1235 3133 suis
1259 3070 1491 3135 commentariis
1515 3071 1606 3154 quasi
1627 3069 1748 3134 semina

415 3163 571 3246 quaedam
586 3165 767 3247 sparsisset,
783 3172 815 3228 et
830 3186 866 3228 ea
884 3163 1052 3228 Cleanthes
1074 3163 1170 3247 panlo
1192 3163 1342 3228 uberiora
1355 3163 1499 3237 iecisset,
1514 3164 1647 3227 accessit
1660 3182 1747 3226 acer·
1757 3178 1786 3228 so

413 3275 504 3318 rumo
533 3259 582 3320 vir
609 3258 738 3341 ingenio
763 3257 977 3344 Chrysippus,
1007 3258 1063 3342 qui
1093 3265 1189 3321 totam
1218 3257 1259 3320 de
1285 3257 1480 3321 divinatione
1507 3256 1631 3321 duobus
1656 3256 1747 3320 libris

413 3348 584 3431 explicavit
605 3353 811 3426 senteutiam,
832 3372 898 3415 uuo
920 3360 1084 3434 praeterea
1106 3351 1146 3414 de
1168 3351 1302 3425 oraclis,
1322 3370 1387 3413 nno
1410 3348 1450 3414 de
1471 3351 1623 3415 somniis:
1650 3371 1745 3436 quem

413 3442 610 3525 subsequens
632 3466 732 3510 nnnm
753 3445 869 3508 librum
893 3444 1088 3529 Babylonius
1109 3445 1268 3527 Diogenes
1290 3443 1403 3519 edidit,
1425 3445 1494 3508 aius
1515 3443 1659 3519 auditor,
1681 3444 1745 3507 duo

411 3536 594 3619 Antipater,
620 3541 763 3623 quinque
791 3546 901 3603 noster
922 3538 1124 3602 Posidonius.
1168 3536 1271 3601 Sede
1295 3537 1411 3600 Stoicis
1433 3537 1482 3601 vel
1505 3539 1654 3623 princeps
1675 3539 1745 3602 aius

412 3627 615 3713 disciplinae,
638 3633 798 3698 Posidonii
815 3631 941 3707 doctor,
962 3631 1140 3715 discipulus
1153 3631 1328 3715 Antipatri,
1348 3629 1553 3714 degeneravit
1565 3632 1782 3707 Panaetium

411 3742 471 3786 nec
497 3732 603 3788 umen
631 3746 727 3791 ausus
755 3734 803 3791 est
825 3745 941 3809 negare
963 3726 1025 3789 vim
1049 3746 1119 3789 esse
1142 3723 1322 3800 divinandi,
1353 3723 1409 3789 sed
1431 3723 1575 3790 dubitare
1597 3746 1632 3790 se
1653 3726 1744 3789 dixit.

413 3813 506 3892 Quod
532 3818 580 3881 illi
609 3818 642 3883 in
671 3820 779 3905 aliqua
808 3841 842 3884 re
865 3819 1072 3884 invitissumis
1100 3820 1216 3883 Stoicis
1238 3819 1345 3883 Stoico
1367 3817 1473 3884 facem
1495 3818 1600 3895 licuit,
1630 3820 1662 3884 id
1683 3838 1744 3883 nos

411 3910 502 3973 utin
523 3910 655 3996 reliquis
677 3914 773 3979 rebus
794 3915 948 3979 iaciamus
971 3913 1122 3977 aStoicis
1144 3933 1208 3977 non
1231 3911 1446 3977 concedetur?
1468 3912 1653 3996 praesertim
1671 3933 1743 3977 curn

411 4003 462 4079 id,
489 4004 528 4068 de
551 4027 617 4091 qno
638 4009 789 4073 Panaetio
810 4029 875 4072 non
898 4007 1014 4093 liquet,
1042 4007 1176 4091 reliquis
1198 4006 1342 4071 eiusdem
1364 4006 1552 4090 disciplinae
1574 4007 1652 4071 solis
1672 4006 1744 4070 luce

411 4097 556 4163 videatur
578 4101 704 4167 clarius.
749 4100 779 4166 7.
807 4103 867 4167 Sed
895 4101 975 4165 baec
1006 4102 1134 4186 quidem
1161 4101 1231 4165 laus
1252 4099 1443 4164 Academiae
1470 4095 1781 4185 praestantissumito

410 4190 593 4276 philosophi
623 4196 741 4260 iudicio
769 4206 801 4260 et
830 4195 1012 4261 testimonio
1041 4196 1236 4279 conprobata
1259 4201 1317 4258 est.
1359 4193 1414 4256 IV.
1437 4194 1563 4257 Etenim
1586 4193 1745 4257 nobismet

410 4286 491 4369 ipsis
513 4290 757 4371 quaerentibus,
778 4290 856 4375 quid
877 4290 918 4352 sit
937 4288 977 4353 de
995 4288 1193 4352 divinatione
1214 4286 1432 4362 iudicandum,
1447 4287 1531 4372 quod
1546 4306 1565 4350 a
1582 4286 1743 4351 Carneade

411 4381 510 4445 multa
537 4392 628 4447 acute
657 4386 839 4468 etcopiose
862 4392 971 4446 contra
994 4383 1119 4446 Stoicos
1142 4383 1303 4466 disputata
1325 4382 1405 4457 sint,
1434 4381 1681 4466 verentibusque
1703 4401 1743 4444 ne

411 4485 529 4540 temere
551 4478 602 4540 vel
624 4477 723 4543 falsae
745 4481 791 4543 rei
812 4478 864 4542 vel
887 4498 950 4541 non
973 4479 1049 4541 satis
1071 4477 1217 4559 cognitae
1240 4476 1472 4550 adsentiamur,
1494 4474 1674 4540 laciendum
1697 4475 1744 4537 vi·

410 4568 503 4634 detur
528 4580 563 4634 nt
589 4570 758 4654 diligenter
784 4572 879 4636 etiam
902 4581 997 4654 atque
1020 4572 1114 4634 etiam
1140 4577 1326 4655 argumenta
1348 4589 1420 4632 cnm
1442 4570 1637 4652 argvsmentis
1658 4588 1781 4635 com-so

409 4683 573 4745 paremus,
595 4674 632 4729 ut
651 4666 786 4731 fecimus
808 4667 843 4730 in
865 4666 905 4731 iis
926 4666 1028 4730 tribus
1050 4664 1158 4740 libris,
1181 4684 1263 4749 qnos
1286 4663 1327 4727 de
1342 4671 1456 4727 natura
1469 4663 1601 4727 deorum
1616 4660 1744 4747 scripsi·

474 4954 688 5019 i.sospitsli-
713 4950 1413 5012 taciusABii-i.bstiuricasii,ltatsaricio-
1434 4948 1740 5014 ampinana-

409 5030 433 5082 i.
446 5031 507 5081 baec
517 5031 539 5080 A
550 5042 609 5094 sup.
623 5028 668 5081 liu.
682 5043 717 5080 m.
731 5043 772 5094 pr.
788 5058 815 5067 -
834 5034 937 5080 metas
947 5029 979 5080 ll¹
992 5055 1019 5064 -
1039 5029 1063 5079 i.
1081 5039 1145 5078 ocra
1160 5028 1317 5089 suspectum
1330 5025 1387 5073 erat
1398 5023 1534 5084 Ernestio,
1546 5036 1605 5075 vers
1615 5024 1741 5085 schnet23

409 5104 551 5168 stolii.
574 5129 599 5139 -
618 5104 802 5155 i.aecsA-
822 5105 934 5155 munii
955 5130 981 5141 —
1002 5102 1262 5153 tumemus·
1282 5099 1453 5151 oessssflt-
1471 5100 1745 5163 stim-timu·

407 5187 502 5231 west
519 5181 591 5231 11¹-
609 5181 794 5243 philotas-torsit
808 5207 835 5217 -
856 5182 897 5232 ii.
916 5181 993 5230 missi
1010 5180 1156 5229 academias
1166 5178 1337 5242 Peripateticis
1352 5176 1557 5227 oossmtissttbsss
1572 5175 1702 5243 Davisius.
1714 5200 1742 5211 -

408 5253 450 5305 ti.
467 5255 632 5317 plurimisque
646 5253 678 5305 A¹
696 5281 724 5291 -
748 5255 789 5305 46.
807 5268 901 5320 pmsra
917 5255 939 5304 A
955 5267 1025 5304 corr.
1044 5267 1077 5303 ex
1094 5266 1166 5318 pera.
1187 5279 1214 5290 -
1239 5253 1376 5315 Cratippus
1392 5250 1428 5311 ii,
1447 5249 1582 5313 Cratippus
1598 5260 1695 5312 quoqu
1711 5261 1744 5300 ex

409 5328 487 5381 codd.
507 5330 573 5382 dett.
592 5331 721 5381 Davisius.
750 5356 777 5365 -
805 5331 847 5381 it.
860 5343 952 5394 porsm
967 5332 989 5380 A
1007 5340 1076 5379 corr.
1096 5341 1129 5378 er
1143 5333 1253 5391 patrem.
1278 5354 1304 5364 -
1332 5327 1416 5378 iudico
1434 5329 1452 5376 Α
1471 5338 1531 5390 snp.
1549 5324 1594 5375 lin.
1613 5337 1650 5374 m.
1668 5324 1693 5373 2.
1713 5348 1740 5359 -

408 5402 530 5464 iduati&
549 5405 720 5457 444444ωο-
741 5405 780 5456 48.
798 5406 956 5456 rsicisii-
977 5403 1017 5454 49.
1036 5403 1156 5468 quode:
1175 5402 1321 5467 tortqocs.
1343 5428 1370 5438 -
1389 5399 1555 5450 244404444-
1574 5397 1746 5449 idoneitas

409 5478 669 5541 ll-obcsioroht,
688 5479 866 5531 stimuli-
884 5478 1084 5531 commoll-
1104 5478 1345 5530 ii.doom.D¹-
1365 5473 1608 5527 isormiso-
1628 5471 1745 5523 Pidasos

409 5550 440 5603 A’
457 5578 484 5589 -
509 5553 550 5605 st.
567 5557 724 5617 possidonius
740 5556 793 5607 mei
811 5555 867 5607 tere
884 5568 1002 5621 semper.
1022 5579 1050 5590 —
1074 5555 1149 5604 siccis
1166 5554 1187 5604 ll
1207 5579 1234 5590 -
1255 5554 1372 5618 peinceps
1394 5548 1455 5602 cod.
1474 5548 1647 5600 Pithosauus:
1669 5548 1743 5610 psis-

407 5626 475 5693 cipe,
485 5630 515 5688 A,
530 5629 659 5691 principes
669 5629 773 5688 li¹iiv¹,
789 5630 945 5695 principibus
955 5631 986 5680 11²
993 5629 1038 5689 V²;
1058 5630 1197 5679 nominum
1209 5643 1224 5679 a
1237 5630 1324 5693 capite
1339 5626 1521 5678 derivatorum
1533 5634 1625 5674 casum
1639 5625 1744 5673 rectum

407 5699 546 5766 singularis
564 5705 671 5754 vetem
688 5704 714 5754 iu
731 5706 798 5766 cipes
815 5704 940 5757 extulisse
958 5706 1083 5755 auctores
1100 5706 1162 5754 sunt
1179 5702 1315 5754 Charisius
1332 5714 1359 5766 p.
1372 5700 1403 5751 ot
1422 5701 1449 5749 st
1466 5696 1614 5749 Priscianus
1631 5698 1641 5747 i
1658 5696 1744 5761 paco

407 5773 452 5827 sd.
465 5778 571 5830 Pntsoh.
588 5805 615 5816 -
634 5779 675 5829 ti.
694 5779 862 5829 inuictiseicsis
878 5780 901 5830 il
919 5805 947 5816 —
972 5780 1014 5831 34.
1031 5780 1122 5831 iuditio
1138 5782 1159 5829 A
1179 5804 1206 5816 -
1228 5778 1269 5829 ³2.
1287 5778 1318 5827 ds
1333 5775 1464 5827 &sotim
1481 5773 1503 5824 ii
1521 5796 1548 5808 -
1568 5769 1609 5820 33.
1628 5775 1705 5820 acuta
1721 5775 1745 5821 st

406 5850 559 5973 copiasposii
580 5877 606 5893 ·-
631 5852 844 5905 :ibicum-
869 5857 1050 5920 sepsitsA-
1075 5843 1744 5917 3o.asqoessseuom.a¹-srpsmsom.ii
