4342 7459
446 1197 510 1267 261
768 1205 1093 1271 TUSCULANARUM
1112 1205 1441 1272 blseursrtouult

449 1367 583 1452 possint.
617 1366 724 1442 Ouidi
746 1365 930 1429 exercitatio
951 1364 1130 1448 legionum,
1153 1365 1252 1448 quislt
1274 1365 1329 1428 ille
1351 1385 1475 1439 cursus,
1498 1386 1682 1442 concursus,
1704 1367 1767 1434 cle·

448 1480 518 1524 mor
539 1459 649 1543 quami
669 1458 787 1521 laboris
809 1459 876 1521 estl
911 1478 953 1523 ex
981 1458 1044 1522 hoc
1064 1458 1120 1522 ille
1140 1459 1264 1522 mimus
1286 1459 1320 1520 in
1339 1458 1470 1541 proeliis
1492 1467 1618 1542 paratus
1639 1461 1679 1523 ad
1701 1462 1767 1525 vol·

449 1572 535 1616 nera.
566 1550 677 1615 Adduo
692 1552 760 1635 pari
775 1553 880 1615 animo
894 1551 1135 1616 inexercitatum
1150 1552 1302 1615 militem:
1324 1551 1437 1614 mulier
1450 1552 1616 1616 videbitur.
1638 1549 1688 1616 38.
1705 1553 1768 1618 Cur

449 1653 569 1710 tentum
589 1646 719 1710 interest
739 1645 823 1707 inter
843 1664 960 1710 norum
981 1652 1015 1708 et
1029 1653 1165 1708 veterem
1187 1645 1374 1719 exercitum,
1397 1653 1549 1728 quantum
1571 1649 1693 1729 experti
1715 1667 1768 1711 su·

421 1742 541 1803 emus?
575 1742 670 1803 Aetas
692 1739 831 1803 tironum
853 1736 1040 1822 plerumque
1062 1736 1192 1812 melior,
1214 1736 1269 1801 sed
1292 1736 1374 1801 ferre
1391 1738 1545 1814 laborem,
1568 1747 1767 1804 contemnere

448 1833 560 1897 volnus
590 1831 785 1897 consuetudo
815 1831 919 1895 docet.
963 1831 1049 1908 Quin
1079 1833 1173 1896 etiam
1202 1830 1346 1894 videmus
1375 1850 1416 1895 ex
1444 1834 1511 1896 acie
1539 1833 1642 1896 efferri
1672 1853 1767 1920 saepe

448 1926 588 2002 saucios,
611 1933 643 1989 et
663 1923 792 2008 quidem
815 1924 925 1988 rudem
946 1924 1035 1989 illum
1058 1935 1090 1989 et
1110 1924 1351 1988 inexercitatum
1366 1926 1508 2009 quamvis
1529 1926 1592 1990 levi
1612 1926 1676 1991 ictu
1698 1928 1768 2011 plo·

447 2028 534 2084 ratus
555 2019 751 2103 turpissimos
773 2017 885 2081 edere:
907 2027 940 2083 al
961 2039 1036 2083 vero
1057 2019 1111 2082 ille
1131 2019 1320 2082 exercitatus
1341 2026 1476 2083 etvetus
1491 2020 1680 2105 obeemque
1700 2042 1767 2085 rem

446 2113 572 2189 fortior,
595 2112 750 2176 medicum
773 2111 867 2175 modo
888 2112 1053 2195 requirens
1074 2133 1093 2175 a
1114 2132 1177 2195 quo
1200 2111 1373 2195 obligetur,

410 2224 440 2270 lc
488 2209 529 2271 E.
557 2208 583 2271 0
608 2204 846 2280 Patricoles,
875 2205 997 2290 inquit,
1024 2206 1069 2269 ad
1096 2227 1163 2269 vos
1192 2204 1413 2271 adveniens
1437 2206 1626 2271 auxilium
1650 2215 1686 2272 et
1707 2230 1767 2273 ve-

949 2306 1053 2363 stras
1075 2319 1212 2363 manus

553 2394 662 2470 Peto,
686 2393 792 2478 prius
820 2412 932 2477 quam
954 2400 1098 2476 oppeto
1119 2392 1255 2458 malem
1284 2399 1436 2478 pestem
1457 2396 1679 2460 mandatam
1702 2398 1767 2461 ho·
1830 2472 1834 2481 Ι

951 2486 1036 2549 stili
1058 2505 1191 2562 manu,

549 2584 681 2666 Neque
703 2579 866 2664 sanquis
887 2579 969 2642 ullo
991 2581 1098 2663 potis
1119 2586 1175 2643 est
1195 2588 1307 2664 pacto
1329 2580 1526 2666 profluens
1541 2586 1765 2664 consistere,

551 2677 592 2740 Si
615 2674 684 2760 qui
707 2674 914 2758 sapientie
936 2676 1066 2757 magis
1088 2681 1219 2737 uestra
1241 2694 1345 2739 mors
1367 2673 1542 2739 devitari
1564 2687 1708 2760 potest

550 2770 719 2854 Namque
740 2768 950 2851 Aesculapi
971 2768 1190 2831 liberorum
1212 2768 1525 2851 sauciiopplent
1546 2774 1741 2853 porticus:

408 2882 437 2928 m
549 2863 633 2926 Non
664 2868 799 2948 potest
828 2860 976 2926 accedi.
1018 2863 1053 2941 P.
1079 2860 1196 2925 Certe
1226 2861 1465 2946 Eurypylus
1494 2862 1557 2927 bic
1591 2866 1764 2948 quidem.

946 2955 1146 3018 Hominem
1173 2955 1416 3019 exercituml

528 3050 626 3115 XVII.
648 3046 699 3111 39.
722 3049 781 3113 Ubi
809 3057 930 3113 tuntum
957 3048 1061 3112 luctus
1090 3049 1300 3124 continuetur,
1322 3049 1395 3112 vide
1417 3070 1511 3133 quam
1534 3070 1598 3114 nou
1620 3053 1766 3119 flebiliter
1836 3099 1839 3106 -

444 3144 651 3229 respondeat,
672 3143 827 3208 rationem
848 3143 942 3208 etiam
964 3141 1085 3207 adierat
1107 3162 1164 3205 cur
1183 3161 1288 3226 nequo
1310 3142 1415 3206 animo
1437 3144 1498 3207 sibi
1519 3143 1684 3209 terendum
1706 3148 1763 3212 sit:

1028 3238 1069 3298 E.
1093 3235 1170 3311 Qui
1191 3234 1317 3299 alteri
1340 3237 1516 3301 exitium
1538 3248 1669 3321 perat,

548 3333 639 3396 Eum
670 3331 774 3396 scire
804 3337 968 3414 oportet
998 3330 1073 3394 sibi
1103 3337 1283 3415 paratum
1310 3337 1460 3413 pestem
1482 3339 1522 3395 ut
1549 3335 1765 3420 participet

944 3445 1088 3508 parem.

407 3522 586 3586 eolbducet
606 3519 789 3594 Patricoles,
812 3518 923 3593 credo,
952 3527 987 3583 ul
1008 3518 1152 3581 conlocet
1180 3517 1213 3579 in
1236 3516 1349 3590 cubili,
1379 3524 1415 3580 ut
1437 3518 1547 3582 volnus
1570 3520 1695 3604 obliget.
1729 3524 1761 3587 Si

445 3613 572 3699 quidem
594 3612 688 3677 bomo
710 3620 809 3688 esset,
831 3612 886 3676 sed
909 3611 990 3675 nihil
1011 3612 1076 3675 uidi
1099 3611 1212 3674 minus.
1242 3609 1373 3685 Quaerit
1390 3610 1474 3672 enim
1490 3612 1567 3695 quid
1582 3622 1687 3677 actum
1702 3616 1760 3679 sit:

484 3709 519 3770 P.
548 3705 763 3790 Eloquere,
786 3705 1002 3790 eloquere,
1023 3703 1285 3785 resArqivum
1301 3702 1562 3786 proelioutse
1578 3709 1760 3772 sustinet.

485 3802 525 3864 E.
550 3800 629 3862 Non
656 3807 793 3883 potest
818 3798 939 3863 ecfari
968 3806 1122 3862 tantum
1150 3797 1288 3872 dictis,
1319 3803 1506 3880 quantum
1532 3798 1654 3865 iactis
1676 3823 1760 3888 sup·

945 3893 1051 3975 petit

549 3986 724 4053 Laboris.
1122 4071 1124 4073 -

403 4085 580 4162 seQuiesoe
607 4082 703 4165 igilur
724 4087 756 4145 et
774 4082 889 4146 volnus
910 4080 1035 4164 adligel
1058 4080 1160 4144 Etiam
1183 4080 1209 4143 si
1227 4079 1406 4164 Eurypylus
1425 4090 1545 4165 posset,
1568 4104 1631 4148 non
1654 4098 1762 4169 posset

441 4182 598 4261 Aesopus.

483 4274 525 4336 E.
551 4270 620 4335 Ubi
640 4268 806 4333 tortuna
823 4268 1010 4332 Hectoris
1031 4275 1199 4331 nostram
1214 4287 1340 4333 acrem
1355 4270 1473 4334 aciem
1489 4271 1760 4339 inclinatam...

443 4374 475 4430 et
496 4372 600 4429 cetere
621 4362 758 4447 explicat
778 4361 811 4424 in
833 4361 955 4425 dolore.
993 4361 1045 4424 Sic
1068 4370 1116 4426 est
1138 4362 1221 4425 enim
1244 4363 1456 4446 intemperans
1478 4365 1621 4432 militaris
1636 4370 1669 4432 in
1686 4370 1759 4434 sorti

441 4461 510 4524 viro
532 4459 641 4543 gloria.
672 4459 756 4541 Ergo
778 4456 858 4520 baec
870 4463 1037 4519 veteranus
1051 4457 1142 4520 miles
1157 4454 1260 4520 iacere
1275 4457 1408 4542 poterit,
1430 4457 1543 4522 doctus
1558 4461 1606 4523 vir
1619 4463 1760 4545 sapiens·

403 4574 506 4640 eoque
527 4573 591 4617 non
612 4552 749 4637 poterit?
774 4549 833 4612 llle
855 4569 929 4613 vero
951 4550 1062 4613 melius
1084 4571 1121 4614 ac
1143 4571 1206 4614 non
1228 4552 1323 4635 paulo
1343 4550 1481 4636 quidem.
1513 4549 1563 4614 to.
1579 4554 1642 4618 Sed
1656 4557 1759 4621 adbuc

442 4648 483 4712 tle
504 4644 733 4712 cousuetudine
755 4642 992 4708 exercitationis
1014 4643 1144 4728 loquor,
1173 4643 1313 4708 nondum
1336 4646 1375 4708 de
1397 4646 1519 4727 ratione
1542 4656 1574 4712 et
1595 4651 1758 4733 sapientie.

505 4933 530 4982 e.
548 4935 665 4992 turonem
681 4930 732 4981 ult
753 4953 782 4965 -
805 4933 975 4990 eoetmspeere
996 4927 1017 4976 G
1036 4952 1069 4964 ·-
1092 4926 1131 4976 40.
1150 4926 1180 4977 E.
1199 4928 1227 4977 el
1242 4927 1269 4976 P.
1286 4924 1386 4990 ubique
1404 4940 1457 4978 om.
1477 4930 1525 4981 GB
1544 4955 1571 4966 -
1589 4931 1714 4982 Patrocles
1728 4934 1759 4985 0.

441 5006 481 5059 ct.
498 5006 584 5069 eeegk
600 5004 656 5055 lnd.
674 5003 746 5055 lectt.
765 5005 857 5055 aestiv.
876 5001 1007 5066 blarburg.
1028 4999 1092 5051 4844
1109 5013 1135 5065 p.
1148 5001 1190 5050 lli.
1206 5028 1233 5039 -
1253 5003 1292 5051 44.
1311 5003 1442 5064 oppetoc:
1461 5008 1575 5066 oppetam
1591 5004 1641 5056 elii.
1661 5008 1714 5059 eet.
1727 5011 1761 5060 1v

441 5081 457 5145 5
473 5080 514 5132 40.
531 5081 635 5130 Terent.
653 5078 736 5130 Andr.
754 5080 785 5139 ll,
804 5079 828 5139 4,
847 5078 905 5127 44.»
921 5077 964 5127 W.
987 5102 1013 5115 -
1031 5075 1180 5125 mundaum
1194 5077 1230 5127 C:
1249 5077 1335 5127 mlum
1351 5077 1470 5142 Bentley,
1488 5079 1508 5129 0
1523 5107 1550 5116 -
1570 5079 1608 5132 44.
1627 5084 1761 5147 ommlopti

441 5156 462 5207 c
482 5181 510 5192 -
529 5156 569 5205 te.
585 5155 651 5217 polle
666 5153 758 5205 Bothe.
772 5178 799 5189 -
819 5153 924 5218 90404444.
944 5151 1072 5200 Hominem
1082 5150 1236 5201 Tischerus:
1255 5153 1354 5213 quidem
1370 5158 1405 5202 eu
1420 5153 1542 5204 bominem
1553 5155 1573 5205 C
1582 5169 1588 5213 ς
1607 5157 1705 5216 quidem
1716 5164 1759 5209 eet.

440 5231 569 5282 timuissem
583 5230 605 5280 0
625 5254 649 5268 -
675 5229 715 5280 46.
733 5227 820 5279 Verba
838 5227 1004 5279 distinximus
1022 5237 1083 5275 cum
1101 5224 1232 5277 Bentlelo:
1253 5226 1296 5276 ubi
1312 5231 1410 5277 tectam
1426 5227 1443 5277 l.
1461 5229 1631 5280 coemuntur.
1651 5232 1709 5282 Vide
1725 5234 1759 5290 0;

440 5304 569 5356 Hominem
584 5304 731 5365 mereim,
748 5303 791 5353 ubl
807 5308 824 5353 t.
839 5302 856 5352 4.
868 5302 1038 5363 munuum,
1055 5300 1112 5350 uide
1122 5299 1236 5351 Klotzius
1255 5300 1345 5364 (verba
1361 5303 1483 5353 bominem
1493 5305 1629 5354 mun
1641 5306 1761 5358 Ciceroni

440 5377 578 5440 tribuens).
598 5404 625 5415 -
649 5378 743 5428 luctum
767 5376 961 5428 metinuotuec
981 5401 1009 5412 -
1033 5376 1072 5427 47.
1092 5377 1202 5440 offerto
1223 5404 1249 5412 -
1274 5390 1340 5440 quse·
1356 5379 1376 5427 G
1394 5403 1421 5413 -
1444 5377 1484 5428 40.
1500 5385 1621 5442 porosum
1636 5381 1758 5445 Bentley:

437 5458 559 5518 poesim
575 5452 595 5502 C
614 5477 642 5488 -
665 5452 706 5502 to.
724 5451 883 5504 moelem
908 5478 936 5488 -
957 5450 1063 5500 mucul
1079 5452 1128 5501 GB
1147 5477 1174 5488 -
1197 5452 1238 5503 ts.
1261 5457 1322 5503 esset
1342 5454 1376 5504 C:
1400 5458 1437 5503 eet
1457 5453 1607 5514 Ernestius,
1626 5456 1646 5505 0
1666 5482 1692 5492 -
1709 5457 1762 5506 oili

439 5528 522 5578 mlest
537 5527 682 5577 Victorius:
700 5526 845 5577 uidimusc
866 5553 892 5562 -
911 5526 952 5578 et.
971 5526 1093 5588 Eloquere
1109 5527 1256 5591 eloquereC
1275 5527 1331 5590 (sed
1349 5528 1374 5577 tn
1392 5527 1412 5577 n
1429 5525 1541 5579 alterum
1557 5530 1671 5593 eloquere
1687 5531 1761 5582 dele·

439 5603 522 5664 euml:
545 5601 667 5663 Eloquere
682 5600 784 5664 (semel)
801 5602 821 5652 0
841 5627 868 5638 -
891 5601 932 5651 23.
947 5600 1036 5666 polest]
1055 5602 1122 5664 potis
1138 5603 1267 5662 Davisius,
1286 5603 1314 5652 0.
1340 5601 1379 5653 Cl.
1397 5615 1424 5652 u,
1443 5602 1484 5653 444.
1505 5629 1531 5639 -
1551 5605 1629 5668 ecsoel
1646 5606 1678 5655 B:
1701 5607 1761 5656 boec

438 5678 492 5742 toul
508 5679 566 5729 en.
583 5676 649 5728 Vide
660 5676 695 5728 ed
705 5678 722 5742 s
733 5677 774 5728 to.
789 5701 816 5712 -
835 5676 949 5739 suppetit.
967 5677 994 5726 P.
1012 5675 1128 5726 Laberis:
1147 5678 1243 5741 quiesce
1258 5678 1336 5741 iqitur
1346 5682 1370 5727 et
1385 5676 1472 5727 ooteue
1482 5677 1575 5741 slllqc:
1592 5681 1662 5730 loce!
1679 5680 1760 5730 Bent-

438 5750 498 5816 ley3
517 5753 665 5814 Quleseen
675 5753 755 5817 culpo
770 5755 864 5818 poetae
881 5751 972 5802 tribuit
988 5752 1100 5802 etiamo
1115 5778 1142 5790 —
1160 5752 1201 5803 27.
1214 5753 1360 5802 inclinatum
1378 5751 1459 5817 [44οά44]
1471 5753 1556 5816 Bergk
1567 5752 1584 5804 Ι.
1598 5753 1615 5805 l.
1629 5779 1656 5790 -
1676 5755 1717 5805 34.
1730 5755 1760 5805 ie

439 5827 612 5878 mmuetuilm
631 5827 712 5878 edluc
731 5828 752 5878 0
776 5853 800 5867 -
825 5827 1169 5879 mercimoni-wallone
1189 5827 1216 5877 in
1237 5828 1361 5878 contextu
1377 5829 1475 5879 omissa
1496 5828 1523 5879 ln
1540 5840 1623 5892 marg.
1642 5827 1701 5880 ead.
1720 5842 1757 5881 m.

439 5898 560 5968 suppleta
576 5899 658 5953 babet
674 5904 704 5954 G.
