4342 7459
702 1226 772 1313 er.
784 1228 848 1300 „tlt
877 1223 1441 1310 cir.xx1-xxu.§§68-75.
1673 1222 1729 1289 lbi

408 1417 535 1462 nocere.
570 1398 634 1460 Neo
656 1403 731 1460 ver'o
753 1402 874 1460 rectum
897 1405 945 1461 est
965 1417 1036 1460 cum
1058 1397 1166 1459 amicis
1181 1403 1234 1458 aut
1252 1395 1332 1457 bene
1347 1395 1467 1458 meritis
1482 1395 1665 1459 consociare
1680 1403 1735 1460 aut

407 1492 602 1575 coniungere
629 1491 793 1564 iniuriam,
823 1490 1068 1572 gravissimeque
1096 1497 1129 1553 et
1154 1490 1316 1553 verissime
1347 1488 1528 1553 defenditur
1560 1509 1734 1572 numquam

407 1587 601 1668 aequitatem
628 1585 667 1647 ab
688 1584 826 1647 utilitate
857 1604 951 1665 posse
980 1584 1105 1666 seiungi
1134 1591 1180 1657 et,
1210 1584 1360 1668 quicquid
1386 1603 1524 1667 aequum
1551 1584 1735 1666 iustumque

407 1686 510 1753 esset,
536 1679 570 1742 id
599 1679 694 1742 etiam
724 1677 910 1752 honestum,
940 1678 1161 1762 vicissimque,
1192 1678 1347 1762 quicquid
1375 1685 1460 1741 esset
1487 1677 1673 1752 honestum,
1702 1676 1733 1739 id

407 1774 526 1836 iustum
548 1774 644 1836 etiam
666 1779 759 1855 atque
781 1790 920 1854 aequum
942 1771 1020 1835 iore.
1053 1769 1104 1835 72.
1119 1772 1168 1835 Ad
1183 1792 1299 1855 easque
1315 1773 1461 1847 virtutes,
1484 1772 1524 1836 de
1540 1774 1656 1855 quibus
1671 1774 1762 1841 dir-a

408 1874 552 1949 putatum
582 1875 646 1941 est,
674 1865 870 1929 dialecticam
900 1866 995 1929 etiam
1025 1866 1201 1949 adiungunt
1228 1874 1260 1929 et
1287 1866 1465 1951 physicam,
1487 1886 1606 1951 easque
1627 1867 1735 1931 ambas

407 1959 559 2023 virtulum
581 1962 709 2024 nomine
731 1959 909 2042 appeliant,
931 1961 1077 2034 alteram,
1101 1958 1186 2042 quod
1207 1960 1323 2023 babeat
1339 1962 1511 2037 rationem,
1534 1981 1573 2024 ne
1590 1963 1641 2025 oui
1655 1962 1735 2026 falso

408 2057 620 2119 assentiamur
641 2075 720 2118 neve
743 2075 896 2137 umquam
918 2055 1057 2137 captiosa
1079 2054 1301 2138 probabilitate
1322 2054 1482 2130 satiamur,
1511 2075 1629 2138 eaque,
1653 2074 1735 2138 quae

411 2148 567 2212 debonis
590 2157 622 2212 et
643 2149 735 2212 malis
759 2148 978 2222 didicerimus,
1000 2158 1035 2213 nt
1056 2157 1165 2212 tenere
1187 2150 1333 2231 tuerique
1356 2150 1524 2231 possimus.
1566 2151 1645 2211 Nam
1667 2149 1736 2212 sine

409 2240 468 2305 bac
489 2250 556 2304 arte
578 2243 721 2324 quemvis
743 2243 937 2306 arbitrantur
952 2262 972 2305 a
987 2263 1061 2306 vero
1084 2242 1197 2305 abduci
1219 2242 1350 2325 lallique
1373 2261 1476 2325 posse.
1514 2245 1608 2307 Recte
1630 2245 1735 2326 igitur,
1746 2263 1773 2309 ro
1863 2324 1865 2327 Ι

410 2338 437 2399 si
464 2335 610 2399 omnibus
638 2338 671 2399 in
697 2336 792 2399 rebus
814 2337 975 2400 temeritas
1003 2336 1224 2419 ignoratioque
1251 2337 1366 2400 vitiosa
1396 2343 1460 2411 est,
1487 2343 1538 2401 ars
1567 2357 1622 2412 ea,
1653 2356 1735 2419 quae

410 2429 494 2493 tollit
514 2428 608 2502 baec,
630 2431 728 2493 virtus
749 2430 914 2492 nominata
935 2438 993 2493 est.

494 2523 596 2585 xxfl.
619 2519 670 2585 73.
693 2523 846 2607 Physicae
869 2543 998 2607 qnoque
1020 2544 1084 2587 non
1106 2523 1177 2585 sine
1199 2543 1295 2588 cansa
1313 2525 1448 2588 tributus
1462 2526 1546 2589 idem
1561 2535 1609 2590 est
1622 2528 1736 2604 bonos,

411 2624 581 2701 propterea
602 2617 704 2700 quod,
728 2618 783 2701 qui
799 2620 1024 2682 convenienter
1042 2627 1173 2681 naturae
1189 2620 1327 2680 victurus
1342 2625 1405 2692 est,
1427 2619 1457 2682 ei
1473 2617 1736 2702 proficiscendum

410 2720 458 2775 est
479 2711 521 2775 ab
542 2713 629 2773 omni
652 2714 770 2776 mundo
793 2720 891 2795 atque
913 2713 952 2775 ab
976 2713 1044 2776 eius
1067 2712 1298 2795 procuratione.
1341 2714 1406 2775 Neo
1426 2732 1501 2775 nero
1524 2723 1628 2796 potest
1649 2717 1774 2799 quis-ra

411 2826 507 2889 quam
530 2803 570 2867 dc
594 2805 686 2867 bonis
709 2812 741 2867 et
763 2804 854 2868 malis
876 2825 950 2869 vere
973 2805 1112 2868 iudicare
1135 2805 1195 2867 nisi
1217 2805 1302 2869 omni
1325 2808 1448 2889 cognita
1470 2808 1591 2873 ratione
1608 2818 1736 2875 naturae

411 2910 442 2963 et
469 2900 552 2963 vitae
581 2898 676 2961 etiam
707 2898 854 2971 deorum,
884 2906 916 2961 et
937 2908 1041 2963 utrum
1064 2900 1232 2961 conveniat
1252 2919 1352 2962 necne
1374 2910 1487 2965 natura
1506 2902 1644 2967 bominis
1666 2925 1738 2969 cum

410 2994 569 3057 universa.
607 2992 760 3075 Quaeque
783 3001 858 3055 sunt
880 3001 986 3056 vetera
1008 3003 1176 3077 praecepta
1198 2993 1406 3075 sapientium,
1438 2996 1492 3078 qui
1514 2998 1624 3060 iubent
1646 3006 1738 3061 tem-

410 3088 497 3171 pori
519 3105 657 3171 parere
680 3094 711 3149 et
732 3086 850 3171 sequi
874 3087 982 3150 deum
1005 3096 1037 3149 ct
1059 3108 1099 3150 se
1121 3107 1293 3150 noscere
1316 3094 1348 3150 et
1370 3088 1476 3152 nibil
1498 3091 1638 3166 nimis,
1659 3093 1738 3154 baec

410 3181 481 3246 sine
503 3181 645 3264 physicis
667 3201 763 3263 quam
787 3180 849 3243 vim
871 3181 1010 3245 babeant
1023 3215 1065 3229 -
1080 3191 1112 3245 et
1125 3181 1243 3243 habent
1258 3182 1428 3245 maximam
1442 3216 1500 3258 -,
1522 3184 1629 3248 ridere
1644 3203 1775 3250 nemoao

409 3282 525 3360 potest.
560 3274 666 3356 Atque
688 3274 782 3337 ctiam
805 3275 845 3336 ad
866 3275 1018 3338 iustitiam
1041 3275 1221 3349 colendam,
1244 3275 1283 3338 ad
1306 3276 1440 3339 tuendas
1463 3278 1618 3342 amicitias
1635 3286 1667 3341 et
1689 3298 1739 3341 re-

410 3371 514 3453 liquas
540 3369 687 3431 caritates
713 3366 790 3451 qnid
820 3376 933 3431 natura
961 3370 1080 3443 valeat,
1109 3368 1188 3431 baec
1215 3388 1279 3432 una
1306 3370 1444 3451 cognitio
1473 3380 1575 3454 potest
1605 3362 1738 3436 tradere.

410 3467 476 3527 Nec
498 3483 573 3526 vcro
594 3461 697 3544 pietas
719 3463 888 3524 advorsum
911 3461 1003 3537 deos,
1027 3482 1087 3526 nec
1110 3470 1229 3545 quanta
1243 3463 1283 3525 iis
1298 3465 1396 3546 gratia
1411 3463 1576 3540 debeatur,
1599 3465 1668 3529 sine
1684 3486 1740 3529 ex·

411 3558 596 3642 planatione
617 3563 747 3617 naturae
770 3555 910 3638 intellegi
933 3564 1046 3638 potest.
1089 3553 1141 3617 74.
1165 3557 1227 3619 Sed
1249 3559 1311 3620 iam
1333 3558 1436 3621 sentio
1455 3580 1505 3622 me
1525 3580 1595 3624 esse
1611 3560 1739 3643 longius

411 3660 610 3736 provectum,
633 3671 728 3733 quam
751 3652 914 3733 proposita
936 3652 1016 3716 ratio
1040 3653 1226 3736 postularet
1263 3654 1380 3716 Verum
1402 3652 1596 3717 admirabilis
1612 3674 1779 3739 compo-sa

411 3747 485 3811 sitio
511 3745 697 3829 disciplinae
720 3745 980 3830 incredibilisque
1003 3766 1107 3810 rerum
1130 3746 1225 3810 traxit
1246 3746 1341 3821 ordo,
1364 3767 1473 3829 quem,
1504 3767 1562 3828 per
1583 3747 1660 3811 deos
1682 3749 1741 3811 im·

412 3839 572 3903 mortalisl
596 3858 703 3900 nonne
726 3840 873 3903 miraris?
898 3840 982 3917 Quid
1005 3841 1088 3904 euim
1111 3848 1166 3904 aut
1187 3842 1219 3904 in
1237 3850 1365 3915 natura,
1389 3861 1453 3923 qua
1467 3841 1547 3904 nihil
1563 3849 1611 3904 est
1625 3842 1740 3925 aptius,

412 3933 491 3997 nibil
522 3932 727 4016 descriptius,
757 3942 811 3997 aut
837 3936 870 3997 in
894 3936 1041 4018 operibus
1063 3956 1158 3998 manu
1180 3935 1269 3999 factis
1292 3943 1354 3998 tam
1378 3934 1588 4018 compositum
1611 3943 1740 4019 tamque

414 4033 612 4109 compactum
635 4035 667 4090 et
687 4037 936 4110 coagmentatum
960 4032 1095 4094 inveniri
1117 4033 1244 4115 potest‘i
1276 4030 1353 4113 quid
1375 4029 1532 4113 posterius
1555 4031 1654 4112 priori
1675 4050 1741 4093 nou

414 4122 582 4183 convenit‘.l
606 4122 684 4205 quid
708 4124 866 4204 sequitur,
890 4126 975 4205 quod
999 4146 1062 4188 non
1085 4125 1277 4206 respondeat
1299 4123 1478 4205 superiori?
1509 4124 1586 4205 quid
1608 4144 1674 4187 non
1696 4126 1779 4188 sicae

414 4214 500 4278 aliud
524 4236 563 4278 ex
586 4215 648 4278 alio
672 4218 823 4292 nectitur,
845 4226 896 4290 ut,
919 4220 945 4281 si
968 4219 1065 4282 ullam
1083 4219 1217 4281 litteram
1233 4220 1383 4292 moveris,
1407 4217 1513 4280 labent
1528 4218 1655 4281 omnia‘i
1677 4220 1741 4281 Nec

415 4318 519 4371 tamen
542 4311 712 4393 quicquam
735 4320 795 4386 cst,
819 4314 906 4397 quod
930 4314 1049 4376 moveri
1071 4315 1182 4397 possit.

499 4402 551 4466 75.
575 4405 678 4479 Quam
709 4408 811 4489 gravis
838 4428 931 4482 vero,
962 4428 1055 4490 quam
1078 4402 1260 4488 magnilica,
1292 4423 1387 4487 quam
1410 4409 1556 4467 constans
1579 4402 1744 4468 coniicitur

415 4519 550 4583 persona
572 4500 741 4582 sapientisl
766 4502 835 4583 qui,
859 4523 929 4564 cum
946 4503 1025 4564 ratio
1041 4501 1197 4573 docuerit,
1221 4499 1305 4582 quod
1320 4499 1488 4561 honestum
1504 4506 1604 4573 esset,
1626 4499 1658 4561 id
1673 4520 1743 4563 esse

415 4592 519 4655 solum
542 4591 675 4667 bonum,
698 4614 823 4676 semper
845 4596 886 4657 sit
910 4616 1039 4658 necesse
1063 4603 1111 4657 est
1131 4595 1241 4656 beatus
1264 4613 1402 4676 vereque
1417 4593 1523 4656 omnia
1541 4593 1600 4656 ista
1615 4594 1781 4658 nominans

416 4687 592 4769 possideat,
622 4708 704 4770 quae
733 4689 857 4752 irrideri
879 4689 918 4752 ab
942 4689 1096 4771 imperitis
1120 4689 1232 4751 solent.
1274 4687 1404 4749 Rectius
1427 4688 1511 4749 enim
1534 4687 1745 4770 appellabitur

482 4954 505 5000 t.
523 4951 618 4999 meritis
634 4951 729 5000 sociare
746 4951 765 5000 B
779 4976 805 4985 -
826 4951 850 5000 b.
869 4951 991 4999 iniuriam
1008 4964 1060 5000 orn.
1076 4951 1095 4999 B
1114 4952 1173 5009 (non
1186 4949 1216 5009 E)
1230 4975 1257 4985 -
1275 4949 1462 5011 monialmoni
1478 4949 1497 4998 Β
1513 4975 1537 4987 -
1559 4950 1583 4999 5.
1596 4962 1638 4998 aas
1653 4950 1745 5000 oirt.B

419 5056 446 5065 -
459 5028 482 5076 8.
500 5027 623 5088 jutemur
634 5040 687 5075 om.
700 5029 721 5076 A
735 5053 762 5060 -
781 5026 867 5089 eoque]
881 5040 959 5088 aeque
970 5027 1004 5085 A,
1024 5039 1084 5086 eque
1102 5026 1149 5074 ΒΕ
1166 5053 1191 5061 -
1210 5025 1406 5073 annuerimus
1422 5024 1455 5073 B:
1475 5025 1636 5073 didiceremus
1652 5026 1687 5083 A;
1707 5026 1747 5074 di-

416 5117 525 5153 cercmus
542 5102 620 5152 codd.
640 5101 705 5151 dett.
721 5127 748 5137 -
766 5103 844 5151 teneri
862 5104 894 5159 A;
914 5115 944 5149 ae
961 5102 979 5149 Β
999 5128 1024 5136 -
1047 5103 1087 5150 tt).
1107 5100 1222 5161 quamuis
1238 5099 1286 5147 ΒΕ
1301 5126 1327 5134 -
1347 5113 1364 5146 o
1380 5112 1441 5148 uero
1453 5100 1487 5147 A:
1506 5099 1538 5148 ob
1554 5113 1612 5149 uero
1624 5100 1702 5149 REO
1715 5127 1743 5136 -

417 5183 455 5230 tt.
475 5181 668 5244 ipooronts'oqua
681 5181 701 5229 Ι)
716 5204 743 5215 -
763 5193 806 5228 ors
822 5180 900 5228 ΑΒΕ
912 5180 945 5227 D:
965 5176 996 5226 ob
1013 5177 1050 5224 tris
1068 5175 1146 5225 codd.
1166 5174 1327 5230 deteriorem
1351 5187 1394 5222 ors
1410 5173 1442 5223 ob
1458 5174 1496 5222 bis
1510 5187 1572 5223 cum
1583 5175 1670 5224 btarso
1683 5176 1702 5226 0
1716 5200 1743 5212 -

418 5259 457 5306 tt.
476 5258 543 5317 boec]
562 5257 634 5304 buius
651 5256 670 5305 Β
691 5282 715 5292 -
738 5256 777 5305 t3.
797 5255 900 5318 quoque]
919 5254 1018 5314 quidem
1035 5253 1053 5301 Β
1074 5278 1101 5287 -
1121 5256 1155 5300 est
1172 5264 1225 5300 om.
1245 5250 1263 5298 Β
1282 5276 1308 5285 -
1329 5248 1369 5299 tl.
1387 5255 1421 5298 est
1438 5249 1598 5312 Madvigius:
1617 5251 1648 5300 sit
1666 5250 1745 5302 codd.

418 5335 443 5381 et
462 5332 514 5381 nto
534 5358 560 5366 -
579 5330 609 5393 cr]
628 5335 651 5379 et
668 5330 732 5388 AB,
752 5330 785 5380 ci.
805 5330 819 5392 5
838 5330 877 5378 di.
900 5356 926 5365 -
951 5330 990 5377 ti.
1009 5334 1032 5377 et
1049 5333 1182 5388 utrumque
1198 5340 1219 5374 c.
1240 5325 1259 5374 E
1278 5352 1305 5359 -
1326 5326 1366 5374 t8.
1385 5326 1515 5375 noiomo:
1534 5328 1747 5387 qouque-mr-

417 5409 471 5455 mts.
489 5407 556 5455 ttosc
572 5407 625 5454 sine
642 5406 662 5453 0
682 5431 708 5440 -
727 5411 839 5454 newsum
857 5405 1017 5454 Goerenzius
1037 5405 1071 5463 lin
1089 5401 1249 5460 Addendis),
1269 5398 1327 5449 coll.
1342 5400 1384 5460 tv,
1404 5399 1419 5462 5
1438 5400 1478 5449 ⁴7.
1491 5428 1524 5438 -
1542 5401 1581 5451 ⁴9.
1600 5402 1707 5463 assequi
1724 5408 1748 5451 st

418 5483 489 5530 deum
507 5481 554 5530 ΒΕ
575 5506 601 5515 -
620 5480 689 5543 boec]
707 5494 751 5528 occ
768 5481 828 5530 Β-
847 5479 887 5529 23,
907 5479 967 5527 baec
983 5492 1041 5527 uero
1055 5492 1082 5539 p.
1102 5479 1159 5525 odo.
1177 5477 1246 5535 deos,
1265 5488 1309 5524 nec
1326 5488 1377 5538 quo
1394 5475 1434 5523 isti
1449 5476 1537 5537 pratia
1548 5476 1677 5536 debentur,
1695 5476 1747 5526 uos

418 5556 594 5617 acptoootr'ooe
603 5570 629 5603 n.
643 5557 687 5603 int.
700 5561 776 5617 potest
788 5556 886 5604 Nonius
900 5567 925 5616 p.
937 5553 984 5601 232
996 5567 1016 5603 s.
1030 5567 1054 5603 v.
1065 5554 1203 5602 Advorsum
1215 5578 1240 5586 -
1254 5551 1412 5599 aduersum·
1421 5576 1435 5585 -
1444 5550 1620 5612 arpiuuotioos
1631 5551 1744 5599 Nonius:

418 5634 536 5681 odcusus
546 5658 583 5671 -·
594 5632 760 5693 explicatione
771 5630 849 5679 codd.
864 5632 919 5679 Cic.
934 5632 961 5678 et
973 5630 1023 5678 uo
1038 5655 1064 5663 -
1083 5628 1121 5691 iis]
1139 5629 1176 5675 tris
1187 5631 1205 5676 A
1217 5627 1251 5687 0,
1269 5627 1313 5687 bys
1329 5626 1348 5674 B
1364 5653 1389 5661 -
1409 5625 1449 5676 il.
1469 5628 1514 5675 int.
1532 5640 1581 5674 ooo
1596 5630 1675 5687 potest
1686 5627 1704 5675 Β
1716 5652 1743 5659 -

419 5708 458 5755 26.
471 5707 564 5770 rerum]
582 5720 621 5756 me
637 5721 722 5756 rerum
739 5708 757 5756 B
772 5733 799 5742 -
818 5707 858 5754 25.
873 5704 931 5767 quo]
950 5706 1016 5765 quod
1027 5704 1074 5753 ΒΕ
1090 5730 1116 5738 -
1136 5703 1175 5753 79.
1189 5704 1390 5751 cocicmertotum
1401 5704 1437 5758 A;
1455 5699 1702 5763 couupmmtotumb
1716 5725 1743 5735 -

419 5783 458 5831 30.
477 5784 542 5845 quod
558 5797 608 5832 oon
625 5783 655 5831 sit
673 5782 736 5831 otter
752 5782 828 5830 iudeo>
840 5781 891 5828 utto
903 5781 950 5829 ΒΕ
966 5806 992 5816 -
1012 5779 1052 5829 ut.
1067 5783 1094 5827 ut
1105 5781 1170 5840 Aug.
1184 5778 1351 5826 Matthiaeus:
1368 5783 1395 5824 ut
1408 5790 1458 5825 nou
1471 5774 1549 5825 codd.
1563 5776 1589 5822 et
1601 5775 1630 5823 0.
1650 5774 1688 5824 Cl.
1702 5774 1744 5835 IV,

421 5857 435 5919 S
452 5859 496 5907 53:
516 5859 547 5906 lit
563 5860 616 5917 nis,
634 5858 655 5906 si
671 5872 723 5906 uno
740 5858 824 5906 littero
840 5861 963 5905 commoto
979 5856 1019 5915 sit,
1036 5855 1091 5916 sore
1107 5859 1160 5902 toto
1177 5859 1204 5901 ut
1221 5853 1284 5901 tobel
1296 5852 1434 5914 disciplina.
1454 5877 1476 5885 -
1495 5849 1573 5897 uitam
1586 5851 1605 5897 A
1616 5850 1648 5898 B:
1667 5863 1746 5898 unum

421 5931 454 5981 de
466 5931 609 5984 Marklandi
620 5934 732 5983 coniect.
745 5933 766 5983 0
779 5958 806 5967 -
821 5932 861 5981 32.
874 5932 940 5992 quod
951 5932 984 5980 B:
1004 5933 1083 5991 qqu
1098 5956 1125 5965 -
1139 5929 1179 5979 35.
1192 5929 1231 5990 sit]
1244 5928 1297 5978 siA
1311 5954 1338 5964 -
1350 5938 1456 5988 vereque
1465 5950 1502 5962 ·-
1511 5923 1635 5987 possideat
1646 5936 1700 5974 om.
1712 5922 1741 5971 B.
