4342 7459
455 1226 517 1292 348
783 1230 1107 1299 Tuscuttusatltt
1128 1234 1457 1302 bisaurartoituit

338 1411 340 1416 ·
455 1398 528 1451 sunt
548 1389 676 1452 auditae
697 1391 918 1454 Demosthenis
941 1391 1090 1474 vigiliae?
1112 1395 1170 1477 qui
1187 1394 1294 1458 dolere
1315 1415 1351 1459 se
1372 1396 1491 1473 aiebat,
1513 1398 1542 1461 si
1563 1397 1690 1482 qnando
1711 1400 1785 1483 opi-

453 1484 546 1546 ticum
570 1484 757 1547 antelucana
780 1486 880 1549 victus
897 1494 981 1550 esset
1002 1488 1166 1551 industria.
1189 1488 1413 1573 Philosophiae
1428 1491 1567 1577 denique
1581 1493 1683 1576 ipsius
1696 1495 1788 1581 prita-

454 1580 541 1661 cipes
562 1598 734 1662 numquam
756 1580 789 1642 in
811 1581 878 1644 suis
900 1580 1013 1644 studiis
1035 1591 1140 1646 tantos
1163 1602 1346 1667 progressus
1362 1585 1432 1648 sine
1446 1585 1590 1668 flagranti
1608 1588 1786 1671 cupiditate

452 1672 556 1735 iacere
578 1672 766 1756 potuissent.
800 1673 931 1737 Ultimas
947 1684 1045 1739 terras
1061 1675 1212 1740 lusitasse
1228 1677 1441 1762 Pythagoran,
1464 1679 1691 1757 Democritum,
1714 1682 1787 1747 Pla·

428 1776 559 1844 ,ionem
582 1768 779 1849 accepimus;
803 1768 857 1831 ubi
881 1769 964 1831 enim
982 1769 1134 1852 quiequid
1151 1778 1235 1833 esset
1250 1771 1337 1853 quod
1353 1771 1433 1835 disci
1449 1782 1574 1856 posset,
1597 1795 1636 1838 eo
1654 1777 1787 1840 venien·

452 1863 526 1926 dum
549 1863 779 1926 iudicaverunt
819 1864 900 1925 Num
930 1870 1078 1945 putamus
1101 1863 1179 1925 haec
1202 1860 1268 1926 fieri
1292 1865 1359 1928 sine
1382 1887 1505 1933 summo
1528 1869 1712 1952 cupiditatis
1734 1889 1787 1934 ar·

418 1998 420 2002 ⁴
450 1957 528 2021 dore
552 1956 719 2041 potuisset
1092 2006 1095 2013 .

535 2053 606 2114 xx.
634 2047 686 2114 45.
715 2052 819 2132 lpsam
849 2049 1097 2133 aegritudinem,
1128 2071 1223 2134 quam
1253 2072 1311 2117 nos
1339 2062 1375 2117 ut
1402 2061 1532 2119 taetram
1562 2062 1594 2119 el
1620 2056 1783 2120 inmanem

449 2147 575 2210 beluam
605 2144 787 2227 fugiendam
818 2143 972 2218 diximus,
1003 2166 1066 2209 non
1096 2146 1165 2207 sine
1196 2165 1309 2229 magna
1336 2148 1472 2212 utilitate
1498 2157 1650 2213 anatura
1672 2149 1786 2214 dicunt

411 2268 440 2314 m
450 2243 664 2313 constitutam,
700 2248 736 2304 ul
763 2238 910 2301 homines
937 2238 1213 2323 castigationibus,
1249 2240 1568 2324 reprehensionibus,
1598 2242 1785 2325 ignominiis

449 2334 540 2399 adlici
571 2356 605 2399 se
627 2337 667 2397 ‘in
696 2332 810 2395 delicto
841 2331 995 2395 dolerent.
1036 2333 1200 2416 inpunitas
1228 2334 1313 2397 enim
1337 2332 1538 2418 peccato‘rum
1561 2335 1634 2400 data
1657 2336 1785 2402 videtur

449 2432 510 2504 eis,
533 2430 586 2514 qui
609 2428 813 2511 ignominiam
836 2434 868 2489 et
889 2426 1048 2490 infamiam
1071 2426 1178 2490 ierunt
1199 2427 1267 2490 sine
1290 2428 1421 2505 dolore;
1445 2430 1581 2493 morderi
1603 2439 1652 2494 est
1666 2431 1783 2496 melius

448 2523 651 2590 conscientia.
683 2522 732 2583 Ex
754 2540 818 2605 quo
841 2528 889 2583 est
911 2519 990 2583 illud
1013 2540 1031 2582 e
1053 2520 1117 2584 vita
1140 2520 1268 2585 ductum
1292 2525 1331 2588 ab
1353 2522 1502 2600 hirani03
1525 2543 1597 2587 nam
1620 2544 1691 2587 curu
1715 2524 1783 2589 dis·

447 2620 570 2684 solutus
593 2616 694 2679 tilius:

409 2737 438 2784 ts
532 2714 615 2775 lleu
638 2730 692 2773 me
714 2709 930 2773 miserum!

447 2818 512 2873 tum
535 2825 663 2871 severus
685 2810 791 2887 pater:

778 2899 872 2961 Dum
896 2897 1009 2960 modo
1033 2896 1165 2959 doleat
1186 2898 1366 2982 aliquid,
1389 2900 1526 2965 doleat
1546 2902 1779 2986 qnidlubet.

445 2995 496 3060 46.
520 2995 669 3083 Reliquas
691 3013 820 3078 quoque
843 2993 942 3077 partis
964 2992 1172 3074 aegritudinis
1190 2991 1277 3055 utilis
1293 3012 1364 3057 esse
1379 2992 1504 3070 dicunt,
1527 2996 1778 3061 misericordiam

445 3093 485 3157 ad
518 3111 611 3174 opem
644 3085 802 3151 ferendam
836 3094 868 3149 et
896 3087 1061 3149 hominum
1092 3084 1292 3169 indignorum
1324 3087 1516 3153 calamitates
1538 3091 1775 3168 'sublevandam

406 3188 546 3271 seipsum
570 3183 648 3247 illud
670 3180 837 3253 aemulari,
859 3180 1036 3244 obtrectare
1060 3200 1122 3242 non
1147 3199 1216 3242 esse
1238 3181 1365 3257 inutile,
1389 3203 1460 3246 cum
1482 3192 1537 3247 aut
1559 3205 1593 3248 se
1609 3204 1675 3248 uon
1689 3186 1776 3249 idem

445 3281 548 3345 videat
569 3284 773 3342 consecutum
796 3273 882 3357 quod
904 3274 999 3336 alium
1021 3274 1194 3337 aulalium
1216 3274 1300 3337 idem
1323 3275 1410 3359 quod
1433 3298 1489 3354 se;
1513 3287 1631 3341 metum
1654 3280 1777 3343 verosi

443 3376 497 3462 qui
527 3372 723 3444 sustulisset,
752 3388 877 3432 omnem
906 3367 988 3430 vitae
1016 3367 1213 3448 diligentiam
1241 3369 1396 3433 sublatam
1424 3370 1511 3446 iore,
1540 3392 1623 3456 quae
1652 3391 1775 3436 summa

443 3479 527 3534 esset
548 3470 580 3529 in
604 3466 663 3538 eis,
694 3464 749 3548 qui
772 3463 875 3544 leges,
897 3461 952 3545 qui
976 3463 1190 3543 magistratus,
1213 3462 1267 3545 qui
1290 3474 1527 3546 paupertatem,
1550 3467 1605 3549 qui
1628 3473 1774 3541 mortem,

443 3565 498 3650 qui
521 3563 663 3625 dolorem
686 3560 843 3621 timerent.
875 3556 960 3618 llaec
981 3564 1086 3617 tamen
1109 3555 1151 3619 ita
1174 3555 1344 3639 disputant,
1367 3567 1403 3622 ul
1416 3560 1589 3623 resecanda
1607 3580 1678 3624 esse
1693 3560 1775 3624 sate-

404 3667 543 3731 asantnr,
565 3654 657 3718 evelli
680 3653 809 3735 penitus
832 3650 937 3712 dicant
957 3669 1016 3712 nee
1039 3669 1131 3732 posse
1154 3670 1212 3713 nee
1234 3670 1316 3734 opus
1333 3671 1415 3727 esse,
1438 3662 1470 3717 et
1484 3654 1517 3717 iu
1531 3655 1678 3718 omnibus
1706 3654 1773 3718 iere

441 3753 536 3816 rebus
573 3748 820 3812 mediocritatem
851 3764 922 3807 esso
949 3752 1109 3825 optumam
1139 3744 1331 3806 existiment.
1377 3746 1465 3820 Quae
1489 3768 1560 3811 cum
1590 3755 1772 3832 exponunt,

441 3847 561 3910 nihilne
583 3842 639 3906 tibi
654 3840 802 3902 videntur
819 3858 859 3901 aa
881 3838 1003 3921 aliquid
1026 3837 1155 3900 diceret
1178 3838 1214 3899 Α.
1229 3838 1306 3901 ttthi
1330 3858 1403 3902 vero
1419 3840 1525 3904 dicere
1544 3842 1688 3927 aliquid;
1712 3842 1772 3905 ita·

441 3962 504 4025 que
526 3944 676 4021 expecto,
699 3932 776 4016 quid
798 3932 837 3994 ad
861 3932 931 3995 ista.

525 4032 611 4094 xxi.
633 4026 684 4090 47.
714 4028 756 4090 Μ.
783 4027 948 4108 Reperiam
977 4025 1128 4100 tortasse,
1161 4026 1217 4089 sed
1244 4026 1325 4090 illud
1353 4036 1436 4091 ante.
1480 4028 1619 4092 Videsne
1651 4035 1772 4113 quanta

402 4128 534 4191 aruerit
563 4122 645 4208 apud
675 4121 878 4184 Academicos
909 4120 1124 4183 verecundia?
1158 4122 1252 4184 Plane
1282 4123 1365 4184 enim
1394 4121 1503 4185 dicunt
1525 4123 1611 4206 quod
1639 4122 1770 4186 adrem

440 4222 606 4306 pertineat.
645 4215 859 4297 Peripateticis
888 4212 1099 4297 respondetur
1128 4234 1146 4277 a
1169 4216 1292 4279 Stoicis.
1330 4215 1549 4299 Digladientur
1571 4217 1617 4279 illi
1640 4236 1697 4302 per
1718 4234 1770 4279 me

439 4316 528 4390 licet,
558 4313 606 4376 cui
630 4310 707 4373 nibil
731 4317 778 4372 est
800 4329 930 4372 necesse
952 4308 1013 4370 nisi
1037 4308 1091 4370 uhi
1114 4308 1155 4372 sit
1177 4309 1275 4384 illud,
1305 4307 1392 4394 quod
1417 4308 1700 4373 verisimillimum
1725 4310 1770 4372 ri·

439 4412 566 4482 deutur,
588 4406 769 4488 anquirere.
804 4403 888 4479 Quid
911 4411 960 4465 est
981 4402 1078 4484 igitur
1100 4401 1186 4484 quod
1201 4415 1344 4468 occurrat
1359 4406 1391 4468 in
1406 4405 1466 4468 hac
1482 4407 1679 4488 quaestione,
1703 4423 1768 4489 quo

439 4505 539 4589 possit
567 4500 678 4581 attingi
706 4498 827 4581 aliquid
850 4497 915 4560 veri
945 4496 1070 4559 similei
1103 4517 1167 4581 quo
1194 4498 1319 4581 longius
1349 4519 1437 4562 mens
1459 4500 1596 4562 bumana
1618 4498 1769 4582 progredi

400 4610 503 4662 aenon
526 4602 638 4681 potest.
669 4589 816 4654 Definitio
839 4587 1099 4673 perturbationis,
1122 4610 1184 4673 qua
1207 4600 1290 4655 reete
1312 4594 1470 4655 Zenonem
1493 4613 1583 4656 usum
1606 4598 1701 4675 put03
1723 4590 1769 4654 ita

438 4692 522 4754 enim
551 4685 675 4762 delinit,
704 4695 738 4749 ut
767 4685 959 4768 perturbatio
988 4686 1029 4747 sit
1058 4704 1168 4747 aversa
1191 4706 1208 4747 a
1231 4688 1351 4750 ratione
1374 4695 1481 4750 contra
1504 4694 1647 4749 naturam
1669 4684 1767 4748 animi

438 4783 621 4856 commotio,
651 4780 700 4844 vel
723 4780 864 4853 brevius,
891 4788 927 4842 ut
949 4779 1143 4863 perturbatio
1166 4779 1207 4841 sit
1230 4779 1386 4863 adpetitus
1410 4780 1640 4855 vehementior,
1670 4779 1769 4842 velte·

438 4878 573 4942 mentior
600 4883 706 4938 autem
735 4874 936 4955 intellegatur
962 4873 1006 4947 is,
1040 4873 1094 4956 qui
1126 4874 1235 4955 procul
1262 4874 1344 4937 absit
1370 4894 1389 4937 a
1418 4883 1547 4937 naturas
1577 4873 1765 4936 constantia.

436 4970 487 5034 48.
511 4969 596 5045 0444
618 4968 657 5031 ad
680 4969 738 5031 bas
761 4964 960 5030 definitiones
984 4966 1108 5048 possint
1129 4966 1257 5029 diceret
1289 4969 1393 5051 Atque
1414 4967 1493 5030 haec
1516 4967 1670 5050 pleraque
1693 4974 1767 5029 sunt

398 5064 607 5148 toprudenter
628 5070 784 5146 acuteque
807 5061 1045 5134 disserentium,
1068 5060 1123 5123 illa
1145 5061 1275 5144 quidem
1297 5081 1337 5124 ex
1360 5060 1521 5125 rhetorum
1542 5079 1672 5145 pompa,
1697 5079 1766 5122 aar·

447 5196 785 5209 -——-.---—.—--—--·
791 5195 1196 5204 ——-—---——-——-—-<

502 5272 525 5320 l.
544 5267 688 5318 demostenis
705 5266 754 5315 Gli
774 5292 800 5302 -
820 5265 904 5315 dolore
921 5267 940 5314 G
959 5266 986 5314 cl
998 5267 1141 5329 (superscr.
1153 5266 1173 5325 e)
1192 5267 1211 5315 ii
1230 5266 1281 5327 (qui
1297 5265 1382 5315 dolore
1397 5278 1424 5315 sc
1441 5266 1502 5328 angi
1518 5263 1613 5315 4444444
1629 5262 1764 5328 Klotzius.)

438 5373 463 5382 -
483 5345 507 5396 4.
523 5349 668 5407 pytagorae
685 5342 748 5398 Glit
773 5340 977 5403 Pathaqoramo
997 5365 1023 5375 —
1048 5341 1072 5389 5.
1091 5339 1196 5403 quiqald
1213 5337 1256 5397 (3¹3
1276 5342 1335 5402 quid
1352 5342 1386 5390 0.
1411 5339 1449 5390 Ci.
1469 5339 1491 5387 V
1508 5338 1522 5402 g
1540 5339 1580 5389 98.
1600 5363 1627 5373 -
1647 5339 1696 5388 dici
1713 5340 1764 5392 oli

435 5424 462 5472 et
480 5424 622 5485 (superscr.
635 5418 654 5476 sl
673 5416 691 5464 B
710 5415 778 5477 (44444
795 5416 814 5464 li
832 5427 901 5463 corr.
921 5426 956 5462 m.
976 5415 1084 5475 recenti)
1100 5439 1125 5448 —
1147 5414 1170 5463 6.
1189 5414 1256 5463 Nam
1273 5418 1415 5478 (superscr.
1429 5414 1485 5474 ulti
1506 5439 1532 5448 —
1552 5413 1576 5463 8.
1596 5417 1686 5463 tetram
1703 5412 1729 5464 h.
1743 5411 1761 5464 l.

435 5499 484 5547 GR
504 5521 530 5533 -
550 5495 575 5545 9.
593 5492 713 5558 fugienda
729 5492 817 5540 Gli-
839 5492 877 5540 40.
898 5490 1014 5554 44444444]
1031 5502 1115 5538 omncs
1131 5489 1190 5538 C-
1212 5490 1251 5538 44.
1270 5490 1381 5551 adficisse
1397 5490 1424 5536 44
1441 5488 1505 5545 Gli;
1523 5488 1676 5550 olfecissem
1692 5489 1712 5538 Β
1732 5514 1759 5525 -

435 5573 474 5622 49.
494 5579 517 5623 sl
533 5570 688 5620 calamitates
704 5566 829 5615 4444444444
846 5566 1006 5629 4444444444
1022 5566 1178 5614 calamitates
1195 5564 1230 5621 C;
1249 5569 1271 5613 et
1287 5564 1443 5613 calamitates
1458 5563 1584 5612 4444444444
1600 5563 1762 5627 indignantem

434 5648 454 5696 0
474 5673 500 5681 -
520 5647 560 5695 st.
579 5646 600 5694 si
617 5644 661 5707 qm'
677 5642 739 5692 BB:
759 5642 780 5690 si
797 5642 852 5702 ouis
868 5641 918 5690 GO
936 5665 962 5676 -
982 5639 1022 5689 46.
1042 5639 1188 5688 existimant
1203 5638 1274 5688 Bake
1291 5636 1308 5688 l.
1328 5636 1344 5687 Ι,
1364 5651 1390 5702 p.
1408 5637 1463 5688 lii.
1484 5662 1509 5672 -
1532 5636 1572 5686 30.
1591 5637 1763 5687 achodmaicos

434 5723 483 5771 Gli
503 5749 529 5759 -
549 5720 589 5770 33.
609 5719 759 5782 quaestione,
778 5730 826 5778 pao
843 5717 971 5766 Bouhier:
994 5715 1137 5776 quaestions
1153 5728 1235 5776 aequa
1252 5715 1314 5770 (ili;
1339 5715 1481 5775 quaestions
1497 5724 1561 5771 equa
1578 5712 1759 5775 (cupersano)

433 5796 452 5845 B
472 5822 499 5832 ·-
518 5795 559 5846 36.
578 5809 596 5843 4
612 5807 666 5844 om.
686 5793 736 5843 Gli
754 5818 781 5829 -
801 5791 841 5841 34.
859 5791 1023 5841 vehementior
1039 5787 1123 5841 semel
1140 5789 1266 5840 exhibent
1283 5790 1333 5839 Gli
1346 5814 1372 5824 -
1393 5788 1433 5839 39.
1449 5789 1544 5850 possim
1561 5798 1574 5834 a
1593 5798 1633 5850 pr.
1647 5798 1684 5836 m.
1698 5785 1757 5836 cod.

434 5872 575 5920 Bemeasis
597 5871 623 5920 et
644 5867 769 5931 Bentley:
792 5866 922 5930 44444440
946 5890 973 5901 -
997 5866 1076 5931 atque
1096 5864 1260 5929 Tregdsrus:
1279 5865 1349 5927 alqui
1367 5863 1426 5914 Co.
1450 5862 1516 5913 vids
1533 5859 1567 5910 ad
1584 5860 1618 5910 444
1635 5859 1651 5925 9
1669 5859 1709 5911 44.
1729 5883 1757 5896 -
