4342 7459
670 1236 739 1301 ns
760 1236 800 1300 u.
832 1235 907 1301 cn.
929 1235 1240 1302 xxxo-xxxiv.
1266 1235 1313 1321 ss
1334 1233 1482 1303 as-sr.
1680 1234 1744 1304 aas

413 1397 629 1463 continentem
651 1396 761 1460 mundi
784 1394 927 1459 efficiunt
946 1416 1105 1482 unamque
1126 1403 1279 1461 naturam.
1317 1398 1449 1464 Etcum
1464 1405 1613 1483 quattuor
1626 1419 1743 1483 genen

412 1493 477 1556 sint
503 1510 687 1575 corporum,
717 1490 936 1554 vicissitudine
965 1511 1075 1555 eornm
1098 1492 1208 1554 mundi
1231 1495 1413 1557 continuata
1436 1501 1548 1557 natura
1570 1503 1636 1569 est;
1665 1513 1740 1559 nam

412 1605 453 1649 ex
481 1592 566 1649 terra
590 1605 688 1669 aqua,
717 1605 757 1648 ex
787 1604 871 1668 aqua
895 1585 996 1649 oritur
1016 1593 1085 1659 aer,
1115 1605 1155 1648 ex
1177 1594 1250 1649 edre
1271 1587 1397 1661 aether;
1430 1587 1546 1650 deinde
1566 1596 1740 1651 retrorsum

410 1680 549 1743 vicissim
578 1698 618 1742 ex
648 1678 776 1742 aethere
798 1686 868 1753 aer,
896 1678 970 1741 inde
992 1699 1091 1763 aqua,
1122 1699 1162 1742 ex
1184 1700 1267 1763 aqua
1290 1689 1372 1743 terra
1394 1678 1511 1744 infima.
1548 1681 1598 1744 Sic
1619 1680 1741 1743 naturis

410 1773 466 1847 iis,
488 1791 529 1835 ex
552 1773 669 1854 quibus
691 1773 797 1835 omnia
818 1780 978 1847 constant,
1000 1793 1109 1836 sursus
1127 1774 1275 1849 deorsus,
1298 1776 1381 1837 ultro
1396 1775 1475 1837 citro
1490 1774 1764 1837 commeantibust

410 1867 520 1930 muudi
551 1867 687 1949 partium
713 1867 896 1930 coniunctio
918 1868 1107 1930 continetur.
1150 1866 1201 1930 85.
1224 1867 1313 1943 Quae
1335 1876 1389 1931 eut
1411 1870 1600 1951 sempiterna
1622 1868 1664 1930 sit
1685 1887 1742 1930 ne·

411 1979 500 2023 cesse
522 1967 570 2022 est
591 1959 653 2022 hoo
676 1959 788 2023 eodem
812 1968 944 2035 ornatu,
968 1981 1064 2043 quem
1080 1961 1239 2036 videmus,
1261 1970 1316 2026 aut
1332 1969 1416 2025 certe
1432 1961 1647 2044 perdiuturna,
1669 1981 1740 2046 per·

410 2073 544 2116 manens
570 2052 608 2115 ad
638 2053 848 2137 longinquum
872 2061 904 2117 et
928 2054 1106 2118 inmensum
1129 2075 1230 2138 paene
1252 2062 1386 2139 tempus.
1424 2056 1566 2131 Quorum
1589 2055 1741 2118 utrumvis

410 2147 523 2220 nteit,
545 2148 688 2229 sequitur
710 2156 821 2211 natura
843 2148 995 2210 muudum
1017 2146 1239 2216 administrari.
1275 2149 1365 2224 Quae
1387 2149 1471 2213 enim
1492 2149 1638 2213 classium
1654 2149 1742 2210 navi·

411 2242 496 2325 patio
519 2249 574 2305 aut
596 2260 679 2324 quae
701 2242 867 2304 instructio
890 2243 1049 2304 exercitus
1070 2251 1127 2306 aut
1147 2263 1271 2318 rursus,
1292 2252 1327 2307 ut
1342 2263 1389 2317 ea,
1412 2263 1495 2327 quae
1509 2248 1620 2305 natura
1634 2242 1778 2314 efficitis

411 2333 625 2409 conferamus,
656 2354 739 2417 quae
770 2335 948 2417 procreatio
978 2337 1050 2399 vitis
1079 2343 1135 2399 aut
1164 2337 1300 2411 arboris,
1335 2357 1417 2422 quae
1446 2356 1542 2420 porro
1571 2335 1740 2398 animantis

410 2426 512 2512 ligura
538 2428 810 2511 conformatioque
840 2428 1051 2492 membrorum
1081 2439 1200 2494 tantam
1228 2440 1360 2495 naturae
1382 2432 1553 2495 sollertiam
1575 2428 1741 2511 significat,

411 2534 561 2609 quantam
582 2526 651 2609 ipse
674 2524 836 2587 mundus?
857 2526 920 2587 Aut
942 2524 1038 2606 igitur
1058 2524 1139 2586 nihil
1161 2531 1225 2600 est,
1247 2525 1334 2608 quod
1356 2527 1511 2588 sentiente
1527 2531 1639 2586 natura
1652 2540 1742 2603 rega-

409 2629 475 2694 tur,
498 2628 554 2684 aut
576 2619 729 2682 mundum
751 2618 818 2700 regi
841 2614 1054 2680 confitendum
1070 2626 1128 2680 est.
1171 2614 1223 2681 86.
1240 2620 1364 2682 Etenim
1389 2622 1443 2703 qui
1459 2605 1598 2701 reliquas
1612 2624 1741 2679 naturas
1791 2636 1795 2642 ’

410 2734 521 2778 omnes
551 2732 725 2795 earumque
755 2711 874 2773 semina
906 2712 1065 2775 contineat
1085 2713 1141 2795 qui
1170 2721 1276 2794 potest
1297 2714 1365 2797 ipse
1388 2733 1452 2776 non
1474 2723 1586 2775 natura
1607 2709 1780 2773 adnisi-u

411 2810 531 2873 straril
553 2815 602 2881 ut,
625 2807 652 2870 si
676 2806 730 2889 qui
754 2805 864 2868 dentes
887 2812 920 2867 et
940 2805 1135 2887 pubertatem
1158 2814 1272 2869 natura
1294 2808 1378 2870 dicat
1393 2808 1544 2879 existere,
1567 2806 1671 2887 ipsum
1685 2823 1742 2866 au·

410 2912 474 2968 tem
495 2902 672 2975 hominem,
701 2899 752 2962 cui
775 2918 813 2961 ee
835 2899 988 2972 existant,
1016 2919 1081 2962 non
1104 2907 1249 2962 constare
1272 2908 1399 2975 natura,
1424 2920 1487 2962 non
1510 2898 1672 2980 intellegat
1693 2916 1741 2971 ea,

411 3017 493 3082 quae
515 2994 655 3059 ecferant
675 2992 797 3076 aliquid
820 3012 861 3055 ex
876 3010 960 3067 sese,
982 2992 1186 3074 perfectiores
1201 2993 1319 3057 habere
1335 3002 1463 3058 naturae
1479 3012 1573 3077 quam
1588 3011 1636 3066 ea,
1658 3010 1740 3074 quae

410 3111 452 3154 ex
473 3091 512 3153 iis
535 3087 724 3153 ecferantur.
1510 3112 1513 3115 ·

494 3177 642 3245 xxxiv.
664 3178 814 3243 Omnium
837 3187 942 3242 autem
965 3199 1088 3253 rerum,
1110 3200 1194 3263 quae
1215 3187 1326 3243 natura
1348 3179 1621 3254 administrantur,
1647 3178 1780 3243 semiassi

411 3283 502 3341 nator
523 3284 555 3338 et
576 3283 661 3337 sator
681 3282 712 3337 et
734 3292 864 3354 parens,
885 3281 921 3337 ut
941 3274 985 3337 ita
1006 3273 1123 3348 dicam,
1145 3282 1241 3359 atque
1263 3274 1415 3337 educator
1435 3283 1467 3337 et
1488 3275 1569 3337 altor
1588 3283 1636 3337 est
1650 3293 1741 3336 mun-

411 3371 471 3435 dus
493 3369 665 3451 omniaque
687 3367 768 3430 sicut
789 3367 928 3430 membra
950 3375 983 3430 et
1004 3375 1109 3451 partes
1131 3387 1205 3430 suas
1227 3368 1403 3431 nutricatur
1416 3375 1448 3430 et
1461 3368 1613 3430 continet.
1646 3366 1741 3442 Quod

412 3465 439 3528 si
462 3464 571 3527 mundi
593 3469 700 3545 partes
723 3469 832 3524 natura
854 3460 1129 3535 administrantur,
1158 3481 1288 3524 necesse
1310 3469 1358 3524 est
1385 3464 1535 3524 mnndum
1558 3461 1662 3544 ipsum
1685 3479 1741 3522 na·

410 3566 480 3622 tura
507 3556 737 3629 administrari,
768 3555 857 3617 cuius
886 3556 1013 3639 quidem
1043 3555 1275 3619 administratio
1303 3556 1383 3619 nihil
1411 3555 1506 3619 habet
1533 3556 1567 3619 in
1596 3575 1631 3618 se
1653 3553 1739 3638 quod

409 3648 599 3733 reprehendi
622 3648 742 3732 pessit;
766 3667 807 3710 ex
829 3648 869 3710 iis
891 3650 975 3711 onim
997 3649 1136 3724 naturis,
1159 3669 1242 3732 quae
1260 3657 1362 3724 erant,
1385 3650 1471 3733 quod
1487 3647 1568 3712 effici
1584 3649 1777 3732 optimumttt

409 3746 512 3829 potuit
533 3745 679 3805 eflectum
702 3750 760 3805 est.
803 3739 854 3803 87.
877 3744 995 3805 Doceat
1018 3762 1094 3825 ergo
1116 3743 1231 3825 aliquis
1252 3743 1393 3826 potuisse
1415 3744 1548 3820 melius3
1572 3743 1628 3807 sed
1646 3763 1739 3806 nemo

410 3858 560 3925 umquam
586 3837 712 3899 docebit
734 3843 778 3909 et,
807 3836 834 3898 si
863 3836 936 3918 quis
962 3837 1121 3918 corrigere
1143 3838 1265 3921 aliquid
1287 3838 1387 3910 volet,
1409 3845 1465 3901 aut
1486 3838 1624 3901 deterius
1645 3837 1741 3901 faciet

409 3940 465 3996 aut
479 3933 527 4007 id,
549 3930 636 4015 quod
651 3927 718 3992 lieri
734 3949 798 3992 non
813 3932 968 4013 potuerit,
991 3930 1192 3993 desiderabit.
1223 3929 1316 4005 Quod
1338 3932 1365 3993 si
1381 3951 1493 3993 omnes
1508 3933 1616 3995 mundi
1633 3940 1738 4014 partes

408 4027 453 4090 ita
475 4027 667 4090 constitutae
690 4032 778 4097 sunt,
803 4033 837 4087 ut
859 4044 963 4107 neque
985 4024 1024 4087 ad
1047 4044 1141 4086 usum
1157 4024 1303 4087 meliores
1318 4026 1480 4107 potuerint
1494 4045 1565 4088 esse
1580 4025 1738 4109 nequead

409 4122 546 4203 speciem
581 4118 795 4202 pulchriores,
827 4117 1008 4189 videamus,
1043 4126 1146 4180 utrum
1178 4137 1216 4181 ca
1242 4116 1411 4180 fortuitane
1438 4120 1501 4180 sint
1522 4140 1562 4182 an
1585 4139 1623 4181 eo
1646 4126 1776 4192 statuae

409 4236 473 4298 quo
497 4214 665 4278 cohaerere
689 4212 775 4275 nullo
799 4212 893 4275 modo
915 4213 1076 4294 potuerint
1096 4212 1155 4274 nisi
1172 4232 1266 4274 sensu
1283 4211 1467 4274 moderante
1483 4212 1651 4295 divinaque
1668 4232 1740 4294 pso-

410 4307 561 4370 videntia.
596 4307 628 4369 Si
651 4306 747 4388 igitur
770 4306 897 4368 meliora
921 4315 994 4367 sunt
1016 4325 1068 4378 ea,
1100 4325 1182 4387 quae
1206 4314 1334 4378 natura,
1358 4326 1453 4389 quam
1476 4307 1545 4379 illa,
1569 4326 1650 4389 quae
1673 4314 1739 4367 arte

408 4401 549 4486 perlecta
571 4409 659 4473 sunt,
692 4420 751 4461 nec
773 4419 823 4462 ars
847 4397 942 4461 eflicit
964 4400 1133 4482 quicquam
1157 4400 1225 4461 sine
1248 4400 1385 4471 ratione,
1414 4420 1453 4461 ne
1476 4408 1586 4461 natura
1610 4399 1740 4481 quidem

408 4496 539 4559 rationis
567 4515 681 4578 expers
711 4503 759 4556 est
785 4494 940 4556 habenda.
978 4493 1040 4567 Qui
1072 4493 1169 4573 igitur
1189 4493 1352 4567 convenit,
1381 4494 1503 4575 signum
1526 4502 1581 4556 aut
1601 4494 1738 4556 tabulam

408 4589 527 4671 pictam
543 4609 615 4651 curn
631 4589 808 4672 aspexeris,
831 4589 911 4650 scire
926 4587 1097 4651 adhibitam
1113 4606 1182 4648 esse
1198 4595 1313 4660 artem,
1336 4607 1472 4670 cumque
1487 4588 1595 4670 procul
1614 4601 1777 4651 cursumes

407 4684 525 4765 navigii
542 4683 671 4757 videris,
694 4703 757 4746 non
774 4682 917 4745 dubitare
940 4682 1015 4765 quin
1033 4681 1064 4743 id
1081 4681 1205 4743 ratione
1221 4688 1316 4763 atque
1331 4690 1397 4743 arte
1413 4690 1586 4755 moveatur,
1603 4689 1656 4743 aut
1668 4702 1738 4744 cum

410 4891 864 4902 -———-——-a——

475 5039 696 5101 tatntqeneroO
711 5064 737 5073 -
757 5036 781 5087 l.
795 5035 902 5089 indoli:
922 5050 956 5086 aa:
971 5041 1032 5087 adio
1048 5039 1068 5087 0
1088 5064 1114 5074 ··
1134 5040 1158 5087 5.
1177 5037 1208 5085 iis
1225 5038 1261 5087 C:
1281 5037 1328 5085 lits
1344 5038 1380 5092 Β,
1399 5038 1421 5085 is
1437 5038 1499 5093 AV;
1517 5038 1605 5097 hurih
1626 5040 1691 5090 4440
1709 5064 1737 5110 7

406 5128 506 5165 auctum
523 5115 638 5162 drumm
655 5115 675 5162 0
695 5139 721 5146 —
741 5114 766 5164 7.
782 5115 951 5174 perdiuturno
964 5112 1030 5176 (syll.
1043 5127 1089 5174 per
1101 5115 1240 5176 expuncta)
1259 5114 1295 5169 1t;
1314 5114 1435 5161 diuturno
1447 5115 1467 5162 Α
1480 5138 1506 5149 -
1528 5115 1567 5164 43.
1586 5116 1647 5165 444444
1662 5118 1741 5178 ipitur

406 5191 427 5241 0
444 5215 477 5226 —
495 5190 535 5238 44.
553 5202 584 5237 ra
601 5201 668 5250 quoe
685 5188 732 5237 BE
745 5202 750 5235 :
770 5202 848 5249 eoque
864 5188 946 5238 ACV
966 5215 993 5224 -
1014 5190 1054 5238 48.
1072 5190 1183 5247 ecferunt
1200 5200 1265 5237 nos:
1285 5193 1308 5236 ot
1324 5187 1407 5248 seram
1419 5190 1439 5237 4
1450 5189 1469 5238 C
1482 5204 1488 5244 ;
1506 5189 1565 5239 hoec
1581 5191 1665 5252 [eraut
1680 5190 1738 5250 (litt.

406 5279 423 5313 n
441 5264 580 5327 expuncta)
599 5264 636 5316 B:
656 5263 798 5324 hecferunt
816 5263 854 5318 E3
872 5278 900 5312 eo
916 5264 999 5325 serent
1018 5264 1055 5316 V:
1074 5265 1179 5325 efferant
1196 5263 1225 5311 0.
1245 5263 1311 5311 Vide
1329 5262 1362 5310 ud
1383 5276 1409 5327 p.
1428 5264 1485 5323 437,
1505 5267 1544 5313 49.
1566 5294 1591 5302 -
1612 5270 1674 5317 Post
1690 5268 1741 5315 oti·

406 5339 467 5403 qaid
485 5338 509 5387 in
527 5339 611 5387 lcv
628 5341 777 5401 sequuntur
795 5336 876 5387 verba
895 5339 1014 5401 torpitote
1030 5338 1113 5400 suadit
1132 5339 1154 5400 lg
1169 5339 1223 5397 436)
1241 5351 1327 5400 usque
1346 5338 1379 5386 ed
1398 5337 1478 5387 tinem
1496 5340 1573 5389 huius
1585 5338 1660 5393 libri:
1681 5341 1740 5389 inv

405 5410 489 5462 verba
501 5426 535 5461 ex
545 5425 596 5461 sese
606 5414 807 5476 perfectioresn
818 5428 868 5462 nors
879 5416 952 5463 modo
963 5414 1024 5461 silit
1035 5420 1121 5462 nocent
1133 5414 1159 5476 (5
1170 5413 1209 5473 944
1228 5413 1333 5462 desunt.
1353 5413 1391 5462 Cf.
1406 5427 1430 5477 p.
1442 5414 1490 5462 369
1499 5428 1530 5476 sq
1554 5420 1580 5464 et
1592 5429 1617 5479 p.
1629 5414 1685 5471 teu.
1696 5416 1738 5465 49.

409 5514 435 5524 -
451 5488 490 5537 49.
510 5501 544 5536 ιω
559 5489 597 5537 its
614 5485 636 5538 91
651 5514 676 5523 -
696 5490 841 5549 ecferuntur
858 5501 923 5537 uos:
941 5492 1079 5551 efferaretur
1096 5486 1148 5538 tto
1162 5513 1187 5522 -
1208 5489 1247 5537 to.
1267 5491 1379 5537 omnium
1395 5495 1478 5537 outesn
1494 5502 1581 5538 rerum
1592 5514 1628 5526 ··
1640 5491 1741 5538 monio·

406 5574 471 5623 quoe
487 5563 549 5610 sicea
565 5562 677 5610 mcmlm
694 5568 716 5610 et
732 5564 813 5622 portis
829 5576 888 5610 suos
899 5588 936 5599 -·
947 5565 1054 5611 continet
1071 5564 1171 5612 Nonius
1189 5574 1213 5624 p.
1228 5562 1284 5612 ti8.
1299 5589 1325 5598 —
1346 5564 1386 5612 94.
1405 5564 1486 5625 adque
1496 5564 1526 5612 A¹
1540 5591 1567 5599 -
1587 5565 1627 5613 43.
1641 5565 1740 5613 omnio-

406 5651 454 5701 qus
465 5663 479 5674 ·
489 5663 504 5673 ·
514 5644 537 5687 et
553 5641 660 5686 continet
679 5640 827 5688 Priscianus
845 5639 910 5696 l'lll,
931 5639 970 5697 44,
984 5639 1025 5687 74.
1041 5664 1068 5675 -
1087 5638 1128 5686 33.
1147 5650 1181 5685 ex
1197 5637 1234 5686 lais
1251 5635 1274 5687 at
1288 5664 1315 5672 -
1333 5638 1373 5687 27.
1392 5638 1467 5699 sodet
1484 5639 1520 5687 B:
1538 5639 1599 5698 fecit
1616 5640 1665 5687 AC
1677 5640 1696 5688 E
1709 5664 1736 5674 —

405 5713 447 5764 28.
466 5726 515 5761 non
538 5727 591 5763 em.
611 5715 705 5770 ACE.
734 5715 943 5776 superscriptum
967 5712 1049 5762 habet
1071 5713 1091 5761 B
1115 5737 1140 5747 —
1169 5713 1211 5761 29.
1231 5715 1265 5762 od
1285 5726 1358 5761 usum
1369 5738 1406 5751 -·
1418 5726 1467 5762 esse
1487 5726 1566 5774 nsque
1588 5726 1641 5763 om.
1660 5716 1691 5764 ll¹
1709 5739 1735 5751 -
1796 5726 1798 5729 ·

406 5788 447 5839 30.
465 5789 572 5851 fortuito
589 5802 620 5836 ee
637 5801 706 5836 corr.
726 5800 762 5837 m.
782 5801 838 5838 sec.
857 5790 883 5839 in
900 5789 1007 5851 fortuito
1022 5801 1099 5837 necno
1111 5788 1130 5837 C
1144 5812 1171 5822 —
1191 5787 1230 5836 34.
1250 5789 1330 5851 tpttur
1346 5785 1386 5839 a:
1404 5801 1463 5851 erpo
1476 5788 1495 5836 0
1506 5816 1539 5825 -
1555 5795 1650 5837 soture
1667 5802 1738 5840 corr.

407 5875 440 5912 ex
456 5870 547 5912 soture
563 5866 583 5913 Α
601 5890 634 5900 -
652 5864 692 5913 33.
711 5877 756 5912 neo
773 5876 842 5912 corr.
861 5876 892 5911 ex
910 5866 978 5913 esd
998 5890 1025 5901 -
1043 5877 1075 5914 ae
1092 5876 1160 5914 corr.
1180 5864 1206 5913 in
1222 5877 1267 5914 uec
1283 5865 1303 5914 B
1317 5890 1344 5900 -
1363 5863 1404 5914 344.
1423 5877 1525 5913 currum
1540 5864 1631 5924 (curin
1643 5864 1738 5928 raeld

409 5963 437 5975 -
456 5937 496 5989 36.
514 5939 596 6001 adque
614 5937 644 5988 A¹
660 5965 686 5975 ·-
705 5944 751 5988 out
767 5952 824 5989 cum
840 5938 939 5990 Aac:
956 5944 985 5989 ut
1000 5952 1058 5989 cum
1075 5940 1112 5999 Ε,
1131 5944 1155 5989 st
1170 5952 1227 5990 eum
1241 5938 1394 5998 wallerus,
1413 5939 1442 5989 0.
