4342 7459
759 1258 895 1322 nem.
927 1257 1152 1327 cmv-vr.
1180 1258 1387 1347 sset-uo.
1672 1258 1734 1330 rte

415 1415 533 1485 intimet
561 1436 595 1483 ee
623 1416 729 1481 lacere
757 1426 867 1483 contra
893 1426 1038 1485 naturam
1066 1432 1122 1486 unt
1149 1424 1248 1505 megia
1277 1422 1428 1506 fugienda
1459 1432 1567 1489 ceueet
1592 1432 1736 1501 mortem,

414 1517 644 1595 paupertatem,
666 1511 821 1587 dolorem,
842 1515 1044 1579 amieeionem
1067 1518 1163 1580 etiam
1184 1514 1371 1590 liberorum,
1385 1518 1645 1602 propinquarum,
1658 1519 1739 1582 ami·

415 1624 543 1679 ouran,
565 1623 660 1688 quam
681 1602 786 1669 lucore
808 1608 958 1691 cuiquam
979 1610 1138 1674 iniuriam.
1181 1611 1214 1674 si
1236 1610 1314 1674 nihil
1336 1611 1497 1675 exirtimet
1518 1619 1626 1675 contra
1645 1620 1738 1676 natu·

413 1719 481 1764 ram
502 1695 570 1762 liert
589 1698 770 1764 hominibus
793 1701 961 1777 violandis,
984 1704 1061 1786 quid
1084 1725 1154 1768 cum
1176 1724 1216 1767 eo
1239 1705 1387 1781 (liccem,
1409 1707 1465 1789 qai
1486 1707 1616 1770 omrtno
1636 1704 1738 1769 laomi-

412 1813 487 1857 nem
514 1812 556 1857 ex
583 1793 712 1857 homine
741 1795 854 1858 tolletl
897 1797 947 1859 ein
975 1794 1160 1880 firgiendom
1190 1798 1223 1861 id
1252 1798 1381 1882 quidem
1404 1807 1530 1874 courel,
1559 1799 1616 1862 red
1637 1798 1761 1862 multoc

413 1888 469 1952 illa
491 1889 610 1971 peiora,
631 1897 776 1962 mortem,
798 1899 1026 1973 paupertatem,
1048 1890 1203 1967 dolorem,
1225 1900 1308 1956 erret
1329 1893 1363 1955 in
1384 1911 1435 1966 eo,
1456 1890 1541 1976 quod
1562 1892 1664 1955 ullam
1686 1897 1740 1956 aut

411 1983 556 2066 corpori·
582 1991 638 2045 aut
666 1981 811 2047 fortunae
838 1984 952 2048 vitium
974 1985 1059 2048 ritiie
1081 1987 1176 2049 animi
1198 1988 1323 2069 qrariue
1344 1987 1527 2057 existumat.
1575 1985 1628 2047 vt.
1656 1986 1739 2068 &qo

412 2097 511 2141 unam
532 2074 628 2140 debet
649 2096 720 2140 ecee
741 2077 888 2141 omnibus
909 2080 1115 2162 propositum,
1138 2087 1173 2141 nt
1194 2078 1305 2141 eedem
1329 2079 1371 2142 rit
1389 2078 1511 2143 utiliter
1524 2080 1620 2142 uniua
1633 2079 1738 2142 cuiue·
1763 2157 1775 2168 x

412 2189 476 2255 que
503 2177 537 2234 et
561 2170 800 2244 universorum.
829 2191 924 2255 quem
946 2173 973 2234 ei
995 2171 1034 2235 ad
1057 2192 1093 2235 ee
1115 2173 1254 2256 quiequo
1275 2173 1394 2257 rapiet,
1423 2170 1616 2235 dieaolrotur
1636 2170 1740 2233 amaia

410 2263 551 2327 humana
572 2265 745 2328 consortio.
787 2261 840 2328 27.
861 2269 967 2347 Atque
988 2266 1094 2337 etiam,
1116 2266 1143 2329 ei
1166 2265 1227 2328 laoc
1247 2275 1360 2329 nature
1378 2266 1580 2349 praeambit,
1594 2273 1629 2328 ut
1643 2264 1776 2328 bonate

412 2357 550 2432 homini,
573 2358 767 2439 quicumque
788 2359 847 2432 uit,
869 2359 910 2421 ob
933 2377 1002 2421 eam
1025 2360 1126 2442 ipsam
1148 2378 1286 2433 caueam.
1310 2360 1400 2443 quod
1422 2360 1450 2424 ir
1471 2358 1569 2423 homo
1591 2361 1642 2432 eit,
1665 2378 1740 2422 con·

411 2450 528 2516 cultum
550 2451 641 2534 velit,
665 2470 795 2514 neceaeo
816 2459 866 2514 eet
887 2452 1061 2516 secundum
1084 2452 1218 2516 eandem
1241 2462 1384 2517 natarent
1406 2455 1548 2518 omnium
1570 2454 1739 2517 utilitatem

412 2564 482 2609 eeee
504 2563 714 2609 communem.
758 2545 851 2620 Quod
874 2547 901 2609 el
923 2547 969 2608 ita
990 2556 1050 2620 eet,
1072 2568 1135 2610 una
1158 2549 1359 2612 continemur
1372 2568 1482 2612 omnee
1497 2557 1529 2612 et
1543 2548 1654 2611 eedem
1668 2547 1738 2629 lege

411 2647 554 2711 naturae,
576 2637 672 2720 idque
694 2639 798 2720 iprum
820 2640 847 2702 ei
870 2639 915 2702 ita
937 2648 995 2712 est,
1018 2648 1103 2703 certe
1125 2642 1244 2705 violare
1265 2643 1401 2705 alterum
1422 2650 1555 2705 naturae
1576 2641 1647 2724 lege
1665 2660 1739 2723 pro·

410 2730 565 2795 hihcmur.
608 2732 725 2794 Verum
754 2739 861 2795 autem
891 2733 1046 2815 primum:
1078 2753 1186 2797 rerum
1217 2736 1314 2818 igitur
1342 2744 1528 2799 extremum.
1579 2731 1631 2797 28.
1659 2735 1776 2797 llamtt

410 2825 488 2890 illutl
511 2823 639 2907 quidem
662 2824 832 2888 absurdum
855 2836 918 2898 eet,
948 2828 1034 2909 quod
1063 2827 1194 2910 quidam
1217 2830 1343 2903 dicunt,
1372 2830 1497 2911 parenti
1521 2850 1555 2892 ee
1575 2836 1631 2892 aut
1651 2826 1739 2890 tnui

412 2920 490 2985 nitu
517 2921 714 2984 detracturos
741 2920 790 2982 aul
819 2920 975 2984 commodi
1000 2940 1112 2993 cauea,
1141 2923 1234 2986 aliam
1257 2926 1411 2987 rationem
1434 2942 1504 2986 eree
1526 2922 1643 2985 civium
1663 2919 1740 2983 rell·

411 3034 554 3098 quorum.
597 3014 637 3076 lli
661 3012 721 3076 eilri
742 3012 823 3075 nihil
844 3014 938 3087 iuris,
955 3014 1074 3077 nullam
1089 3016 1274 3081 societatem
1291 3020 1468 3081 com-anie
1483 3016 1631 3079 utilitatis
1643 3033 1739 3078 cauea

410 3115 554 3171 statuant
583 3126 655 3170 eece
684 3125 756 3169 cnm
785 3105 920 3179 civibus,
950 3127 1033 3190 quae
1062 3111 1217 3173 sententie
1240 3130 1365 3175 omnem
1387 3112 1569 3174 societatem
1591 3107 1739 3172 distrahit

410 3200 557 3265 civitatis.
608 3200 670 3275 Qui
699 3210 803 3264 eutem
835 3202 951 3265 civium
983 3204 1138 3267 rationem
1168 3204 1278 3267 dicunt
1306 3203 1501 3277 habendam,
1535 3209 1776 3265 externorum»

409 3302 544 3377 negant,
566 3294 588 3357 ii
611 3295 763 3358 dirimunt
785 3315 984 3360 communem
1007 3296 1137 3361 humani
1159 3298 1285 3380 generis
1307 3298 1508 3371 societatem,
1529 3315 1594 3380 qua
1615 3295 1738 3359 tulleta

410 3385 635 3463 beneficentia,
657 3389 844 3463 liberalitas,
866 3390 1001 3464 bonitae,
1023 3392 1144 3455 laetitia
1165 3390 1308 3454 tonditur
1331 3390 1470 3454 tollitur:
1492 3409 1576 3474 quae
1599 3390 1656 3473 qui
1677 3389 1738 3452 tol·

411 3481 483 3547 lunt
504 3484 599 3547 etiam
622 3484 772 3546 adversus
795 3483 872 3546 deae
896 3485 1080 3548 inmortales
1102 3486 1191 3567 impii
1213 3484 1375 3548 iudicandi
1396 3493 1479 3547 eunt.
1521 3484 1570 3545 Ah
1592 3484 1631 3546 iia
1652 3483 1738 3545 enim

411 3578 614 3641 constitutam
643 3578 724 3639 inter
752 3576 896 3640 hominen
925 3579 1110 3640 societatem
1132 3588 1293 3654 evertunt,
1325 3580 1415 3642 cuine
1436 3576 1600 3641 eocietutie
1620 3577 1739 3640 arderi·

410 3690 497 3734 mum
519 3670 679 3733 vinculum
702 3678 751 3733 eet
773 3672 872 3753 magia
894 3672 1037 3736 arbitrari
1059 3690 1130 3735 cere
1153 3680 1263 3736 contra
1284 3681 1426 3736 naturam
1441 3671 1602 3736 hominem
1616 3669 1776 3733 hominitc

410 3762 578 3828 detrahere
600 3764 649 3825 rui
672 3762 828 3828 commodi
851 3785 946 3829 cauea
969 3786 1063 3849 quam
1082 3766 1191 3829 omnia
1204 3767 1404 3830 incommoda
1419 3766 1526 3830 eubire
1541 3763 1592 3828 rel
1605 3773 1738 3828 externa

410 3857 461 3921 rel
483 3856 625 3939 corporis
648 3856 697 3919 vel
720 3858 812 3920 etiam
835 3858 934 3941 ipsine
955 3860 1069 3933 animi,
1097 3879 1180 3943 queo
1203 3870 1317 3924 recent
1336 3861 1502 3924 iniustitia.
1545 3860 1632 3923 llaec
1653 3859 1737 3921 enim

409 3970 474 4014 una
501 3951 602 4014 virtue
631 3952 772 4014 omnium
801 3961 850 4016 eet
871 3953 998 4016 domina
1020 3966 1052 4017 et
1072 3954 1182 4036 regina
1206 3956 1367 4019 virtutum.
1410 3950 1462 4015 99.
1483 3954 1629 4018 Farritan
1651 3951 1738 4035 quie·

409 4046 493 4129 piam
519 4044 651 4107 dixeritz
680 4047 791 4108 Nonne
813 4046 910 4128 igitur
931 4046 1074 4129 rapieris,
1104 4049 1131 4110 ei
1152 4047 1234 4111 fame
1257 4049 1326 4131 ipae
1347 4043 1550 4119 conficiatur,
1572 4042 1739 4108 alretulorit

410 4139 514 4202 cibum
536 4137 645 4210 alteri,
676 4137 795 4202 homini
826 4140 866 4202 ad
894 4142 1011 4203 nullam
1041 4162 1107 4204 rem
1130 4142 1222 4204 utilit
1268 4139 1408 4224 [Minime
1431 4159 1519 4203 roro.
1562 4140 1633 4201 Non
1654 4138 1775 4201 enimtu

410 4233 486 4295 milri
509 4243 558 4296 eet
579 4233 645 4295 vita
667 4253 735 4297 rnen
758 4234 868 4297 utilior
891 4253 986 4317 quam
1009 4236 1104 4296 animi
1127 4236 1199 4298 talis
1220 4235 1367 4309 adlectio,
1388 4234 1550 4297 neminem
1571 4240 1609 4295 ut
1622 4230 1737 4293 violem

409 4324 566 4389 commodi
590 4328 651 4388 mei
674 4323 797 4411 qratia]
835 4329 940 4405 Quid?
972 4329 997 4390 si
1022 4330 1189 4398 Phalarim,
1212 4326 1371 4391 crudelem
1394 4336 1561 4411 tyrannum
1585 4331 1619 4388 et
1637 4326 1738 4387 inma-

409 4438 494 4493 nem,
517 4419 565 4484 vir
585 4420 698 4494 honus,
720 4442 761 4484 ne
784 4423 853 4504 ipse
874 4422 992 4505 frigore
1014 4420 1209 4495 conficiatur,
1224 4421 1340 4485 renutu
1355 4422 1492 4503 spoliare
1507 4416 1617 4502 poerit,
1631 4435 1737 4481 nonae

409 4512 525 4576 laciatl
568 4509 619 4574 30.
642 4514 728 4577 llaec
750 4514 789 4577 ad
812 4516 1016 4578 iudicandum
1031 4523 1105 4579 eunt
1118 4516 1277 4579 facillime.
1311 4518 1405 4592 Nam,
1420 4516 1447 4579 ri
1462 4513 1538 4596 quitl
1553 4514 1593 4577 alr
1608 4512 1736 4576 homine

409 4607 450 4670 ad
471 4606 590 4671 nullam
612 4616 732 4691 purtem
755 4609 824 4672 utili
845 4610 990 4673 utilitatie
1013 4619 1085 4672 tuae
1108 4628 1202 4672 cauae
1224 4608 1410 4685 detraxeris,
1431 4608 1604 4671 inhumane
1624 4603 1774 4670 luceriam

476 4840 499 4890 4.
518 4845 563 4889 aut
579 4841 661 4903 maqtr
677 4842 760 4891 om.b
780 4869 806 4878 -
825 4842 946 4905 metenda
963 4842 1081 4893 Blleo:
1100 4841 1304 4908 [colendumne
1323 4867 1350 4876 -
1369 4841 1393 4891 3.
1412 4839 1663 4903 culquamllllab:
1682 4837 1737 4887 cut·

406 4916 477 4979 plara
493 4928 518 4976 o,
536 4915 609 4979 quod
622 4914 716 4978 probat
728 4915 832 4979 lledvtg
842 4917 875 4966 ud
889 4919 943 4967 Cic.
957 4916 991 4967 de
1005 4918 1087 4968 Finit).
1102 4916 1193 4981 ρ.4“44.
1209 4942 1236 4953 -
1256 4915 1280 4966 4.
1293 4916 1349 4979 flcrt
1360 4915 1387 4965 r'e
1398 4914 1561 4966 mutuae
1575 4941 1602 4952 -
1615 4915 1640 4965 44.
1652 4915 1695 4964 red
1705 4926 1734 4965 o:

408 4996 432 5041 ct
448 4991 549 5041 nuru
575 5016 601 5024 -
628 4991 653 5040 8.
672 4991 785 5041 omnum
800 5004 882 5042 careo
902 5018 928 5029 -
947 4994 1045 5042 atttr'tar
1062 5005 1147 5043 orna
1166 5016 1193 5029 -
1213 4992 1408 5053 montaneae
1431 5015 1458 5026 -
1483 4990 1508 5041 9.
1526 4989 1677 5040 ducotm
1690 5003 1737 5038 ee-

408 5078 471 5115 cercc
486 5071 522 5115 ert
538 5066 618 5114 marta
632 5066 744 5115 turrano
760 5068 883 5116 consortio
900 5068 999 5117 Nonius
1017 5082 1042 5131 p.
1056 5067 1112 5117 496.
1139 5092 1166 5102 -
1192 5068 1232 5116 40.
1251 5067 1334 5128 adque
1350 5065 1369 5115 B
1394 5090 1421 5101 -
1448 5067 1489 5115 tt.
1508 5066 1529 5114 ir
1546 5065 1629 5115 anab
1647 5090 1675 5101 -
1695 5064 1735 5116 tu.

407 5142 507 5201 omenti
523 5139 636 5190 Bllalr:
651 5141 723 5203 patri
739 5153 754 5190 o
773 5167 800 5178 -
821 5142 860 5191 tt.
880 5130 929 5192 cs're
945 5144 1071 5192 rationem
1088 5154 1103 5192 a
1123 5169 1149 5179 -
1175 5141 1215 5192 48.
1234 5142 1272 5190 lta
1287 5141 1333 5191 ribi
1350 5139 1383 5199 ll;
1402 5140 1437 5191 ttr't
1454 5141 1499 5190 ridi
1517 5141 1538 5191 ll
1558 5166 1585 5177 -
1603 5141 1627 5190 la
1642 5138 1737 5190 rili--

408 5215 495 5264 statuit
512 5227 527 5265 c
554 5241 580 5251 -
608 5216 649 5265 20.
668 5217 712 5276 qai
728 5222 813 5266 cmm
828 5217 922 5266 ciuium
933 5242 948 5253 ·
959 5243 973 5253 -
984 5223 1091 5281 nequet,
1115 5217 1237 5266 dirimam
1252 5217 1278 5265 44
1293 5228 1448 5265 communem
1458 5240 1473 5253 -
1483 5241 1498 5253 -
1513 5214 1626 5277 (arduae
1642 5214 1738 5262 tollitur·

409 5290 559 5339 Lactantlue
576 5290 638 5340 laet.
658 5289 711 5340 dlv.
729 5291 772 5350 vt,
785 5291 809 5341 6.
829 5317 856 5328 -
882 5293 923 5343 44.
941 5293 967 5342 44
983 5291 1064 5351 Bab,
1081 5293 1116 5341 444
1135 5293 1164 5352 Η,
1182 5292 1218 5353 tu
1234 5303 1249 5340 a
1266 5318 1299 5329 -
1321 5292 1382 5355 qual
1399 5291 1443 5354 qut
1460 5291 1481 5341 ll
1500 5314 1528 5328 -
1547 5289 1588 5339 2³.
1608 5288 1640 5338 ad
1655 5289 1687 5337 tte
1701 5289 1735 5339 b:

409 5363 442 5413 alt
457 5364 496 5414 ltlr
511 5364 564 5422 Ba,
582 5365 614 5413 ab
630 5365 678 5427 hijs
694 5378 718 5426 c,
736 5366 795 5417 atita
811 5368 873 5426 (om.
887 5366 928 5427 adl
949 5368 969 5416 ll
990 5394 1017 5406 -
1036 5368 1077 5417 444.
1097 5371 1186 5416 contra
1202 5371 1323 5415 naturam
1339 5378 1390 5415 ecce
1406 5377 1421 5415 c
1440 5392 1465 5401 -
1485 5365 1736 5415 tantm-com-

408 5441 567 5489 modicaaca
583 5453 637 5490 om.
653 5441 672 5490 ll
692 5466 719 5477 -
737 5441 861 5490 domm
877 5442 907 5492 de
923 5442 1020 5492 homine
1036 5454 1051 5491 o
1070 5468 1097 5477 -
1116 5442 1158 5492 44.
1173 5446 1263 5491 uacent
1279 5441 1403 5490 iniustitia
1420 5439 1479 5490 cod.
1494 5438 1628 5493 ubaldini:
1647 5445 1737 5489 uocat

407 5515 505 5564 taetttta
522 5515 580 5579 cp;
598 5528 648 5564 oon
664 5522 754 5566 auom
768 5516 866 5565 iurata
882 5527 907 5566 o.
932 5516 1010 5566 utini
1027 5516 1137 5580 quidem
1155 5515 1231 5579 longe
1249 5514 1350 5566 lectllue
1368 5515 1473 5565 videtur
1489 5515 1613 5564 tntaatttta
1629 5512 1685 5562 lieri
1703 5525 1736 5563 er

407 5589 503 5639 cauato
521 5602 601 5653 quarn
619 5592 681 5641 addi
698 5605 757 5641 nor.
795 5593 876 5642 Porro
893 5594 984 5642 aulem
1000 5593 1132 5642 servarim
1150 5591 1212 5641 iaec
1228 5593 1293 5642 enlm
1309 5592 1458 5641 mactetur
1480 5590 1587 5652 (laetitia
1603 5590 1669 5639 autre
1682 5601 1737 5638 aea

407 5664 488 5712 cirtae
509 5678 541 5714 ex
559 5664 630 5716 Beda
648 5670 675 5717 et
693 5665 767 5729 cybo
784 5670 925 5731 receperat
942 5667 1118 5730 Heusinger).
1143 5667 1178 5716 ita
1198 5668 1228 5716 ut
1251 5680 1267 5717 e
1289 5666 1426 5715 vacatione
1447 5665 1589 5716 lnluetltiae
1606 5665 1737 5727 cogitetur

407 5739 514 5789 iustitia.
540 5740 616 5800 Quod
634 5743 679 5805 qut
695 5739 800 5791 difficile
819 5744 952 5806 punrnnt.
971 5742 987 5791 44
1005 5740 1067 5792 alirn
1084 5742 1210 5792 videntur
1226 5741 1289 5793 milri
1308 5741 1401 5791 lecteee
1418 5741 1574 5805 tuuttapro
1585 5740 1709 5788 tolerata
1721 5754 1735 5783 e

410 5814 501 5863 znurr.
531 5838 558 5849 -
585 5813 625 5865 29.
644 5816 792 5879 contem
808 5816 859 5877 tpae
876 5827 892 5865 o
913 5842 946 5853 -
972 5817 1012 5867 30.
1030 5818 1134 5868 utnon
1147 5818 1312 5868 aaronem
1327 5816 1422 5880 qratia,
1440 5827 1510 5880 qnae
1528 5816 1677 5878 repugnant
1691 5814 1732 5875 tte,

410 5901 480 5951 quae
497 5887 556 5951 8³⁰
573 5890 705 5949 dicuntur.
724 5903 786 5942 cum
803 5892 906 5956 liugero
922 5890 1027 5943 eecluel.
1048 5918 1075 5930 -
1095 5892 1136 5944 44.
1154 5893 1242 5959 cratia
1257 5891 1435 5955 notoncurt
1452 5891 1474 5944 ll
1493 5915 1521 5928 -
1544 5887 1585 5941 dd.
1603 5889 1733 5955 currflcttur¹

410 5964 430 6016 B
450 5989 477 6002 -
496 5964 537 6016 34.
555 5965 610 6016 etttt
627 5978 680 6018 om.
693 5969 719 6020 b.
