4342 7459
939 1254 1197 1319 ΜΕΝ.
1664 1247 1723 1317 961

483 1415 511 1474 1.
541 1413 649 1474 lltrum
667 1430 737 1473 cum
760 1411 880 1473 Cottam
900 1410 1091 1489 appetisset,
1118 1426 1158 1470 an
1178 1426 1250 1469 cum
1266 1407 1340 1488 ipsc¹⁴
1361 1424 1433 1468 sese
1452 1413 1617 1469 coneretur
1643 1407 1727 1467 occi-

408 1505 496 1581 dere,
516 1506 610 1567 telum
628 1506 655 1567 ei
679 1524 699 1566 e
716 1504 864 1566 manibus
880 1511 1021 1583 ereptum
1042 1502 1109 1563 est?
1136 1503 1271 1579 (Quint.
1291 1501 1316 1561 1.
1332 1502 1369 1563 V.
1390 1519 1419 1563 o.
1440 1502 1486 1564 10.
1507 1503 1535 1576 s.
1556 1501 1633 1577 60.)

482 1601 511 1663 2.
540 1602 627 1675 Quos
651 1598 785 1661 educere
811 1598 923 1660 invitos
944 1598 974 1657 in
996 1596 1187 1676 provinciam
1210 1613 1273 1659 non
1295 1596 1409 1675 potuit,
1436 1611 1491 1657 eos
1513 1596 1629 1657 invitos
1652 1595 1727 1656 retra

407 1712 483 1757 nere
506 1695 559 1773 qui
577 1693 698 1774 potuit?
737 1691 797 1771 (ld.
818 1691 839 1752 l.
860 1693 895 1753 V.
919 1710 946 1752 c.
971 1695 1015 1752 10.
1040 1690 1067 1769 §-
1091 1692 1150 1767 76.)

483 1790 510 1849 3.
541 1791 580 1850 At
599 1790 681 1849 enim
701 1806 763 1848 non
783 1787 848 1847 veri
872 1785 971 1847 simile
992 1794 1040 1846 est
1063 1794 1180 1846 tantum
1207 1784 1310 1847 scelus
1336 1787 1373 1847 11.
1397 1786 1516 1847 Cottam
1545 1802 1619 1846 esse
1642 1799 1753 1845 eom-t

407 1891 555 1945 mentum.
597 1880 701 1956 Quid?
728 1882 787 1943 hoo
807 1881 871 1941 veri
901 1879 1001 1942 simile
1026 1889 1092 1953 est,
1117 1888 1237 1943 tantum
1259 1878 1363 1941 scelus
1386 1879 1521 1960 Oppium
1541 1895 1612 1941 esse
1633 1895 1728 1940 cona-

408 1977 495 2038 tum?
534 1975 593 2053 (ld.
615 1974 635 2034 l.
655 1976 691 2034 V.
710 1994 736 2036 c.
762 1976 805 2037 13.
832 1974 861 2052 ξ.
881 1974 939 2050 30.)

482 2071 513 2131 4.
542 2070 742 2149 Questusque
761 2086 883 2130 mecum
903 2076 961 2129 est
1002 2069 1234 2141 (Arusianus
1254 2085 1286 2147 p.
1307 2068 1372 2130 257.
1394 2066 1499 2139 Lind.)

482 2166 510 2225 5.
541 2164 661 2224 Etenim
681 2161 810 2224 multum
830 2179 924 2240 posse
946 2160 985 2224 ad
1008 2160 1142 2228 salutem
1169 2160 1312 2236 alteriuS,
1340 2160 1449 2222 honori
1470 2157 1591 2220 multis:
1620 2176 1728 2238 perum

407 2258 547 2337 potuisse
571 2255 611 2318 ad
632 2257 774 2332 exitium,
795 2254 910 2335 probro
936 2256 1050 2316 nemini
1075 2271 1213 2335 unquam
1239 2254 1304 2315 luit.
1346 2254 1536 2330 (Ammian.
1558 2252 1770 2314 Marcello

408 2353 432 2414 l.
452 2353 549 2413 XXX.
571 2370 599 2411 c.
619 2355 648 2409 8.
669 2350 697 2429 §-
719 2352 759 2426 7.)

483 2445 512 2504 6.
543 2446 568 2505 Ο
593 2463 730 2508 amorem
759 2445 885 2507 mirum!
918 2444 1206 2508 obenevolentiam
1235 2440 1440 2521 singularem!
1474 2441 1612 2521 (Quint.
1634 2439 1658 2502 l.
1677 2442 1729 2503 lll.

410 2557 437 2599 c.
458 2540 486 2600 2.
509 2540 537 2618 3.
559 2540 618 2616 51.)

483 2642 514 2697 7.
548 2636 742 2697 «Fortissime
762 2636 931 2703 invaseris,
961 2632 1045 2714 quod
1065 2641 1187 2698 estant
1207 2632 1352 2695 omnibus
1372 2630 1598 2712 periculosum,
1618 2664 1635 2675 -
1648 2636 1733 2691 -aut

410 2731 486 2809 ipsis
506 2728 677 2805 iudicibus,
707 2738 741 2792 ut
760 2749 816 2810 pro
837 2730 938 2809 Oppio
957 2736 1063 2792 monet
1089 2726 1249 2807 pluribus,
1282 2745 1324 2789 ne
1340 2724 1417 2788 illud
1435 2726 1563 2789 actionis
1582 2741 1682 2802 genus
1700 2724 1771 2784 ints

411 2834 589 2904 equestrem
610 2821 749 2883 ordinem
770 2822 960 2886 admittant».
1002 2821 1118 2900 (idem
1138 2820 1158 2879 l.
1180 2822 1216 2882 V.
1239 2820 1285 2896 13,
1307 2820 1365 2896 21.)

484 2920 512 2977 8.
546 2916 704 2976 «Obicitur
729 2916 847 2996 Oppio,
877 2916 962 2994 quod
989 2914 1028 2975 de
1059 2913 1188 2975 militum
1218 2913 1342 2975 cibariis
1371 2911 1559 2973 detraxerit:
1586 2928 1736 2993 asperum

411 3012 544 3085 crimem
572 3009 630 3069 sed
649 3006 681 3068 id
700 3009 887 3070 contrarium
907 3007 1044 3069 ostendit
1062 3009 1189 3084 Cicero,
1215 3007 1287 3086 quia
1311 3005 1405 3068 iidem
1425 3013 1623 3067 accusatores
1643 3004 1730 3066 obie-

413 3107 511 3166 cerint
530 3104 649 3184 Oppio,
677 3101 761 3182 quod
779 3104 806 3164 is
827 3102 958 3164 voluerit
976 3103 1144 3163 exercitum
1173 3099 1332 3180 largiendo
1352 3118 1581 3180 corrumpere».
1621 3099 1733 3176 (idem
1858 3181 1863 3191 Ι

413 3197 434 3258 l.
455 3200 490 3258 V.
514 3215 541 3259 c.
564 3200 608 3259 13.
631 3198 651 3277 ξ.
684 3198 741 3276 17.)
1742 3202 1773 3249 so

486 3295 514 3352 9.
546 3290 715 3352 «Infinitum
736 3299 800 3369 est,
828 3298 861 3352 ut
880 3292 989 3353 Cicero
1010 3292 1118 3352 Cottae
1145 3290 1315 3351 detraxerit
1340 3289 1581 3352 auctoritatem».
1621 3273 1734 3366 (idom

412 3384 737 3464 lwmsssdw

490 3482 534 3542 10.
568 3479 711 3556 «Cicero,
741 3496 930 3561 quamquem
959 3485 1026 3542 erat
1050 3478 1082 3539 in
1103 3479 1224 3540 Cottam
1253 3478 1434 3557 gravissime
1464 3478 1603 3542 dicturus
1631 3494 1738 3556 neque

413 3572 502 3635 aliter
520 3573 568 3653 agi
588 3574 622 3635 P.
643 3571 736 3652 Oppii
754 3590 848 3634 causa
868 3580 1001 3653 poterat,
1022 3571 1114 3652 longa
1133 3580 1238 3635 tamen
1257 3572 1448 3653 praefatione
1468 3571 1628 3637 excusavit
1646 3561 1735 3633 ollicii

414 3666 729 3729 suineoessitatemo.
772 3665 887 3746 (ldem
907 3665 928 3726 l.
947 3668 1000 3729 Xl.
1021 3685 1048 3728 c.
1072 3669 1098 3728 1.
1121 3667 1147 3746 §-
1168 3669 1231 3744 68.)
1745 3676 1775 3725 tt

489 3760 534 3823 11.
568 3763 816 3839 «Proparasceue
845 3770 912 3839 est,
943 3780 1005 3842 qua
1032 3760 1123 3822 nobis
1151 3760 1285 3823 iudicem
1315 3779 1554 3845 praeparamus,
1584 3778 1655 3821 oum
1684 3768 1738 3822 aut

414 3853 568 3933 quaedam
585 3853 676 3915 nobis
696 3854 831 3932 obstant,
854 3863 886 3916 et
903 3853 963 3918 illis
982 3856 1071 3935 prius
1091 3853 1318 3917 occurrendum
1338 3863 1396 3931 est,
1417 3862 1454 3920 ut
1469 3856 1541 3917 lecit
1554 3855 1662 3922 Cicero
1679 3871 1736 3933 pro

415 3947 515 4029 Oppio
536 3956 643 4010 contra
661 3949 699 4009 11.
714 3950 822 4012 Cottae
835 3950 1060 4027 auctoritatem,
1074 3957 1154 4011 oet».
1180 3949 1496 4027 (Fortunatianus
1508 3951 1545 4011 A.
1559 3948 1616 4015 Illi.
1632 3948 1736 4014 Schol.

413 4041 444 4119 4,
464 4041 492 4101 2.
515 4059 546 4122 p.
569 4041 725 4120 611211.)

491 4135 536 4199 12.
565 4132 803 4198 Misericordiam
823 4152 997 4213 movemus,
1019 4134 1044 4197 si
1064 4134 1161 4198 abiis
1181 4153 1239 4198 nos
1252 4136 1424 4217 oppugnari
1443 4135 1584 4212 dicimuS,
1605 4154 1736 4217 qnorum
1748 4146 1778 4197 ιι

415 4227 527 4293 auxilio
547 4228 615 4290 freti
635 4247 706 4292 esse
729 4228 930 4303 deberemus,
951 4236 984 4291 ut
1004 4230 1114 4295 Cicero
1133 4248 1190 4312 pro
1210 4230 1322 4310 Oppio.
1369 4228 1630 4308 (Severianus
1655 4231 1732 4311 Syn·

416 4330 486 4384 tom.
507 4320 566 4383 uh.
584 4341 616 4401 p.
638 4324 702 4384 310.
725 4322 816 4397 Pith.)

492 4418 538 4477 13.
569 4413 786 4491 (clntuendum
815 4434 854 4477 an
884 4417 963 4478 actio
993 4417 1033 4477 sit
1061 4414 1247 4491 crudelisol:
1278 4424 1314 4479 ut
1337 4415 1372 4478 in
1396 4416 1530 4498 Oppium
1550 4435 1588 4480 ex
1609 4416 1739 4499 epistola

417 4507 525 4572 Cottae
545 4528 632 4572 reum
651 4509 775 4572 lactum.
816 4511 957 4586 (Quint.
977 4512 1006 4585 5,
1029 4512 1076 4589 13,
1097 4513 1158 4585 20.)

869 4625 917 4691 lV.
951 4625 1031 4691 PllO
1054 4624 1091 4691 (L
1112 4623 1290 4694 MANlLlO.
1748 4642 1777 4690 ιι

491 4728 566 4788 Ano.
597 4726 684 4786 Hunc
703 4723 842 4788 defendit
860 4725 969 4787 Cicero
991 4733 1046 4788 aut
1069 4724 1174 4806 quod,
1204 4734 1238 4787 ut
1262 4725 1417 4788 Asconius
1443 4724 1566 4803 scribit,
1593 4725 1738 4790 iudicium

418 4818 582 4882 Cornelius
601 4836 659 4899 per
678 4837 843 4899 operarum
865 4817 962 4883 duces
984 4819 1190 4897 armavisset,
1217 4827 1271 4882 aut
1289 4817 1451 4883 Plutarcho
1472 4820 1626 4885 referente
1645 4840 1743 4903 repe·

418 4912 586 4977 tunderem
603 4931 704 4989 reum,
723 4932 804 4977 enno
825 4914 888 4975 688.
911 4933 945 4994 p.
966 4915 999 4977 U.
1021 4934 1047 4975 e
1071 4914 1119 4993 (ci.
1141 4914 1284 4976 Cassium
1303 4915 1430 4977 llionem
1450 4915 1499 4990 36,
1518 4915 1583 4983 25.)

495 5007 548 5069 1116
568 5025 625 5086 ego
645 5026 707 5071 non
724 5007 825 5073 solum
846 5009 1012 5086 confiteor,
1035 5026 1145 5072 verum
1166 5009 1261 5071 etiem
1277 5009 1434 5090 profiteor.
1481 5009 1581 5087 (Non.
1604 5028 1633 5070 v.
1656 5011 1743 5074 Con·

419 5099 499 5162 litori
517 5118 551 5181 p.
569 5100 647 5180 131.)
1749 5111 1779 5158 ιι

859 5179 894 5243 V.
925 5178 1007 5245 PRO
1029 5179 1069 5243 lt
1092 5179 1305 5249 FUNDleO.

778 5281 869 5358 (llaec
888 5281 985 5341 oratio
1005 5279 1110 5342 habita
1130 5288 1178 5341 est
1198 5299 1227 5343 a.
1247 5280 1285 5343 U.
1303 5280 1380 5359 688.)

498 5376 524 5438 1.
555 5376 623 5439 Non
644 5370 735 5434 modo
764 5373 822 5433 lroc
841 5391 858 5435 a
878 5371 967 5433 Villio
994 5371 1131 5451 Annale,
1163 5372 1221 5434 sed
1246 5374 1297 5434 vix
1329 5370 1505 5434 mehercule
1524 5391 1543 5435 a
1561 5375 1598 5448 Q.
1619 5375 1743 5436 llutone

420 5468 534 5531 lactum
555 5467 679 5548 probari
698 5475 811 5547 potest.
852 5468 986 5545 (Prisc.
1008 5466 1027 5529 l.
1050 5468 1111 5530 Vll.
1134 5486 1161 5528 o.
1185 5468 1230 5530 11.
1251 5468 1279 5547 ξ.
1299 5468 1358 5546 58)

497 5564 526 5625 2.
556 5562 688 5623 Essetne
706 5563 755 5640 id,
777 5561 862 5642 quod
880 5563 968 5624 lieno
988 5563 1173 5625 nuntiasset.
1214 5562 1327 5638 (idern
1347 5561 1368 5623 l.
1389 5563 1436 5625 Vl.
1459 5581 1487 5626 c.
1507 5564 1536 5623 6.
1557 5563 1586 5642 3.
1608 5565 1665 5641 29.)
1751 5576 1782 5624 ιι

422 5769 573 5913 stages?
592 5771 661 5901 131116
678 5770 805 5831 5616616,
822 5771 857 5821 ot
870 5772 934 5822 lulio
951 5772 1032 5824 Prisc.
1053 5796 1079 5809 ·-
1100 5773 1129 5834 Q.
1147 5771 1265 5848 1160666
1284 5772 1372 5835 Sigon.
1399 5798 1426 5809 -
1449 5770 1490 5823 ts.
1517 5776 1557 5823 ltu
1572 5773 1694 5822 Parmeno
1710 5786 1743 5825 ea
