4342 7459
701 1279 771 1342 nn.
794 1277 833 1341 n.
863 1275 936 1341 cn.
958 1271 1177 1341 nvn-nm.
1202 1273 1248 1360 §t
1270 1269 1327 1341 444
1339 1271 1456 1341 -444,
1681 1267 1744 1339 ita

412 1433 485 1502 444.
506 1437 643 1502 Auditus
674 1446 779 1502 autem
810 1457 936 1520 semper
965 1445 1067 1520 patet;
1102 1438 1172 1500 eius
1201 1438 1285 1501 enim
1315 1457 1410 1501 sensu
1436 1440 1529 1501 etiam
1551 1434 1743 1501 dormientes

413 1551 557 1616 egemus,
579 1551 598 1596 a
621 1551 685 1615 quo
706 1551 778 1595 cum
801 1550 898 1594 sonus
920 1541 969 1594 est
990 1539 1154 1612 acceptus,
1177 1532 1271 1594 etiam
1293 1550 1311 1593 e
1334 1550 1446 1595 somno
1460 1532 1646 1594 excitamur.
1673 1531 1744 1593 Fle-

410 1645 550 1689 xuosum
577 1626 640 1688 iter
666 1625 776 1698 habet,
805 1644 847 1688 ne
869 1624 946 1707 quid
967 1626 1086 1687 intrare
1108 1625 1225 1707 possit,
1252 1627 1280 1688 si
1303 1626 1437 1708 simplex
1459 1634 1491 1689 et
1512 1626 1669 1690 directum
1687 1644 1745 1708 pa-

412 1728 513 1796 teret3
543 1719 705 1801 provisum
727 1719 822 1782 etiam
850 1725 900 1793 ut,
922 1720 948 1782 si
972 1738 1036 1802 qna
1058 1719 1189 1781 minima
1210 1718 1346 1781 bestiola
1365 1727 1533 1781 conaretur
1551 1721 1744 1799 inrumpere,

411 1811 445 1877 in
466 1812 616 1875 sordibus
634 1811 758 1875 6444444444
774 1820 933 1895 tamquam
949 1812 981 1874 in
997 1813 1084 1874 visco
1100 1810 1343 1875 inhaeresceret
1372 1813 1470 1875 Extra
1484 1820 1589 1875 autem
1605 1814 1768 1876 eminente

412 1925 496 1991 quae
518 1906 721 1989 appellantur
742 1925 835 1969 aures
857 1914 889 1969 et
909 1906 1038 1988 tegendi
1066 1923 1162 1968 causa
1185 1905 1284 1968 iactae
1307 1906 1495 1989 tutandique
1517 1927 1629 1969 seusus
1651 1915 1683 1969 et
1703 1924 1743 1968 ne

411 2000 553 2065 adiectae
576 2019 670 2062 voces
693 1995 882 2063 laberentur
895 2007 989 2084 atque
1004 2006 1159 2072 errarent,
1181 2001 1271 2081 prius
1285 2018 1379 2082 quam
1395 2019 1507 2063 sensus
1522 2000 1561 2063 ab
1578 2000 1618 2063 iis
1633 2000 1743 2082 pulsus

411 2104 505 2159 esset.
546 2094 608 2157 Sed
639 2093 736 2157 duros
766 2103 799 2157 et
827 2095 917 2177 quasi
947 2093 1116 2157 corneolos
1145 2093 1263 2156 babent
1291 2093 1439 2156 introitus
1472 2093 1643 2176 multisque
1672 2111 1742 2155 cum

410 2188 561 2262 flexibus,
585 2189 671 2271 quod
694 2188 743 2251 bis
766 2188 885 2250 naturis
908 2188 1027 2250 relatus
1047 2186 1257 2269 amplificatur
1272 2205 1379 2249 sonus.
1413 2188 1566 2262 Quocirca
1580 2197 1613 2250 et
1626 2189 1658 2249 in
1675 2184 1744 2249 iidi-

409 2283 469 2345 bus
491 2283 653 2346 testudine
675 2291 842 2345 resonatur
864 2290 918 2345 aut
940 2302 1054 2355 cornu,
1082 2291 1175 2343 etex
1197 2282 1349 2344 tortuosis
1372 2282 1450 2344 locis
1473 2290 1505 2345 et
1525 2281 1656 2345 inclusis
1676 2282 1744 2342 44444·
1753 2293 1781 2339 44

410 2375 593 2439 retentetur
613 2377 794 2458 ampliores.
838 2371 910 2438 tie.
935 2375 1086 2438 Similiter
1107 2395 1214 2449 nares,
1238 2395 1320 2458 quae
1338 2395 1463 2457 semper
1485 2384 1614 2458 propter
1633 2394 1744 2437 neces·

411 2469 509 2532 sanas
539 2469 691 2533 utilitates
720 2478 844 2553 patent,
875 2470 1102 2532 contractiores
1132 2469 1249 2532 babent
1269 2471 1432 2542 introitus,
1462 2469 1601 2550 nequid
1624 2471 1656 2533 in
1678 2487 1743 2543 eas,

411 2564 496 2647 quod
520 2572 650 2637 noceat,
671 2565 774 2647 possit
794 2564 986 2646 pervadere,
1008 2583 1216 2647 umoremque
1237 2583 1362 2645 semper
1380 2562 1498 2625 habent
1518 2562 1558 2625 ad
1580 2563 1743 2646 pulverem

410 2657 573 2740 multaque
593 2658 655 2722 alia
678 2658 866 2740 depellenda
888 2677 953 2720 non
974 2657 1130 2720 inutilem.
1167 2655 1319 2722 4444444444
1342 2657 1503 2738 praeclare
1526 2666 1652 2739 saeptus
1674 2666 1740 2731 est,

411 2771 466 2814 ore
496 2752 581 2813 enim
615 2752 794 2814 continetur
823 2760 855 2814 64
883 2750 923 2813 ad
954 2772 1046 2813 usum
1074 2760 1149 2833 apte
1178 2758 1210 2813 et
1237 2752 1278 2812 ad
1304 2751 1532 2813 incolumitatis
1556 2754 1780 2817 custodiamtt

411 2845 520 2908 Lvtit.
544 2844 722 2929 Omnisque
752 2866 864 2908 sensus
897 2847 1059 2907 bominum
1089 2846 1190 2908 mullo
1211 2843 1373 2907 antecellit
1393 2844 1539 2906 sensibus
1561 2846 1740 2909 bestiarum.

410 2940 548 3002 Primum
578 2940 661 3002 euim
691 2940 775 3002 oculi
804 2940 835 3001 in
864 2940 904 3003 iis
926 2939 1063 3012 artibus,
1093 2958 1227 3021 quarum
1250 2938 1403 3000 iudicium
1425 2944 1474 2999 est
1495 2938 1677 3012 oculorum,
1708 2940 1741 3001 in

408 3035 517 3116 pictis,
541 3030 620 3095 446444
643 3033 837 3116 caelatisque
858 3032 988 3106 formis,
1010 3033 1043 3093 in
1066 3050 1236 3113 corporum
1259 3032 1354 3093 etiam
1377 3032 1515 3093 motione
1532 3040 1627 3113 atque
1650 3040 1741 3113 gestu

409 3125 509 3190 multa
532 3134 666 3189 cernunt
688 3127 849 3201 subtilius,
872 3127 1015 3189 colorum
1031 3128 1126 3189 etiam
1142 3134 1173 3189 et
1187 3123 1358 3208 figurarum
1377 3121 1467 3208 [tum]
1484 3134 1680 3189 venustatem
1696 3134 1742 3189 at·

409 3239 473 3304 que
495 3221 640 3283 ordinem
663 3228 709 3294 et,
732 3228 767 3281 ut
789 3220 834 3283 ita
848 3220 965 3293 dicam,
988 3219 1165 3283 decentiam
1183 3219 1268 3282 oculi
1283 3218 1437 3292 iudicant,
1459 3230 1555 3303 atque
1569 3221 1664 3282 etiam
1678 3220 1779 3282 aliast

409 3314 547 3388 maiora3
572 3333 644 3376 nam
669 3323 700 3377 et
722 3315 851 3377 virtutes
874 3324 905 3376 et
921 3314 998 3376 vitia
1013 3322 1220 3396 cognoscunt,
1240 3315 1352 3375 iratum
1369 3314 1553 3395 propitium,
1573 3314 1740 3376 laetantem

411 3409 589 3483 dolentem,
611 3408 724 3471 sortem
746 3409 912 3490 ignavom,
933 3407 1086 3470 audacem
1109 3407 1319 3489 timidumque
1338 3417 1544 3489 cognoscunt.
1585 3401 1655 3467 446.
1678 3408 1742 3468 Au·

407 3503 556 3585 riumque
590 3503 665 3564 item
695 3509 744 3565 est
772 3500 956 3564 admirabile
986 3499 1147 3583 quoddam
1177 3497 1448 3582 artificiosumque
1473 3500 1643 3574 iudicium,
1676 3519 1740 3584 quo

410 3595 570 3660 iudicatur
598 3606 631 3659 et
657 3598 690 3660 in
714 3598 801 3660 vocis
823 3604 856 3659 et
885 3599 917 3659 in
940 3595 1089 3658 tibiarum
1112 3613 1346 3677 nervorumque
1368 3595 1512 3658 cantibus
1534 3597 1669 3657 varietas
1690 3614 1741 3657 so-

408 3710 537 3764 norum,
558 3691 740 3764 intervalla,
763 3691 924 3753 distinctio
946 3700 979 3752 et
1000 3690 1088 3753 vocis
1109 3708 1225 3771 genera
1243 3689 1419 3770 permulta:
1441 3710 1590 3752 canorum
1607 3689 1779 3771 inscenso

408 3784 478 3847 leve
508 3804 675 3867 asperum,
705 3804 800 3866 grave
829 3793 974 3856 acutum,
1006 3784 1146 3846 flexibile
1176 3782 1307 3856 durum,
1337 3802 1419 3864 quae
1446 3783 1607 3846 bominum
1637 3783 1740 3846 solun

408 3880 541 3942 auribus
555 3879 748 3941 iudicantur.
770 3879 965 3960 Nariumque
980 3879 1056 3941 item
1073 3887 1105 3939 et
1119 3877 1266 3958 gustandi
1282 3886 1313 3939 et
1328 3877 1447 3959 †parte
1464 3876 1613 3960 tangendi
1628 3896 1742 3957 magua

407 3973 527 4035 iudicia
548 3980 631 4034 sunt.
662 3972 711 4033 nd
727 3992 808 4054 quos
831 3992 943 4034 sensus
959 3972 1129 4054 capiendos
1147 3981 1178 4033 et
1193 3970 1399 4052 perfruendos
1413 3971 1521 4053 plures
1535 3973 1629 4033 ctiam
1644 3990 1740 4054 qnam

407 4067 522 4129 vellem
545 4075 628 4129 artes
650 4075 793 4149 repertae
819 4075 911 4137 sunt;
932 4066 1136 4149 perspicuum
1160 4074 1208 4127 est
1229 4066 1328 4137 euim,
1352 4084 1415 4145 quo
1429 4066 1666 4146 conpositiones
1682 4081 1740 4126 un·

408 4170 608 4242 guentorum,
625 4180 687 4241 quo
704 4161 846 4221 ciborum
862 4160 1071 4232 conditiones,
1087 4179 1150 4242 quo
1163 4178 1329 4240 corporum
1347 4159 1501 4220 lenocinia
1518 4160 1776 4239 processerinteo

494 4251 570 4314 Lix.
596 4250 665 4313 447.
696 4255 759 4316 lam
783 4273 858 4314 vero
881 4254 1021 4315 animum
1045 4255 1150 4333 ipsum
1173 4262 1373 4333 mentemque
1395 4252 1548 4324 hominis,
1576 4254 1739 4329 rationem,

407 4347 593 4418 consilium,
624 4347 824 4428 prudentiam
855 4348 909 4428 qui
939 4366 1002 4407 non
1026 4346 1133 4407 divina
1155 4367 1230 4407 cura
1263 4346 1398 4427 perfecta
1422 4367 1492 4407 esse
1514 4348 1680 4428 perspicit,
1711 4347 1739 4407 44

407 4441 457 4504 bis
479 4441 558 4521 ipsis
581 4441 677 4503 rebus
700 4439 776 4502 mibi
801 4440 925 4501 videtur
947 4459 1064 4501 carere.
1097 4442 1142 4500 lle
1159 4460 1223 4520 quo
1240 4439 1313 4500 dum
1330 4440 1537 4520 disputarem,
1561 4451 1644 4502 tuam
1662 4441 1738 4502 mibi

408 4536 474 4597 dari
493 4535 621 4607 vellem,
645 4534 750 4606 Cotta,
774 4534 1000 4615 eloquentiam.
1035 4534 1107 4608 Quo
1124 4533 1206 4594 enim
1223 4542 1257 4594 tu
1273 4533 1326 4594 4146
1341 4535 1435 4594 modo
1450 4533 1574 4595 diceres
1589 4536 1596 4595 l
1621 4544 1740 4615 quauta
1765 4546 1768 4555 '

408 4630 544 4712 primum
561 4628 791 4710 intellegentia,
808 4627 924 4689 deinde
940 4628 1203 4709 consequentium
1220 4646 1326 4687 rerum
1342 4647 1410 4688 cum
1428 4628 1539 4707 primis
1555 4629 1775 4691 coniunctiote

408 4731 440 4785 et
467 4724 699 4804 conprehensio
729 4732 813 4785 esset
842 4724 876 4783 in
905 4720 1012 4793 nobis,
1042 4741 1083 4782 ex
1106 4740 1169 4802 quo
1192 4720 1355 4792 videlicet,
1383 4722 1460 4802 quid
1490 4741 1529 4783 ex
1558 4723 1736 4806 quibusque

407 4817 503 4880 rebus
527 4814 695 4890 efficiatur,
720 4813 828 4898 [idque
845 4809 989 4895 ratione]
1014 4815 1248 4886 concludimus,
1272 4816 1474 4896 singulasque
1497 4836 1548 4878 res
1568 4814 1735 4880 definimus

476 5011 498 5057 l.
517 5008 625 5070 seperll
647 5036 670 5044 -
692 5011 715 5056 4,
735 5023 751 5056 4
769 5010 890 5057 somnoC
912 5035 938 5043 -
958 5008 981 5056 3.
1001 5022 1032 5056 ne
1049 5010 1102 5068 quit
1121 5010 1139 5056 C
1159 5036 1183 5042 —
1204 5012 1228 5059 5.
1248 5010 1427 5057 4444144441-
1448 5012 1469 5059 6.
1488 5012 1646 5072 44444644-
1668 5015 1691 5061 7.
1706 5013 1736 5061 44

406 5084 444 5131 bie
460 5081 512 5132 440
532 5108 559 5118 -
578 5083 602 5131 8.
621 5083 752 5143 multisque
768 5083 955 5145 consiatibnsrt
976 5110 1003 5119 -
1029 5084 1051 5133 9.
1072 5091 1094 5132 64
1112 5098 1164 5131 itur.
1185 5086 1203 5133 C
1225 5109 1249 5119 -
1273 5088 1310 5133 te,
1331 5093 1353 5133 64
1370 5099 1403 5132 en
1420 5098 1487 5136 corr.
1507 5102 1537 5136 64
1557 5093 1602 5135 urit
1618 5103 1650 5136 ec
1668 5089 1688 5133 V
1708 5114 1734 5123 -

406 5160 461 5207 44444
479 5156 639 5207 Lambinus:
659 5171 712 5206 4444.
733 5157 754 5208 ll
775 5185 801 5194 —
821 5162 852 5207 ti
880 5161 997 5208 utilitatis
1009 5162 1027 5208 .i
1045 5187 1069 5194 -
1088 5165 1174 5220 putent
1192 5160 1221 5207 14Ι
1236 5188 1261 5196 -
1283 5160 1322 5208 ia.
1342 5164 1434 5210 iimnt:
1448 5163 1542 5211 bitini)
1561 5191 1588 5198 -
1608 5165 1647 5211 lb.
1667 5166 1738 5210 inco-

406 5235 561 5283 brnitottsn
584 5259 609 5268 -
631 5233 670 5282 46,
689 5248 820 5293 omnesque
839 5232 970 5283 eev1-
990 5236 1137 5281 antecellunt
1155 5235 1173 5282 Β
1194 5261 1220 5269 -
1242 5235 1281 5284 tt.
1300 5238 1326 5284 ia
1343 5236 1381 5282 4444
1397 5234 1419 5285 ‘ll
1440 5262 1467 5271 -
1488 5238 1526 5285 49.
1546 5244 1648 5287 cernunt
1667 5250 1735 5284 4444.

407 5322 437 5358 64
456 5310 535 5356 cernit
552 5311 572 5357 ,t
594 5336 618 5343 -
638 5311 752 5370 ruptilius
770 5305 799 5355 l'¹
820 5336 845 5343 —
865 5311 976 5357 64144444
993 5310 1116 5357 etiamn
1130 5310 1194 5356 oculi
1210 5310 1323 5357 indicunt
1341 5311 1438 5359 Nonius
1456 5324 1480 5374 p.
1494 5312 1550 5359 203.
1568 5338 1594 5345 -
1614 5319 1665 5359 4444
1683 5308 1735 5357 del.

407 5382 561 5433 Lambinus.
578 5405 604 5416 -
625 5383 664 5430 il,
680 5390 830 5444 ccpnoscont
841 5383 883 5431 rel
895 5384 937 5432 hic
950 5383 991 5431 vel
1004 5384 1069 5432 inira
1088 5382 1177 5433 malim
1189 5384 1294 5432 4446446,
1317 5409 1343 5419 -
1367 5388 1507 5445 propicium
1525 5388 1544 5434 C
1565 5412 1591 5419 —
1614 5388 1653 5432 44.
1668 5387 1737 5431 444444-

406 5460 466 5508 com
482 5463 633 5520 coqnescunt
649 5460 689 5506 rir
706 5459 800 5506 doctus
819 5461 843 5507 in
860 5461 985 5508 binemus.
1007 5461 1025 5507 ll
1045 5472 1070 5521 p.
1085 5458 1141 5509 448.
1157 5486 1183 5495 -
1204 5462 1378 5508 teruncium
1396 5459 1435 5511 ‘liz
1455 5462 1587 5509 candidum
1606 5461 1734 5518 4464444444,

407 5535 427 5584 0
443 5561 466 5570 -
482 5534 522 5582 26.
537 5535 676 5594 durumque
686 5536 813 5582 nominum
825 5539 845 5583 ,4
860 5562 886 5570 -
901 5536 941 5584 ti.
953 5538 1069 5598 pociundi
1080 5551 1175 5598 mcpnu
1189 5538 1291 5600 [mediis
1305 5538 1419 5594 omissis)
1433 5540 1451 5586 C
1467 5562 1492 5573 -
1508 5544 1531 5584 64
1540 5542 1613 5597 porte
1625 5534 1733 5584 ,tuem

406 5613 430 5657 64
447 5612 503 5657 orie
520 5607 613 5669 {littere
633 5615 693 5657 ante
712 5615 767 5657 crtc
784 5612 868 5669 erese)
889 5610 918 5668 V,
939 5611 996 5659 lort.
1015 5616 1098 5669 recle,
1119 5616 1146 5660 ut
1162 5617 1218 5661 orte
1236 5614 1314 5674 (adv.)
1333 5623 1434 5676 conpare
1452 5612 1571 5660 similiter
1587 5611 1685 5659 dictum
1704 5612 1737 5658 sit

407 5688 487 5747 elque
505 5691 560 5733 orte
577 5686 703 5746 complecti
721 5685 754 5733 de
772 5684 902 5733 divinet!
922 5685 936 5748 g
950 5687 1010 5737 illl:
1028 5689 1126 5748 puriter
1142 5693 1165 5736 et
1183 5688 1203 5735 0
1222 5713 1248 5723 -
1274 5689 1312 5738 34.
1331 5689 1447 5750 perspicit
1465 5694 1599 5749 (acupenser
1625 5685 1736 5745 percipit)

407 5758 430 5806 V
446 5785 467 5793 -
484 5759 541 5807 44444
554 5761 572 5807 Α
587 5772 693 5808 erasum
707 5773 759 5807 om.
776 5760 823 5807 Bc
838 5784 864 5793 —
879 5760 919 5809 33.
933 5762 1087 5823 disputarem
1101 5763 1239 5812 nueev1
1258 5766 1398 5826 4446444644
1409 5766 1442 5815 C:
1462 5763 1580 5820 disputent
1592 5759 1735 5817 4144644444,

407 5834 478 5883 0-
500 5833 541 5883 34.
559 5836 645 5883 vellem
665 5834 823 5884 Lambinus:
846 5836 921 5883 4464444
938 5834 990 5885 440
1011 5862 1045 5874 -
1067 5837 1108 5884 ee.
1132 5850 1166 5885 64
1188 5849 1237 5900 quo
1259 5841 1371 5887 4444644444
1391 5838 1450 5899 quid
1467 5836 1514 5883 illi
1538 5859 1563 5869 -κ
1588 5834 1628 5881 et.
1650 5832 1735 5883 Veron

407 5910 481 5971 idque
496 5911 594 5959 ratione
611 5914 683 5960 recte
701 5914 826 5975 suspecta
845 5911 1042 5973 Scboemnnnn,
1062 5914 1106 5975 qui
1124 5913 1155 5962 iis
1172 5913 1306 5966 substituit
1323 5919 1345 5962 ct
1361 5925 1413 5975 qno
1427 5911 1539 5969 cottone,
1562 5921 1612 5972 ego
1629 5906 1734 5961 seclusi.

410 6008 437 6020 -
455 5985 578 6036 relicom
594 5986 656 6035 AV.
