4342 7459
452 1230 515 1298 260
778 1243 1100 1309 ruscuusulauu
1121 1245 1451 1313 ulsrursrioriuu
1530 1288 1533 1292 >

576 1405 696 1489 Equo
719 1404 895 1489 liquatae
918 1406 1013 1470 solis
1035 1407 1183 1469 ardore
1205 1406 1402 1472 excidunt

577 1500 738 1572 Guttae,
762 1519 860 1582 quae
882 1520 979 1563 saxa
1000 1500 1168 1564 adsidue
1189 1501 1401 1564 instillant
1424 1500 1602 1568 Caucasi.

450 1595 513 1657 Vix
533 1594 628 1676 igitur
657 1613 752 1676 posse
777 1594 921 1658 ridemur
941 1595 983 1658 ita
1005 1594 1164 1659 adiectum
1187 1613 1251 1657 non
1273 1594 1422 1658 miserum
1443 1595 1548 1660 dicere
1572 1606 1619 1674 et,
1640 1600 1668 1663 si
1687 1599 1774 1663 bunc

439 1691 613 1770 miserum,
635 1694 719 1749 certe
740 1686 880 1750 dolorem
903 1689 1028 1752 malum.

428 1798 442 1843 s
534 1783 589 1844 xi.
604 1778 656 1843 26.
677 1781 715 1844 Δ.
730 1781 778 1842 Tu
793 1781 923 1864 quidem
937 1782 1039 1845 adbuc
1053 1802 1155 1846 meam
1171 1802 1298 1846 causam
1313 1783 1392 1865 agis,
1415 1783 1470 1847 sed
1486 1784 1547 1848 boc
1562 1804 1636 1848 mox
1651 1785 1772 1851 vidoro.

450 1878 587 1951 Interea,
610 1873 694 1938 uude
715 1874 768 1937 isti
784 1878 916 1938 versus?
938 1896 1001 1940 uon
1017 1876 1101 1939 enim
1117 1876 1286 1959 adgnosco.
1320 1878 1362 1939 M.
1384 1877 1492 1940 Dicam
1507 1878 1633 1955 hercle3
1655 1879 1773 1943 etenim

450 1979 534 2034 recte
561 1968 705 2052 requiris.
746 1968 885 2031 Videsne
913 1969 1072 2033 abundare
1103 1991 1152 2034 me
1175 1972 1264 2035 otiol
1306 1974 1342 2034 l.
1366 1972 1451 2046 Quid
1474 1976 1563 2036 tuml
1606 1973 1647 2036 ii.
1670 1973 1773 2036 Fuisti

450 2084 559 2146 saepe,
581 2062 690 2135 credo,
713 2082 782 2124 cum
804 2063 936 2126 Athenis
959 2084 1060 2136 esses,
1083 2065 1115 2127 in
1139 2064 1254 2127 scholis
1276 2064 1547 2147 philosophorum.
1586 2068 1621 2134 A.
1636 2066 1722 2130 Vero
1736 2086 1773 2129 sc

449 2157 583 2221 libenter
610 2156 749 2239 quidem.
785 2158 827 2219 Μ.
850 2158 1128 2220 Animadvertebas
1150 2159 1260 2241 igitur,
1291 2158 1350 2221 etsi
1372 2166 1438 2222 tum
1460 2179 1553 2223 nemo
1576 2168 1644 2224 erat
1665 2159 1773 2224 admo·

411 2252 522 2316 rodum
550 2250 717 2332 copiosus,
745 2269 853 2312 rerum
883 2258 987 2314 umen
1015 2272 1125 2315 versus
1154 2252 1194 2314 ab
1222 2252 1262 2315 iis
1289 2252 1456 2316 admisceri
1487 2256 1632 2319 orationi.
1669 2257 1705 2317 A.
1727 2256 1772 2317 bc

448 2346 563 2410 multos
585 2343 712 2428 quidem
734 2363 753 2406 a
774 2343 929 2427 Dionysio
951 2345 1067 2407 Stoico.
1105 2348 1146 2409 M.
1170 2347 1271 2409 l’robe
1286 2347 1374 2410 dicis.
1411 2347 1472 2410 Sed
1494 2350 1522 2413 is
1537 2348 1629 2433 quasi
1645 2347 1771 2422 dictata,

447 2439 536 2502 nullo
559 2437 691 2512 dilectu,
721 2434 808 2500 nulla
831 2437 1006 2520 elegantia:
1033 2438 1124 2501 Philo
1149 2436 1193 2522 [et
1214 2435 1390 2523 proprium]
1412 2449 1520 2504 noster
1541 2450 1573 2505 ct
1595 2440 1675 2503 lecta
1695 2448 1773 2523 pob-

447 2541 530 2596 mata
552 2541 583 2595 et
604 2531 672 2595 loco
694 2532 895 2614 adiungebat.
936 2535 1046 2618 ltaque
1068 2543 1234 2617 postquam
1257 2533 1400 2597 adamavi
1422 2535 1503 2599 banc
1523 2536 1615 2620 quasi
1637 2535 1771 2598 senilem

447 2625 722 2697 declamationem,
752 2624 894 2688 studioso
921 2626 1069 2708 equidem
1097 2637 1169 2691 utor
1198 2629 1314 2689 nostris
1344 2629 1463 2709 potitis3
1499 2629 1573 2705 sed,
1600 2629 1701 2693 sicubi
1725 2628 1771 2691 illi

409 2720 645 2792 todeleceruui,
678 2720 756 2781 verti
785 2719 880 2782 multa
902 2719 941 2782 de
968 2720 1112 2796 Graecis,
1135 2741 1174 2783 ne
1201 2741 1265 2805 quo
1296 2732 1481 2786 ornamento
1507 2726 1541 2788 in
1566 2721 1628 2786 boc
1654 2743 1770 2806 genere

446 2814 668 2898 disputationis
698 2822 820 2876 careret
847 2815 959 2878 Latina
985 2815 1096 2879 oratio.
1132 2811 1184 2876 27.
1208 2815 1270 2878 Sed
1300 2816 1431 2880 videsne
1459 2826 1572 2898 poetae
1595 2817 1674 2901 quid
1697 2816 1770 2881 mali

444 2907 609 2972 adferent?
644 2907 843 2971 lamentantis
873 2908 1028 2971 inducunt
1057 2907 1243 2971 fortissimos
1271 2908 1372 2984 viros,
1401 2911 1547 2975 molliunt
1570 2912 1691 2974 animos
1714 2930 1770 2974 no-

444 3011 543 3077 stros,
565 3002 610 3064 ita
631 3011 706 3065 sunt
727 3001 843 3065 deinde
865 3001 989 3076 dulces,
1011 3011 1047 3065 ut
1069 3022 1134 3064 non
1153 3000 1299 3084 legantur
1313 3004 1421 3079 modo,
1445 3004 1500 3068 sed
1517 3006 1609 3069 etiam
1626 3004 1770 3067 ediscan-

443 3104 504 3159 tur.
541 3097 592 3159 Sic
622 3096 661 3160 ad
696 3096 809 3159 malam
843 3096 1048 3160 domesticam
1081 3095 1280 3178 disciplinam
1312 3098 1473 3181 vitamque
1507 3098 1704 3163 umbratilem
1738 3105 1771 3161 et

407 3191 606 3254 todelicatam
634 3211 704 3254 cum
732 3199 933 3253 accesserunt
956 3192 1047 3254 etiam
1070 3197 1199 3273 potitae,
1231 3211 1344 3254 nervos
1367 3194 1469 3256 omnis
1491 3193 1614 3257 virtutis
1636 3192 1769 3255 elidunt.

442 3286 538 3349 Recte
565 3285 659 3367 igitur
688 3303 706 3346 a
738 3283 868 3347 Platone
898 3285 1057 3348 eiciuntur
1079 3305 1120 3346 ex
1142 3304 1179 3347 ea
1201 3284 1342 3360 civitate,
1373 3305 1468 3370 quam
1491 3283 1581 3350 finxit
1603 3286 1674 3360 ille,
1697 3306 1769 3350 cum

442 3380 579 3462 optimos
603 3397 705 3441 mores
729 3386 760 3439 et
782 3378 935 3459 optimum
959 3378 1168 3459 reipublicae
1192 3386 1305 3442 statum
1323 3382 1514 3464 exquireret.
1551 3385 1593 3444 st
1606 3400 1683 3444 vero
1698 3400 1769 3461 nos,

443 3471 529 3536 docti
557 3470 718 3535 sciliceta
740 3470 888 3545 Graecia,
918 3471 997 3534 baec
1027 3481 1059 3535 et
1080 3493 1098 3536 a
1120 3472 1258 3555 pueritia
1280 3473 1414 3555 legimus
1437 3485 1469 3539 et
1490 3474 1656 3549 discimus,
1685 3474 1768 3537 banc

441 3566 651 3629 eruditionem
674 3565 834 3628 liberalem
858 3574 890 3628 et
911 3565 1085 3629 doctrinam
1110 3575 1266 3648 putamus.

404 3675 433 3723 ao
524 3661 595 3722 xit.
617 3657 668 3722 28.
700 3658 760 3721 Sed
784 3658 859 3744 quid
888 3661 991 3743 poetis
1013 3658 1199 3722 irascimur?
1230 3660 1361 3723 Virtutis
1384 3662 1542 3743 magistri,
1570 3661 1767 3748 philosophi,

438 3755 559 3819 inventi
582 3761 670 3828 sunt,
693 3754 748 3836 qui
770 3774 925 3817 summum
947 3753 1064 3816 malum
1087 3752 1227 3816 dolorem
1251 3752 1399 3817 dicerent
1433 3757 1475 3816 At
1495 3762 1544 3830 tu,
1566 3755 1767 3831 adulescens,

440 3870 511 3913 cum
541 3849 574 3911 id
599 3848 656 3911 tibi
685 3848 781 3932 paulo
807 3853 881 3911 ante
909 3848 1044 3911 dixisses
1070 3848 1186 3921 videri,
1218 3854 1346 3930 rogatus
1374 3867 1393 3910 a
1420 3868 1470 3911 me
1496 3850 1633 3913 etiamne
1664 3850 1767 3914 maius

438 3962 534 4026 quam
556 3941 703 4017 dedecus,
725 3942 820 4005 verbo
843 3942 883 4004 de
905 3943 1061 4006 sententia
1081 3941 1239 4005 destitisti.
1276 3942 1362 4025 Roga
1384 3941 1444 4006 hoo
1466 3942 1550 4005 idern
1573 3944 1765 4029 Epicurum:

438 4037 540 4100 maius
562 4034 645 4099 dicet
667 4056 735 4099 esse
765 4035 882 4098 malum
908 4037 1099 4100 mediocrem
1121 4036 1263 4100 dolorem
1285 4055 1380 4120 quern
1403 4057 1584 4101 maxumum
1607 4036 1766 4112 dedocus3

400 4131 472 4196 acin
503 4132 573 4214 ipso
602 4131 687 4192 euim
715 4129 870 4193 dedecore
898 4132 971 4193 mali
1002 4131 1082 4194 nibil
1113 4151 1200 4204 esse,
1233 4131 1295 4194 nisi
1319 4139 1492 4214 sequantur
1512 4132 1646 4195 dolores.
1684 4130 1766 4207 Quis

437 4225 534 4308 igitur
555 4225 724 4307 Epicurum
746 4224 892 4308 sequitur
914 4224 1019 4299 dolor,
1048 4245 1119 4287 cum
1141 4224 1202 4287 boc
1224 4225 1328 4306 ipsum
1352 4225 1445 4299 dicit,
1469 4246 1624 4288 summum
1648 4224 1766 4287 malum

438 4338 507 4383 esse
536 4318 701 4383 dotoremt
728 4339 793 4403 quo
821 4317 959 4382 dedecus
985 4318 1087 4381 maius
1109 4337 1127 4379 a
1150 4317 1341 4400 philosopho
1365 4318 1487 4382 nullum
1509 4325 1654 4402 expecto.
1691 4317 1767 4394 Qua

502 4584 542 4634 to.
561 4582 647 4633 obita
664 4582 713 4632 C0
739 4605 765 4619 -
790 4580 833 4645 Ac]
856 4581 940 4629 tocG
963 4604 990 4616 -
1016 4581 1056 4631 44.
1075 4580 1188 4643 dvosido
1212 4581 1262 4630 Gli
1286 4605 1312 4615 -
1339 4580 1380 4631 tt.
1399 4580 1492 4631 detecto
1509 4580 1529 4632 0
1548 4606 1575 4617 -
1593 4581 1662 4631 Ptilo
1681 4587 1768 4633 nostor

436 4661 561 4731 bentley:
575 4650 643 4730 pilio
660 4672 684 4717 ct
697 4666 831 4729 proprium
846 4665 960 4715 norme
979 4660 1031 4727 (ait
1048 4678 1096 4729 pro
1110 4644 1147 4714 ῖῖ
1162 4665 1205 4729 G);
1231 4664 1298 4714 Philo
1314 4670 1397 4714 scater
1413 4669 1437 4715 ct
1450 4665 1582 4727 proprisos
1597 4665 1766 4716 assumo

438 4771 465 4781 -
486 4746 527 4795 ts.
544 4743 609 4793 corti
626 4745 691 4793 cutm
706 4742 788 4791 mutto
805 4741 833 4790 C.
854 4739 919 4790 Vide
937 4738 970 4789 ad
989 4752 1015 4802 p.
1029 4740 1087 4798 25⁰,
1101 4741 1124 4789 7.
1144 4739 1217 4804 (certi
1232 4752 1282 4789 son
1298 4739 1370 4789 cotto
1387 4738 1518 4802 Klotzius.)
1538 4766 1565 4777 -
1585 4740 1624 4790 tr.
1644 4739 1764 4803 meost,

436 4824 598 4873 tmuntoms
613 4832 671 4869 cion
687 4819 738 4867 ind.
752 4818 770 4878 s.
783 4814 870 4865 viror?
892 4814 961 4865 Bake
979 4814 995 4865 l.
1010 4812 1027 4864 l.
1041 4828 1067 4879 p.
1080 4814 1120 4864 84.
1137 4841 1163 4851 -
1183 4816 1225 4865 st.
1244 4814 1375 4878 edantur]
1394 4815 1512 4864 dimotos
1529 4813 1614 4866 G¹ii¹:
1637 4816 1767 4867 domnas

435 4899 467 4949 G²
475 4896 505 4949 lt²
516 4899 548 4956 e;
567 4899 707 4946 educuntur
718 4894 738 4944 0
751 4885 979 4954 (ἀποπέμποιμεν
991 4883 1030 4938 ἄν
1041 4890 1081 4952 ε4ς
1092 4882 1183 4956 ἄλλην
1195 4886 1278 4940 πόλιν
1289 4887 1361 4941 Plato
1373 4891 1436 4953 liep.
1450 4903 1476 4953 p.
1490 4889 1536 4939 398
1548 4891 1588 4951 Α).
1608 4889 1647 4941 Cl.
1659 4891 1766 4956 iladvig

435 4973 468 5023 ed
487 4973 540 5022 Cio.
560 4970 594 5020 de
611 4970 665 5020 Fin.
684 4982 710 5033 p.
729 4967 786 5018 tos.
807 4992 833 5002 -
860 4966 899 5015 22.
918 4979 999 5015 moror
1015 4968 1119 5028 optimos
1135 4968 1155 5017 0
1176 4992 1201 5000 -
1225 4965 1266 5014 23.
1284 4964 1344 5013 boec
1363 4977 1380 5012 o
1398 4964 1509 5025 poetilio
1526 4970 1550 5015 ct
1571 4964 1676 5028 lopimsr
1692 4966 1764 5016 Bake

435 5045 452 5099 l.
470 5047 488 5098 l.
506 5061 533 5112 p.
551 5047 592 5098 83.
611 5072 644 5082 —
660 5045 700 5095 28.
720 5042 829 5105 dedomo]
848 5042 891 5090 dcc
909 5041 933 5090 in
952 5054 1044 5091 rasura
1061 5044 1082 5089 G
1096 5068 1121 5076 —
1143 5042 1211 5104 ltopo
1228 5040 1372 5089 Manutius:
1391 5052 1452 5102 rogo
1470 5038 1529 5088 CO.
1550 5036 1681 5089 rDubiom
1698 5040 1764 5090 mihi

435 5126 488 5184 est,
508 5125 576 5187 ltopo
593 5120 634 5182 (cl.
652 5120 668 5183 s
686 5118 726 5167 37.
746 5117 788 5173 iv.
807 5115 847 5166 443.
867 5114 907 5165 bl.
927 5115 969 5172 111,
989 5113 1041 5173 ts.)
1058 5115 1151 5165 Cicero
1169 5116 1306 5179 scripserit
1322 5128 1373 5173 an,
1390 5117 1419 5161 ut
1437 5126 1486 5175 ego
1503 5114 1633 5176 suspicor,
1652 5114 1764 5178 tioqoro,

434 5198 468 5249 cl.
487 5200 538 5249 stt.
556 5198 611 5258 Vll,
630 5198 653 5253 4,
672 5192 700 5245 l:
724 5192 802 5242 Aliter
823 5203 936 5241 smacro:
959 5184 1110 5255 ἀναθήσει.
1133 5189 1242 5255 Philipp.
1261 5190 1303 5247 lli,
1324 5189 1367 5238 ta:
1391 5188 1507 5248 Arasproa
1523 5200 1580 5249 cro,
1605 5188 1766 5239 ambitionem

433 5274 557 5324 inducero
573 5274 599 5321 io
616 5269 730 5320 cadon:
743 5274 850 5330 'soporo
868 5265 970 5315 videbor
986 5266 1037 5314 cet.
1061 5264 1143 5314 Acad.
1158 5266 1187 5324 il,
1203 5265 1258 5314 trs.
1278 5264 1381 5313 Terent.
1396 5262 1488 5312 Heaut.
1503 5263 1545 5321 ill,
1560 5263 1583 5321 4,
1598 5261 1638 5312 78.
1657 5262 1763 5313 verriu.

433 5348 476 5408 ill,
494 5346 519 5399 4.
542 5347 597 5397 Cic.
616 5346 649 5395 de
667 5345 721 5394 fin.
740 5343 771 5404 li,
789 5342 829 5391 57.
856 5342 942 5390 tiorat.
962 5341 1014 5389 Sat.
1034 5343 1065 5397 ii,
1085 5341 1110 5402 4,
1129 5340 1168 5391 to.
1196 5338 1284 5389 Famil.
1304 5339 1346 5400 iii,
1364 5338 1406 5399 ti,
1425 5338 1449 5389 l.
1478 5338 1551 5387 liano
1568 5338 1594 5387 in
1612 5340 1717 5402 partem
1735 5342 1765 5389 ut

433 5435 483 5486 ego
500 5434 543 5472 me
561 5417 701 5474 inclinem.
726 5418 787 5468 iacit
804 5416 933 5466 contrarie
952 5417 1097 5466 sententia:
1117 5421 1190 5464 ar·-
1202 5420 1306 5477 coporos
1323 5428 1339 5462 a
1356 5426 1407 5472 mc;
1427 5413 1461 5463 cl.
1480 5410 1593 5463 similem
1611 5412 1701 5463 locum
1718 5415 1764 5477 qui

433 5497 475 5546 est
491 5495 522 5556 V,
541 5496 585 5545 bb:
607 5495 664 5543 Noc
686 5492 769 5541 dubito
790 5495 818 5539 to
838 5490 897 5552 qaid
918 5503 1080 5551 rcrporsasras
1102 5492 1199 5540 aisn.
1224 5491 1280 5539 Non
1297 5490 1406 5551 quemvis
1425 5489 1471 5538 boc
1486 5489 1552 5538 idem
1568 5488 1761 5551 iotcnoporom.

432 5571 594 5633 llosposdcrct
609 5570 675 5619 onim
691 5567 757 5616 otios
773 5568 824 5616 oet.
851 5565 937 5615 Potuit
953 5564 1004 5615 dici
1023 5566 1113 5629 ltopcm
1129 5565 1174 5614 boc
1190 5564 1253 5613 idem
1264 5563 1419 5625 Epicurum:
1436 5564 1518 5612 motor
1535 5561 1598 5611 dicct
1609 5560 1708 5625 (dicct),
1726 5559 1760 5611 ol.

432 5646 486 5695 liu.
505 5645 547 5705 iv,
560 5643 601 5694 tt.
614 5645 644 5693 N.
658 5644 689 5693 4).
702 5643 726 5702 l,
739 5641 780 5690 bl.
797 5642 837 5690 60.
860 5640 926 5702 liopo
938 5666 973 5677 --
985 5654 993 5688 .·
1011 5642 1094 5689 maias
1111 5640 1173 5689 dicct
1190 5640 1232 5687 vix
1251 5640 1341 5701 potuit.
1367 5636 1437 5688 Altus
1454 5636 1559 5700 generis
1576 5640 1638 5686 suut
1654 5635 1761 5701 plurimi

432 5717 466 5768 illi
483 5716 547 5776 loci,
565 5717 626 5775 ubi,
644 5718 673 5765 ut
689 5715 716 5765 in
733 5712 848 5777 generali
867 5716 912 5762 aut
928 5713 1118 5776 trequentativa
1138 5714 1276 5771 sententia,
1295 5715 1367 5762 recte
1390 5723 1517 5777 praesens
1534 5712 1642 5773 tempus
1658 5709 1695 5759 bic
1711 5721 1761 5773 po-
1874 5714 1876 5719 '

432 5794 510 5851 uitur,
529 5796 557 5843 ut
574 5793 664 5843 Horat.
684 5794 712 5840 Α.
733 5792 759 5840 Ρ,
778 5789 826 5838 26:
845 5788 931 5837 ltrccir
947 5801 997 5839 csse
1013 5787 1115 5838 toboro:
1134 5787 1257 5837 Obscurus
1271 5789 1313 5849 pto.
1333 5788 1398 5850 Epp.
1417 5790 1438 5845 l,
1458 5789 1481 5845 t,
1500 5786 1541 5835 tii.
1560 5783 1615 5834 Cic.
1628 5784 1656 5834 T.
1670 5784 1702 5833 i).
1716 5784 1758 5843 lli,

431 5867 472 5915 tt.
490 5867 521 5927 11,
540 5868 580 5919 48.
599 5866 631 5918 33
649 5865 703 5925 (ubi
720 5864 916 5919 do=docdam
932 5867 984 5926 cat).
1012 5862 1106 5914 Parad.
1125 5861 1164 5912 36.
1190 5862 1242 5911 Fin.
1262 5862 1293 5919 V,
1312 5861 1352 5912 84.
1377 5860 1465 5912 Femil.
1485 5860 1526 5919 lX,
1546 5859 1588 5921 22,
1606 5858 1648 5910 3.·
1665 5860 1709 5910 W.
1728 5883 1756 5895 -

432 5939 530 6001 qrstdom
546 5940 605 5991 ead.
624 5952 661 5991 m.
680 5952 748 5991 corr.
767 5941 793 5990 in
811 5938 875 5989 idom
891 5941 911 5988 a
930 5961 956 5974 -
975 5938 1016 5988 tt.
1035 5949 1237 6001 commosin
1255 5937 1313 5986 ott.
