4342 7459
712 1239 1416 1328 uu.11.cu.x1v-xv1.§pea-er.
1667 1238 1729 1308 roa
1805 1210 1807 1212 ’

407 1401 497 1477 dum,
528 1405 644 1487 qurbm
665 1401 825 1467 mundare
847 1409 878 1463 te
901 1422 1026 1483 semper
1047 1410 1157 1484 putas,
1187 1402 1336 1466 Graecini
1372 1403 1484 1478 Aliud,
1510 1405 1654 1488 inquam,
1681 1410 1731 1467 est

407 1496 531 1572 dolere,
553 1496 639 1559 aliud
661 1496 814 1559 laborare.
849 1494 926 1557 Cum
948 1495 1068 1558 varices
1091 1496 1278 1559 secabantur
1301 1497 1333 1559 C.
1355 1497 1471 1572 Mario,
1494 1497 1637 1561 dolebat:
1659 1514 1728 1561 oum

407 1600 498 1656 aestu
521 1610 634 1673 magno
656 1589 790 1653 ducebat
810 1608 938 1671 agmen,
961 1589 1132 1652 laborabat
1169 1589 1226 1652 Est
1246 1589 1328 1653 inter
1348 1590 1427 1654 haec
1448 1591 1600 1673 quaedam
1623 1600 1729 1655 tamen

407 1684 603 1757 similitudo:
627 1684 824 1746 consuetudo
847 1683 931 1745 enim
953 1682 1097 1746 laborum
1120 1683 1357 1765 perpessionem
1381 1683 1526 1746 dolorum
1541 1681 1636 1748 elficit
1653 1683 1751 1748 faci»

408 1779 530 1842 liorem.
573 1773 624 1838 36.
647 1776 758 1859 ltaque
787 1775 849 1849 illi,
877 1776 934 1858 qui
956 1775 1106 1839 Graeciae
1136 1775 1267 1839 formam
1289 1796 1393 1840 rernm
1415 1776 1611 1861 publicarum
1634 1775 1752 1841 dede-s

408 1878 496 1945 mut,
518 1889 652 1953 corpora
673 1870 823 1931 iuvenum
846 1865 959 1932 lirmari
983 1869 1091 1932 labore
1112 1869 1297 1933 voluerunt:
1330 1869 1416 1953 quod
1438 1869 1613 1952 Spartiatae
1636 1870 1729 1934 etiam

407 1966 441 2028 in
461 1963 596 2027 feminas
618 1962 856 2036 transtulerunt,
879 1981 960 2044 quae
975 1962 1087 2025 ceteris
1103 1962 1135 2024 in
1152 1963 1282 2025 urbibus
1297 1962 1484 2026 mollissimo
1500 1962 1583 2026 cultu
1605 1964 1731 2047 parie-

408 2065 482 2123 tum
504 2057 648 2121 umbris
670 2056 915 2120 occuluntur.
946 2056 994 2117 llli
1017 2064 1122 2119 autem
1142 2056 1311 2119 voluerunt
1325 2055 1404 2119 nihil
1420 2057 1531 2120 horum
1547 2058 1648 2122 simile
1661 2075 1730 2122 esse

1039 2150 1144 2232 apud
1168 2150 1367 2214 Lacaenas
1388 2149 1583 2234 virgines,
1809 2218 1810 2221 ,

493 2244 646 2321 Quibus
668 2243 791 2325 magis
813 2243 1031 2325 palaestra,
1052 2243 1239 2318 Eurotas,
1262 2243 1333 2317 sol,
1356 2244 1496 2327 pulvis,
1518 2242 1632 2308 labor
1739 2263 1768 2311 ro

494 2338 674 2402 Militiae
696 2337 839 2400 studio
861 2345 923 2399 est
944 2355 1050 2420 quam
1071 2335 1277 2400 fertilitas
1298 2336 1480 2400 barbara.

407 2436 492 2516 llrgo
521 2433 573 2495 his
604 2431 769 2495 laboriosis
792 2429 1069 2493 exercitationibus
1091 2436 1124 2492 et
1145 2429 1238 2492 dolor
1257 2430 1437 2493 intercunit
1457 2450 1522 2495 uon
1543 2451 1730 2516 numquam:

407 2527 621 2610 inpelluntur,
651 2523 821 2598 feriuntur,
852 2524 1049 2598 abiciuntur,
1077 2522 1209 2597 cadunt,
1239 2531 1271 2585 et
1299 2522 1367 2606 ipsc
1389 2523 1478 2587 labor
1498 2526 1588 2609 quasi
1618 2526 1732 2589 callum

409 2619 571 2705 quoddam
594 2617 724 2682 obducit
745 2617 858 2680 dolori.

494 2713 578 2776 xvi.
600 2708 653 2773 37.
675 2711 817 2775 Militiam
841 2730 916 2773 vero
930 2743 971 2756 -
986 2717 1125 2773 nostram
1149 2710 1230 2783 dico,
1253 2730 1318 2773 uon
1340 2710 1577 2795 Spartiatarum,
1598 2732 1770 2796 quorumrs

409 2804 556 2889 procedit
577 2804 651 2885 ’sad
667 2803 795 2867 modum
809 2804 849 2867 ad
872 2803 981 2867 tibiam
996 2823 1055 2866 uec
1069 2803 1236 2866 adhibetur
1249 2802 1313 2866 ulla
1329 2804 1397 2866 siue
1412 2807 1588 2890 anapaestis
1602 2807 1734 2890 pedibus

410 2899 549 2963 hortatio
571 2930 628 2974 -‚
650 2899 750 2961 nostri
773 2898 930 2961 exercitus
953 2898 1088 2979 primum
1112 2897 1196 2959 uude
1211 2915 1327 2959 nomen
1341 2894 1478 2960 babeant
1492 2898 1597 2973 rides:
1621 2900 1735 2963 deiude

412 2993 469 3076 qui
492 2990 625 3053 laboret
641 3000 777 3076 quantus
798 2991 949 3075 agminis:
968 2989 1051 3053 terre
1067 2990 1138 3071 plus
1156 2988 1310 3052 dimidiati
1332 2992 1448 3054 mensis
1465 2992 1592 3067 cibaria,
1613 2991 1694 3056 ferre
1709 2994 1736 3057 si

411 3086 489 3171 quid
518 3083 557 3147 ad
584 3104 678 3147 usum
700 3085 815 3158 velint,
843 3084 926 3147 ferre
947 3082 1084 3159 vallum:
1113 3102 1185 3145 nam
1207 3088 1345 3156 scutum,
1375 3083 1529 3166 gladium,
1559 3084 1679 3167 galeam
1701 3086 1735 3149 iu

412 3197 511 3243 onere
533 3180 633 3241 nostri
656 3179 773 3241 milites
794 3198 860 3241 uon
879 3178 950 3260 plus
973 3184 1141 3239 numerant
1162 3196 1257 3260 quam
1280 3196 1420 3252 umeros,
1443 3178 1593 3254 lacertos,
1615 3197 1774 3249 manneae

412 3278 506 3337 Arma
530 3273 617 3335 euim
639 3272 777 3336 membra
799 3272 907 3335 militis
931 3291 1001 3334 esse
1024 3269 1148 3333 dicunt:
1171 3289 1252 3352 quae
1277 3271 1402 3354 quidem
1424 3270 1468 3332 ita
1488 3278 1640 3354 geruntur
1654 3280 1737 3356 apte,

411 3377 462 3443 nt,
484 3370 513 3432 si
535 3386 613 3429 usus
635 3364 740 3439 luerit,
761 3365 891 3428 abiectis
909 3363 1069 3437 oneribus,
1093 3363 1249 3444 expeditis
1271 3364 1365 3426 arnus
1380 3370 1414 3427 ut
1434 3364 1582 3427 membris
1597 3385 1739 3448 pugnare

478 3605 502 3658 l.
522 3606 633 3656 dolores
654 3605 704 3653 Gli
729 3631 755 3638 -
782 3604 874 3667 οἶμαι
896 3605 958 3659 GR:
986 3603 1112 3667 effidetli
1138 3629 1164 3638 -
1190 3601 1213 3649 b.
1232 3601 1285 3663 quo
1302 3601 1431 3665 queres
1453 3627 1477 3637 -
1495 3603 1738 3665 pepticas-temti·—

414 3684 438 3732 8,
457 3681 554 3731 mom
575 3680 724 3729 dominatur
743 3680 870 3742 pdrietmn
891 3676 1008 3728 Ribbeck
1026 3679 1102 3741 trag.
1122 3678 1175 3727 hat.
1195 3690 1220 3741 p.
1239 3675 1297 3725 sii.
1318 3702 1346 3713 -
1369 3676 1437 3727 Nihil
1452 3675 1542 3727 bonon
1556 3676 1658 3728 :imm
1673 3679 1742 3740 opes

416 3757 487 3807 idem
505 3754 570 3804 ibid.
589 3758 735 3818 praeeunte
753 3753 893 3816 Sceligero,
911 3754 956 3816 qui
974 3752 1055 3804 babet
1071 3753 1150 3802 dmile
1166 3751 1235 3815 opud
1251 3753 1303 3800 cet.
1319 3772 1345 3785 -
1366 3751 1405 3800 ld.
1425 3751 1498 3812 ousta
1513 3752 1590 3815 mopi'
1606 3751 1628 3801 0
1642 3779 1667 3788 -
1687 3753 1742 3803 Xe-

412 3837 471 3879 rots
487 3830 554 3885 CO:
573 3828 622 3879 sed
640 3828 692 3877 vid.
713 3828 815 3891 Madvig
831 3828 864 3877 ad
883 3829 937 3879 Cio.
956 3829 990 3878 de
1008 3830 1061 3879 Flu.
1081 3842 1107 3892 p.
1126 3827 1174 3877 306
1191 3830 1218 3877 et
1234 3826 1283 3876 872
1299 3836 1340 3888 sq.
1355 3852 1383 3862 -
1402 3826 1473 3877 labor
1488 3828 1594 3877 ldilidoe
1609 3827 1738 3878 Bouhier:

413 3906 485 3955 tabor
506 3905 599 3953 milmo
616 3905 650 3959 C:
674 3903 759 3962 labor,
783 3904 875 3952 Militia
892 3904 921 3951 0.
949 3906 1019 3952 «Pro
1041 3916 1089 3962 eo,
1113 3902 1184 3966 quod
1208 3915 1240 3952 ex
1257 3900 1410 3964 archetypo
1433 3899 1527 3964 legitur
1543 3900 1623 3962 labor,
1641 3902 1741 3964 mitum,

414 3982 489 4044 quasi
507 3981 643 4029 Lacaenae
661 3990 713 4027 uon
731 3976 816 4027 solum
834 3978 943 4026 laborem
957 3979 1109 4039 palaestrae,
1128 3977 1247 4035 Eurotae,
1265 3974 1335 4035 sotis,
1351 3975 1476 4037 pulsent,
1495 3976 1543 4026 sed
1560 3977 1638 4026 etiem
1650 3989 1742 4027 vemm

413 4056 530 4105 ιιὶὶϋὶαη
552 4055 739 4111 sustinuerint,
763 4054 820 4102 sinc
843 4052 924 4102 dubio
949 4051 1122 4102 scribendum
1139 4056 1180 4101 est
1198 4050 1270 4099 labor
1284 4050 1389 4100 mdittoe
1407 4051 1431 4108 li.
1451 4064 1475 4100 e.
1494 4050 1567 4100 labor
1581 4050 1699 4101 mitteris
1714 4070 1744 4094 =

414 4128 562 4180 laboriosae
581 4129 807 4187 exercitationes).
827 4140 881 4190 quo
898 4141 951 4176 uno
970 4125 1009 4175 illa
1025 4128 1153 4188 palaestro
1165 4152 1200 4162 --
1209 4124 1292 4186 palcis
1308 4128 1380 4174 recte
1393 4126 1682 4189 comprehenduntur·
1699 4128 1743 4177 W.

418 4233 441 4239 -
464 4207 502 4251 tt.
521 4202 610 4263 studio]
629 4204 654 4248 in
671 4203 752 4250 :tudio
771 4203 799 4249 C.
828 4201 893 4249 Vide
912 4202 1111 4250 Lachmanuunr
1128 4202 1160 4250 ad
1181 4203 1283 4250 Lucret.
1303 4214 1328 4263 p.
1342 4201 1398 4250 23⁴.
1416 4228 1440 4235 -
1460 4202 1566 4262 rutilitas
1583 4200 1701 4262 bentley.
1714 4225 1741 4240 -

416 4278 456 4327 13.
474 4280 528 4340 ipse
544 4276 616 4324 labor
633 4277 742 4336 quodem
758 4276 822 4324 colb
838 4275 936 4325 obducit
953 4277 1087 4326 Charisius
1109 4289 1135 4338 p.
1154 4276 1194 4334 72,
1213 4277 1242 4331 l:
1271 4276 1321 4336 ipse
1338 4275 1516 4325 laborantium
1532 4275 1635 4325 obducit
1652 4276 1745 4324 Gram-

415 4353 529 4402 maticus
547 4349 582 4400 de
600 4350 743 4413 generibus
761 4364 782 4400 s.
801 4364 826 4398 v.
845 4351 945 4399 collum.
967 4379 993 4388 -
1020 4353 1059 4400 lb.
1079 4351 1173 4399 Militia
1191 4348 1348 4407 Lambinus:
1368 4350 1474 4401 Militiae
1490 4352 1509 4399 l.
1529 4351 1569 4400 Fr.
1589 4350 1743 4399 Gronovius.

415 4454 444 4465 -
464 4428 504 4477 lb.
524 4428 559 4478 od
580 4427 680 4474 modum
703 4426 739 4474 od
761 4424 847 4473 tibiorn
865 4425 899 4473 C:
923 4437 997 4472 moro
1019 4426 1053 4473 od
1075 4424 1161 4473 tibiam
1179 4426 1197 4472 i.
1218 4425 1256 4473 Fr.
1277 4425 1431 4482 Gronovius
1451 4425 1485 4480 0:
1504 4438 1593 4487 agmen
1610 4424 1644 4472 od
1660 4423 1746 4473 tibiam

299 4556 303 4560 ,
413 4502 566 4566 Tregderus
583 4503 611 4550 et
628 4503 688 4564 post
705 4513 767 4550 eum
785 4501 817 4549 ll.
834 4500 920 4562 Haupt
937 4500 962 4548 iu
980 4497 1071 4549 Philol.
1087 4498 1249 4548 Schneider.
1264 4501 1284 4548 ll
1300 4513 1326 4562 p.
1340 4498 1387 4548 4³0
1399 4501 1425 4548 et
1438 4498 1549 4549 lllctzius
1567 4500 1592 4548 iu
1609 4497 1744 4563 Supplem.

415 4580 499 4629 lahuii
516 4575 609 4627 quel.
630 4574 718 4637 philol.
744 4579 771 4625 et
794 4575 938 4638 paedagog.
958 4575 1035 4624 XVlll
1058 4588 1084 4639 p.
1104 4574 1152 4624 tie
1170 4575 1285 4637 epartim
1303 4587 1333 4623 ex
1353 4572 1470 4624 Lambini
1487 4574 1652 4631 coniectura,
1677 4585 1746 4635 quae

415 4655 543 4705 incertior
559 4650 664 4700 videtur
680 4663 761 4713 quam
780 4652 808 4699 ut
825 4649 977 4713 recipienda
996 4648 1081 4698 luerit.
1102 4650 1211 4699 Constat
1228 4648 1299 4697 euim
1318 4648 1587 4698 Lacedaemoniorum
1600 4647 1745 4696 exercitum

415 4729 451 4778 ad
468 4728 562 4777 tibiam
579 4738 630 4775 nou
647 4727 695 4773 iter
711 4724 808 4784 soene,
827 4722 875 4773 sed
894 4726 1016 4772 insincero
1033 4723 1086 4772 octe
1104 4720 1234 4786 proelium
1252 4722 1353 4785 ingredi
1372 4736 1432 4772 esse
1444 4721 1559 4773 solitum.
1577 4721 1747 4785 Agmmbau-

416 4805 599 4854 tem'nomine
617 4802 713 4850 iustam
730 4801 815 4848 eciem
828 4799 870 4847 vis
882 4800 1022 4862 quisquam
1041 4800 1220 4861 antiquiorum
1238 4811 1333 4862 prosae
1346 4800 1471 4848 orationis
1483 4800 1643 4861 scriptorum
1655 4794 1748 4860 appel-

415 4879 493 4936 lavit,
513 4888 602 4937 neque
621 4887 684 4923 vero
703 4888 735 4924 ne
754 4875 840 4924 Livius
858 4874 975 4935 quidem,
995 4875 1039 4935 qui
1058 4871 1189 4923 nonnullis
1207 4872 1272 4923 locis
1290 4874 1363 4933 (Viti,
1381 4874 1422 4923 30.
1440 4874 1515 4933 XXX,
1534 4874 1556 4923 o
1574 4900 1598 4909 —
1614 4874 1644 4931 ll,
1658 4873 1690 4926 te
1706 4876 1747 4923 ic-

414 4958 512 5003 etncto
529 4950 630 5013 affinius
647 4951 687 4998 est
704 4951 732 4997 in
749 4947 974 5010 Moschordnaerp)
995 4960 1084 5009 omnen
1102 4960 1149 5010 pro
1166 4949 1232 4998 acie:
1248 4950 1369 5013 posuisse
1386 4947 1501 5008 videtur,
1519 4949 1570 4999 boc
1588 4952 1643 4999 tem
1661 4949 1747 5000 embi-

415 5041 469 5091 guo
487 5026 547 5075 loco
564 5027 602 5075 sie
619 5022 720 5072 diceret
738 5022 779 5084 (ct.
799 5023 908 5081 XXXlll,
927 5022 942 5071 9
957 5022 1073 5083 plotone
1083 5047 1097 5057 ·
1107 5046 1136 5081 -,
1154 5034 1242 5084 operm
1259 5024 1341 5085 inopis
1357 5037 1434 5085 quom
1445 5025 1511 5072 omes
1522 5025 1653 5086 aptiorque
1663 5025 1748 5074 itineri

414 5115 496 5165 quaen
514 5112 628 5162 papum,
653 5099 745 5157 XXIX,
764 5099 804 5148 36.
829 5099 900 5157 XXl,
919 5099 960 5148 si.
979 5098 1054 5156 XXV,
1073 5098 1123 5157 dli.
1156 5099 1221 5148 Fieri
1242 5100 1344 5162 potest,
1372 5101 1400 5146 ut
1416 5099 1624 5162 superscriptum
1641 5097 1746 5162 aliquod

416 5175 566 5239 gtomsme,
592 5176 620 5223 ut
640 5176 674 5223 sd
694 5173 844 5235 nodutim
864 5177 882 5222 t.
903 5172 943 5232 (ct.
963 5170 1026 5223 Geli.
1045 5174 1064 5231 l,
1085 5175 1125 5233 ⁴⁴i
1146 5174 1212 5223 odes
1229 5170 1367 5237 expulerit.
1392 5173 1481 5237 ipsum
1500 5174 1571 5224 enim
1589 5174 1746 5225 Ciceronem

415 5251 558 5314 scripsisse
581 5251 616 5298 od
635 5249 710 5297 tibine
725 5250 809 5297 modos
831 5249 873 5308 (ut
889 5249 943 5297 Liv.
963 5247 1020 5305 Vll,
1039 5249 1054 5296 t
1071 5249 1106 5297 od
1121 5248 1228 5299 tibicinis
1242 5248 1326 5296 modos
1342 5246 1468 5311 adientes)
1486 5248 1574 5314 miuus
1589 5247 1746 5300 verisimile

416 5330 487 5376 est.»
505 5326 547 5373 W.
568 5322 760 5373 «scribendum
778 5323 894 5372 videtur:
915 5335 1023 5383 quornm
1037 5325 1149 5385 procedit
1166 5322 1230 5386 (scil.
1249 5337 1347 5385 agmen
1366 5323 1437 5385 quod
1455 5324 1615 5374 sumendum
1633 5337 1665 5374 ex
1679 5324 1748 5373 nitit-

417 5401 493 5462 tm)
510 5401 544 5448 ud
559 5401 674 5457 nwdom,
693 5400 709 5447 i.
729 5412 753 5447 e.
772 5399 835 5446 noch
853 5399 907 5448 dnn
925 5399 1014 5460 lake,
1032 5402 1061 5449 ut
1078 5399 1159 5449 verbe
1178 5400 1211 5448 od
1227 5397 1314 5447 tibiam
1330 5396 1416 5460 glossa
1433 5398 1511 5447 sint.»
1530 5400 1609 5448 llius.
1626 5427 1652 5436 -
1672 5399 1711 5449 48.
1725 5405 1747 5449 et

418 5489 475 5526 orn.
488 5477 544 5526 CO.
565 5474 734 5536 cnsyudeton
746 5473 928 5533 durissimum,
941 5487 994 5536 quo
1006 5476 1114 5537 agmini:
1126 5474 1160 5523 ab
1173 5474 1328 5537 interposito
1341 5471 1471 5522 vocabulo
1482 5475 1619 5536 utriusque
1632 5471 1746 5523 membri

419 5550 558 5600 commum
576 5548 715 5608 divellitur,
735 5550 791 5598 iure
810 5550 929 5598 Davisius
941 5551 1063 5597 correxit.
1083 5550 1120 5600 Cf.
1137 5550 1222 5599 Diviu.
1235 5550 1255 5606 l,
1268 5548 1300 5597 ti
1318 5550 1361 5610 qni
1377 5548 1576 5609 obstqoontns.
1595 5548 1647 5599 fin.
1658 5548 1689 5604 ll,
1704 5548 1745 5598 er.

421 5628 502 5688 Legg.
522 5624 564 5681 iii.
583 5625 623 5673 to.
644 5625 727 5673 iiiviu.
747 5626 772 5673 in
791 5622 887 5674 caecil.
908 5623 981 5685 siti.
1001 5624 1103 5674 Verriu.
1124 5626 1165 5681 lli.
1185 5624 1225 5674 66.
1245 5623 1276 5685 V,
1294 5623 1334 5672 23,
1350 5623 1396 5673 ite
1414 5621 1482 5685 (quot
1499 5623 1561 5672 betto
1577 5623 1685 5671 maiorer
1699 5635 1747 5671 no-

421 5708 489 5750 stros
504 5706 527 5748 et
545 5704 642 5760 quanm
657 5701 806 5763 sumspism).
825 5702 852 5749 T.
872 5700 902 5748 D.
922 5700 964 5755 ill,
983 5699 1023 5747 to.
1043 5699 1072 5755 V,
1089 5700 1129 5750 ae.
1149 5698 1297 5750 Ferendum
1315 5697 1463 5760 asyndeton
1481 5700 1522 5748 est
1537 5694 1645 5759 Philipp.
1665 5697 1696 5755 ll,
1714 5696 1742 5745 il

422 5774 513 5839 quoibe:
523 5775 595 5823 mbos
605 5777 691 5834 tantu,
704 5775 793 5823 :obbia
802 5776 883 5836 postia
903 5772 941 5823 ct
955 5785 980 5836 p.
994 5771 1099 5822 Plancio
1112 5773 1127 5836 Β
1138 5774 1196 5823 29..
1210 5775 1252 5823 W.
1266 5798 1292 5809 -
1308 5773 1347 5821 49.
1360 5777 1456 5822 emtum
1472 5785 1534 5822 cum
1546 5769 1642 5834 duplici
1654 5783 1745 5820 rasura

424 5853 447 5900 G
464 5849 552 5912 (luisse
569 5848 674 5898 videtur
690 5850 753 5897 sicet
768 5850 832 5908 eum)
847 5873 874 5883 -
894 5848 935 5896 tt.
952 5849 1075 5910 onusto
1089 5874 1116 5885 -
1135 5848 1176 5898 22.
1194 5849 1271 5910 (nent
1283 5845 1408 5911 Bentley:
1426 5847 1492 5910 toret
1508 5847 1543 5905 C:
1559 5846 1628 5909 serat
1639 5845 1746 5898 Lambi-

425 5936 490 5983 nus.
510 5924 543 5974 0.
568 5921 733 5985 ct1vst.
