4342 7459
444 1231 509 1300 7tt
869 1220 1093 1291 Pannona
1115 1218 1361 1290 STOICORUH.

446 1402 511 1461 tarn
532 1387 736 1464 incredibile,
767 1383 853 1470 quod
875 1402 941 1448 non
963 1382 1101 1446 dicendo
1122 1378 1177 1445 liat
1198 1379 1383 1464 probabile,
1411 1378 1492 1444 nihil
1513 1386 1577 1445 tam
1597 1377 1792 1458 borridum,

446 1496 509 1554 tarn
531 1484 701 1555 incultum,
732 1480 818 1564 quod
847 1496 913 1541 nou
943 1475 1147 1560 eplendeecat
1175 1477 1319 1539 oratione
1348 1481 1381 1538 et
1410 1482 1571 1557 tamquam
1600 1475 1790 1541 excolatur.

447 1580 543 1658 Quod
571 1596 644 1642 cunr
674 1576 718 1641 ita
746 1581 909 1658 putarem,
938 1571 999 1635 leci
1028 1571 1123 1634 etiarn
1151 1569 1304 1634 audacius
1331 1588 1428 1652 quarn
1455 1567 1511 1632 ille
1533 1567 1622 1652 ipae,
1650 1567 1790 1656 dequo

446 1674 572 1759 loquor.
624 1669 703 1734 Cato
733 1667 819 1732 enirn
849 1663 926 1730 dum
953 1672 1042 1730 taxat
1063 1666 1103 1729 dc
1125 1662 1344 1748 magnitudine
1364 1663 1479 1737 animi,
1506 1661 1547 1726 de
1568 1663 1790 1740 coutinentia,

422 1766 488 1831 tdc
508 1772 628 1838 morto,
658 1763 698 1828 de
720 1761 807 1826 omni
828 1759 924 1825 laude
946 1759 1089 1833 vinolio,
1110 1759 1151 1824 dc
1174 1759 1225 1823 die
1246 1757 1483 1831 inmortalibus,
1504 1756 1545 1820 de
1566 1757 1702 1821 caritate
1725 1775 1789 1841 pa-

446 1860 527 1925 triae
548 1857 652 1922 eloica
673 1856 756 1922 aolet
777 1854 926 1918 oratoriia
947 1854 1142 1918 ornamentis
1163 1851 1314 1917 adbibitia
1332 1851 1455 1916 dicere:
1477 1870 1537 1934 epo
1551 1851 1611 1916 tibi
1624 1850 1684 1916 illa
1698 1851 1788 1936 ipra,

446 1974 531 2040 quac
553 1953 608 2018 rix
629 1952 663 2015 iu
685 1948 859 2034 gymnaaiia
880 1955 914 2011 et
933 1947 968 2010 iu
989 1948 1057 2011 otio
1080 1947 1178 2011 Stoici
1202 1945 1345 2030 probant,
1366 1944 1480 2010 iudane
1500 1945 1625 2010 conieci
1638 1944 1675 2010 in
1690 1965 1788 2010 cun·

445 2066 560 2112 munao
581 2045 679 2110 locor.
721 2041 754 2106 i.
776 2039 868 2116 Quae
890 2040 966 2124 quia
987 2046 1062 2104 aunt
1082 2036 1281 2105 admirabilia
1303 2047 1479 2123 contraque
1500 2038 1689 2121 opinionem
1710 2058 1787 2105 ora·

444 2141 534 2206 niu·
564 2173 605 2186 -
633 2137 673 2202 ab
694 2135 774 2218 ipaia
796 2133 892 2198 etiam
915 2132 1090 2217 παράδοξα
1112 2132 1311 2216 appellantur
1332 2169 1392 2210 -,
1415 2140 1569 2217 temptare
1590 2133 1681 2201 volui
1702 2155 1785 2220 poa·

406 2241 558 2299 ttaentne
580 2229 714 2316 prolcrri
736 2229 771 2292 in
793 2227 896 2290 luceru
929 2222 973 2310 [id
997 2233 1046 2291 eat
1066 2228 1099 2289 iu
1121 2223 1237 2311 iorum]
1267 2235 1301 2294 ct
1321 2228 1366 2291 ita
1387 2228 1467 2304 dici,
1496 2236 1533 2293 ut
1552 2228 1785 2314 probarentur,

443 2346 485 2392 an
507 2326 569 2392 alia
597 2321 754 2411 quaedam
784 2329 869 2385 earet
889 2319 1030 2395 erudita,
1058 2320 1122 2384 alia
1143 2322 1309 2404 popularia
1331 2323 1449 2399 oratio,
1478 2343 1583 2409 eoque
1603 2323 1663 2388 bor
1686 2322 1784 2389 locoa

444 2419 557 2503 aoripri
579 2416 748 2490 libentior,
777 2413 863 2501 quod
885 2413 964 2478 mibi
986 2416 1048 2479 iata
1069 2415 1245 2499 παράδοξα
1272 2437 1356 2502 quac
1384 2418 1547 2503 appellant
1567 2416 1710 2482 maxime
1731 2416 1785 2481 ri-

444 2511 561 2578 dentur
588 2532 659 2578 eaco
681 2509 839 2574 Socratica
862 2509 1023 2593 longeque
1045 2510 1221 2575 veriaainra.
1270 2510 1303 2575 5.
1334 2512 1480 2597 Accipies
1490 2512 1599 2599 igitur
1618 2510 1683 2576 boc
1706 2531 1784 2596 par·

443 2629 518 2673 rum
541 2605 746 2693 opuaoulum,
768 2603 966 2668 lucubratum
987 2602 1039 2669 bia
1060 2601 1124 2667 iam
1147 2605 1411 2670 contractioribus
1432 2605 1598 2683 noctibus,
1619 2605 1783 2690 qnoniam

405 2700 524 2766 uiuat
547 2702 701 2766 maiorum
722 2697 900 2781 vigiliarum
923 2717 1038 2762 munuc
1061 2698 1094 2760 in
1117 2705 1174 2762 tuo
1196 2699 1326 2763 nomine
1347 2699 1512 2783 apparuit,
1534 2706 1568 2763 ct
1589 2698 1784 2783 depuatabia

443 2814 545 2878 genua
567 2793 827 2860 exercitationum
850 2811 976 2867 carum,
998 2791 1116 2874 quibua
1136 2792 1183 2856 uti
1205 2794 1367 2868 consuevi,
1389 2812 1462 2857 curn
1483 2811 1532 2868 aa,
1554 2810 1638 2878 quae
1660 2793 1784 2858 dicuu-

442 2896 495 2953 tur
525 2888 560 2952 in
588 2887 706 2952 acbolia
734 2887 884 2960 θετικῶς,
916 2885 957 2950 ed
989 2893 1133 2949 noatrurn
1164 2886 1228 2950 hoo
1254 2886 1427 2951 oratorium
1457 2887 1613 2951 transiero
1643 2885 1783 2953 dicendi

443 3001 554 3066 geum.
605 2981 674 3046 lloc
702 2986 810 3045 umen
840 2999 922 3062 opua
948 2982 983 3043 in
1011 2987 1177 3062 acceptum
1203 2988 1241 3045 ut
1268 2978 1387 3045 relerac
1416 2980 1496 3045 nibil
1524 2979 1674 3066 portulo;
1709 3000 1782 3046 uon

443 3077 528 3141 enirn
550 3083 598 3142 eat
618 3074 701 3152 tale,
729 3080 766 3138 ut
789 3074 825 3138 in
845 3092 918 3138 arce
939 3075 1016 3157 poni
1038 3072 1158 3156 poerit,
1186 3074 1278 3157 quari
1298 3075 1441 3138 llinerra
1461 3072 1516 3140 illa
1536 3071 1690 3149 Phidiae,
1718 3073 1781 3140 aad

404 3177 564 3249 vunan,
585 3177 622 3238 ut
642 3188 684 3234 ex
705 3167 817 3234 eadem
838 3164 967 3232 officina
988 3167 1095 3230 exiere
1116 3173 1278 3250 appareat

887 3628 954 3695 Pa
970 3627 1085 3694 MD
1102 3629 1217 3695 0Χο
1232 3631 1265 3694 Ν
1301 3632 1328 3694 1.

561 3806 639 3874 “On
658 3807 761 3892 μόνον
782 3807 820 3873 ro'
841 3805 945 3874 mide
966 3805 1108 3889 ἀγαθόν.

524 3950 550 4014 Ι.
582 3948 613 4013 d.
640 3948 761 4015 Vereor
782 3969 823 4015 no
845 3949 895 4013 cui
916 3954 1057 4013 vacuom
1087 3967 1129 4013 ox
1157 3947 1334 4013 otiosorum
1359 3948 1525 4014 bominum
1547 3949 1783 4035 dirputatioui·

439 4041 521 4119 bur,
548 4063 613 4108 non
642 4062 683 4108 ex
712 4063 785 4108 rueo
814 4063 910 4108 aenou
939 4043 1104 4127 depromta
1132 4042 1211 4107 baec
1238 4042 1384 4107 rideatur
1412 4044 1531 4119 oratio,
1559 4041 1663 4111 dicam
1686 4048 1782 4133 quod

400 4138 545 4207 nuntio
566 4145 675 4202 tamen
695 4146 728 4202 et
750 4137 854 4202 dicam
874 4139 1001 4203 brevius
1023 4158 1120 4223 quam
1142 4146 1302 4203 ructante
1325 4135 1411 4224 [dici]
1435 4146 1555 4224 poacet
1590 4142 1782 4227 Numquam

506 4429 530 4478 t.
548 4426 615 4490 poco
631 4427 650 4477 B
669 4427 695 4476 ln
712 4439 804 4477 rasura
821 4425 905 4477 babet
927 4454 961 4465 -
986 4427 1010 4479 t.
1029 4428 1120 4493 topror
1137 4426 1210 4478 t2n:
1237 4429 1307 4479 locor
1322 4428 1363 4491 ι’,
1389 4431 1517 4491 mumu-
1535 4432 1567 4492 v,
1585 4431 1635 4481 aed
1653 4432 1720 4486 ead.
1741 4447 1781 4487 an.

438 4502 619 4570 conliniet
633 4501 723 4564 topace
749 4528 777 4539 -
804 4502 834 4552 dc
850 4507 916 4552 cont.
934 4503 964 4553 de
979 4503 1067 4568 morte]
1084 4503 1115 4553 dc
1130 4505 1309 4554 commando
1326 4510 1405 4555 mute
1426 4505 1534 4557 Walter
1554 4509 1582 4557 et
1602 4506 1725 4572 Bentley
1751 4536 1781 4549 -

438 4579 465 4629 c.
483 4576 598 4628 dileco
616 4601 644 4612 -
669 4576 694 4627 o.
712 4590 758 4641 epo
775 4576 819 4627 ttbt
836 4577 870 4627 C:
888 4577 944 4643 Epo
960 4591 1022 4629 earo
1039 4578 1059 4627 0
1079 4604 1107 4615 -
1133 4579 1158 4628 9.
1177 4579 1253 4629 ctiam
1269 4581 1289 4629 Α
1308 4592 1368 4644 eup.
1387 4579 1443 4640 lin..
1461 4581 1511 4633 eed
1527 4583 1613 4647 prima
1632 4595 1732 4646 uranu.
1752 4589 1784 4637 ut

438 4651 554 4703 videtur.
575 4675 602 4688 -·
621 4654 757 4702 tartareo
777 4679 804 4689 -
823 4651 864 4702 to.
882 4653 909 4702 id
924 4659 960 4703 eat
976 4654 1002 4703 ta
1017 4652 1112 4717 [ονιιιιι]
1130 4653 1197 4704 baec
1214 4653 1309 4715 verba,
1327 4668 1397 4718 quae
1414 4659 1540 4721 suspecta
1557 4659 1635 4706 emat
1651 4657 1783 4711 Bentleto

438 4725 550 4792 alliaque
566 4726 664 4777 criticia
686 4729 714 4776 et
731 4727 827 4778 absunt
842 4740 858 4777 a
875 4726 955 4778 codd.
975 4725 1122 4789 nonnullis,
1144 4731 1165 4778 Α
1182 4730 1208 4779 in
1226 4741 1318 4780 recuro
1336 4741 1372 4779 m.
1391 4730 1415 4779 t.
1434 4733 1533 4795 ecrtpto
1550 4729 1643 4782 babet
1672 4757 1705 4770 -
1736 4736 1781 4788 tt.

436 4801 719 4854 mtocuczomc
747 4828 774 4841 -
803 4802 1027 4863 rapacum
1054 4828 1081 4838 -
1110 4803 1493 4868 td.pcuorC:penuaboc0
1514 4831 1538 4842 -
1562 4807 1783 4869 cumv‚aad

437 4890 507 4928 corr.
526 4877 554 4927 tu
569 4889 685 4926 mmm
708 4902 735 4914 -
760 4877 800 4928 tl.
819 4878 893 4928 accde
909 4874 942 4926 V’
959 4902 986 4913 -
1011 4876 1175 4930 oarlltscc
1191 4879 1224 4930 v:
1245 4879 1411 4932 acrama
1426 4879 1600 4944 (omme
1614 4884 1646 4944 Α)
1661 4885 1783 4946 poetae·

435 4951 565 5016 (poam
575 4963 646 5002 corr.
657 4953 687 5013 Α)
704 4952 765 5009 ΑΜ
783 4951 822 5002 oct
838 4949 970 5004 earm
987 4950 1028 5014 v‘,
1046 4952 1152 5003 adiecto
1170 4966 1251 5005 manu
1269 4956 1416 5019 posteriore
1433 4956 1651 5019 tepescentem
1669 4956 1782 5012 caree

436 5025 1010 5091 o—tt.meprur1oetapartmv¹-
1034 5030 1286 5080 mcctmimbo
1310 5055 1337 5067 -
1363 5031 1634 5082 ⁴9.totet2:oru.0
1660 5058 1689 5070 -
1716 5047 1783 5088 crea

436 5101 497 5162 BV,
515 5114 576 5167 aup.
595 5100 640 5152 lln.
659 5104 788 5165 uterqrw:
812 5115 876 5152 orco
895 5099 934 5160 ν’,
958 5108 1015 5153 orte
1030 5102 1070 5162 13¹,
1088 5109 1117 5155 at
1131 5106 1160 5154 ta
1176 5117 1237 5154 erce
1253 5109 1273 5155 Α
1290 5106 1316 5156 ln
1334 5119 1387 5157 ree.
1406 5105 1490 5157 babet
1506 5132 1534 5143 -
1552 5105 1599 5156 tito
1613 5106 1743 5159 linem
1759 5111 1782 5162 0

438 5177 630 5228 -ctdornli
649 5201 677 5212 -
697 5177 738 5226 2⁰.
757 5176 1186 5240 offimwtocoppcrcotbv¹t
1206 5180 1783 5244 omucaectmopporeot.trtocm

433 5252 521 5316 mo
536 5253 618 5302 mara
632 5256 759 5314 appareat
782 5255 817 5309 ar
844 5252 870 5302 io
888 5251 911 5299 V
928 5251 1024 5303 deletio
1041 5253 1131 5305 verbio
1151 5256 1233 5305 cotue
1249 5268 1307 5317 opp.
1327 5256 1401 5319 (poet
1416 5255 1530 5320 amuco)
1553 5256 1579 5305 ln
1601 5268 1692 5320 meru.
1713 5260 1781 5312 ead.

436 5337 473 5377 m.
491 5325 657 5390 adacnptun
674 5327 728 5377 cat:
748 5326 774 5375 tn
790 5326 838 5375 boc
854 5327 940 5377 ιιιὼιιι
954 5329 1040 5391 fipero
1057 5330 1138 5379 entare
1154 5336 1279 5391 appareat
1304 5356 1329 5366 -
1354 5331 1396 5379 at.
1413 5332 1562 5382 Puaooror
1578 5332 1599 5381 1.
1618 5344 1676 5382 orn.
1696 5334 1727 5386 iu
1747 5337 1781 5400 c,

433 5400 500 5451 ltcm
516 5399 612 5464 reliqui
629 5398 696 5451 tttolt
713 5413 807 5452 omnca
835 5427 862 5437 -
890 5402 930 5451 tt.
944 5395 1008 5453 “Orc
1024 5400 1118 5468 μόνον
1135 5398 1168 5454 τὸ
1186 5400 1276 5454 καλὸν
1292 5397 1407 5472 ἀγαθόν
1428 5407 1448 5457 C
1475 5405 1536 5468 laed
1558 5406 1609 5456 ΑΒ
1633 5406 1782 5477 adscripto

434 5476 502 5539 pared
521 5475 649 5525 mutua
668 5476 702 5525 tit
720 5476 748 5526 id
768 5476 848 5526 ωιιηι
865 5475 956 5526 bonam
973 5477 1081 5543 [baum
1097 5479 1128 5544 Α]
1145 5484 1225 5540 catal:
1250 5473 1314 5531 Ὅτι
1330 5476 1423 5545 μόνον
1440 5474 1554 5547 ἀγαθὸν
1570 5476 1605 5529 τὸ
1621 5480 1723 5534 καλὸν
1748 5488 1781 5548 0,

434 5549 507 5617 apud
524 5561 607 5615 quarn
623 5551 712 5601 venato
724 5551 815 5601 Latina
832 5550 935 5602 adlecta
953 5551 994 5602 illa
1013 5553 1133 5616 quidam.
1151 5554 1200 5605 sed
1218 5553 1343 5606 cancellis
1361 5557 1562 5621 circumscripta
1576 5558 1633 5614 eat;
1654 5559 1782 5614 candem

433 5624 518 5677 babet
534 5625 556 5673 V
572 5626 599 5676 tn
617 5637 700 5689 marg.
732 5651 756 5661 -
786 5626 828 5676 tt.
850 5639 885 5676 co
906 5629 1041 5677 uticam
1066 5627 1201 5679 ltarlrland
1227 5628 1275 5691 (od
1292 5631 1355 5679 Stat.
1375 5630 1447 5693 sylv.
1466 5644 1493 5695 p.
1503 5630 1582 5692 alil:
1611 5635 1784 5689 ωοιιωηιι

433 5700 544 5762 Alitvt,
568 5712 603 5750 tor
618 5702 753 5751 atticum
769 5698 807 5759 8¹,
832 5714 866 5751 co>
881 5701 1024 5753 Stoicum
1040 5701 1102 5754 ΨΟ
1128 5729 1155 5739 -
1182 5701 1223 5754 tl.
1242 5705 1390 5768 deprompto
1411 5706 1501 5757 BV¹0
1527 5731 1555 5742 -
1582 5705 1672 5759 dim
1688 5715 1783 5764 toraca

434 5776 502 5842 puod
516 5776 631 5827 mtloo
660 5799 688 5811 —
714 5776 756 5826 25.
775 5776 824 5826 dict
841 5774 1012 5835 inclusionem
1036 5790 1099 5829 nem
1116 5780 1144 5829 et
1160 5778 1305 5830 infinitivus
1322 5784 1383 5844 poet
1396 5794 1498 5844 poscere
1513 5780 1658 5833 ollenaiont
1675 5789 1723 5837 eat
1741 5790 1781 5852 (v.

433 5854 524 5903 tamen
541 5848 736 5904 Weiaaenboru
752 5852 778 5902 io
795 5850 871 5903 labo.
887 5854 956 5904 Anu.
975 5852 1050 5917 tcta,
1062 5852 1087 5915 l.
1106 5851 1204 5920 pttdl
1222 5867 1310 5918 neque
1328 5860 1500 5922 exspectem
1514 5869 1556 5907 rec
1571 5861 1649 5911 tecto
1664 5861 1780 5929 ΜΝ,

434 5925 674 5979 ιοᾱιιοηιωια.
701 5952 729 5963 -
753 5928 963 5995 ροιωιωιὶριιε
987 5929 1260 5993 ροιειιωοκιιο.
