4342 7459
936 1254 1194 1320 FRAGMENTA.
1665 1252 1728 1320 963

406 1412 556 1472 wasta
580 1417 679 1472 ciritae
703 1416 845 1483 (oedem
871 1416 957 1484 possit
983 1414 1216 1469 commemorari?
1257 1411 1343 1469 Natta
1367 1416 1498 1484 profesto.
1537 1410 1585 1474 45.
1606 1410 1637 1471 b.
1668 1413 1728 1483 Qso

407 1512 493 1580 iqitssr
511 1526 558 1565 ore
576 1512 607 1565 in
625 1511 722 1582 populi
741 1509 859 1564 liossani
879 1516 1048 1579 emspeetm
1066 1525 1095 1563 se
1113 1510 1280 1564 committere
1298 1510 1380 1563 audet
1399 1506 1504 1565 Sardus
1525 1501 1610 1588 testis]
1632 1508 1728 1587 copiis

407 1599 508 1680 inops,
535 1600 764 1677 gente¹iallari
802 1599 1032 1673 (Arusianus
1051 1617 1082 1679 p.
1106 1602 1171 1662 236.
1193 1598 1297 1675 lind.)
1339 1596 1497 1683 [llepstssrn
1516 1606 1599 1659 etiarn
1620 1621 1668 1660 ros
1687 1604 1727 1661 tt.

408 1695 544 1753 &aaran
562 1715 581 1754 a
599 1699 742 1755 consulate
767 1699 879 1754 venistis
898 1704 924 1753 st
943 1697 1069 1768 beneflcio
1088 1699 1184 1768 popalt
1210 1698 1329 1754 Romani
1347 1714 1408 1754 earn
1433 1700 1546 1769 privare
1571 1701 1730 1757 conamini?

407 1808 464 1862 qua
482 1785 677 1870 sumunt]
1740 1814 1755 1859 5

482 1884 529 1945 45.
551 1901 578 1944 o.
608 1881 727 1968 [Timere
750 1904 798 1942 cos
817 1888 891 1941 dicit
914 1894 1067 1950 aecusator,
1089 1902 1123 1941 ne
1143 1884 1264 1941 &osnes
1282 1903 1316 1941 ea
1335 1889 1464 1957 meanis.
1490 1903 1574 1959 qoam
1595 1887 1630 1942 ab
1649 1890 1732 1942 soeiis

408 1980 572 2044 abstulisset,
594 1989 692 2037 meret
710 1981 892 2043 consalutent,
913 1988 948 2043 et,
970 1982 1039 2036 siest
1057 1986 1136 2050 pater
1155 1982 1212 2034 aas
1232 1982 1345 2049 (erisset,
1368 1987 1440 2044 ante,
1461 1997 1545 2052 psam
1565 1983 1640 2036 deso
1659 1983 1733 2036 iterii·

407 2077 469 2131 sori
486 2082 588 2145 posset,
615 2078 810 2147 naaistratons
834 2077 918 2130 iniret
937 2092 971 2130 ae
988 2092 1085 2129 rarsas
1113 2081 1177 2130 ante
1199 2075 1272 2130 alias
1290 2077 1450 2146 prwineias
1475 2075 1623 2146 spoliaret.
1650 2092 1734 2145 qsaos

407 2171 545 2225 rationess
562 2172 667 2240 prioris
685 2171 936 2225 administrationis
954 2171 1095 2224 redderet:
1117 2176 1198 2239 atqae
1214 2170 1285 2223 banc
1300 2172 1391 2239 ipsam
1408 2168 1534 2224 Triariae
1552 2172 1735 2225 manationis

408 2271 466 2318 tans
485 2264 601 2326 turbide,
624 2271 682 2319 taos
696 2266 863 2333 (estinanter
883 2280 901 2317 a
918 2280 947 2318 se
965 2270 1104 2333 susceptae
1122 2279 1235 2318 caesam
1260 2255 1404 2341 reddidit]
1446 2260 1493 2320 46.
1515 2259 1545 2321 d.
1579 2256 1667 2343 [osta
1685 2266 1773 2326 boreo

407 2365 447 2414 est
464 2361 604 2428 poronttt
628 2360 696 2429 qaid
715 2359 765 2413 tce
783 2358 908 2429 prodisti
932 2349 1007 2435 esti]
1056 2356 1155 2427 Quem
1183 2371 1318 2432 purpura
1346 2352 1459 2431 regalis
1478 2371 1539 2414 non
1560 2356 1734 2430 commovit,

409 2465 480 2508 enm
497 2447 666 2510 Sardorum
680 2456 855 2509 mastrucca
868 2448 1021 2509 mutavit?
1041 2445 1183 2521 (isidori
1196 2450 1317 2521 litpmot.
1331 2450 1376 2522 19,
1387 2448 1485 2524 23,5.)
1524 2449 1570 2509 45.
1587 2465 1614 2506 e.
1639 2444 1736 2530 [Nemo

408 2547 481 2600 eninr
500 2548 569 2601 adeo
590 2548 685 2615 bospes
704 2548 734 2600 in
754 2547 807 2601 bae
825 2547 893 2602 arbe
910 2553 1046 2618 uersatur,
1068 2552 1099 2599 ot
1116 2547 1323 2617 perecrinentsr
1346 2548 1404 2601 sias
1430 2562 1510 2600 aures
1533 2548 1667 2616 usquein
1687 2548 1738 2602 boe

407 2646 559 2711 persuasio
578 2641 700 2696 &mata
720 2657 842 2695 sernrone
860 2648 1010 2708 versentur,
1031 2638 1070 2695 tt.
1091 2638 1226 2695 &aarum
1250 2641 1349 2695 oitrieo
1368 2656 1417 2694 seo
1437 2638 1469 2695 L.
1493 2638 1574 2695 Salia
1592 2643 1694 2697 viatore
1712 2649 1737 2697 et

409 2735 539 2804 sennitlco
559 2736 590 2789 in
608 2737 696 2792 sorios
714 2738 848 2791 victoriae
865 2738 907 2791 ita
926 2736 1105 2792 abstinentem
1123 2738 1223 2804 (aisse,
1245 2743 1275 2790 st
1292 2736 1366 2789 nibil
1389 2751 1475 2806 neque
1498 2736 1600 2790 donari
1616 2737 1672 2792 sibi
1690 2753 1733 2792 oo·
1747 2750 1775 2797 ts

410 2828 494 2883 leserit
513 2845 597 2900 neque
616 2830 652 2885 ab
672 2831 754 2885 basta
771 2832 876 2885 emerit.
919 2829 979 2885 Hor
998 2829 1065 2885 aliis
1083 2830 1213 2885 mirabile
1231 2830 1353 2884 ridetur:
1373 2830 1421 2884 ille
1433 2830 1541 2900 qaidens
1555 2830 1636 2884 aliter
1648 2832 1739 2899 (arere

409 2938 465 2977 non
483 2928 581 2994 potuit.
629 2922 793 2980 Atensinerat
820 2926 938 2979 enimse
960 2926 1017 2979 eires
1045 2940 1100 2978 esse
1118 2923 1226 2993 filiunt,
1254 2924 1304 2994 qai
1321 2926 1461 2978 senatoria
1484 2925 1634 2987 sententia,
1662 2927 1739 2980 raiae

410 3023 472 3071 erat
490 3017 538 3072 ille
555 3019 692 3088 princeps,
715 3034 749 3074 ae
766 3026 835 3073 nata
852 3034 938 3089 prope
957 3026 1095 3073 terraram
1108 3017 1200 3072 orbern
1212 3009 1349 3095 resistet]
1391 3014 1437 3075 45.
1459 3013 1478 3072 i.
1504 3010 1609 3096 [Ossam
1622 3019 1736 3081 obrem,

411 3109 497 3167 Sardi
516 3112 633 3175 oenabs,
657 3114 762 3183 impero
781 3113 868 3176 cobis,
890 3104 931 3190 at]
961 3107 1020 3168 boc
1039 3109 1163 3169 nomine
1182 3107 1298 3184 audito,
1320 3106 1404 3186 quod
1423 3125 1482 3187 per
1500 3125 1609 3169 omnes
1629 3118 1739 3188 gentes

410 3212 613 3283 pervagatum
635 3213 683 3264 est
703 3203 937 3275 (Arusianus
956 3221 990 3282 p.
1003 3202 1069 3264 256.
1091 3202 1206 3278 lind),
1229 3201 1269 3262 do
1287 3200 1399 3263 iamilia
1420 3200 1514 3262 nobili
1533 3202 1592 3281 ipsi
1614 3218 1778 3282 quoquest

411 3314 481 3357 oum
509 3296 594 3357 orbis
621 3304 772 3360 terrarum
800 3298 980 3359 auctoritate
1011 3297 1162 3359 sentiatis.
1220 3297 1463 3372 (Ammianus
1489 3296 1739 3359 Marcellinus

411 3391 506 3468 xxti,
528 3410 595 3471 cap.
620 3394 683 3458 15.)

486 3485 533 3545 45.
556 3503 599 3562 g:
619 3482 710 3568 [iisne
728 3487 768 3546 il.
792 3485 913 3545 &aeres
942 3488 1070 3559 squalore
1094 3489 1238 3551 sordidas,
1266 3488 1391 3543 lacrimis
1411 3503 1444 3543 ae
1462 3503 1588 3543 menore
1605 3490 1737 3559 perditas,

411 3587 498 3636 ossus
525 3588 564 3637 est
592 3583 723 3653 suppleo,
753 3583 872 3650 iudices,
901 3589 1019 3637 vestram
1045 3584 1127 3653 (ideas
1156 3582 1315 3651 obtestatur,
1346 3582 1567 3636 misericordiam
1596 3584 1737 3653 implorat.

412 3683 531 3732 nestram
549 3684 709 3747 potestatem
727 3695 762 3734 ae
779 3684 883 3733 vestras
903 3692 966 3749 opes
984 3680 1115 3734 intaetrsr.
1156 3675 1256 3740 Nolite,
1278 3693 1327 3747 per
1340 3678 1403 3731 deos
1417 3676 1604 3732 iinosortaiesl
1624 3678 1737 3740 indices,
1749 3700 1779 3748 tb

413 3773 577 3841 permittere,
598 3778 628 3825 st
647 3772 683 3827 ab
702 3774 804 3843 ianatis
829 3771 956 3835 testibus,
984 3771 1020 3826 ab
1040 3771 1197 3827 bominibus
1222 3771 1352 3826 barbaris
1376 3771 1445 3826 ciris
1471 3786 1505 3825 aa
1522 3771 1638 3841 suppleo
1655 3779 1741 3826 cester

412 3880 469 3919 non
488 3865 576 3920 solsrn
595 3867 755 3931 amuleta,
777 3883 832 3938 qao
851 3883 879 3921 se
898 3867 1076 3923 honestiorem
1101 3869 1161 3935 (ore
1178 3869 1304 3938 pataoit,
1331 3882 1425 3921 omns
1451 3868 1534 3921 etiarn
1559 3869 1653 3922 ceteris
1679 3875 1762 3922 anor

411 3961 502 4030 partis
522 3961 711 4015 honestatibus
731 3966 812 4030 atqse
830 3962 906 4014 ononi
925 3962 1060 4031 dipsitate
1078 3962 1244 4031 (ortsnaqrse
1261 3962 1396 4031 privetur.
1436 3959 1522 4032 Atque
1538 3964 1580 4016 ita
1593 3977 1641 4016 vos
1655 3959 1741 4017 Scas-

412 4070 471 4117 rss,
492 4054 605 4118 iudices,
629 4060 692 4108 orat
711 4060 793 4123 atqse
812 4053 944 4121 obsecrat,
965 4054 990 4107 si
1008 4034 1109 4108 iniuste
1126 4056 1260 4109 remissos
1279 4054 1368 4117 laesit,
1391 4055 1416 4108 si
1434 4055 1538 4109 nattias
1550 4072 1631 4110 aeres
1644 4056 1741 4110 colan-

414 4154 550 4220 tatessqrse
573 4148 704 4210 violavit,
732 4150 758 4201 si
775 4149 879 4202 nemini
898 4148 939 4217 (at
959 4147 1094 4203 lenissime
1119 4149 1222 4218 duest)
1243 4149 1307 4204 odio
1332 4149 1397 4216 (sit.
1447 4145 1535 4203 Semel
1561 4155 1666 4204 tantem
1690 4151 1779 4216 basso

410 4251 504 4315 partes
521 4244 610 4315 pietas
630 4232 828 4319 disspositis]

487 4334 535 4395 45.
558 4334 587 4395 b.
617 4334 694 4395 Nam
714 4350 784 4393 cum
805 4349 844 4391 ex
863 4329 967 4391 multis
988 4346 1069 4391 unns
1090 4330 1119 4390 ei
1139 4337 1273 4391 restaret
1289 4327 1450 4392 Dolabella
1469 4339 1618 4410 paternus
1637 4332 1740 4393 inimi-

412 4445 480 4504 cus,
502 4429 555 4508 qui
575 4445 646 4488 cum
666 4428 702 4499 Q.
726 4426 882 4504 Caepione
907 4424 1082 4504 propinquo
1111 4443 1167 4486 suo
1192 4432 1298 4485 eontra
1326 4425 1476 4486 Scaurum
1503 4433 1623 4504 patrem
1650 4444 1739 4487 suum

413 4522 634 4602 obsignaverat
647 4521 776 4592 litteras,
792 4538 846 4581 eas
865 4518 924 4580 sibi
945 4519 1118 4581 inimicitias
1137 4537 1199 4580 nou
1220 4527 1396 4598 susceptas,
1417 4517 1475 4579 sed
1494 4517 1619 4580 relictas
1640 4516 1740 4602 [pieta-

414 4621 450 4675 tis
469 4637 555 4677 eausa
574 4621 707 4691 paradas
725 4634 782 4674 esse
800 4617 1001 4680 arbitrabatur,
1024 4618 1178 4673 nudatos
1198 4615 1236 4674 tt.
1257 4624 1284 4672 st
1302 4616 1333 4672 L.
1357 4614 1493 4679 bacellos,
1520 4615 1579 4688 qai,
1599 4622 1666 4689 pori
1683 4622 1779 4691 pie-ra

413 4722 469 4771 tate
487 4722 512 4771 et
532 4716 672 4770 industria
689 4714 822 4786 praediti,
844 4712 993 4767 &modone
1019 4711 1198 4768 maturantes
1218 4717 1358 4782 paternas
1377 4713 1539 4769 inimicitias
1558 4729 1661 4785 ssaqna
1679 4734 1741 4773 esne

413 4810 506 4882 ptoria
524 4809 636 4876 (seram
654 4797 812 4884 persecuti(
853 4802 1090 4877 (Asconius.)
1697 4801 1700 4809 '

489 4901 536 4963 45.
558 4900 579 4959 i.
611 4895 739 4982 [Quanta
757 4916 821 4957 oero
842 4900 949 4955 Triarii
965 4885 1026 4969 (trit
1038 4900 1174 4971 iniqrdtas
1192 4899 1378 4964 criminantis,
1400 4901 1474 4969 qaod
1493 4907 1549 4955 tans
1564 4906 1740 4976 mapnifleaos

415 4999 526 5053 mmsis
546 4996 667 5054 Seaom
686 4995 813 5051 baberet!
851 4991 1011 5065 Oprisesrn
1031 5009 1168 5049 censorem
1187 5008 1220 5049 ae
1238 5008 1369 5056 seoersss.
1389 5009 1439 5064 per
1457 5010 1536 5065 qoem
1553 5012 1587 5051 ne
1605 4998 1740 5055 honorato

415 5092 524 5163 mon
544 5091 651 5145 bonini
670 5098 694 5145 st
712 5090 835 5161 principi
860 5088 941 5144 liceat
959 5087 1059 5143 babere
1078 5088 1249 5143 connodata
1267 5094 1294 5143 st
1310 5087 1419 5158 plenam
1440 5089 1584 5159 dianitatis
1602 5086 1736 5172 domam]
1748 5100 1778 5153 ta

414 5182 597 5261 praesertim
618 5199 688 5242 cum
714 5180 930 5260 propinquitas
960 5187 992 5240 et
1010 5177 1177 5241 celebritas
1195 5177 1254 5239 loci
1274 5178 1484 5258 suspicionem
1504 5178 1643 5242 desidiae
1655 5182 1741 5244 tollat

416 5283 470 5336 aut
490 5273 677 5355 cupiditatis.
719 5272 957 5351 (Asconius.)

490 5372 537 5432 45.
558 5370 589 5431 k.
621 5365 726 5451 [Ortona
751 5388 816 5429 aero
840 5373 988 5428 insolenter
1006 5377 1055 5426 tna
1072 5386 1102 5425 se
1119 5370 1258 5438 iactabat,
1283 5369 1391 5435 Triari,
1421 5373 1526 5441 oratio,
1552 5389 1614 5427 earn
1639 5376 1740 5432 diceres

415 5467 540 5524 Lucullei
568 5469 717 5523 nrarnoris
745 5468 951 5528 eolsnnarssns,
982 5480 1051 5535 qaas
1069 5466 1100 5518 ia
1119 5468 1194 5519 atrio
1221 5462 1323 5521 Sesari
1351 5465 1497 5521 eoltoeatas
1525 5467 1661 5533 ridemus,
1691 5487 1741 5541 per

415 5563 510 5618 srbens
527 5568 638 5633 praeter
654 5562 751 5633 petitia
770 5564 884 5617 &omns
901 5560 1017 5631 (astiaia
1036 5561 1067 5614 in
1083 5560 1226 5630 privatans
1244 5560 1355 5615 eiornssn
1379 5568 1469 5617 oeetas
1487 5577 1542 5616 esse
1564 5569 1656 5619 tantm
1675 5572 1778 5624 sno-ts

418 5657 465 5727 les,
485 5664 516 5713 st
534 5658 667 5713 satisdori
690 5656 744 5711 sibi
769 5656 866 5711 danai
889 5634 984 5722 iissseti
1007 5655 1123 5723 eoeperit
1150 5654 1304 5724 redemptor
1332 5654 1502 5718 cloacarum,
1525 5672 1585 5710 ceos
1604 5658 1634 5711 iss
1654 5656 1739 5714 Pala·

484 5867 525 5919 ss.
547 5868 644 5918 suaa
659 5866 749 5917 soter:
766 5871 875 5917 sana
891 5864 970 5922 aaa.
990 5890 1019 5903 -
1042 5866 1143 5918 rtem
1157 5865 1247 5917 asar:
1265 5835 1361 5919 risam
1376 5866 1456 5918 aaa.
