4342 7459
446 1258 509 1326 lua
733 1264 787 1326 ΒΕ
808 1260 965 1327 FlNlBUS
987 1260 1184 1324 BONORUbl
1204 1259 1258 1322 ET
1279 1255 1480 1322 attondat

444 1434 554 1497 statuit
581 1454 646 1498 non
675 1432 799 1508 dolere,
830 1432 1001 1514 voluptatis
1031 1431 1159 1494 nominc
1188 1446 1338 1511 nmquam
1371 1425 1470 1490 utitur
1501 1442 1559 1507 pro
1592 1423 1648 1487 illa
1677 1422 1771 1486 indo·

444 1525 556 1600 lentia,
584 1528 704 1611 quippe
727 1529 779 1611 qui
803 1548 843 1590 ne
865 1528 897 1589 in
921 1525 1109 1608 expetendis
1131 1524 1260 1608 quidem
1281 1522 1376 1585 rebus
1398 1527 1544 1584 numeret
1563 1517 1770 1603 voluptatem.

445 1622 514 1685 Vll.
536 1618 588 1684 ΒΟ.
610 1624 697 1686 Duae
726 1629 801 1685 sunt
822 1623 906 1683 enim
928 1640 979 1683 res
1001 1639 1148 1704 quoque,
1169 1637 1210 1682 ne
1231 1625 1266 1679 tu
1288 1616 1384 1680 verba
1405 1614 1508 1678 solum
1529 1618 1640 1697 putes:
1668 1629 1770 1676 unum

445 1722 494 1778 est
523 1715 592 1778 sine
618 1716 728 1780 dolore
751 1735 834 1789 esse,
863 1714 996 1778 altarum
1020 1732 1092 1776 cum
1114 1712 1285 1796 voluptate.
1320 1713 1386 1774 Vos
1409 1731 1450 1773 ex
1471 1707 1521 1771 bis
1543 1715 1608 1772 tam
1630 1704 1771 1771 dissimi-

420 1809 526 1872 ⁶libus
548 1810 642 1872 rebus
665 1830 730 1872 non
751 1810 847 1872 modo
869 1827 985 1871 nomen
1007 1828 1121 1881 unum,
1142 1824 1215 1869 nam
1237 1805 1269 1867 id
1290 1805 1413 1868 facilius
1434 1810 1576 1887 paterer,
1599 1800 1770 1865 sedetiam

443 1923 509 1966 rem
535 1923 630 1966 unam
657 1923 697 1967 cx
722 1900 845 1965 duabus
870 1902 973 1964 facero
1003 1900 1175 1974 conamini,
1210 1897 1295 1987 quod
1320 1899 1389 1962 tieri
1415 1897 1503 1961 nullo
1530 1896 1625 1960 modo
1652 1900 1769 1977 potest

443 1996 519 2071 Hic,
548 1997 604 2080 qui
625 2005 795 2080 utrumque
824 1997 952 2080 probat,
981 1995 1136 2059 ambobus
1158 1993 1267 2057 debuit
1287 1994 1351 2068 uti,
1381 1993 1463 2055 sicut
1483 1990 1560 2055 facit
1581 2009 1633 2065 rc,
1661 2007 1770 2072 neque

443 2098 550 2153 umen
578 2090 692 2154 dividit
720 2090 836 2154 verbis.
874 2091 952 2154 Cum
974 2091 1059 2152 enim
1081 2109 1150 2151 eam
1172 2088 1272 2170 ipsam
1296 2087 1505 2170 voluptatem,
1535 2104 1633 2169 quam
1654 2081 1771 2147 eodem

444 2184 570 2248 nomine
592 2203 702 2248 omnes
724 2184 936 2268 appellamus,
966 2184 1075 2247 laudat
1097 2184 1175 2245 locis
1197 2181 1357 2264 plurimis,
1388 2178 1485 2243 audet
1506 2178 1627 2252 dicere,
1652 2196 1695 2240 ne
1716 2197 1772 2240 su·

407 2278 559 2360 ⁴⁰spicari
588 2277 716 2361 quidem
748 2298 781 2342 se
812 2278 910 2341 ullum
940 2278 1058 2341 bouum
1089 2277 1266 2340 seiunctum
1295 2275 1336 2337 ab
1364 2272 1420 2336 illo
1449 2274 1630 2356 Aristippeo
1652 2292 1771 2356 genere

444 2371 632 2453 voluptatis,
661 2379 759 2455 atque
784 2371 829 2435 ibi
858 2370 919 2435 boc
947 2372 1038 2445 dicit,
1067 2370 1122 2433 ubi
1153 2370 1255 2432 omnis
1283 2370 1352 2433 eius
1380 2375 1428 2430 est
1453 2368 1554 2430 oratio
1577 2368 1616 2431 de
1643 2388 1770 2433 summu

443 2465 539 2528 bono.
582 2466 618 2527 ln
640 2463 702 2528 alio
723 2485 799 2530 nero
822 2465 917 2539 libro,
939 2466 973 2528 in
995 2486 1059 2548 quo
1081 2464 1220 2527 breviter
1237 2461 1472 2545 comprehensis
1488 2460 1682 2543 gravissimis
1697 2481 1771 2524 sen-

444 2557 552 2620 tentiis
574 2558 665 2641 quasi
688 2558 815 2621 oracula
837 2559 974 2622 edidisse
996 2558 1172 2641 sapientiae
1195 2558 1324 2629 dicitur,
1348 2556 1458 2619 scribit
1477 2555 1528 2618 his
1548 2554 1662 2628 verbis,
1685 2575 1770 2638 quae

444 2662 519 2715 nota
542 2652 598 2715 tibi
621 2650 778 2735 profecto,
805 2654 982 2735 Torquate,
1008 2649 1100 2715 sunt:
1129 2686 1169 2697 —
1193 2650 1265 2734 quis
1288 2651 1371 2713 enim
1394 2657 1535 2719 restrum,
1554 2669 1618 2712 non
1641 2650 1772 2715 edidicit

407 2744 570 2828 ⁴⁵Epiouri
592 2745 707 2829 κυρίας
729 2740 843 2825 δόξας,
865 2746 898 2809 id
921 2754 969 2809 est
990 2747 1081 2830 quasi
1106 2747 1240 2808 maxime
1262 2752 1362 2818 ratas,
1385 2744 1461 2827 quia
1482 2743 1685 2825 gravissimae
1706 2745 1771 2807 sint

443 2839 483 2902 ad
504 2837 598 2902 beate
614 2839 942 2904 vivendumbrcriter
956 2841 1136 2904 enuntiatae
1152 2840 1350 2902 sententiae?
1366 2871 1408 2883 -
1422 2835 1647 2899 Animadverte
1661 2837 1769 2919 igitur,

442 2940 569 2995 rectene
598 2931 680 2995 banc
708 2935 894 2997 sententiam
923 2934 1129 3016 interpreter:
1162 2928 1213 2995 dl.
1238 2932 1291 2994 «st
1315 2952 1365 3006 ea,
1394 2949 1477 3015 quae
1499 2936 1574 2993 sunt
1595 2930 1769 2995 luxuriosis

442 3023 611 3088 efficientia
634 3025 847 3109 voluptatum,
876 3027 1047 3090 liberarent
1069 3047 1124 3090 eos
1146 3029 1333 3090 deorum-et
1358 3027 1467 3088 mortis
1489 3031 1522 3086 et
1542 3023 1660 3088 doloris
1682 3033 1769 3090 metu

442 3117 673 3203 docerentque,
695 3122 750 3203 qni
772 3129 879 3184 essent
898 3121 978 3184 fines
1002 3121 1220 3206 cupiditatum,
1243 3120 1322 3184 nibil
1345 3119 1548 3191 haberemus,
1570 3118 1647 3198 quod
1668 3136 1771 3200 repre·

404 3213 646 3289 2⁰lscnderemnr,
677 3234 747 3277 cum
775 3214 917 3297 nudique
945 3214 1180 3298 complerentur
1208 3213 1424 3296 voluptatibus
1446 3232 1505 3275 neo
1527 3211 1681 3277 baberent
1702 3213 1769 3278 ullu

442 3328 483 3371 ex
504 3315 593 3390 parte
614 3307 736 3391 aliquid
758 3317 815 3371 aut
835 3309 946 3372 dolens
967 3316 1023 3370 aut
1036 3328 1182 3391 aegrum,
1204 3308 1236 3372 id
1257 3316 1430 3370 astantem
1447 3306 1596 3370 malum.»

510 3402 579 3465 Hoc
593 3402 664 3467 loco
679 3410 788 3465 tenere
803 3423 837 3465 se
848 3403 987 3465 Triarius
1002 3422 1066 3464 non
1078 3403 1189 3486 potuit.
1213 3402 1362 3476 Obsecro,
1376 3401 1491 3484 inquit,
1507 3402 1678 3483 Torquate,
1688 3398 1770 3466 baec

442 3495 520 3558 dicit
532 3495 713 3577 Epicurus?
736 3496 831 3571 Quod
846 3496 923 3559 mibi
938 3495 1065 3580 quidem
1082 3497 1167 3558 risus
1183 3503 1240 3569 est,
1263 3516 1334 3558 cum
1350 3495 1455 3568 sciret,
1471 3494 1553 3558 velle
1567 3505 1673 3556 nmen
1690 3513 1769 3558 con-

441 3586 582 3652 fitentem
604 3590 714 3653 audire
730 3591 936 3674 Torquatum.
968 3591 1010 3651 At
1029 3589 1082 3652 ille
1104 3609 1169 3652 non
1191 3589 1354 3671 pertimuit
1368 3608 1511 3670 saneque
1526 3584 1672 3662 tidenter,
1693 3587 1767 3653 Istis

404 3682 571 3764 sequidem
593 3683 670 3767 ipsis
693 3684 812 3757 verbis,
834 3683 953 3767 inquit,
976 3685 1031 3746 sed
1047 3683 1125 3764 quid
1140 3685 1270 3755 sentiat,
1292 3703 1357 3745 uon
1372 3682 1496 3744 ridetis.
1530 3682 1564 3745 Si
1583 3681 1646 3743 alia
1661 3682 1767 3757 sentit,

442 3776 584 3857 inquam,
616 3777 678 3839 alia
706 3778 865 3860 loquitur,
895 3796 1068 3859 numquam
1096 3776 1292 3859 intellegam,
1316 3776 1394 3859 quid
1424 3776 1555 3850 sentiat,
1589 3776 1645 3839 sed
1671 3776 1767 3860 plane

441 3867 518 3930 dicit
544 3871 629 3951 quod
657 3871 847 3953 intellegam.
883 3870 984 3953 ldque
1012 3871 1037 3933 si
1062 3871 1106 3933 ita
1128 3871 1220 3943 dicit,
1244 3890 1308 3932 non
1328 3890 1398 3932 esse
1413 3869 1651 3952 reprendendos
1672 3872 1767 3934 lurn-

440 3963 557 4036 riosos,
580 3964 607 4025 si
630 3966 789 4045 sapientes
811 3965 888 4038 sint,
911 3964 988 4027 dicit
1009 3962 1161 4037 absurde,
1184 3964 1328 4027 similiter
1350 3972 1381 4026 et
1403 3964 1430 4026 si
1454 3963 1539 4027 dicat
1555 3985 1618 4028 non
1635 3986 1767 4049 repren-

440 4055 562 4117 dendos
584 4058 772 4137 parricidas,
794 4058 821 4121 si
843 4079 903 4121 nec
924 4059 1032 4140 cupidi
1055 4060 1117 4122 sint
1138 4079 1197 4121 nec
1219 4058 1294 4119 deos
1317 4066 1456 4120 metuant
1478 4078 1537 4120 uec
1557 4068 1690 4122 mortem
1705 4080 1766 4123 nec

401 4148 593 4218 andolorem.
636 4152 677 4213 Et
703 4158 806 4214 tamen
834 4152 910 4235 quid
932 4153 1043 4215 attinet
1066 4151 1237 4214 luxuriosis
1260 4151 1355 4214 ullam
1379 4152 1597 4235 exceptionem
1620 4151 1687 4215 dari
1711 4163 1768 4216 ant

440 4239 556 4323 lingere
578 4243 721 4326 aliquos,
744 4247 815 4329 qui,
838 4266 908 4308 cum
931 4245 1095 4309 luxuriose
1117 4246 1274 4319 viverent,
1298 4265 1317 4307 a
1339 4264 1461 4307 summo
1484 4243 1676 4328 philosopho
1699 4266 1765 4309 non

438 4337 703 4417 reprenderentur
731 4359 770 4401 eo
799 4341 927 4402 nomine
950 4339 1133 4411 dumtaxat,
1163 4348 1267 4402 cetera
1294 4342 1463 4401 caverent?
1499 4336 1551 4402 Ἠ.
1575 4339 1636 4401 Sed
1658 4347 1766 4402 tamen

437 4449 543 4492 nonne
565 4424 787 4512 reprenderet}
808 4433 960 4516 Epicure,
984 4432 1165 4496 luxuriosos
1188 4434 1228 4495 ob
1252 4452 1321 4495 eam
1344 4433 1444 4515 ipsam
1460 4452 1595 4507 causam,
1618 4433 1705 4516 quod
1721 4433 1767 4497 ita

437 4523 593 4598 viverent,
620 4532 655 4587 ut
677 4536 943 4609 persequerentur
965 4528 1120 4611 cuiusque
1143 4528 1228 4601 modi
1251 4526 1444 4610 voluptates,
1472 4547 1543 4589 cum
1566 4534 1652 4591 esset
1674 4547 1767 4611 prae-

399 4618 559 4690 snsertim,
582 4626 616 4680 ut
638 4619 684 4681 ais
708 4627 755 4694 tu,
779 4641 900 4683 summa
920 4621 1065 4702 voluptas
1088 4622 1167 4684 uibil
1183 4621 1312 4685 doleret
1335 4622 1431 4703 Atqui
1447 4622 1640 4703 reperiemus
1656 4630 1765 4685 asotos

436 4712 572 4793 primum
594 4713 638 4775 ita
659 4733 722 4778 non
744 4714 926 4797 religiosos,
956 4723 992 4776 ut
1013 4715 1102 4778 edint
1123 4717 1162 4777 de
1185 4716 1316 4797 patella,
1339 4713 1454 4777 deinde
1476 4717 1520 4778 ita
1543 4725 1676 4780 mortem
1698 4735 1763 4779 non

437 4807 598 4881 timentes,
620 4807 754 4870 utillud
776 4810 809 4871 in
831 4829 885 4872 ore
907 4809 1046 4871 babeant
1066 4829 1107 4871 ex
1128 4810 1304 4892 Hymnide,

482 4902 572 4964 blibi
594 4922 661 4965 sex
683 4923 831 4966 menses
853 4903 945 4967 sati’
967 4910 1057 4967 sunt
1079 4904 1200 4977 ritae,
1232 4904 1434 4987 septimum
1457 4903 1555 4968 Orco
1577 4904 1762 4987 spondeo.

499 5147 522 5195 t.
541 5145 670 5209 nmquam]
688 5146 791 5208 inquom
808 5146 851 5204 A¹;
870 5159 1008 5207 nnmqrscrn
1024 5146 1043 5194 Β
1063 5172 1089 5181 -
1114 5146 1139 5194 t.
1158 5144 1230 5194 rebus
1247 5146 1345 5206 quidem
1361 5147 1381 5195 Β
1402 5173 1427 5182 -
1447 5146 1471 5195 3.
1491 5144 1595 5210 qnoque]
1615 5159 1725 5207 quornm
1742 5150 1762 5198 B

435 5245 461 5257 -
477 5222 501 5271 6.
520 5235 643 5270 conamur
659 5223 677 5271 Β
691 5248 718 5258 -
738 5222 806 5270 nullo
822 5223 894 5269 modo
909 5223 965 5284 sieri
982 5221 1000 5270 Β
1016 5248 1042 5257 -
1062 5222 1086 5270 7.
1106 5222 1168 5270 sicci
1180 5222 1259 5270 etlam
1279 5222 1336 5270 E·-
1357 5236 1385 5270 rc
1403 5223 1488 5271 omli
1508 5248 1534 5257 -
1555 5223 1579 5271 9.
1598 5223 1763 5289 appellamus]

430 5297 557 5357 appellunt
573 5300 594 5346 Α
613 5321 640 5331 -
661 5298 700 5345 ltl.
720 5296 865 5359 seiunctum]
882 5309 908 5344 se
924 5297 1018 5344 nictum
1035 5297 1054 5345 ll
1070 5322 1096 5331 -
1118 5296 1157 5344 lt.
1177 5296 1228 5344 cius
1244 5300 1279 5345 est
1295 5297 1377 5344 oratio
1390 5298 1425 5345 A:
1444 5298 1526 5345 oratio
1544 5297 1596 5346 eins
1612 5302 1647 5346 cst
1664 5297 1719 5347 Bri
1733 5324 1760 5334 -

432 5372 471 5422 t3.
489 5374 566 5421 edisse
582 5372 612 5421 a¹
632 5396 659 5407 -
683 5373 722 5421 lb.
741 5373 826 5431 cyrios
841 5373 922 5419 docos
938 5371 986 5420 ΑΒ
1007 5397 1033 5406 -
1055 5371 1135 5434 rotor]
1154 5377 1221 5420 intas
1238 5372 1256 5421 E
1276 5399 1303 5407 —
1324 5373 1362 5420 46.
1382 5373 1531 5421 enunciotcc
1547 5372 1596 5421 ΑΒ
1611 5398 1637 5407 -
1657 5374 1763 5422 animo-

429 5452 498 5495 serie
514 5451 545 5497 ΑΙ
565 5473 591 5482 -
617 5446 658 5496 ir.
676 5447 837 5508 efficiendam
854 5448 873 5496 Β
893 5470 919 5481 -
942 5447 1100 5507 uoluptatum
1117 5450 1153 5495 t:
1176 5447 1328 5508 uoluptatem
1345 5448 1403 5495 A²B
1420 5458 1452 5483 ²-
1477 5448 1516 5496 ra.
1535 5446 1680 5496 omnemne
1695 5449 1764 5507 qnod

429 5521 660 5581 nprebenderemos
681 5521 815 5571 Davisius:
838 5521 983 5569 haberemus
1009 5523 1072 5580 tom.
1093 5522 1158 5582 qnod
1179 5522 1422 5583 reprehenderemus)
1444 5521 1538 5581 codd.;
1564 5520 1681 5571 nomnen
1697 5524 1763 5583 qnod

429 5595 631 5656 reprehenderem
648 5596 677 5645 C.
696 5596 735 5645 ct.
754 5597 768 5659 5
785 5598 831 5646 23:
850 5596 1055 5655 criminatorem,
1075 5596 1141 5657 qnod
1157 5596 1371 5657 reprehenderem
1393 5609 1489 5658 graece
1507 5600 1560 5662 (ap.
1578 5596 1653 5660 Diog.
1674 5596 1761 5647 baert.

429 5669 464 5728 X,
484 5668 545 5727 lli,
563 5669 600 5727 95:
624 5664 678 5720 οὐκ
695 5663 733 5719 ἄν
750 5685 819 5721 ποτε
836 5669 961 5734 εἴχομεν,
980 5663 998 5719 ὅ
1015 5685 1041 5719 τι
1058 5670 1255 5735 pronuntientur
1272 5662 1380 5731 αὐτοῖς.
1402 5697 1427 5706 -
1447 5673 1488 5721 tl.
1508 5671 1534 5720 td
1550 5671 1592 5735 cst]
1610 5672 1675 5722 idem
1693 5672 1712 5722 E
1731 5698 1759 5708 -

428 5745 469 5794 23.
487 5744 550 5793 aelle
566 5747 596 5794 Α1
607 5746 638 5794 Β;
657 5744 718 5794 nelli
738 5743 769 5795 A*
782 5772 807 5783 -·
827 5746 868 5798 at.
884 5748 1004 5808 pertinuit
1020 5747 1039 5796 B
1053 5772 1080 5781 -
1100 5760 1147 5807 qne
1164 5759 1216 5796 om.
1232 5747 1297 5794 Β-
1315 5747 1355 5794 25.
1367 5746 1462 5811 videns]
1480 5747 1577 5797 cinca
1593 5773 1619 5783 -
1638 5748 1681 5798 si.
1695 5748 1761 5809 quod

428 5819 577 5882 intetleponr]
596 5821 661 5880 quod
677 5820 794 5884 intellecti
810 5825 828 5870 Α
842 5823 872 5871 B:
894 5820 926 5870 ct.
947 5823 970 5877 l.
989 5820 1004 5883 ἓ
1022 5823 1061 5870 45.
1084 5846 1110 5857 ·-
1129 5822 1158 5881 sil
1176 5835 1201 5871 se
1217 5820 1248 5870 Α*
1262 5848 1289 5857 -
1307 5823 1474 5881 rependendus
1490 5826 1534 5879 A¹;
1554 5823 1619 5873 item
1636 5835 1662 5872 r.
1675 5823 1717 5874 ΞΒ.
1730 5849 1756 5858 -

429 5892 571 5942 lacertosos
586 5893 616 5957 n]
633 5895 758 5946 iscarioti
774 5894 804 5945 Α1
818 5922 845 5933 -
864 5894 904 5946 st.
923 5895 958 5958 ut]
977 5898 1042 5956 qnod
1059 5897 1078 5945 B
1094 5923 1120 5933 -
1139 5898 1179 5946 35.
1192 5902 1220 5945 nt
1236 5910 1289 5945 cnr.
1303 5898 1322 5946 B
1337 5923 1364 5933 -
1383 5898 1452 5963 nitu]
1464 5898 1538 5947 michi
1555 5897 1574 5946 Β
1589 5922 1616 5933 -
1636 5896 1677 5948 36.
1691 5898 1760 5949 edim

430 5966 533 6031 iladvig
545 5967 643 6031 (Addit
656 5970 736 6019 edient
746 5964 790 6029 A¹i
802 5965 927 6028 ederim,
939 5970 1014 6020 edoni
1025 5972 1090 6030 rt0;
1103 5982 1157 6021 om.
1170 5971 1226 6021 Β-
1238 5978 1343 6021 mortem
1354 5972 1392 6021 ita
1403 5973 1457 6022 Β-
1471 5971 1512 6022 38.
1526 5972 1587 6022 mis
1597 5969 1676 6023 codd.
1689 5972 1756 6022 eiu.
