4342 7459
723 1236 791 1299 ιιι.
812 1237 865 1300 rv.
893 1236 965 1301 cn.
987 1238 1183 1301 xv-xvr.
1209 1237 1255 1322 §s
1276 1235 1423 1307 aa-ti.
1671 1236 1732 1306 ius

409 1405 498 1471 stitni
526 1404 625 1469 rirtns
654 1404 743 1469 nullo
769 1405 862 1469 modo
889 1412 1007 1488 potest,
1036 1405 1098 1470 nisi
1127 1426 1179 1481 ea,
1209 1426 1291 1490 qnae
1313 1415 1387 1471 suut
1407 1407 1507 1489 prima
1528 1417 1674 1484 naturae,
1695 1416 1733 1474 ut

409 1501 448 1565 ad
475 1519 629 1563 summam
657 1500 848 1584 pertinentia
879 1500 1007 1563 tenebit.
1046 1500 1196 1575 Quaesita
1222 1502 1307 1565 enim
1333 1502 1431 1564 virtus
1462 1509 1523 1576 est,
1556 1524 1620 1566 non
1648 1523 1731 1588 quae

408 1593 604 1677 relinqueret
624 1600 781 1669 naturam,
804 1593 859 1655 sed
883 1613 962 1679 quae
977 1600 1127 1657 tueretur.
1165 1596 1204 1657 At
1224 1595 1293 1668 illa,
1318 1602 1352 1657 ut
1367 1594 1456 1658 vobis
1471 1596 1588 1678 placet,
1610 1605 1731 1682 partem

409 1685 567 1772 quandam
588 1694 714 1761 tuetur,
735 1686 890 1769 reliquam
914 1686 1041 1749 deserit.
1078 1690 1181 1773 Atque
1209 1690 1278 1771 ipsa
1299 1689 1455 1759 institutio
1478 1691 1612 1753 hominis
1635 1692 1662 1753 si
1684 1690 1732 1753 lo-

408 1787 574 1865 queretur,
601 1782 663 1844 boc
693 1781 832 1856 diceret,
860 1784 978 1864 primos
1004 1801 1079 1845 suos
1102 1783 1192 1864 quasi
1215 1790 1344 1864 coeptus
1366 1783 1534 1866 appetendi
1556 1783 1667 1858 luisse,
1696 1790 1755 1846 utu

408 1897 442 1938 se
464 1882 665 1938 conservaret
687 1875 720 1939 in
743 1896 781 1939 ea
803 1884 929 1949 natura,
951 1877 984 1938 in
1008 1895 1071 1958 qua
1094 1884 1181 1938 ortus
1203 1883 1295 1939 essct.
1328 1876 1473 1940 Nondum
1495 1884 1600 1939 autem
1622 1876 1732 1959 expla-

407 1976 515 2030 natum
537 1968 613 2031 satis
634 1975 716 2041 erat,
745 1967 824 2052 quid
846 1967 982 2031 maxime
1004 1975 1116 2030 natura
1141 1967 1253 2042 vellet;
1284 1970 1470 2052 explanetur
1497 1970 1602 2052 igitur.
1646 1969 1731 2044 Quid

408 2080 482 2142 ergo
503 2060 589 2123 aliud
612 2060 828 2143 intellegetur,
851 2061 912 2123 nisi
936 2062 982 2124 uti
1005 2084 1045 2124 no
1060 2082 1143 2145 quae
1159 2083 1230 2145 pars
1247 2070 1375 2125 naturae
1390 2062 1595 2144 neglegaturt
1618 2062 1652 2125 ln
1668 2080 1731 2145 qna

410 2154 436 2217 si
457 2153 537 2216 nihil
560 2162 609 2217 est
630 2163 756 2237 practer
778 2155 950 2228 rationem,
980 2155 1022 2217 sit
1042 2158 1073 2218 in
1098 2176 1158 2219 nna
1182 2157 1296 2219 virtute
1318 2156 1391 2220 sinis
1411 2156 1580 2219 bonorum:
1610 2156 1660 2219 sin
1682 2161 1731 2218 est

409 2248 502 2310 etiam
524 2267 654 2331 corpus,
682 2249 743 2311 ista
766 2247 947 2330 explanatio
969 2256 1098 2311 naturae
1121 2270 1233 2333 nempe
1255 2252 1317 2314 hoc
1340 2251 1495 2324 effecerit,
1517 2259 1553 2313 ut
1573 2270 1625 2324 ea,
1647 2263 1768 2333 quaeso

408 2349 480 2405 ante
502 2341 759 2425 explanationem
782 2341 980 2416 tenebamus,
1010 2342 1232 2425 relinquamus.
1273 2345 1357 2426 Ergo
1384 2344 1416 2406 id
1439 2352 1487 2406 est
1507 2343 1731 2407 convenienter

408 2442 539 2498 naturae
559 2434 680 2508 vivere,
710 2456 728 2498 a
751 2441 862 2496 natura
884 2434 1063 2498 discederet
1108 2432 1159 2497 ia.
1182 2438 1221 2500 Ut
1241 2438 1367 2520 quidam
1391 2436 1589 2521 philosophi,
1618 2454 1730 2498 cuma

408 2528 552 2590 sensibus
573 2527 706 2611 proiecti
728 2528 847 2590 maiora
869 2530 1022 2613 quaedam
1045 2538 1076 2593 et
1099 2530 1253 2593 diviniora
1273 2532 1438 2605 vidissent,
1461 2550 1573 2594 sensns
1594 2529 1731 2613 relique·

408 2629 494 2696 runt,
524 2622 569 2684 sic
591 2622 660 2695 isti,
689 2641 759 2684 cum
781 2642 821 2684 ex
845 2623 1036 2704 appetitione
1059 2644 1164 2687 rerum
1187 2625 1309 2687 virtutis
1330 2624 1596 2706 pulchritudinem
1618 2624 1731 2706 adspe-

407 2717 542 2790 xissent,
566 2716 689 2788 omnia,
712 2736 792 2800 quae
815 2726 939 2800 praeter
954 2718 1101 2780 virtutem
1123 2718 1223 2801 ipsam
1242 2719 1399 2793 viderant,
1422 2718 1618 2792 abiecerunt,
1641 2715 1730 2780 obliti
1741 2730 1768 2776 ts

406 2819 550 2875 naturam
583 2830 707 2873 omnem
741 2811 988 2893 appetendarum
1017 2831 1120 2873 rernm
1150 2814 1194 2875 ita
1223 2811 1285 2875 late
1311 2820 1435 2895 patere,
1468 2819 1504 2874 ut
1525 2833 1544 2874 a
1565 2811 1729 2895 principiis

407 2910 606 2990 permanaret
634 2902 674 2966 ad
704 2900 802 2977 lines,
833 2924 936 2986 neque
966 2905 1155 2985 intellegunt
1187 2926 1220 2967 se
1246 2926 1350 2968 rerum
1377 2905 1502 2969 illarum
1529 2906 1730 2989 pulchrarum

407 3008 503 3083 atque
524 2997 757 3061 admirabilium
781 2996 986 3060 fundamenta
1008 2998 1195 3060 subducere.

491 3093 574 3156 xvi.
596 3088 646 3153 ld.
670 3092 780 3174 ltaque
802 3092 879 3154 mihi
902 3091 1048 3154 videntur
1070 3112 1180 3154 omnes
1201 3092 1327 3175 quidem
1343 3093 1390 3155 illi
1405 3113 1540 3168 errasse,
1564 3093 1618 3176 qui
1637 3089 1730 3156 finem

407 3190 560 3251 bonorum
591 3205 661 3249 esse
689 3186 838 3248 dixerunt
864 3184 996 3247 honeste
1021 3188 1143 3257 uivere,
1171 3177 1231 3248 'sed
1259 3187 1340 3249 alius
1370 3188 1433 3250 alio
1460 3186 1576 3269 magis:
1610 3185 1769 3269 Pyrrhoso

407 3282 528 3345 scilicet
557 3280 712 3352 maxime,
742 3279 796 3361 qui
823 3280 936 3341 virtute
964 3280 1136 3341 constituta
1158 3280 1236 3341 nihil
1259 3281 1388 3343 omnino
1410 3281 1494 3363 quod
1517 3277 1731 3362 appetendum

408 3378 447 3439 sit
470 3374 642 3457 relinquat,
673 3372 790 3436 deinde
813 3374 931 3446 Aristo,
958 3373 1012 3456 qui
1039 3373 1117 3434 nihil
1139 3374 1318 3459 relinquere
1340 3395 1404 3437 non
1426 3382 1473 3437 est
1494 3392 1605 3447 ausus,
1632 3374 1732 3436 intro-

408 3470 500 3533 duxit
527 3475 649 3541 autcm,
677 3468 792 3549 quibus
821 3474 994 3533 commotus
1023 3468 1149 3549 sapiens
1171 3476 1334 3550 appeteret
1354 3468 1490 3552 aliquid,
1512 3468 1732 3551 quodcumque

407 3566 441 3627 in
465 3571 603 3625 mentem
626 3562 780 3624 incideret
802 3570 834 3623 et
854 3561 1074 3645 quodcumque
1097 3572 1253 3645 tamquam
1270 3571 1459 3628 occurreret.
1495 3562 1525 3626 ls
1543 3562 1605 3625 hoc
1620 3560 1733 3624 melior

408 3677 503 3741 quam
530 3656 668 3739 Pyrrho,
698 3654 783 3738 quod
811 3653 941 3738 aliquod
962 3674 1062 3736 genus
1084 3658 1255 3737 appetendi
1278 3657 1377 3732 dedit,
1406 3658 1545 3722 deterior
1565 3675 1660 3740 qnam
1682 3669 1773 3719 ιιι-ιι

408 3752 483 3824 teri,
505 3750 591 3834 qnod
611 3750 738 3832 penitus
760 3769 778 3811 a
800 3756 913 3811 natura
935 3749 1075 3811 recessit.
1113 3750 1211 3813 Stoici
1226 3759 1345 3825 autem,
1368 3751 1453 3833 qnod
1467 3748 1560 3814 linem
1577 3747 1733 3813 bonorum

407 3846 440 3907 in
473 3863 537 3907 nna
565 3843 681 3906 uirtute
714 3851 852 3926 ponunt,
885 3844 1003 3906 similes
1029 3852 1103 3905 sunt
1130 3844 1273 3908 illorum:
1304 3845 1391 3927 quod
1418 3852 1521 3908 autem
1544 3843 1732 3927 principium

407 3936 503 4004 officii
525 3946 695 4021 quaerunt,
722 3938 835 4000 meiius
857 3956 952 4019 quam
975 3937 1108 4020 Pyrrho,
1131 3939 1215 4021 quod
1239 3957 1361 4001 canon
1385 3939 1581 4001 occurrentia
1602 3933 1733 4018 lingunt,

407 4035 539 4097 vincunt
568 4031 769 4093 Aristonem:
796 4031 882 4112 quod
905 4038 1009 4091 autem
1034 4051 1085 4104 ea,
1116 4052 1196 4113 quae
1219 4030 1259 4093 ad
1281 4040 1423 4094 naturam
1444 4029 1680 4095 accommodata
1702 4035 1735 4091 et

409 4147 464 4211 per
493 4147 527 4187 se
557 4126 747 4186 assumenda
777 4143 846 4186 esse
874 4124 996 4195 dicunt,
1025 4143 1088 4185 non
1111 4126 1287 4206 adiungunt
1308 4126 1346 4186 ad
1371 4122 1464 4187 linem
1486 4124 1656 4196 bonorum,
1679 4122 1771 4185 doto

408 4223 545 4284 sciscunt
567 4238 585 4279 a
607 4225 719 4279 natura
749 4224 781 4278 et
811 4218 948 4298 quodam
981 4218 1075 4278 modo
1098 4226 1172 4279 suut
1194 4238 1258 4279 non
1281 4219 1451 4281 dissimiles
1473 4219 1639 4281 Aristonis.
1675 4215 1733 4278 Illo

409 4316 493 4378 enim
526 4314 721 4376 occurrentia
751 4312 861 4373 nescio
893 4331 973 4392 qnae
1004 4313 1312 4374 comminiscebatur:
1343 4312 1375 4373 hi
1404 4320 1509 4375 autem
1537 4320 1660 4395 ponunt
1685 4312 1734 4376 illi

409 4407 535 4492 quidem
564 4407 667 4489 prima
687 4414 832 4478 naturae,
863 4405 919 4467 sed
943 4425 980 4467 ea
1002 4406 1171 4486 seiungunt
1194 4425 1211 4467 a
1234 4403 1347 4468 linibus
1371 4415 1403 4469 et
1424 4426 1546 4468 summa
1567 4407 1733 4470 bonorum.

410 4503 499 4577 Quae
522 4520 592 4563 cum
613 4508 827 4582 praeponunt,
857 4507 892 4560 ut
920 4501 961 4561 sit
989 4500 1099 4581 aliqua
1121 4520 1225 4561 rerum
1248 4500 1392 4576 selectio,
1421 4507 1563 4562 naturam
1587 4499 1735 4562 videntur

409 4595 516 4678 sequi:
539 4614 611 4655 cum
634 4602 740 4655 autem
763 4601 878 4675 negant
900 4613 937 4654 ea
959 4594 1128 4674 quiequam
1151 4593 1191 4653 ad
1213 4592 1336 4655 beatam
1357 4594 1452 4656 vitam
1475 4595 1643 4676 pertinere,
1665 4604 1770 4654 rur-³⁵

411 4710 465 4752 sus
487 4696 633 4751 naturam
655 4687 846 4770 relinquunt.
890 4683 943 4747 ii.
967 4690 1069 4766 Atque
1092 4686 1193 4748 adhuc
1215 4706 1252 4747 ea
1275 4686 1355 4759 dixi,
1382 4706 1506 4749 causam
1530 4686 1646 4749 Zenoni
1668 4705 1732 4747 non

408 4781 520 4856 luisse,
543 4802 637 4865 qnam
660 4781 700 4843 ob
723 4800 788 4841 rem
811 4799 830 4841 a
853 4780 1051 4863 superiorum
1074 4780 1259 4841 auctoritate
1282 4780 1474 4842 discederet:
1503 4800 1588 4842 nunc
1610 4780 1734 4861 reliqua

409 4874 588 4949 videamus,
619 4875 679 4937 nisi
702 4873 817 4936 autad
840 4874 934 4947 haec,
963 4874 1054 4946 Cato,
1085 4873 1190 4936 dicere
1213 4875 1333 4956 aliquid
1357 4876 1404 4936 vis
1426 4881 1480 4936 aut
1502 4894 1559 4937 nos
1580 4874 1642 4936 iam
1664 4873 1733 4935 lon·

474 5163 497 5210 i.
516 5163 588 5211 modo
610 5175 663 5211 orn.
682 5163 701 5211 Β
720 5162 780 5224 (non
798 5162 827 5220 F.)
851 5188 876 5196 -
900 5167 956 5209 suut
981 5162 1125 5211 Manutius:
1149 5174 1174 5209 aa
1190 5162 1223 5216 B;
1246 5161 1294 5208 siut
1311 5162 1331 5209 0
1351 5186 1376 5195 -
1402 5162 1426 5209 Β,
1444 5174 1567 5210 morum
1585 5162 1730 5211 Manutius:

407 5251 531 5286 nummum
548 5236 626 5286 codd.
651 5263 674 5272 -
698 5236 722 5284 3.
741 5237 907 5297 relinquerent
924 5237 972 5284 BE
991 5262 1018 5271 -
1044 5236 1067 5286 l.
1087 5237 1191 5284 hominis
1207 5237 1327 5284 institutio
1344 5236 1363 5283 Β
1383 5259 1409 5271 -
1429 5238 1453 5285 5.
1472 5237 1517 5285 boc
1534 5237 1567 5286 B:
1586 5237 1646 5285 baec
1662 5237 1682 5284 0
1701 5259 1729 5271 -

409 5312 489 5375 quast]
507 5324 569 5371 quos
586 5312 634 5361 ΒΕ
654 5338 680 5347 -
700 5311 723 5360 Β.
742 5312 943 5374 erqo]i9itur1)
964 5338 989 5346 -
1009 5312 1187 5374 intettiperetur
1203 5312 1253 5361 ΒΙ)
1274 5338 1300 5348 -
1318 5311 1355 5358 uti
1371 5324 1402 5360 ue
1419 5311 1491 5376 quos]
1507 5318 1535 5361 ut
1551 5313 1638 5372 tueque
1653 5312 1687 5366 Β;
1705 5315 1733 5359 ιιι

408 5389 498 5457 ιιςιιιι
514 5388 549 5442 li:
567 5393 595 5436 ut
610 5400 641 5435 ιιι
657 5400 721 5447 quoe
738 5388 757 5435 0
777 5413 803 5422 -
828 5387 867 5434 43.
885 5386 987 5446 perfecti
1004 5387 1052 5435 BE
1072 5413 1098 5422 -
1123 5392 1145 5435 ei
1162 5387 1193 5434 B:
1217 5400 1249 5434 oc
1266 5386 1285 5434 0
1305 5412 1330 5421 -
1356 5387 1395 5434 45.
1415 5400 1479 5447 quoe
1493 5392 1596 5449 praeter
1612 5387 1646 5435 B:
1669 5398 1734 5447 qaue

407 5467 510 5523 propter
526 5459 604 5510 codd.
624 5461 704 5515 dett:
724 5466 828 5523 propter
849 5475 914 5522 quoe
931 5462 950 5509 0
968 5489 1000 5497 -
1024 5463 1239 5522 supermanant
1262 5460 1325 5515 BE;
1348 5463 1489 5521 pemmiret
1506 5465 1526 5511 G
1545 5488 1571 5498 -
1594 5461 1634 5509 23.
1654 5460 1733 5520 quod·

409 5548 513 5596 nunqua
533 5537 561 5584 P.
580 5536 723 5584 llanutins:
748 5536 813 5595 quod
834 5537 923 5595 cuique
940 5534 1018 5584 codd.
1043 5535 1081 5584 ct.
1101 5535 1115 5596 ἓ
1133 5535 1173 5584 ti.
1192 5562 1225 5572 -
1241 5534 1282 5584 il.
1300 5533 1331 5597 Ia]
1349 5536 1385 5583 liis
1402 5536 1450 5585 BE
1469 5562 1495 5571 -
1520 5538 1561 5585 ιδ.
1579 5535 1681 5596 aliquod
1697 5535 1731 5584 li:

409 5610 447 5658 oet
467 5610 570 5669 aliquod
592 5610 627 5660 0:
651 5610 707 5673 [uel]
725 5609 866 5670 uliquod'bt
887 5634 913 5644 -
933 5609 973 5657 26.
993 5622 1009 5656 u
1026 5622 1079 5658 om.
1100 5611 1119 5659 E
1139 5637 1164 5645 -
1189 5610 1229 5658 28.
1250 5610 1314 5669 quod
1331 5621 1383 5657 om.
1403 5610 1421 5657 Β
1442 5635 1468 5644 -
1487 5609 1528 5657 29.
1548 5611 1582 5658 ud
1599 5608 1691 5658 codd:
1711 5612 1734 5657 ct

409 5685 443 5732 ad
465 5696 526 5733 cnm
548 5686 693 5733 Goerenzio
715 5684 735 5733 0
759 5710 785 5719 -
810 5683 850 5733 31.
870 5684 914 5731 itta
931 5685 996 5733 mim
1014 5684 1031 5733 Β
1052 5710 1078 5718 -
1099 5685 1138 5733 32.
1157 5684 1193 5731 itti
1215 5684 1247 5733 B:
1272 5684 1317 5730 ιιια
1334 5684 1353 5731 0
1373 5709 1400 5719 -
1419 5683 1459 5732 33.
1478 5688 1501 5733 ιι
1522 5685 1555 5733 B:
1581 5690 1602 5733 ιι
1625 5697 1641 5731 ιι
1664 5683 1684 5731 0
1704 5708 1732 5719 -

409 5758 450 5808 tt.
471 5766 613 5821 proponunt
629 5760 678 5809 BE
696 5785 723 5795 -
743 5760 783 5809 3⁵.
802 5772 833 5808 ιιι
849 5759 967 5820 quicquid
983 5758 1016 5806 od
1033 5758 1079 5807 BE
1094 5783 1121 5792 ·-
1140 5758 1180 5807 36.
1200 5762 1274 5818 atquc
1290 5757 1337 5805 buc
1354 5756 1412 5805 E·
1432 5768 1535 5805 causum
1551 5758 1577 5805 Z.
1595 5771 1644 5806 uon
1660 5758 1675 5819 f
1692 5758 1697 5769 '

410 5834 554 5898 ltadvigius
567 5836 600 5895 tin
612 5834 806 5894 adnotatione):
825 5846 904 5883 ιιιιιιι
914 5845 972 5882 cum
981 5834 1007 5881 Z.
1020 5847 1070 5882 ιιοιι
1079 5832 1165 5888 suisset
1176 5832 1209 5890 Β;
1227 5843 1306 5881 causac
1316 5831 1397 5881 curZ.
1407 5844 1457 5880 nou
1466 5831 1551 5892 Μιιιι
1562 5832 1595 5892 Ος
1614 5833 1734 5892 tscoussc

408 5921 456 5958 aas·
470 5908 498 5958 l.
514 5922 565 5958 uon
578 5908 664 5971 {uuus
680 5909 715 5958 ll.
