4342 7459
675 1264 745 1330 ns
765 1264 791 1329 r.
821 1260 896 1328 cn.
917 1259 1184 1327 xum-xus.
1211 1255 1258 1344 ss
1282 1254 1474 1325 its-sss.
1681 1254 1738 1323 sos

409 1422 505 1491 modo
532 1424 678 1489 homines
706 1444 726 1489 a
754 1425 838 1499 deis,
871 1422 928 1488 sed
954 1422 1015 1506 ipsi
1044 1423 1096 1487 dei
1126 1422 1209 1485 inter
1236 1441 1270 1484 se
1296 1416 1336 1484 ab
1358 1420 1429 1484 aliis
1450 1419 1506 1484 alii
1528 1420 1743 1505 neglegantur.

408 1520 519 1583 XLIV.
542 1520 669 1595 Quanto
690 1519 788 1582 Stoici
803 1519 935 1593 melius,
958 1520 1012 1601 qui
1027 1538 1046 1583 a
1060 1518 1149 1583 vobis
1164 1517 1459 1603 reprehenduntur!
1486 1515 1623 1581 Censent
1636 1524 1744 1581 autern

408 1615 568 1698 sapientes
596 1613 794 1696 sapientibus
825 1613 919 1676 etiam
947 1612 1063 1694 ignotis
1094 1633 1163 1677 esse
1186 1614 1322 1688 amicos;
1348 1611 1429 1674 nihil
1451 1619 1500 1674 est
1520 1609 1605 1675 enim
1628 1610 1744 1674 virtute

406 1707 590 1781 amabilius,
613 1725 709 1790 quam
734 1706 790 1790 qui
812 1706 947 1789 adeptus
969 1706 1046 1780 erit,
1068 1707 1261 1791 ubicumque
1283 1708 1344 1770 erit
1364 1705 1523 1788 gentium,
1545 1724 1564 1767 a
1585 1703 1678 1767 nobis
1697 1698 1744 1768 di-

406 1799 531 1885 ligetur.
568 1796 582 1861 l
589 1797 641 1863 29.
664 1801 730 1864 Vos
760 1808 866 1864 autem
888 1800 965 1883 quid
988 1799 1062 1862 mali
1085 1802 1181 1875 datis,
1210 1821 1282 1866 oum
1306 1804 1341 1865 io
1361 1799 1567 1865 inbecillitate
1589 1795 1767 1880 gratifica-t

406 1896 529 1959 tionem
551 1902 583 1958 et
603 1890 860 1958 benevolentiam
882 1895 1019 1978 ponitisl
1053 1894 1094 1957 Ut
1116 1895 1201 1957 enim
1224 1898 1365 1961 omittam
1379 1895 1444 1959 vim
1458 1902 1491 1957 et
1509 1900 1653 1956 naturam
1668 1892 1746 1957 deo·

406 2010 494 2065 mm,
515 2009 556 2053 ne
577 1989 724 2053 homines
744 1988 875 2072 quidem
895 1989 1046 2059 censetis,
1070 1988 1132 2051 nisi
1146 1989 1288 2053 inbecilli
1306 1997 1426 2064 essent,
1447 1988 1570 2052 tuturos
1583 1983 1745 2051 beneficos

408 2091 442 2148 et
469 2084 624 2166 benignos
654 2081 779 2147 fuisset
820 2082 914 2145 Nulla
941 2090 990 2145 est
1017 2083 1133 2146 caritas
1162 2085 1315 2148 naturalis
1343 2085 1427 2149 inter
1447 2083 1571 2146 bonosi
1607 2082 1745 2145 Carum

406 2178 512 2263 ipsum
540 2180 673 2241 verbum
703 2182 753 2239 est
772 2175 909 2250 amoris,
937 2195 978 2239 ex
1001 2196 1067 2260 quo
1089 2177 1245 2242 amicitiae
1267 2198 1384 2243 nomen
1406 2184 1454 2243 est
1475 2176 1619 2251 ductum,
1649 2194 1746 2259 quam

409 2272 437 2334 si
459 2272 661 2336 adtractum
682 2277 823 2334 nostrum
846 2269 1035 2345 referemus,
1061 2290 1127 2336 non
1148 2271 1189 2334 ad
1212 2272 1298 2337 illius
1320 2272 1502 2345 commoda,
1524 2290 1621 2354 quem
1641 2269 1784 2353 diligi-u

407 2385 496 2441 mos,
526 2386 592 2429 non
615 2364 677 2427 erit
697 2363 759 2428 ista
780 2363 935 2439 amicitia,
958 2363 1014 2427 sed
1036 2373 1214 2430 mercatura
1235 2367 1392 2450 quaedam
1413 2366 1585 2431 utilitatum
1607 2383 1745 2428 suarum.

407 2461 502 2524 Prata
523 2468 556 2524 et
578 2477 653 2522 arva
676 2464 709 2522 et
729 2457 890 2541 pecudum
911 2478 1023 2542 greges
1045 2458 1221 2541 diliguntur
1241 2461 1303 2524 isto
1325 2460 1436 2535 modo,
1459 2458 1547 2543 quod
1568 2456 1690 2523 fructus
1704 2477 1746 2521 ex

407 2555 449 2618 iis
475 2555 659 2639 capiunturs
686 2552 850 2616 bominum
878 2552 992 2617 caius
1021 2559 1054 2616 el
1074 2553 1215 2617 amicitia
1243 2554 1378 2637 gratuita
1399 2562 1459 2618 est.
1492 2552 1620 2629 Quanto
1647 2553 1747 2637 igitur

408 2649 510 2733 magis
538 2647 691 2721 deornm,
723 2646 780 2730 qui
802 2645 891 2710 nulla
920 2666 954 2710 re
980 2653 1111 2729 egentes
1134 2655 1166 2709 et
1188 2646 1272 2711 inter
1293 2668 1328 2711 se
1351 2647 1487 2729 diligunt
1508 2655 1541 2711 et
1562 2646 1746 2711 bominibus

409 2742 592 2807 consulunt
629 2738 725 2817 Quod
747 2740 780 2803 ni
803 2740 847 2804 ita
870 2741 928 2816 sit,
952 2740 1030 2824 qnid
1052 2759 1256 2818 veneramur,
1279 2742 1356 2825 quid
1375 2760 1545 2825 precamur
1566 2741 1667 2805 deost
1691 2750 1784 2803 curat

408 2836 507 2900 ueris
535 2831 720 2920 pontifices,
751 2854 809 2898 cur
829 2834 980 2917 auspiciis
1001 2854 1138 2919 augures
1159 2839 1337 2918 praeeunti
1361 2834 1440 2920 quid
1468 2844 1614 2921 optamus
1636 2855 1655 2900 a
1676 2833 1746 2898 deis

407 2928 653 2993 inmortalibnsl
682 2928 760 3014 quid
790 2932 968 2995 vovemus?
1002 2930 1045 2993 at
1066 2930 1162 2993 etiam
1182 2929 1264 2993 liber
1285 2935 1334 2994 est
1354 2929 1483 3013 Epicuri
1504 2927 1546 2993 de
1567 2928 1744 2993 sanctitate.

409 3016 483 3086 423.
503 3023 658 3087 Ludimur
687 3023 728 3086 ab
757 3022 888 3086 bomine
915 3042 982 3086 non
1010 3030 1075 3087 tam
1099 3023 1205 3088 faceto
1228 3044 1323 3108 quam
1344 3022 1385 3087 ad
1407 3022 1568 3089 scribendi
1587 3022 1746 3088 boeotiam

408 3114 528 3196 libero;
550 3136 634 3202 quae
657 3116 743 3181 enim
765 3124 870 3201 potest
891 3137 963 3182 esse
978 3118 1141 3195 sanctitas,
1163 3118 1190 3181 si
1206 3117 1258 3183 dei
1272 3116 1412 3183 bumana
1426 3137 1494 3182 non
1508 3120 1640 3182 mnantl
1663 3134 1747 3200 quae

408 3219 517 3276 aulem
544 3213 690 3276 animans
717 3220 831 3276 natura
860 3210 942 3275 nibil
971 3215 1110 3276 curansl
1138 3212 1254 3277 Verius
1282 3220 1331 3277 est
1359 3211 1458 3296 igitur
1486 3212 1633 3275 nimirum
1655 3208 1785 3286 illud,so

409 3304 499 3388 quod
519 3304 684 3369 familiaris
705 3305 846 3370 omnium
869 3313 1011 3370 nostrum
1033 3305 1224 3370 Posidonius
1246 3305 1396 3371 disseruit
1416 3305 1451 3370 in
1471 3305 1552 3370 libro
1574 3302 1745 3389 quintode

410 3407 522 3463 natura
543 3398 694 3475 deorum,
715 3399 823 3463 nullos
847 3418 917 3463 esse
939 3397 1019 3463 deos
1040 3399 1181 3483 Epicuro
1203 3398 1322 3476 oderi,
1344 3418 1491 3484 quaeque
1512 3400 1541 3463 is
1561 3399 1601 3464 de
1616 3396 1685 3462 deis
1699 3399 1749 3463 in-

410 3491 597 3557 mortalibus
619 3493 751 3571 dixerit,
774 3494 914 3558 inridiae
936 3493 1143 3559 detestandae
1165 3494 1266 3577 gratia
1288 3493 1425 3560 dixisse:
1448 3513 1553 3579 neque
1575 3492 1661 3557 enim
1674 3500 1748 3559 ‹tam

410 3584 572 3672 desipiens
593 3585 717 3665 fuisset,
739 3596 775 3653 ut
794 3587 983 3653 homunculi
1004 3588 1141 3653 similem
1162 3588 1257 3655 deum
1282 3585 1432 3672 lingeret,
1453 3587 1649 3652 liniamentis
1670 3586 1763 3651 dum.

409 3690 499 3748 taxat
519 3683 689 3759 extremis,
710 3703 777 3747 non
797 3683 909 3747 habitu
930 3682 1046 3758 solido,
1067 3683 1217 3748 membris
1238 3682 1377 3747 bominis
1397 3681 1575 3767 praeditum
1590 3679 1787 3757 omnibus,al

408 3797 471 3841 usu
493 3779 705 3843 membrorum
726 3797 767 3842 ne
788 3777 922 3841 minimo
944 3778 1089 3861 quidem,
1111 3778 1227 3841 exilem
1249 3776 1408 3862 quendam
1426 3785 1523 3861 atque
1537 3774 1747 3862 perlucidum,

409 3870 492 3935 nihil
518 3872 667 3963 cuiquam
694 3872 902 3947 tribuentem,
935 3870 1016 3935 nibil
1045 3869 1274 3957 gratificantem
1297 3872 1442 3948 omnino,
1470 3871 1551 3936 nibil
1572 3877 1747 3948 curantem,

410 3964 494 4029 nibil
526 3972 682 4050 agentem.
720 3965 810 4043 Quae
842 3974 956 4030 nature
983 3965 1120 4049 primum
1147 3965 1235 4029 nulla
1257 3985 1327 4030 esse
1355 3972 1463 4049 potest
1475 4011 1485 4043 ,
1515 3964 1613 4050 idque
1635 3964 1749 4029 ridens

409 4059 567 4144 Epicurus
589 4060 743 4135 retollit,
766 4060 909 4125 oratione
931 4059 1085 4143 relinquit
1100 4058 1190 4123 deos.
1233 4053 1305 4122 lbi.
1327 4058 1452 4123 Deinde
1474 4058 1503 4123 si
1525 4057 1750 4123 maximetalis

412 4163 461 4217 est
483 4152 578 4229 deus,
600 4162 637 4217 ut
659 4154 746 4217 nulla
768 4154 883 4237 gratia,
909 4152 997 4216 nulla
1018 4151 1182 4215 bominum
1199 4153 1330 4217 caritate
1346 4159 1504 4229 teneatur,
1527 4151 1647 4228 valeat3
1670 4150 1787 4236 quideo

412 4250 498 4312 enim
514 4248 616 4312 dicam
636 4248 813 4332 «propitius
828 4249 870 4310 sit
880 4248 937 4310 lsi
960 4266 1031 4310 esse
1047 4247 1134 4309 enim
1149 4247 1304 4331 propitius
1320 4254 1426 4332 potest
1440 4248 1571 4322 nemini,
1587 4247 1748 4331 quoniam,

413 4352 450 4408 nt
469 4343 592 4419 dicitis,
615 4342 718 4406 omnis
739 4342 775 4406 in
797 4341 1002 4406 inbecillitate
1025 4349 1075 4404 est
1096 4348 1128 4403 et
1149 4344 1249 4424 gratia
1270 4349 1303 4405 el
1324 4342 1448 4410 caritas.

479 4607 503 4654 i.
522 4605 567 4654 olii
585 4603 617 4655 ob
633 4604 691 4654 ollis
708 4605 728 4654 C
747 4628 775 4639 -
794 4602 820 4654 l.
838 4604 886 4654 erit
903 4606 964 4653 ante
981 4603 1093 4667 gestirem
1110 4615 1164 4653 om.
1178 4601 1198 4652 C
1214 4627 1241 4637 -
1260 4602 1284 4652 δ.
1298 4614 1356 4651 uon
1371 4603 1398 4653 lo
1409 4601 1578 4653 medultots
1589 4604 1748 4657 Lambinus:

412 4693 470 4730 m
485 4677 646 4729 inbecillitati
661 4679 727 4737 ΑΒ,
745 4691 802 4727 cum
818 4677 1058 4736 imbecillitatem,
1076 4691 1135 4728 cam
1150 4677 1334 4729 inbecillitatem
1351 4678 1412 4728 E-
1431 4678 1456 4728 6.
1475 4678 1667 4731 beniuolmtiom
1683 4680 1747 4733 ‘ll-

413 4758 438 4807 i.
457 4755 579 4807 &boddo
596 4756 616 4804 E
636 4781 662 4791 —
682 4755 708 4804 9.
727 4755 858 4805 deleme
879 4777 907 4791 -
927 4755 967 4805 40.
985 4754 1135 4816 retenemus
1151 4751 1209 4803 B¹E
1229 4779 1256 4789 -
1281 4766 1360 4817 quom
1376 4754 1507 4819 diligam
1524 4756 1573 4807 ΔΒ
1593 4782 1620 4792 -
1639 4757 1680 4806 tt.
1698 4757 1751 4807 uti·

412 4833 513 4883 litam
528 4832 654 4894 psmsdom
670 4842 731 4880 cum
749 4830 830 4893 signis
848 4830 1059 4894 transpositionis
1078 4831 1098 4881 C
1116 4855 1142 4865 -
1162 4830 1203 4877 ti.
1222 4841 1256 4879 os
1271 4830 1294 4878 is
1310 4831 1348 4889 Α,
1366 4841 1399 4879 σω
1415 4829 1453 4878 bis
1468 4830 1566 4891 licii,
1584 4845 1618 4883 ao
1633 4834 1669 4883 sis
1685 4831 1748 4882 0-

414 4906 455 4958 tl.
474 4906 599 4970 qumodo
615 4910 651 4961 Α;
670 4906 714 4965 qui
731 4906 758 4954 to
774 4905 845 4955 nudo
862 4905 911 4955 BE
930 4904 987 4967 (sed
1004 4906 1030 4955 in
1048 4906 1067 4956 B
1084 4904 1245 4969 praepositio
1264 4916 1341 4955 erese
1358 4902 1408 4964 est)
1429 4931 1456 4941 -
1481 4905 1521 4955 lli.
1539 4907 1566 4956 ss·
1583 4918 1653 4957 corr.
1670 4919 1704 4958 ex
1719 4919 1751 4957 oc

414 4982 454 5043 n,
471 4996 502 5033 aa
518 4986 539 5031 Α
558 5008 585 5017 -
609 4994 758 5030 umorem
775 4979 805 5031 (Ξι
824 5006 852 5016 -
875 4976 918 5029 tt.
937 4993 1065 5031 mesenus
1081 4980 1130 5031 BE
1151 5006 1178 5016 -
1201 4984 1229 5028 ot
1246 4992 1316 5030 corr.
1336 4992 1369 5029 ex
1391 4979 1427 5029 od
1446 4980 1466 5029 B
1485 5005 1512 5015 -
1536 4980 1577 5030 il.
1593 4982 1752 5043 posstdonlus

414 5056 495 5107 BCE
517 5081 546 5092 -
571 5055 612 5104 ἥ.
631 5053 663 5118 is]
686 5055 724 5105 tis
745 5059 767 5106 Α
790 5083 819 5092 -
845 5054 887 5106 at.
904 5055 1059 5106 momentis
1080 5054 1142 5106 llo.
1171 5052 1230 5105 Vid.
1249 5052 1418 5117 Wesenberg
1436 5053 1470 5104 ed
1488 5056 1566 5108 Tusc.
1585 5056 1608 5106 V
1625 5056 1640 5120 5
1657 5057 1700 5108 56.
1720 5082 1748 5094 ·-

413 5132 456 5185 26,
474 5144 549 5181 mrsu
568 5130 588 5180 B
607 5155 635 5165 -
658 5129 700 5178 tl.
718 5131 913 5193 protillcoslsm.
938 5133 1039 5181 maniae
1055 5131 1118 5181 nibil
1135 5130 1154 5180 C
1173 5155 1201 5164 -
1225 5129 1267 5179 28.
1283 5135 1364 5192 potest
1382 5142 1433 5181 essa
1450 5131 1470 5180 0
1490 5157 1517 5167 -
1536 5132 1577 5182 29.
1595 5132 1705 5195 reliquid
1720 5132 1751 5183 n¹

417 5232 444 5243 -
459 5206 526 5256 oso
541 5207 563 5255 si
580 5203 694 5266 tulisset,
712 5211 740 5254 ut
750 5211 876 5268 --potest
886 5207 979 5256 mmai
991 5206 1140 5255 lactantius
1152 5203 1186 5253 de
1198 5203 1237 5252 ira
1249 5216 1274 5254 c.
1287 5204 1310 5254 e
1324 5228 1351 5239 -
1367 5202 1407 5253 30.
1425 5203 1466 5254 uel
1480 5210 1523 5255 cot
1539 5205 1566 5257 in
1583 5219 1676 5257 rasura
1688 5206 1708 5257 Β
1720 5232 1747 5243 -

415 5280 536 5332 limium
552 5281 636 5330 dicam
652 5293 688 5330 m.
702 5294 758 5332 sec.
771 5283 798 5332 in
815 5295 866 5331 ras.
879 5283 900 5331 Α
915 5307 940 5319 -
959 5282 1088 5343 propiclru
1103 5281 1135 5329 sit
1150 5278 1230 5329 ΑΒΕ
1245 5305 1272 5315 -
1289 5278 1356 5328 cmm
1369 5279 1499 5341 propletos
1514 5280 1563 5331 BE
1584 5307 1609 5319 -
1630 5280 1671 5338 δί.
1683 5293 1712 5331 ι.
1724 5293 1749 5333 r.

414 5366 547 5407 cicerosrs
562 5367 598 5404 os
613 5367 715 5406 osores
731 5370 826 5407 sareas
843 5369 893 5407 crs.
910 5369 1003 5407 rsrsos
1018 5368 1144 5407 mamers.
1163 5364 1259 5403 rscrrrr
1275 5365 1325 5403 crs.
1339 5355 1530 5406 seminasse
1542 5369 1548 5414 ;
1566 5354 1679 5419 Explicit
1692 5354 1749 5418 pri·

415 5443 472 5481 rsus
487 5429 550 5482 liber
565 5431 596 5482 do
611 5436 708 5482 muro
723 5432 835 5482 domasa
857 5432 947 5496 Incipit
962 5432 1083 5483 secedet
1099 5430 1208 5482 mom
1224 5428 1262 5489 ll;
1283 5428 1479 5494 subscriptione
1496 5434 1571 5482 caret
1587 5432 1618 5482 C.

956 5705 1224 5721 Μ
