4342 7459
721 1233 791 1299 nn.
814 1233 851 1297 4.
878 1233 953 1298 ct».
976 1231 1172 1297 44-444.
1199 1231 1245 1317 ss
1266 1223 1413 1297 it-ts.
1678 1221 1740 1291 444

410 1407 474 1475 quo
489 1387 625 1455 eilicitur
636 1392 804 1456 honestate
817 1413 880 1471 npa
892 1395 987 1456 vitam
1003 1393 1158 1457 contineri
1170 1394 1303 1457 beatam.
1325 1393 1397 1455 Non
1409 1401 1483 1456 sunt
1495 1392 1590 1474 igitur
1603 1409 1641 1454 ea
1655 1390 1739 1455 bona

409 1485 544 1549 dicenda
566 1506 625 1549 neo
647 1484 807 1559 hahendo,
830 1483 948 1569 quihus
970 1487 1183 1551 abundantem
1199 1487 1274 1549 licet
1288 1506 1359 1550 esse
1375 1486 1594 1551 miserrimum.
1622 1480 1673 1547 45.
1688 1486 1737 1548 hu

409 1577 533 1644 dubitas
553 1581 632 1665 quin
654 1589 819 1664 praestans
842 1581 1038 1654 valetudine,
1067 1581 1201 1653 viribus,
1232 1580 1347 1655 forma,
1372 1580 1541 1644 acerrumis
1563 1582 1738 1661 integerru-

410 1677 533 1760 misque
556 1676 715 1739 sensibus:
740 1674 822 1738 adde
844 1677 953 1749 etiam,
977 1677 1003 1738 si
1027 1676 1130 1748 lubet,
1164 1673 1383 1757 pernicitatem
1406 1684 1437 1737 et
1460 1673 1738 1746 velocissumos

410 1769 549 1845 divilias,
569 1771 724 1842 honores,
747 1770 893 1854 imperia,
924 1790 1016 1853 opes,
1039 1770 1191 1852 gloriam:
1220 1770 1246 1831 si
1269 1768 1430 1842 fueritis,
1454 1766 1508 1850 qul
1531 1765 1611 1829 haec
1631 1766 1763 1841 hahent

411 1864 560 1938 iniustus,
588 1865 819 1947 intemperans,
848 1862 991 1938 timidus,
1019 1864 1123 1926 hebeti
1147 1863 1393 1946 ingeminatque
1416 1862 1513 1937 nullo,
1536 1861 1738 1925 dubitabisne

411 1977 482 2021 eum
507 1958 660 2021 miserum
688 1957 819 2021 dicere?
851 1956 965 2032 Qualia
991 1957 1088 2039 igitur
1118 1958 1180 2019 4444
1208 1953 1292 2019 hona
1320 1964 1409 2030 suot,
1438 1973 1525 2043 „quse
1547 1957 1601 2038 qui
1623 1954 1739 2019 hebeat

410 2052 602 2116 miserrimus
625 2071 695 2115 4444
718 2051 845 2133 possiti
876 2050 1046 2113 Videamus
1069 2070 1120 2123 ne,
1141 2059 1178 2112 444
1199 2067 1331 2114 acanus
1353 2069 1394 2113 ex
1416 2051 1464 2114 sui
1480 2051 1606 2133 generis
1620 2052 1737 2130 grenio,

410 2145 453 2208 ric
481 2146 575 2208 beata
603 2146 667 2208 vita
693 2164 735 2207 ex
764 2145 812 2207 sui
838 2143 994 2207 similibus
1017 2144 1157 2228 portibus
1179 2141 1261 2208 ellici
1285 2144 1409 2207 debeat.
1449 2144 1544 2219 Quod
1567 2144 1593 2206 si
1614 2146 1658 2208 ita
1680 2152 1738 2219 ent,

410 2258 448 2300 ex
469 2238 578 2311 bonis,
602 2258 685 2323 quae
707 2239 774 2301 sola
795 2238 929 2301 honesta
951 2248 1038 2310 sunt,
1061 2235 1260 2301 efficiendum
1283 2246 1332 2300 est
1352 2239 1496 2301 beatum:
1519 2253 1556 2301 ea
1577 2239 1676 2301 mixta
1698 2255 1738 2304 44
1749 2255 1777 2302 44

410 2331 614 2396 dissimilibus
637 2334 664 2395 si
694 2340 801 2407 erunt,
831 2332 999 2396 honestum
1022 2352 1062 2394 ex
1084 2332 1125 2395 lis
1147 2330 1228 2396 effici
1251 2332 1330 2396 nihil
1352 2333 1483 2416 poterit,
1511 2351 1576 2415 quo
1597 2334 1738 2397 detracto

411 2425 485 2510 quid
509 2427 626 2508 poterit
647 2426 774 2489 beatum
797 2426 963 2507 intellegit
986 2427 1109 2488 Etenim
1132 2428 1283 2510 quioquid
1306 2437 1366 2501 est,
1390 2429 1476 2511 quod
1495 2428 1613 2489 bonum
1629 2428 1682 2502 sit,
1706 2427 1737 2490 id

410 2520 623 2603 expetendum
646 2531 712 2594 est;
737 2520 822 2603 qood
845 2527 951 2582 antem
973 2520 1203 2602 expetendum,
1226 2520 1259 2582 id
1274 2529 1359 2584 certe
1374 2519 1629 2605 adprobandum
1652 2522 1737 2604 quod

409 2633 483 2676 vero
505 2614 707 2695 adprobatis,
731 2614 764 2676 id
786 2622 909 2697 gratum
930 2622 1160 2697 acceptumque
1181 2613 1378 2677 habendum:
1401 2631 1477 2696 ergo
1492 2615 1586 2678 otiam
1601 2613 1738 2697 dignitas

409 2706 438 2771 ei
459 2707 629 2771 tribuenda
651 2717 709 2771 444.
742 2708 838 2784 Quod
861 2707 888 2771 si
902 2708 947 2770 ila
963 2716 1027 2781 ost,
1049 2707 1209 2770 laudabile
1224 2709 1265 2771 sit
1280 2727 1409 2772 necesse
1424 2713 1486 2771 est:
1508 2709 1627 2773 honum
1641 2709 1776 2792 igiturtn

409 2822 501 2866 omne
532 2801 703 2865 laudabile.
743 2804 793 2866 Es
817 2824 880 2886 quo
902 2800 1040 2865 efficitur
1062 2809 1110 2875 ot,
1133 2802 1219 2882 qnod
1241 2804 1283 2866 sit
1304 2802 1486 2877 honestum,
1515 2803 1548 2866 id
1571 2805 1613 2867 sit
1634 2804 1737 2866 solum

407 2897 536 2959 bonum.

491 2988 575 3051 xvi.
598 2986 649 3052 46.
674 2990 768 3067 Quod
790 2992 823 3054 ni
848 2992 892 3054 444
913 2986 1106 3063 tenebimus,
1137 2987 1234 3052 multa
1256 2999 1349 3053 erunt
1370 3008 1452 3074 quae
1473 2991 1565 3055 nohis
1587 2993 1670 3056 bono
1691 2993 1739 3057 di·

409 3083 506 3145 eenda
535 3084 617 3146 sint:
645 3085 757 3148 omitto
786 3085 928 3158 divitias,
959 3103 1039 3166 quas
1061 3103 1133 3145 cum
1157 3084 1261 3166 quivis
1283 3086 1427 3166 quamvis
1451 3086 1601 3167 indignus
1621 3086 1738 3149 habete

410 3176 522 3258 possit,
545 3178 578 3238 in
601 3178 692 3241 bouis
716 3198 778 3241 non
802 3198 952 3251 numer03
976 3177 1063 3261 qnod
1087 3177 1172 3238 enim
1196 3179 1400 3250 otthonum,
1423 3179 1455 3240 id
1477 3197 1542 3241 non
1565 3179 1669 3261 quiris
1684 3179 1777 3242 hem

409 3268 483 3331 hero
513 3278 638 3352 potest3
668 3273 780 3335 omitto
809 3273 1007 3335 nobilitatem
1037 3270 1216 3355 famamque
1238 3271 1421 3353 popularem
1445 3271 1612 3334 stultorum
1634 3273 1741 3353 inpro-

409 3364 586 3447 borumque
615 3384 774 3428 consensu
804 3368 987 3429 excitatam:
1019 3365 1111 3437 baec,
1139 3382 1223 3447 quae
1253 3372 1328 3426 sunt
1356 3365 1497 3439 minimo,
1526 3374 1632 3428 444444
1658 3365 1741 3428 bona

410 3457 554 3521 dicantm
575 3477 706 3521 necesse
729 3467 793 3533 est,
817 3459 979 3523 candiduli
1002 3459 1129 3530 dentes,
1152 3458 1275 3520 venusti
1298 3456 1397 3531 oculi,
1418 3458 1508 3521 color
1525 3460 1631 3522 suavis
1647 3464 1679 3522 41
1693 3475 1741 3525 nes

411 3568 491 3633 quae
514 3552 659 3619 Anticlea
682 3551 790 3616 laudat
812 3554 895 3615 Ulixi
923 3553 1021 3636 pedes
1044 3551 1193 3625 abluens,

604 3646 803 3710 Lenitudn
825 3648 1053 3720 orationis,
1076 3644 1297 3708 mollitudo
1321 3645 1518 3729 corporis.
1751 3658 1781 3704 Ι

411 3739 455 3801 lia
483 3742 510 3801 si
538 3740 622 3803 bona
651 3740 821 3813 ducemus,
852 3741 928 3822 quid
959 3740 1018 3803 erit
1047 3741 1080 3802 in
1111 3737 1290 3823 philosophi
1313 3740 1465 3821 gravimte
1486 3762 1580 3824 quam
1603 3742 1638 3804 in
1660 3742 1744 3825 volgi

411 3833 562 3915 opinione
595 3834 828 3915 stultorumque
863 3834 953 3896 turha
982 3834 1068 3917 quod
1095 3834 1218 3895 dicatur
1245 3842 1301 3896 aut
1327 3833 1455 3915 gravius
1484 3843 1538 3897 aut
1567 3836 1743 3918 grandius?

411 3923 460 3990 47.
482 3930 524 3990 At
544 3928 628 3990 enim
652 3927 761 3988 eadem
784 3927 882 3989 Stoici
906 3927 1078 4009 praecipua
1102 3926 1150 3988 vel
1173 3927 1329 4008 producta
1344 3928 1456 3990 dicunt
1473 3945 1553 4009 quae
1575 3930 1659 3993 hona
1680 3930 1744 3994 4414.

410 4021 525 4084 Dicunt
545 4019 591 4083 illi
613 4020 756 4102 quidem,
779 4020 834 4083 red
859 4021 897 4083 iis
922 4022 1020 4084 vitam
1043 4021 1166 4082 beatam
1186 4020 1338 4101 compleri
1353 4029 1485 4103 negant:
1507 4021 1659 4087 hiantem
1676 4023 1744 4086 sine

410 4116 448 4178 444
470 4134 540 4177 4444
564 4114 682 4177 nullam
706 4123 907 4197 putantum,
931 4116 957 4176 si
981 4115 1022 4175 sit
1044 4114 1151 4185 beata,
1181 4114 1394 4176 beatissimam
1417 4123 1502 4177 certe
1523 4125 1647 4198 negant.
1681 4118 1783 4188 Nosco

410 4219 513 4272 autem
537 4209 680 4272 volumus
703 4208 929 4279 beatissimam,
953 4206 1051 4289 idque
1074 4207 1166 4269 nobis
1189 4209 1350 4270 Socratica
1372 4208 1428 4269 illa
1450 4208 1654 4271 conclusione
1670 4229 1746 4272 con·

410 4303 560 4366 firmatur.
604 4303 656 4364 Sic
685 4303 769 4364 enim
798 4303 946 4385 princeps
975 4302 1029 4363 ille
1058 4300 1279 4384 philosophiae
1303 4301 1490 4374 disserebat,
1514 4302 1618 4386 qualis
1640 4303 1745 4366 cuius·

411 4416 471 4481 que
492 4398 589 4460 animi
612 4396 753 4458 adfectus
776 4403 873 4468 esset,
896 4396 989 4458 telem
1014 4415 1084 4457 4444
1107 4395 1281 4468 huminem,
1304 4396 1408 4478 qualis
1431 4402 1536 4457 autem
1558 4396 1654 4459 homo
1676 4398 1744 4481 ipse

412 4500 510 4563 44444,
540 4490 634 4553 talem
661 4492 730 4552 eius
760 4510 829 4552 esse
862 4491 1054 4560 orationem3
1085 4488 1222 4551 orationi
1249 4497 1354 4551 autem
1380 4488 1462 4552 iacta
1488 4490 1620 4565 similia,
1653 4491 1744 4555 iactis

413 4586 513 4647 4414444.
547 4579 697 4646 Adfectus
720 4593 824 4647 autem
847 4585 944 4646 animi
967 4585 999 4644 in
1022 4584 1108 4645 hono
1126 4584 1193 4645 viro
1217 4583 1403 4657 laudabilis,
1426 4592 1457 4646 41
1473 4584 1537 4646 vita
1560 4585 1656 4666 igitur
1677 4586 1783 4657 lau-m

411 4678 525 4739 dabilis
548 4678 624 4739 boni
646 4679 705 4740 riri
728 4686 759 4739 44
780 4678 914 4740 honesta
936 4697 1022 4759 ergo,
1045 4678 1198 4761 qnoniam
1228 4677 1411 4739 laudabilis:
1441 4678 1621 4761 exquibus
1645 4681 1745 4744 hono-

411 4788 480 4832 rum
513 4772 637 4834 beatam
671 4774 765 4835 vitam
800 4792 869 4835 esse
903 4771 1112 4834 concluditur.
1157 4767 1206 4831 48.
1230 4771 1369 4842 Etenim,
1398 4789 1455 4854 pro
1485 4772 1616 4836 deorum
1648 4782 1744 4858 atquo

412 4863 573 4927 hominum
597 4862 711 4927 lideml
744 4885 896 4948 parumne
918 4866 1079 4947 cognitum
1104 4874 1151 4929 444
1177 4866 1395 4947 superioribus
1418 4867 1535 4929 nostris
1557 4866 1744 4950 disputatio-

412 4959 518 5033 nibus,
541 4978 581 5020 an
605 4958 825 5023 delectationis
848 4968 879 5022 et
898 4960 952 5022 otii
970 4958 1177 5021 consumendi
1194 4978 1289 5021 causa
1305 4958 1402 5021 loculi
1419 4980 1545 5034 sumus,
1569 4961 1743 5043 sapientem

411 5051 450 5115 ah
472 5053 557 5114 omni
582 5052 792 5115 concitatione
815 5052 928 5125 animi,
952 5072 1047 5135 quam
1070 5052 1338 5135 perturbationem
1362 5073 1456 5127 voco,
1479 5075 1604 5140 semper
1623 5075 1781 5129 vacarem

411 5166 537 5229 semper
558 5147 591 5209 in
613 5148 719 5209 animo
741 5148 810 5210 eius
833 5168 902 5210 esse
926 5147 1171 5230 placidissimam
1195 5151 1325 5229 paoem?
1353 5148 1409 5209 Vir
1429 5148 1525 5231 igitur
1541 5157 1744 5233 temperatus,

477 5473 500 5521 4.
519 5485 597 5521 mam
614 5475 634 5521 G
656 5499 681 5508 -
700 5473 825 5522 continere
842 5474 891 5522 GR
913 5499 938 5508 -
957 5473 981 5521 t.
1000 5472 1216 5522 habundontomG
1232 5501 1257 5509 -
1278 5472 1300 5522 3.
1316 5478 1450 5534 praestem
1466 5475 1606 5525 valetudiue
1618 5502 1631 5513 -
1642 5501 1655 5511 -
1667 5473 1741 5537 444441,

409 5549 582 5611 pemicitctem
598 5548 697 5597 Nonius
716 5561 740 5611 p.
753 5548 810 5599 444.
833 5574 859 5583 -
878 5548 1016 5610 iutopcrum
1032 5549 1119 5609 nicom
1132 5552 1151 5597 G
1163 5551 1195 5608 R3
1213 5551 1366 5614 iutegrtmuc
1376 5552 1482 5601 Nonius.
1499 5577 1524 5587 -
1540 5553 1579 5601 41.
1598 5566 1631 5601 eo>
1647 5552 1684 5600 bis
1695 5552 1742 5602 CO

414 5651 440 5660 -
459 5623 499 5673 49.
518 5628 575 5673 sunt
593 5625 640 5672 GB
663 5652 686 5658 -
708 5623 747 5672 43.
766 5638 810 5680 ea,
829 5624 902 5687 puae]
921 5636 998 5684 444444
1015 5623 1064 5672 GR
1080 5649 1106 5657 -
1126 5623 1166 5673 44.
1185 5626 1292 5674 anticlea
1310 5625 1344 5675 C:
1363 5625 1520 5685 nemauso
1536 5652 1561 5662 -·
1581 5626 1668 5675 1441444
1685 5638 1739 5676 om.

414 5698 432 5746 ll
451 5723 477 5733 -
496 5700 538 5747 to.
557 5698 665 5746 lenitudo
677 5724 713 5734 --
725 5712 755 5747 cu
771 5699 817 5747 ribi
834 5700 900 5747 bono
915 5700 1017 5757 (44444444,
1036 5697 1097 5758 quid
1108 5723 1144 5734 --
1155 5702 1281 5761 prosumo
1298 5701 1398 5750 Nonius
1416 5714 1440 5764 p.
1455 5701 1512 5749 434.
1528 5726 1553 5736 -
1573 5701 1614 5750 to.
1633 5701 1741 5750 4444444444

413 5773 433 5822 0
455 5797 480 5809 -
499 5774 540 5824 49,
559 5775 601 5823 sed
617 5774 653 5823 444
671 5775 720 5824 CO
741 5801 765 5810 -
785 5776 838 5824 sinc
854 5774 892 5837 iis]
910 5776 1020 5824 4444441]
1041 5799 1068 5809 -
1088 5773 1128 5823 3³.
1146 5775 1198 5835 ipse
1213 5777 1284 5825 bomo
1301 5775 1321 5825 0
1339 5801 1364 5810 -
1384 5774 1425 5824 34.
1445 5775 1575 5824 4414444444.
1596 5776 1739 5826 4444444440

414 5872 441 5884 -
460 5849 501 5899 38.
518 5850 567 5910 nde
588 5851 636 5897 Gli
663 5876 688 5884 ·-
714 5849 753 5897 39.
774 5850 937 5899 dilectationis
957 5850 1005 5898 Gn
1032 5874 1058 5885 -
1082 5849 1122 5899 41.
1141 5851 1386 5914 ciriatorum
1402 5849 1536 5900 niominis
1551 5849 1604 5899 44144
1621 5848 1738 5913 lubidine,

413 5936 493 5974 444444
505 5930 585 5974 nctus
600 5925 699 5975 Nonius
716 5938 743 5988 p.
757 5922 816 5977 441.
