4342 7459
445 1232 507 1301 too
734 1241 788 1303 DE
809 1241 966 1306 FINIBUS
988 1241 1258 1308 nouolutum
1279 1242 1479 1307 MALORUM

444 1418 493 1473 est
518 1411 603 1474 enim
630 1410 741 1475 vitium
769 1412 803 1474 in
831 1412 973 1475 oratioue
1000 1412 1118 1486 solum,
1148 1411 1203 1475 sed
1227 1412 1321 1475 otiam
1341 1412 1376 1475 in
1397 1413 1546 1477 moribus.
1590 1415 1763 1481 Luxuriam

443 1523 507 1566 non
535 1505 710 1587 reprendit,
739 1507 833 1568 modo
862 1506 905 1569 sit
924 1526 1024 1570 vacua
1051 1506 1174 1570 infinita
1196 1506 1369 1589 cupiditate
1390 1514 1423 1570 et
1444 1508 1568 1570 timore.
1603 1509 1673 1573 Hoc
1693 1510 1764 1575 loco

443 1594 617 1678 discipulos
646 1618 798 1682 quaerere
828 1599 965 1674 videtur,
996 1607 1033 1663 nt
1063 1601 1120 1683 qui
1146 1600 1227 1663 asoti
1261 1619 1330 1662 esse
1353 1599 1453 1662 velint
1481 1600 1661 1685 philosophi
1690 1613 1766 1668 ante

441 1686 527 1752 liant.
569 1687 620 1755 3⁴.
647 1694 673 1755 Α
699 1693 818 1774 primo,
850 1701 886 1756 ut
916 1696 1043 1778 opinor,
1074 1694 1281 1758 animantium
1304 1700 1376 1756 ortu
1400 1695 1519 1778 petitur
1539 1694 1627 1777 origo
1649 1699 1766 1760 summi

419 1783 527 1848 eboni.
569 1785 794 1869 Simulatque
822 1795 931 1851 natum
951 1788 1068 1851 animal
1091 1795 1155 1862 est,
1181 1788 1297 1870 gaudet
1318 1789 1478 1871 voluptate
1500 1797 1534 1852 et
1554 1810 1623 1853 eam
1646 1794 1769 1874 appetit
1789 1784 1791 1788 ¹

441 1877 632 1954 othonum,
653 1889 841 1962 aspernatur
862 1880 1002 1944 dolorem
1024 1889 1061 1944 ut
1081 1882 1207 1945 malum.
1248 1883 1295 1944 De
1317 1882 1409 1944 malis
1431 1888 1536 1945 autem
1558 1889 1591 1945 at
1610 1883 1704 1948 honis
1725 1885 1767 1947 ab

442 1971 481 2035 iis
503 1973 706 2047 animalibus,
729 1994 812 2058 quae
833 1976 974 2040 nondum
996 1976 1165 2059 depravata
1186 1977 1263 2050 sint,
1286 1976 1331 2039 ait
1352 1977 1469 2057 optime
1492 1976 1637 2041 iudicari.
1677 1978 1768 2043 Haec

442 2073 474 2128 et
495 2074 530 2129 tu
551 2066 596 2130 ita
616 2068 751 2151 posuisti
773 2077 805 2132 et
825 2069 922 2132 verba
941 2078 1047 2133 vestra
1072 2078 1156 2134 sunt.
1194 2071 1295 2146 Quam
1319 2069 1417 2134 multa
1439 2070 1567 2133 vitiosal
1601 2070 1767 2134 Summum

442 2160 524 2243 enim
546 2160 665 2224 bonum
687 2168 719 2226 et
739 2163 857 2226 malum
870 2164 1000 2245 vagiens
1022 2184 1104 2246 puer
1123 2172 1195 2227 uua
1209 2165 1371 2246 voluptate
1386 2163 1584 2237 diiudicabit,
1607 2173 1710 2228 stante
1724 2185 1767 2229 an

405 2257 611 2318 semovente?
633 2256 797 2339 quoniam,
819 2258 847 2321 si
869 2256 919 2319 dis
941 2258 1058 2339 placet,
1080 2257 1120 2320 ab
1141 2258 1277 2341 Epicuro
1299 2256 1388 2339 loqui
1403 2256 1565 2321 discimus.
1599 2259 1634 2321 Si
1653 2265 1766 2334 stante,

440 2346 502 2410 lloc
523 2356 636 2413 natura
656 2350 805 2415 videlicet
825 2352 907 2424 vult,
928 2352 1048 2415 salvam
1063 2371 1132 2414 esse
1151 2371 1200 2424 se,
1222 2350 1309 2434 quod
1323 2351 1542 2425 concedimus3
1565 2352 1593 2415 si
1607 2362 1767 2428 movente,

442 2444 529 2526 quod
550 2452 655 2507 tamen
677 2444 797 2519 dicitis,
818 2444 906 2506 nulla
927 2445 1028 2528 turpis
1050 2446 1198 2527 voluptas
1220 2444 1294 2518 erit,
1316 2463 1399 2527 quae
1421 2444 1700 2527 praetermittenda
1715 2448 1767 2521 sit,

442 2544 474 2599 et
494 2537 588 2600 simul
610 2557 675 2600 non
696 2538 906 2621 proficiscitur
926 2540 1044 2602 animal
1066 2540 1145 2602 illud
1166 2539 1262 2602 modo
1283 2544 1391 2600 natum
1413 2556 1432 2599 a
1454 2557 1574 2601 summa
1593 2538 1767 2623 voluptate,

442 2649 524 2713 quae
547 2638 688 2696 estate
710 2633 813 2715 posita
834 2634 867 2695 in
888 2651 954 2694 non
976 2632 1125 2695 dolendo.
1177 2629 1228 2693 33.
1251 2634 1316 2694 Nee
1337 2638 1442 2693 tamen
1462 2640 1682 2712 argumentum
1704 2633 1768 2698 hoc

405 2723 595 2805 soEpieurus
621 2747 641 2789 a
665 2728 769 2810 parvis
794 2727 907 2809 petivit
935 2734 989 2789 aut
1015 2727 1110 2790 etiam
1131 2746 1151 2790 a
1175 2725 1301 2797 hestiis,
1327 2743 1409 2807 quaa
1432 2732 1522 2806 putat
1539 2722 1612 2788 'esse
1635 2728 1769 2808 specula

441 2826 585 2893 naturae,
607 2828 643 2884 ut
664 2822 782 2884 diceret
802 2820 842 2883 ab
863 2821 902 2883 iis
924 2819 1004 2883 duce
1026 2830 1138 2884 natura
1158 2819 1241 2882 hanc
1261 2818 1456 2899 voluptatem
1478 2819 1586 2899 expeti
1607 2820 1688 2885 nihil
1711 2823 1769 2885 do·

441 2910 537 2974 lendi.
570 2915 681 2997 Neque
705 2914 789 2977 enim
802 2914 883 2976 haec
897 2933 1024 2977 movere
1038 2921 1145 2996 potest
1158 2913 1335 2997 appetitum
1349 2911 1469 2985 animi,
1483 2931 1542 2974 nec
1558 2911 1656 2976 ullum
1671 2915 1769 2979 habet

440 3005 554 3081 ictum,
576 3028 641 3091 quo
663 3009 761 3093 pellat
782 3009 935 3080 animum,
958 3015 1057 3071 status
1079 3008 1131 3070 hic
1152 3027 1218 3070 nou
1233 3003 1372 3067 dolendi.
1403 3005 1513 3087 ltaque
1528 3005 1562 3067 in
1577 3005 1637 3070 boe
1652 3007 1769 3073 eodem

441 3110 552 3184 peccat
578 3103 802 3186 Hieronymus.
841 3105 884 3165 At
914 3102 969 3164 ille
1001 3102 1106 3185 pellit,
1140 3102 1195 3184 qui
1230 3099 1406 3183 permulcet
1435 3117 1563 3161 sensum
1592 3100 1768 3183 voluptate.

403 3195 552 3278 soltaque
573 3196 729 3281 Epicurus
751 3216 877 3278 semper
897 3196 957 3258 hoc
974 3196 1087 3269 utitur,
1109 3203 1145 3258 ut
1165 3193 1278 3277 probet
1302 3192 1496 3275 voluptatem
1518 3200 1629 3255 natura
1647 3195 1768 3276 expeti,

441 3289 527 3371 quod
550 3309 588 3352 ea
608 3291 767 3375 voluptas,
790 3310 872 3373 quae
895 3290 929 3351 in
951 3296 1038 3351 motu
1060 3288 1115 3363 sit,
1137 3296 1170 3351 et
1191 3306 1303 3370 parvos
1326 3285 1366 3349 ad
1388 3305 1423 3349 se
1444 3286 1564 3349 alliciat
1584 3294 1617 3350 et
1636 3288 1767 3363 bestias,

440 3402 505 3446 non
526 3384 582 3448 illa
602 3385 738 3459 stabilis,
760 3386 794 3448 in
808 3403 873 3467 qua
887 3392 1007 3447 tautum
1027 3383 1110 3446 inest
1124 3382 1205 3445 nihil
1220 3381 1339 3445 dolere.
1371 3380 1433 3455 Qui
1448 3380 1544 3462 igitur
1558 3381 1708 3444 convenit
1726 3381 1768 3445 ab

440 3477 501 3539 alia
524 3478 687 3560 voluptate
716 3478 823 3541 dicere
851 3486 995 3540 naturam
1022 3475 1194 3558 proficisci,
1223 3479 1257 3540 in
1287 3478 1350 3541 alia
1376 3497 1533 3540 summum
1558 3476 1678 3541 honum
1709 3498 1769 3561 po·

386 3577 390 3585 '
439 3573 537 3633 neret
579 3573 635 3634 xl.
657 3570 709 3635 33.
733 3572 910 3634 Bestiarum
937 3592 1011 3634 vero
1039 3569 1161 3634 nullum
1190 3570 1342 3634 iudicium
1370 3578 1457 3654 puto.
1500 3571 1652 3646 Quamvis
1679 3573 1766 3635 enim

401 3664 629 3749 radepravatae
650 3686 716 3728 uon
737 3667 816 3739 sint,
838 3685 953 3748 pravae
976 3673 1081 3728 tamen
1104 3685 1174 3727 esse
1197 3674 1341 3748 possunt.
1379 3665 1416 3727 Ut
1439 3664 1587 3727 bacillum
1608 3664 1696 3726 aliud
1719 3674 1769 3729 est

438 3759 590 3822 inflexum
613 3766 646 3822 et
666 3760 861 3822 incurvatum
882 3760 921 3821 de
940 3758 1112 3832 industria,
1133 3758 1220 3820 aliud
1236 3761 1281 3821 ita
1294 3765 1417 3831 natum,
1440 3759 1485 3821 sic
1498 3757 1637 3821 serarum
1651 3767 1766 3823 natura

438 3872 503 3916 non
526 3861 574 3915 est
595 3853 648 3917 illa
671 3854 798 3935 quidem
814 3852 984 3934 depravata
1005 3852 1086 3915 mala
1102 3852 1280 3934 disciplina,
1304 3852 1485 3926 sednatura
1500 3870 1567 3914 sua.
1599 3852 1664 3914 Nec
1678 3872 1767 3928 vero,

438 3956 472 4012 ut
500 3948 693 4030 voluptatem
725 3954 868 4030 expetat,
898 3953 1010 4009 nutura
1040 3955 1145 4010 movet
1167 3946 1332 4019 infantem,
1362 3945 1417 4008 sed
1442 3950 1562 4007 tantum
1583 3951 1619 4007 ut
1639 3965 1675 4007 se
1696 3946 1767 4029 ipse

438 4042 563 4125 diligat,
593 4051 629 4106 ut
655 4042 811 4123 integrum
841 4060 876 4104 se
903 4041 1090 4124 salvumque
1113 4040 1198 4103 velit.
1232 4039 1333 4103 Omne
1356 4040 1437 4101 euim
1461 4038 1595 4112 animal,
1617 4038 1713 4107 simul
1735 4048 1769 4103 et

401 4145 543 4200 aoortum
564 4145 628 4211 est,
649 4143 682 4199 et
703 4154 737 4198 se
759 4135 862 4217 ipsum
884 4142 917 4197 et
938 4154 1048 4198 omnes
1070 4143 1177 4217 partes
1196 4154 1269 4198 suas
1285 4134 1402 4216 diligit,
1425 4131 1580 4216 duasque,
1601 4152 1685 4215 quae
1700 4154 1767 4198 ma·

439 4232 544 4293 xlmae
566 4239 656 4303 sunt,
678 4231 712 4292 in
733 4229 843 4313 primis
865 4229 1075 4311 amplectitur,
1097 4230 1239 4292 animum
1261 4236 1293 4291 et
1314 4247 1441 4309 corpus,
1463 4225 1579 4289 deinde
1599 4229 1766 4310 utriusque

438 4332 553 4407 partes.
589 4326 668 4386 Nam
690 4331 763 4386 sunt
784 4331 815 4385 et
836 4323 869 4405 ip
892 4322 997 4385 animo
1026 4324 1198 4407 praecipua
1220 4321 1376 4405 quaedam
1399 4329 1431 4384 et
1451 4321 1486 4384 in
1508 4341 1659 4403 corpore,
1682 4342 1767 4406 quae

439 4438 509 4481 cum
532 4418 644 4481 leviter
664 4418 804 4500 agnovit,
827 4424 903 4479 tunc
920 4417 1101 4479 discernere
1123 4417 1251 4499 incipit,
1273 4424 1309 4479 ut
1324 4435 1371 4489 ea,
1395 4435 1477 4498 quae
1496 4415 1599 4497 prima
1612 4415 1685 4478 data
1702 4417 1767 4478 sint

439 4523 567 4587 natura,
595 4518 723 4596 appetat
747 4518 996 4593 asperneturque
1019 4511 1186 4573 contraria.
1231 4506 1282 4572 ot.
1305 4511 1341 4571 lu
1363 4508 1413 4571 his
1435 4509 1544 4593 primis
1566 4509 1767 4572 naturalibus

352 4654 356 4661 ,
401 4606 583 4690 sovoluptas
604 4605 680 4668 insit
701 4624 818 4677 necne,
839 4623 953 4685 magna
973 4606 1118 4687 quaestio
1142 4611 1201 4667 est.
1236 4604 1322 4665 Nihil
1337 4623 1412 4666 vero
1428 4611 1538 4685 putare
1555 4621 1625 4663 esse
1641 4611 1768 4683 praeter

439 4698 648 4781 voluptatem,
671 4718 736 4760 non
758 4695 913 4771 membra,
934 4717 999 4759 non
1021 4718 1149 4772 sensus,
1171 4718 1233 4760 non
1256 4698 1373 4780 ingenii
1397 4703 1529 4782 motum,
1550 4715 1615 4759 non
1636 4697 1768 4778 iutegri-

439 4800 535 4857 tatem
553 4792 710 4875 corporis,
732 4812 798 4855 non
820 4791 1050 4866 valetudinem,
1073 4811 1213 4855 summae
1233 4790 1312 4854 mihi
1331 4790 1455 4853 videtur
1473 4789 1624 4854 inscitiae.
1660 4790 1767 4872 Atque

502 5049 527 5098 Β.
546 5047 586 5111 sitl
602 5048 624 5097 ai
640 5048 659 5097 ll
678 5072 705 5082 -
728 5047 752 5095 5.
771 5044 876 5108 ouimol]
894 5045 1004 5094 animale
1020 5045 1069 5094 ΑΒ
1090 5070 1116 5080 -
1138 5046 1163 5094 6.
1180 5048 1208 5092 ut
1223 5042 1326 5105 motum]
1345 5048 1367 5092 et
1383 5042 1479 5091 molum
1491 5041 1523 5091 ΑΙ
1541 5067 1569 5077 -
1593 5043 1617 5091 7.
1635 5041 1693 5104 sict]
1710 5048 1769 5094 mes

439 5127 506 5175 Α·
530 5123 643 5172 iudicare
665 5119 695 5172 Αι
714 5147 741 5156 -
766 5121 789 5169 9.
808 5121 851 5185 aa]
874 5125 932 5170 onte
954 5120 1011 5170 ΑΒ.
1043 5122 1085 5182 (ln
1102 5123 1123 5170 Α
1141 5118 1241 5181 syllaba
1263 5124 1286 5169 te
1307 5121 1348 5169 est
1370 5121 1444 5168 extre
1465 5130 1590 5176 versum,
1615 5118 1727 5169 tortasse
1752 5133 1768 5168 a

439 5214 493 5251 sec.
513 5199 560 5259 m.)
577 5225 610 5234 -
631 5199 671 5247 ld.
690 5198 728 5247 dis
741 5197 824 5259 placet
841 5199 874 5246 A:
898 5196 1008 5257 displicet
1024 5196 1043 5245 B
1065 5222 1092 5232 -
1110 5196 1226 5243 discimus
1243 5196 1311 5258 toqui
1328 5196 1347 5243 Β
1366 5219 1393 5229 -
1414 5194 1453 5242 ti.
1473 5193 1513 5241 sit.
1532 5192 1564 5240 Et
1581 5193 1641 5241 0-
1662 5194 1702 5243 to.
1723 5199 1769 5243 out

438 5275 522 5335 etium]
543 5278 601 5322 cute
621 5277 645 5321 et
666 5273 685 5322 B
704 5298 738 5310 -
762 5272 858 5335 spiculo
880 5271 899 5320 B
925 5297 952 5308 -·
980 5271 1019 5320 to.
1044 5270 1074 5319 its
1098 5270 1240 5319 Victorius:
1263 5271 1301 5318 leis
1317 5268 1379 5324 AO:
1404 5268 1448 5328 leus
1470 5268 1489 5316 B
1511 5294 1545 5303 -
1571 5267 1610 5316 ⁴7.
1629 5268 1680 5317 Nee
1697 5268 1717 5317 Β
1736 5292 1765 5304 -·

440 5351 479 5401 ⁴8.
490 5349 574 5413 ictum]
587 5349 665 5396 ritmo
677 5347 696 5397 F.
709 5374 736 5383 -
749 5348 872 5406 ocimum,
890 5351 969 5395 stateo
979 5346 1123 5395 Victorius:
1143 5345 1221 5393 ocimi
1232 5350 1324 5394 statum
1336 5342 1414 5393 codd.
1430 5368 1457 5378 -
1477 5342 1518 5391 Β).
1532 5342 1611 5390 etism
1622 5345 1768 5404 (supersor.

439 5439 454 5474 a
471 5438 526 5475 sec.
546 5437 582 5473 m.
598 5424 695 5481 nititur)
714 5425 746 5472 A:
765 5428 853 5471 utatur
870 5422 889 5471 B
908 5446 935 5457 -·
954 5421 996 5470 tl.
1014 5420 1137 5484 voluptas]
1154 5420 1223 5468 uobis
1239 5418 1270 5470 Αι
1282 5445 1309 5454 -
1330 5419 1370 5483 22.
1389 5417 1458 5480 nihil]
1475 5431 1526 5466 ooo
1543 5418 1603 5465 Β-
1624 5418 1672 5476 (lui
1687 5418 1769 5467 Lam·

438 5500 531 5551 binus:
553 5500 617 5563 Quid
634 5498 712 5548 codd.
726 5524 753 5534 -
773 5500 814 5548 25.
827 5496 884 5559 cast]
901 5500 988 5546 mnes
1003 5521 1030 5531 -
1052 5497 1082 5544 us
1099 5496 1214 5545 laedium
1226 5520 1262 5531 ·-
1273 5495 1311 5542 ito
1326 5498 1414 5542 notum
1426 5496 1488 5553 (om.
1502 5493 1532 5542 de
1544 5491 1676 5550 industrio)
1690 5490 1769 5541 allent

439 5577 539 5625 Nouius
556 5573 694 5625 llaroellus
712 5587 738 5637 p.
757 5574 798 5624 78.
817 5598 844 5609 -
865 5572 994 5621 eoeneum
1012 5571 1042 5621 Α1
1059 5575 1087 5620 et
1104 5572 1201 5621 Nonius
1220 5594 1247 5604 -
1269 5569 1310 5619 38.
1328 5568 1361 5631 se]
1378 5570 1399 5616 st
1417 5568 1447 5617 ll¹
1465 5594 1492 5602 -
1512 5568 1553 5616 29.
1572 5566 1684 5615 simulet
1701 5566 1766 5616 AB:

438 5651 511 5699 mmet
526 5655 554 5699 ut
571 5651 604 5708 0;
622 5650 696 5698 simut
713 5648 758 5712 [utl
776 5650 815 5705 u;
833 5648 907 5696 simut
925 5646 964 5709 [et]
983 5646 1054 5696 idem
1072 5648 1097 5696 in
1116 5645 1260 5696 llddondis.
1284 5643 1323 5693 Cl.
1342 5644 1364 5690 V
1382 5643 1396 5706 5
1413 5641 1454 5692 tl.
1474 5643 1538 5705 Epp.
1552 5641 1586 5689 ad
1603 5642 1655 5690 au.
1669 5640 1704 5701 ll,
1722 5640 1766 5698 2⁰,

439 5726 463 5772 Β.
481 5724 516 5780 ll.
535 5723 565 5785 l,
584 5726 624 5774 tt.
644 5724 684 5784 46,
703 5724 727 5774 l.
751 5723 821 5783 llVl,
840 5724 880 5781 ll,
898 5722 923 5771 6.
942 5720 977 5770 nd
995 5723 1025 5780 Q.
1045 5723 1076 5771 tr.
1097 5723 1132 5777 ΙΙ,
1151 5722 1176 5779 6,
1194 5721 1218 5768 3.
1240 5745 1266 5754 -
1293 5720 1333 5769 30.
1352 5724 1386 5767 est
1403 5732 1456 5768 orn.
1476 5720 1524 5768 ΑΒ
1544 5744 1572 5753 -
1593 5716 1634 5766 33.
1653 5715 1765 5779 oqooott]

440 5800 509 5847 uouit
526 5800 585 5848 Β-
604 5805 663 5848 tune
679 5803 713 5849 A:
733 5798 915 5847 tomuuo-
933 5798 1017 5858 primo
1034 5798 1053 5846 Β
1068 5823 1096 5833 -
1114 5797 1162 5845 slot
1179 5796 1241 5845 AB:
1260 5800 1317 5843 suot
1334 5795 1395 5843 0-
1414 5793 1455 5844 ll.
1473 5796 1674 5854 &ponaturque
1690 5788 1721 5840 A¹
1735 5815 1764 5826 -

438 5874 535 5937 primis]
552 5875 649 5936 paim
664 5869 695 5924 lt¹
714 5898 741 5909 -
760 5873 800 5922 33.
819 5886 870 5921 noo
885 5872 1059 5933 valetudines]
1077 5886 1127 5922 noe
1143 5870 1306 5920 ualitudinem
1321 5870 1434 5932 corporis
1449 5870 1512 5928 AB3
1531 5880 1584 5917 om.
1597 5865 1617 5915 E
1629 5867 1687 5928 [eoo
1698 5864 1766 5913 iete-

440 5948 572 6013 prs'totem,
590 5964 640 5999 ooo
656 5948 821 5999 oddodloem
837 5947 950 6012 serpens
966 5946 1080 5998 Klotaius
1098 5948 1131 6011 lin
1149 5946 1305 6007 prooemio).
