4342 7459
446 1271 509 1339 lte
894 1273 948 1337 DE
969 1274 1140 1338 DEORUM
1159 1273 1322 1337 NATURA

446 1434 583 1499 adferret
601 1433 757 1507 humano,
779 1432 811 1495 id
834 1451 899 1495 non
922 1434 991 1496 sine
1013 1433 1121 1496 divina
1143 1433 1285 1496 bonitate
1300 1451 1375 1514 erga
1393 1431 1541 1496 homines
1558 1428 1626 1496 lieri
1639 1432 1774 1496 arbitrr·

445 1531 567 1594 bantur.
609 1530 722 1611 ltaque
750 1536 816 1591 tum
844 1528 940 1603 illud,
969 1529 1054 1611 quod
1077 1535 1146 1591 erat
1166 1548 1185 1590 a
1206 1529 1265 1592 deo
1288 1535 1411 1601 natum,
1441 1527 1570 1589 nomine
1591 1527 1694 1609 ipsius
1718 1524 1772 1589 dei

445 1623 685 1706 nuncupabant,
707 1630 742 1685 ut
761 1643 831 1685 cum
846 1623 951 1706 fruges
969 1624 1113 1687 Cererem
1128 1623 1343 1705 appellamus,
1365 1623 1473 1685 vinum
1489 1629 1596 1685 autem
1610 1620 1772 1694 Liberum,

445 1738 485 1780 ex
507 1737 571 1799 quo
592 1715 670 1778 illud
693 1717 854 1780 Terentii:

420 1809 435 1865 l
675 1809 771 1872 Sine
795 1810 942 1873 Cerere
965 1817 1003 1873 et
1024 1810 1175 1871 Libero
1196 1808 1328 1890 friget
1349 1810 1500 1872 Venus:

443 1900 495 1966 61.
517 1910 582 1966 tum
609 1912 712 1967 aulem
744 1925 794 1968 res
817 1906 901 1989 ipsa,
930 1906 962 1968 in
986 1904 1116 1987 quavis
1138 1904 1221 1965 inest
1242 1904 1342 1967 maior
1363 1903 1485 1986 aliqua,
1515 1902 1561 1964 sic
1583 1899 1772 1991 appelletur,

442 2004 477 2060 ut
503 2016 540 2060 ea
567 1997 637 2080 ipsa
659 2000 841 2062 nominetur
861 1999 954 2072 deus,
976 2007 1011 2060 ut
1032 1999 1141 2072 Fides,
1163 2004 1199 2059 ut
1219 2000 1327 2071 ldens,
1351 2017 1429 2080 quas
1451 1997 1483 2058 in
1501 1995 1658 2079 Capitolio
1680 1993 1772 2058 dedi-

442 2099 527 2153 catas
549 2090 693 2153 videmus
715 2093 860 2175 proxime
882 2112 901 2155 a
922 2095 963 2155 Μ.
978 2094 1114 2155 Aemilio
1137 2093 1265 2165 Scauro,
1287 2099 1360 2155 ante
1383 2099 1489 2153 autem
1512 2089 1551 2153 ab
1569 2090 1667 2153 Atilio
1681 2088 1772 2153 Cala·

441 2186 508 2248 tino
531 2193 597 2247 erat
618 2184 712 2249 Fides
735 2194 927 2251 consecrata.
964 2186 1060 2249 Vides
1079 2186 1209 2247 Virtutis
1233 2184 1397 2268 templum,
1420 2184 1507 2246 vides
1529 2183 1666 2246 Honoris
1686 2201 1707 2245 a
1727 2184 1771 2247 ll.

403 2279 589 2342 ltMarcello
618 2283 820 2355 renovatum,
849 2280 935 2364 quod
969 2279 1075 2342 multis
1097 2286 1170 2341 ante
1192 2281 1283 2341 annis
1307 2287 1375 2341 erat
1396 2278 1481 2341 bello
1505 2278 1666 2360 Ligustico
1687 2296 1708 2340 a
1729 2277 1769 2353 Q.

440 2373 578 2438 Maximo
601 2371 790 2436 dedicatum.
827 2374 910 2449 Quid
935 2373 1038 2455 Opist
1061 2371 1138 2455 quid
1161 2372 1304 2435 Salutis?
1326 2372 1404 2456 qnid
1425 2371 1637 2447 Concordiae,
1660 2371 1770 2435 Liber·

440 2467 529 2540 talis,
550 2466 731 2529 Victoriae?
753 2487 887 2550 quarum
909 2467 1050 2531 omnium
1072 2481 1177 2529 rerum
1201 2466 1276 2547 quia
1297 2467 1344 2528 vis
1361 2474 1428 2528 erat
1447 2472 1550 2538 tanta,
1572 2474 1609 2529 nt
1623 2466 1694 2529 sine
1708 2466 1769 2528 deo

440 2562 506 2642 regi
528 2579 591 2623 non
614 2569 736 2642 posset,
760 2564 828 2643 ipsa
849 2582 900 2624 res
923 2563 1054 2624 deorum
1076 2579 1192 2622 nomen
1215 2560 1362 2643 optinuit.
1394 2560 1466 2635 Quo
1485 2577 1658 2643 exgenere
1674 2559 1770 2642 Cupi-

441 2652 523 2718 dinis
546 2661 577 2716 et
591 2654 771 2738 Voluptatis
793 2660 825 2717 et
839 2653 1035 2717 Lubentinae
1050 2655 1183 2716 Veneris
1199 2653 1354 2716 vocabula
1369 2661 1551 2717 consecrata
1566 2661 1656 2727 sunt,
1678 2653 1770 2717 vitio·

402 2746 545 2811 lisanum
566 2768 671 2811 rerum
693 2767 799 2831 neque
820 2748 1028 2822 naturalium,
1051 2768 1241 2831 quamquam
1257 2748 1399 2811 Velleius
1415 2750 1506 2812 aliter
1521 2748 1691 2820 existimat,
1713 2745 1769 2809 sed

440 2843 545 2904 tamen
568 2861 606 2905 ea
629 2842 698 2924 ipsa
719 2842 796 2904 vitia
818 2850 960 2904 naturam
983 2842 1201 2906 vehementius
1223 2861 1317 2926 saepe
1340 2844 1475 2925 pulsant.
1519 2840 1768 2905 tantilitatem

440 2933 536 3015 igitur
558 2934 773 3015 magnitudine
796 2937 957 2999 constituti
980 2944 1053 2999 sunt
1075 2937 1104 2998 ei
1120 2937 1167 3010 di,
1190 2936 1244 3017 qui
1260 2936 1412 2998 utilitates
1429 2955 1572 3019 quasque
1587 2936 1768 3019 gignebant.

439 3030 544 3110 Atque
566 3027 616 3089 his
639 3027 769 3111 quidem
793 3030 989 3103 nominibus,
1012 3051 1094 3112 quae
1117 3030 1212 3112 paulo
1235 3039 1307 3092 ante
1330 3029 1519 3105 dictasunt,
1543 3030 1768 3114 quaesierit,

439 3122 473 3184 in
495 3137 623 3205 quoque
646 3122 822 3186 declaratur
845 3124 915 3186 deo.
951 3126 1065 3186 xxiv.
1089 3125 1236 3206 Suscepit
1257 3132 1360 3186 autem
1377 3125 1441 3187 vita
1456 3124 1621 3187 hominum
1637 3141 1769 3188 consue·

402 3210 583 3300 lltudoque
606 3220 781 3279 communis
803 3225 839 3279 ut
860 3218 1023 3281 beneficiis
1045 3218 1232 3281 excellentis
1255 3220 1339 3281 viros
1362 3219 1394 3279 in
1417 3218 1540 3281 caelum
1562 3218 1645 3280 tama
1663 3231 1770 3280 aero·

439 3308 559 3371 luntate
586 3309 741 3372 tollerent.
779 3312 860 3373 Hinc
882 3312 1050 3387 Hercules,
1082 3312 1156 3374 hinc
1179 3311 1290 3375 Castor
1312 3319 1345 3373 et
1365 3311 1498 3385 Pollux,
1524 3312 1599 3374 hinc
1620 3311 1770 3374 Aescula-

439 3403 527 3483 pius,
549 3400 622 3463 hinc
644 3403 739 3465 Liber
761 3407 854 3466 etialn
878 3442 919 3453 -
941 3405 1024 3468 hunc
1046 3405 1118 3467 dico
1141 3406 1288 3468 Liberum
1310 3406 1435 3469 Semela
1456 3414 1583 3479 natum,
1606 3421 1671 3468 non
1686 3415 1769 3479 eum,

440 3511 535 3579 quem
562 3497 661 3557 nostri
689 3497 824 3560 maiores
851 3508 982 3581 auguste
1005 3508 1176 3581 sancteque
1198 3499 1346 3561 Liberum
1369 3511 1441 3562 cum
1464 3499 1578 3562 Cerere
1600 3505 1632 3562 et
1654 3499 1769 3562 Libora

440 3597 719 3664 consecraverunt,
742 3590 828 3674 quod
852 3594 946 3674 quale
969 3593 1072 3654 silex
1096 3592 1254 3674 mysteriis
1277 3592 1419 3674 intellegi
1441 3600 1556 3675 potest.
1594 3591 1658 3654 Sed
1680 3589 1768 3675 quod

401 3690 480 3743 alex
513 3682 605 3744 nobis
638 3693 730 3746 natos
763 3684 878 3747 liberos
906 3685 1120 3768 appellamus,
1153 3685 1271 3746 idcirco
1295 3686 1409 3749 Cerere
1431 3687 1496 3747 nati
1519 3683 1672 3748 nominati
1695 3691 1767 3749 sunt

439 3776 535 3838 Liber
556 3784 587 3838 et
608 3776 735 3850 Libera,
766 3779 851 3861 quud
873 3780 906 3841 in
929 3778 1040 3840 Libera
1062 3786 1203 3851 servant,
1233 3779 1265 3840 in
1289 3780 1401 3841 Libero
1424 3792 1487 3842 non
1509 3780 1585 3843 item
1609 3813 1666 3854 -,
1693 3778 1768 3842 hino

403 3930 407 3937 .
440 3870 531 3932 etiam
557 3871 723 3945 Romulus,
753 3892 847 3954 quem
870 3873 996 3956 quidem
1019 3872 1156 3934 eundem
1179 3889 1248 3933 esse
1272 3871 1441 3946 Quirinum
1465 3882 1597 3955 putant:
1631 3885 1767 3956 qnorum

438 3959 511 4027 cuni
533 3973 731 4028 remanerent
750 3966 848 4029 animi
869 3975 964 4049 utque
986 3966 1173 4029 aeternitate
1195 3965 1387 4040 fruerentur,
1415 3968 1475 4031 rite
1499 3967 1532 4029 di
1559 3975 1633 4032 suut
1654 3963 1766 4043 habiti,

439 4079 510 4121 cum
533 4066 564 4120 et
585 4060 695 4141 optimi
718 4070 823 4123 essent
844 4069 876 4124 et
897 4062 1026 4123 aeterni.

401 4160 430 4206 ⁸⁰
521 4150 572 4214 63.
595 4153 663 4214 Alia
685 4172 815 4236 quoque
839 4176 879 4217 ex
905 4156 1028 4217 ratione
1051 4154 1232 4236 etquidem
1264 4154 1394 4235 physica
1424 4173 1537 4235 magna
1567 4155 1661 4216 linxit
1687 4154 1768 4218 mul·

438 4249 537 4311 titudo
570 4246 716 4319 deornm,
756 4250 810 4330 qui
843 4250 944 4312 induti
979 4249 1085 4329 specie
1119 4247 1256 4310 humana
1289 4247 1409 4309 fabulas
1448 4249 1550 4330 politis
1584 4247 1767 4331 suppedita-

437 4350 565 4415 verunt,
597 4339 760 4402 hominum
789 4352 894 4405 nutem
923 4344 1017 4405 vitam
1047 4342 1273 4423 superstitione
1302 4342 1385 4402 omni
1417 4342 1621 4403 referserunt.
1664 4343 1767 4425 Atque

437 4435 488 4497 hic
516 4435 604 4496 locus
631 4454 647 4496 a
680 4439 805 4497 Zenone
834 4445 981 4499 tractatus
1011 4446 1084 4517 post
1114 4457 1131 4497 a
1163 4436 1312 4497 Cleanthe
1347 4444 1379 4496 et
1412 4434 1586 4518 Chrysippo
1622 4434 1768 4517 pluribus

438 4529 540 4591 verbis
569 4528 745 4608 explicatus
772 4538 829 4592 est.
875 4532 951 4591 Nam
982 4540 1071 4592 vetus
1100 4529 1177 4590 haec
1199 4530 1307 4610 opinio
1331 4528 1494 4590 Graeciam
1523 4527 1682 4609 opplevit,
1712 4546 1768 4590 ex·

400 4630 557 4685 saeclum
591 4620 720 4682 Caelum
750 4641 769 4683 a
802 4620 867 4684 lilio
901 4624 1055 4695 Saturno,
1091 4623 1230 4684 vinctum
1264 4631 1369 4683 autem
1407 4623 1574 4683 Satumnm
1610 4621 1716 4704 ipsum
1748 4639 1769 4683 a

438 4716 502 4781 filio
532 4719 616 4779 love.
659 4711 710 4776 (ll.
732 4716 865 4801 Physica
892 4718 972 4778 ratio
1002 4736 1066 4778 non
1089 4715 1251 4798 inelegans
1273 4717 1395 4778 inclusa
1414 4724 1462 4777 est
1486 4716 1518 4777 in
1543 4716 1654 4799 impias
1676 4716 1768 4779 iabu-

503 4924 527 4970 2.
546 4928 634 4970 nutum
651 4919 686 4971 ti:
711 4922 830 4970 donatum
847 4921 905 4970 cod.
926 4921 1117 4983 Glogavicnsis‚
1136 4924 1165 4971 0.
1191 4923 1229 4971 Cl.
1249 4922 1315 4984 Sili.
1336 4921 1369 4969 do
1387 4920 1459 4969 Oitic.
1480 4922 1500 4968 11
1523 4920 1590 4981 §⁴6-
1611 4946 1638 4956 -
1658 4921 1682 4971 3.
1702 4936 1767 4973 oon·

437 4997 563 5060 crepabunt
579 5000 637 5044 A-
657 4996 742 5058 [roges
758 5010 866 5045 cererem
883 5010 952 5044 corr.
967 5011 998 5045 en
1015 4997 1188 5059 [reposcereV
1204 5024 1227 5033 -
1249 4996 1273 5045 t.
1293 4998 1380 5044 terenti
1399 4996 1457 5042 BV¹
1472 5020 1499 5029 -
1519 4997 1543 5043 ll.
1557 4997 1620 5045 inest
1635 4998 1720 5047 mutor
1730 5022 1767 5035 ··

438 5087 469 5122 eo
486 5074 541 5132 ipso
558 5072 584 5118 in
603 5084 686 5131 marg.
705 5070 786 5119 habel
803 5072 822 5118 ll
841 5097 868 5105 —
888 5072 971 5132 otique
987 5073 1016 5119 A¹
1039 5098 1064 5105 -
1084 5074 1108 5121 7.
1127 5074 1182 5132 ipso
1201 5073 1236 5119 B:
1254 5074 1309 5132 ipso
1326 5072 1354 5119 ni
1372 5067 1418 5121 V¹;
1437 5071 1492 5130 ipsa
1509 5071 1549 5118 uls
1566 5070 1719 5122 ACEV²0
1737 5097 1765 5108 -

439 5150 463 5197 9.
481 5148 541 5210 Μαι
557 5143 595 5195 tt:
623 5147 683 5205 Spes
700 5145 857 5204 Lambinus,
876 5148 896 5194 0
917 5172 943 5181 -
962 5136 1035 5193 ¹uides
1046 5172 1082 5182 --
1094 5147 1162 5194 aldes
1186 5148 1233 5194 Vl:
1260 5147 1329 5193 uides
1340 5172 1354 5181 -
1365 5172 1376 5181 ·
1389 5147 1445 5193 uida
1462 5146 1570 5197 ABV¹.
1594 5145 1769 5197 ctde--utde

440 5223 489 5272 GE
509 5248 536 5257 -
556 5222 595 5268 40.
613 5221 697 5268 newis
713 5218 751 5269 a:
776 5220 899 5268 nonnullis
917 5221 1053 5278 Davisius3
1077 5223 1145 5271 band
1160 5224 1244 5269 ocultis
1260 5222 1388 5273 Bnuhicrz
1411 5236 1460 5270 non
1476 5222 1561 5270 mullis
1578 5219 1629 5268 ulii.
1651 5248 1678 5257 -
1697 5222 1768 5286 lepu-

438 5299 498 5346 stlco
516 5294 612 5346 All¹V¹
633 5320 660 5330 —
684 5308 709 5354 q.
728 5307 759 5343 ex
782 5297 946 5343 correctione
969 5296 1050 5345 habet
1068 5298 1103 5354 V;
1129 5310 1177 5367 que
1194 5299 1213 5345 A
1233 5322 1260 5331 -
1285 5298 1325 5344 46.
1344 5301 1439 5344 notura
1456 5299 1476 5345 A
1496 5322 1522 5332 -
1544 5296 1583 5345 48.
1602 5301 1677 5357 utque
1694 5298 1715 5347 ts
1730 5322 1768 5335 ·-

440 5373 483 5432 qui
498 5371 574 5432 poulo
586 5373 605 5417 A
631 5395 657 5403 -
683 5369 722 5417 49.
741 5372 852 5430 Sarsceplt
874 5376 956 5417 cirtem
968 5396 1004 5405 -·
1016 5373 1112 5431 Castor,
1131 5373 1186 5420 hinc
1203 5372 1305 5429 Pollux,
1324 5397 1360 5407 ··
1372 5372 1429 5419 hinc
1446 5371 1518 5419 Liber
1536 5370 1686 5419 Lactantius
1703 5372 1766 5421 lnsl.

440 5448 463 5502 l,
482 5448 522 5495 rs.
542 5470 569 5480 -
590 5445 630 5492 nt.
648 5443 742 5491 ercutes
759 5447 778 5492 A
800 5471 824 5478 -
850 5445 891 5491 ul,
910 5446 999 5492 semela
1017 5446 1052 5493 V:
1076 5446 1149 5495 semel
1173 5449 1318 5509 (superscr.
1338 5452 1363 5494 tn
1382 5447 1433 5495 fine
1452 5459 1487 5495 m.
1507 5460 1562 5496 sec.
1582 5447 1605 5505 e)
1625 5449 1659 5501 A;
1681 5446 1768 5497 seruata

440 5525 459 5572 B
470 5525 489 5572 C
501 5523 519 5570 Ε
537 5518 590 5578 tlitt.
610 5518 700 5568 ultimo
719 5533 749 5567 ex
769 5522 932 5568 correctione
950 5522 984 5577 Β,
1004 5525 1065 5570 ante
1083 5535 1203 5571 rasuram
1221 5523 1298 5570 unius
1317 5521 1417 5570 litterae
1430 5524 1457 5581 C]
1471 5547 1503 5555 —
1520 5522 1561 5570 23.
1575 5525 1699 5583 augustae
1709 5519 1768 5571 AV¹

441 5624 468 5632 -
488 5600 635 5655 surdusque
653 5597 702 5644 AC
728 5622 754 5631 -
778 5594 818 5644 il.
837 5596 979 5644 orinisterr'is
997 5597 1015 5642 V
1041 5623 1064 5630 —
1092 5598 1131 5644 ao.
1150 5597 1229 5645 litera
1242 5596 1365 5645 -·tit›ero
1383 5595 1422 5646 ll:
1441 5596 1676 5645 Libero—-leeru
1697 5596 1718 5645 0
1736 5619 1764 5632 -

440 5673 481 5721 27.
500 5671 625 5719 roruulum
642 5668 664 5719 ‘tl
684 5697 710 5705 —
730 5672 828 5734 quidem
846 5671 909 5717 EV:
929 5672 1030 5731 quidum
1048 5672 1127 5719 ABC
1148 5697 1174 5706 -
1194 5671 1234 5720 28.
1254 5678 1327 5719 entur
1341 5686 1393 5720 om.
1408 5671 1438 5719 V¹
1453 5697 1479 5706 -
1498 5672 1534 5719 dil
1549 5672 1598 5720 rite
1609 5672 1629 5720 0
1642 5663 1671 5707 ¹-
1689 5670 1731 5720 2⁹.
1742 5673 1768 5719 et

441 5749 501 5795 ante
518 5746 604 5806 optimi
622 5757 675 5793 orn.
690 5745 709 5794 C
724 5771 751 5781 -
771 5745 811 5794 3t.
830 5746 924 5793 inducti
941 5743 963 5794 tt
978 5772 1005 5781 -
1023 5746 1063 5794 32.
1082 5748 1168 5795 attat}
1184 5772 1208 5780 -
1229 5746 1269 5794 33.
1288 5748 1382 5795 cleonte
1396 5749 1415 5794 A
1427 5747 1476 5795 EV
1492 5772 1513 5780 -
1536 5747 1646 5807 crisippo
1657 5745 1706 5795 AC
1717 5744 1767 5794 EV

442 5820 482 5870 3t.
501 5821 609 5881 oppleuit
626 5821 703 5881 (corr.
722 5834 753 5869 ex
771 5821 912 5880 oppleuisse]
932 5820 966 5865 V:
986 5821 1131 5880 applosisset
1142 5824 1161 5869 A
1172 5821 1190 5868 B
1202 5822 1239 5875 c;
1258 5822 1405 5882 applosisset
1423 5822 1458 5877 E;
1477 5821 1585 5882 oppleuit
1601 5821 1692 5871 selles
1709 5819 1762 5880 eliis

442 5896 560 5956 opplevit,
579 5907 630 5945 esse
646 5894 821 5945 tleindortlus.
840 5919 867 5929 -
887 5894 927 5942 35,
944 5895 1041 5943 coelum
1058 5908 1125 5947 corr.
1142 5908 1178 5947 m.
1197 5908 1251 5946 sec.
1270 5897 1295 5944 in
1312 5897 1418 5946 coelium
1434 5895 1455 5944 V
1477 5920 1504 5930 -
1526 5894 1566 5945 36.
1580 5897 1680 5945 inmisso
1697 5895 1716 5947 Β
1732 5919 1766 5933 ·-

441 5970 520 6033 impla
533 5969 623 6034 [walo
640 5973 709 6035 (ante
726 5980 831 6020 erasum
848 5967 969 6030 litteram)
988 5970 1017 6019 C.
