4342 7459
439 1221 503 1290 588
910 1232 912 1236 ’
973 1228 1079 1295 CATO
1102 1231 1232 1297 ldthll

566 1390 671 1453 Unus
700 1390 811 1454 bomo
839 1390 957 1454 nobis
986 1392 1213 1456 cunctando
1242 1392 1430 1455 restituit
1458 1411 1560 1455 reme

565 1486 741 1548 Noenum
771 1505 954 1549 rumores
981 1486 1154 1569 ponebat
1180 1493 1267 1549 ante
1297 1486 1472 1549 salutem.

565 1579 666 1662 Ergo
694 1586 863 1662 postque
891 1579 1091 1662 magisque
1120 1580 1196 1642 viri
1225 1599 1326 1642 nunc
1358 1579 1483 1661 gloria
1514 1579 1647 1643 claret.
1748 1633 1751 1638 .

441 1667 490 1734 ll.
513 1674 683 1736 Tarentum
706 1693 781 1736 vero
802 1692 866 1758 qna
887 1673 1060 1754 vigilantia,
1082 1692 1147 1753 quo
1170 1673 1302 1737 consilio
1322 1673 1457 1754 recepit!
1482 1693 1555 1737 cnm
1571 1674 1698 1756 quidem
1714 1691 1766 1736 me

416 1766 589 1830 sanciente
605 1766 783 1840 Salinatori,
805 1771 860 1848 qui
882 1767 999 1829 amisso
1023 1764 1141 1849 oppido
1163 1766 1286 1847 fugerat
1307 1768 1340 1829 in
1361 1785 1483 1839 arcem,
1506 1767 1653 1850 glorianti
1669 1773 1767 1849 atque

438 1859 482 1922 ita
504 1860 639 1923 dicenti:
674 1862 769 1924 uites
791 1879 906 1943 opera,
937 1860 1055 1936 Quinte
1076 1858 1171 1933 Fabi,
1199 1861 1371 1922 Tarentum
1399 1860 1588 1942 recepisti»,
1623 1860 1763 1923 eCertea

438 1953 542 2037 inquit
555 1954 679 2018 ridens:
703 1973 811 2026 snam,
833 1954 894 2016 nisi
917 1961 951 2016 tu
973 1953 1142 2025 amisisses,
1165 1973 1336 2036 numquam
1359 1954 1579 2035 recepissem.»
1593 1987 1595 1992 ·
1610 1955 1765 2017 Necrero

438 2046 472 2109 in
494 2048 588 2109 armis
608 2047 820 2131 praestantior
842 2066 936 2129 qnam
958 2048 991 2110 in
1014 2055 1107 2128 toga3
1131 2048 1186 2129 qni
1209 2047 1320 2109 consul
1343 2048 1472 2119 iterum,
1496 2047 1611 2129 Spurio
1627 2046 1765 2111 Carvilio

439 2139 560 2221 collega
574 2142 772 2223 quiescente,
796 2140 829 2205 C.
844 2140 1000 2203 Flaminio
1022 2141 1150 2203 tribuno
1172 2140 1272 2223 plebis
1287 2141 1392 2223 qnoad
1409 2142 1512 2225 potuit
1526 2142 1640 2204 restitit
1652 2160 1765 2223 agrum

402 2232 597 2296 toPiceutem
619 2242 651 2296 et
672 2234 826 2297 Gallicum
848 2234 964 2298 viritim
988 2243 1098 2297 contra
1119 2241 1248 2297 senatus
1271 2235 1488 2297 auctoritatem
1512 2234 1685 2309 dividenti3
1708 2252 1767 2296 an·

439 2343 563 2408 gurque
584 2347 655 2389 cum
677 2336 774 2400 esset,
797 2328 901 2392 dicere
924 2348 1020 2391 ausus
1043 2336 1091 2390 est
1114 2328 1242 2409 optimis
1264 2328 1416 2409 auspiciis
1438 2346 1476 2390 ea
1499 2329 1576 2409 geri,
1599 2348 1683 2411 quae
1706 2347 1764 2410 pro

438 2419 485 2481 rei
513 2419 658 2502 publicae
687 2420 790 2485 salute
820 2429 1025 2504 gererentnr3
1060 2440 1142 2504 qnae
1175 2428 1285 2483 contra
1313 2440 1379 2483 rem
1410 2421 1566 2505 publicam
1595 2422 1765 2495 terrentur,

440 2520 550 2577 contra
571 2516 712 2596 auspicia
734 2514 820 2579 ferri.
857 2511 908 2577 l2.
931 2516 1030 2578 llulta
1052 2517 1085 2577 in
1109 2535 1147 2578 eo
1171 2517 1238 2578 viro
1261 2515 1422 2596 praeclara
1445 2516 1596 2596 cognovi,
1612 2513 1668 2578 sed
1682 2515 1764 2578 nibil

382 2614 385 2619 '
440 2613 490 2669 est
517 2606 733 2671 admirabilius
763 2628 858 2691 quam
890 2629 954 2693 quo
985 2609 1081 2672 modo
1111 2608 1166 2672 ille
1195 2616 1327 2671 mortem
1355 2605 1410 2671 filii
1431 2609 1521 2683 tulit,
1553 2609 1628 2671 clari
1652 2608 1768 2671 viriet

405 2700 623 2763 tsconsularis.
665 2704 722 2764 Est
743 2702 776 2766 in
799 2703 944 2765 manibus
967 2702 1124 2775 laudatio,
1154 2721 1250 2785 quam
1272 2720 1343 2764 cum
1366 2702 1518 2784 legimus,
1541 2722 1636 2785 quem
1659 2700 1768 2784 pbilo-

440 2793 572 2876 sopbnm
595 2814 658 2858 non
680 2797 933 2859 contemnimus?
961 2798 1025 2858 Nec
1047 2816 1124 2858 vero
1147 2796 1202 2859 ille
1224 2796 1257 2858 in
1280 2796 1351 2858 luce
1375 2796 1470 2859 modo
1492 2805 1588 2879 atque
1610 2798 1643 2859 in
1665 2795 1767 2858 oculis

438 2885 553 2950 civium
576 2907 718 2970 magnus,
740 2889 795 2953 sed
818 2890 904 2953 intus
927 2891 1078 2973 domique
1102 2889 1320 2971 praestantior.
1355 2889 1418 2964 Qui
1435 2909 1553 2963 sermo,
1569 2908 1652 2971 quae
1673 2906 1768 2970 prae-

438 2983 551 3064 ceptat
578 2992 694 3064 quanta
716 2985 828 3048 notitia
850 2984 1063 3067 antiquitatis,
1086 2982 1219 3045 scientia
1240 2984 1318 3045 iuris
1341 2984 1485 3065 augurii!
1520 2982 1637 3046 blultae
1660 2982 1768 3054 etiam,

438 3082 476 3138 nt
496 3075 529 3137 in
550 3076 677 3139 bomine
692 3079 845 3152 Romano,
868 3078 1001 3141 litterae.
1035 3076 1149 3141 Omnia
1174 3077 1326 3140 memoria
1348 3077 1485 3151 tenebat,
1507 3096 1572 3139 non
1595 3075 1768 3139 domestica

402 3169 553 3243 osclum,
575 3172 631 3234 sed
654 3171 749 3234 etiam
771 3181 903 3234 externa
924 3170 1018 3234 bella.
1050 3170 1148 3233 Cuius
1171 3189 1317 3233 sermone
1338 3171 1382 3233 ita
1405 3178 1470 3233 tum
1493 3170 1607 3252 cupide
1629 3168 1768 3242 fruebar,

440 3263 531 3346 quasi
554 3264 617 3327 iam
640 3264 816 3328 divinarem
838 3266 888 3339 id,
918 3264 1003 3349 quod
1026 3266 1149 3339 evenit,
1171 3265 1227 3329 illo
1250 3266 1390 3327 extincto
1413 3264 1481 3327 lore
1502 3264 1587 3328 unde
1610 3263 1767 3326 discerem

441 3376 610 3420 nemiuem.

525 3452 561 3514 V.
585 3448 634 3514 ⁴3.
658 3452 802 3528 Quorsus
824 3454 920 3534 igitur
940 3451 1019 3515 baec
1041 3458 1104 3514 tam
1133 3452 1230 3515 multa
1257 3451 1297 3514 de
1319 3452 1484 3515 Maximo?
1520 3451 1602 3527 Quia
1624 3450 1767 3532 prolecto

440 3545 555 3609 videtis
577 3544 666 3609 nefas
689 3566 759 3609 csse
783 3546 887 3620 dictu,
917 3548 1063 3609 miseram
1084 3545 1185 3609 fuisse
1206 3547 1301 3609 talem
1324 3553 1529 3609 senectutem.
1573 3547 1637 3608 Nec
1660 3553 1770 3608 tamen

400 3652 550 3703 ssomnes
580 3647 713 3722 possunt
742 3660 812 3703 esse
840 3641 1004 3722 Scipiones
1033 3649 1089 3702 aut
1119 3641 1263 3715 Maximi,
1294 3640 1330 3703 ut
1356 3640 1479 3702 urbium
1503 3640 1769 3722 expugnationes,

439 3742 474 3797 ut
495 3734 658 3817 pedestres
679 3732 847 3797 navalesve
870 3754 1000 3817 pugnas,
1023 3742 1059 3797 ut
1080 3733 1164 3797 bella
1187 3755 1205 3797 a
1228 3754 1263 3796 se
1285 3741 1383 3816 gesta,
1406 3742 1441 3796 nt
1463 3733 1639 3816 triumphos
1661 3752 1770 3796 rocon

440 3827 563 3891 dentur.
607 3829 664 3889 Est
685 3828 780 3891 etiam
804 3831 912 3910 quiete
934 3837 966 3891 et
988 3848 1066 3911 pnre
1096 3837 1192 3912 atque
1215 3829 1377 3909 eleganter
1397 3837 1485 3890 actae
1507 3827 1620 3889 aetatis
1642 3826 1771 3908 placida

440 3942 477 3985 ac
499 3922 580 3984 lenis
602 3929 768 3996 senectus,
798 3921 924 4005 qualem
953 3922 1132 4005 accepimus
1154 3922 1312 3995 Platonis,
1341 3921 1397 4004 qui
1424 3940 1489 3984 uno
1517 3928 1548 3983 et
1573 3921 1770 4001 octogesimo

440 4033 524 4078 anno
546 4014 689 4077 scribens
711 4023 759 4077 est
781 4023 931 4084 mortuus.
956 4016 1081 4100 qualem
1100 4015 1255 4088 lsocratis,
1279 4016 1335 4098 qui
1359 4036 1430 4077 eum
1454 4014 1583 4087 librum,
1598 4014 1654 4093 qui
1670 4014 1770 4075 Pana·

402 4108 605 4170 totbenaicus
628 4108 826 4183 inscribitur,
858 4117 970 4192 quarto
993 4112 1199 4192 nonagesimo
1226 4130 1309 4172 anno
1331 4110 1496 4191 scripsisse
1519 4126 1553 4169 se
1576 4108 1653 4169 dicit
1675 4108 1771 4168 vixit·

440 4222 503 4285 qne
526 4203 779 4285 quinquennium
802 4213 934 4286 postea:
965 4204 1054 4267 cuius
1078 4206 1226 4287 magister
1240 4205 1413 4266 Leontinus
1429 4201 1562 4283 Gorgias
1585 4209 1713 4263 centum
1737 4209 1770 4261 et

441 4304 563 4378 septem
585 4297 755 4380 complevit
777 4316 1005 4380 annosaeque
1027 4318 1178 4381 umquam
1201 4298 1233 4360 in
1257 4317 1315 4358 suo
1339 4295 1444 4359 studio
1467 4303 1563 4378 atque
1586 4313 1681 4377 opere
1700 4312 1770 4355 ces-

506 4587 529 4635 t.
550 4586 622 4633 homo
637 4585 708 4634 nobis
726 4587 734 4635 l
753 4589 779 4635 et
797 4587 875 4636 codd.
889 4588 914 4637 in
932 4586 999 4637 libro
1017 4587 1051 4637 de
1069 4586 1139 4636 olflc.
1159 4587 1177 4646 1,
1192 4585 1262 4648 fisi:
1280 4586 1352 4633 homo
1369 4586 1412 4646 qui
1428 4583 1498 4632 nohis
1514 4584 1596 4640 BPS,
1615 4581 1662 4632 sed
1682 4581 1725 4643 qui
1743 4583 1770 4633 in

440 4662 458 4710 P
476 4664 643 4724 punctatum,
663 4662 687 4710 iu
706 4663 722 4710 S
741 4675 861 4722 erasum,
881 4665 924 4724 qui
940 4663 1010 4711 nohis
1027 4665 1071 4714 Eli
1093 4690 1120 4700 -
1145 4663 1169 4711 2.
1188 4675 1294 4710 nemum
1312 4660 1496 4710 Lachmannus
1514 4660 1551 4720 (in
1569 4661 1714 4707 comment.
1734 4658 1770 4708 ed

439 4737 590 4786 Lucretium
608 4751 633 4800 p.
647 4738 716 4794 idol:
735 4751 786 4786 sion
801 4739 867 4787 enim
885 4738 1045 4795 eePas03
1064 4751 1113 4787 uon
1129 4735 1235 4799 ponebat
1251 4737 1316 4784 enim
1333 4748 1446 4783 rumores
1464 4736 1472 4783 l
1495 4762 1517 4771 -
1537 4733 1661 4795 ponebant
1673 4736 1701 4790 P,
1720 4734 1771 4783 sed

439 4814 602 4875 posteriora
620 4814 743 4875 punctate
772 4836 798 4847 —
829 4812 853 4861 3.
871 4818 973 4872 postque
991 4814 1010 4861 C
1030 4813 1091 4873 {sed
1112 4815 1130 4862 E
1151 4817 1206 4873 post
1228 4823 1340 4874 quosque
1363 4812 1477 4873 magui:
1502 4810 1607 4871 plusque
1623 4805 1723 4857 Vahlen
1742 4808 1770 4858 in

440 4886 515 4934 Ennii
533 4884 606 4948 reliq.
627 4899 653 4950 p.
664 4887 691 4937 lt
718 4899 779 4936 cum
798 4887 958 4947 Berneysio:
982 4891 1112 4950 magisque
1129 4889 1247 4938 Muretus
1266 4886 1325 4934 Ver.
1345 4886 1427 4934 Lecti.
1447 4885 1493 4945 Vl,
1513 4884 1552 4934 ll.
1577 4911 1601 4919 —
1625 4886 1649 4932 5.
1668 4886 1694 4932 ia
1711 4897 1772 4933 orca

440 4960 459 5010 C
480 4985 507 4995 -
526 4961 549 5011 8.
569 4973 623 5021 spu.
637 4963 672 5019 Β,
692 4962 734 5024 Sp.
749 4963 785 5014 0:
809 4961 852 5021 Sp.
866 4961 979 5010 corditio
990 4989 1027 4999 -·
1038 4965 1160 5013 diuidenti
1176 4963 1253 5013 effert
1271 4962 1405 5010 Charisius
1423 4972 1448 5023 p.
1461 4958 1509 5009 tii
1527 4957 1591 5017 Keil,
1611 4971 1662 5007 om.
1678 4958 1772 5007 verbis

438 5034 534 5097 collega
550 5038 700 5097 coercente,
725 5050 777 5100 que
795 5035 829 5085 de
847 5050 876 5086 re
895 5049 919 5085 v.
939 5038 999 5087 Car.
1014 5039 1053 5087 l'r.
1069 5040 1212 5088 Hermann.
1231 5038 1257 5085 in
1276 5050 1344 5086 mus.
1363 5037 1439 5085 rhen.
1454 5035 1585 5085 hiischelii
1605 5033 1697 5094 thara
1708 5046 1770 5097 sqq.

441 5134 468 5145 ··
480 5110 503 5158 9.
514 5113 645 5174 flaminino
658 5115 685 5173 P,
704 5112 753 5163 sed
773 5114 905 5176 posterior
920 5128 937 5160 a
955 5116 1077 5175 puncteta
1093 5139 1118 5148 —
1140 5114 1180 5163 to.
1192 5113 1332 5173 pacientem
1343 5112 1370 5169 Ε,
1386 5112 1510 5172 pirensem
1523 5113 1541 5169 l,
1557 5114 1672 5172 picenum
1689 5110 1770 5159 codd.

440 5184 521 5243 detta
547 5188 667 5237 Picentem
689 5188 776 5237 firmet
798 5188 932 5237 Charisius
956 5214 982 5224 -
1008 5188 1123 5237 celticum
1146 5201 1215 5237 corr.
1236 5201 1291 5237 rec.
1310 5189 1335 5235 in
1354 5188 1473 5250 gallicum
1494 5189 1512 5236 Ρ
1540 5212 1566 5222 -
1594 5189 1773 5235 auctoritatem

439 5261 564 5309 sanaturi
589 5289 616 5298 -
643 5264 756 5324 auguri
783 5288 810 5298 -
839 5263 879 5310 tl.
898 5270 1026 5311 aurorest
1043 5265 1159 5313 dicereii
1186 5289 1213 5298 -
1243 5264 1382 5324 optumiss
1409 5288 1433 5298 -
1459 5275 1508 5323 pro
1525 5274 1583 5324 sup.
1604 5260 1648 5310 lin.
1669 5263 1700 5319 P,
1722 5275 1772 5323 pro

440 5337 520 5385 solue
535 5338 574 5385 rei
588 5338 643 5396 p.l
669 5362 694 5371 -
722 5337 761 5385 ll.
780 5337 963 5385 ammirabilius
980 5341 1045 5393 lom.
1060 5338 1147 5399 est)l2
1174 5363 1200 5374 -
1224 5344 1329 5387 mortem
1346 5352 1379 5386 m.
1400 5338 1494 5398 (marci
1512 5338 1618 5396 BlSli)
1634 5338 1719 5400 attic
1742 5364 1769 5374 -

442 5412 481 5461 ld.
499 5426 549 5460 ooo
565 5424 622 5473 sup.
643 5410 686 5460 lin.
709 5414 772 5461 it-
792 5413 818 5459 ia
835 5413 889 5461 luce
906 5426 958 5462 om.
980 5413 998 5462 1¹
1019 5440 1045 5450 —
1064 5420 1140 5474 atque
1157 5414 1234 5463 oculis
1251 5414 1270 5462 E
1290 5438 1317 5448 -
1344 5414 1383 5462 l8.
1402 5414 1506 5461 scientio
1523 5414 1560 5462 C:
1586 5426 1651 5473 quoe
1667 5413 1772 5462 scientio

441 5486 508 5535 0-
525 5487 588 5534 iuris
604 5490 626 5533 et
643 5487 808 5546 onpurnmE
832 5513 858 5522 —
887 5488 926 5536 ⁴9.
945 5501 1051 5537 romano
1068 5489 1166 5537 homine
1183 5490 1192 5538 l
1212 5516 1239 5525 -
1259 5490 1285 5537 iu
1301 5490 1424 5537 memorio
1443 5491 1461 5539 Ε
1481 5516 1508 5525 -
1532 5490 1572 5538 20.
1593 5494 1681 5537 extero
1700 5489 1719 5538 Ε
1741 5514 1767 5526 -

439 5561 479 5609 ito
495 5561 583 5620 cupide
597 5561 747 5621 persi-rebor
764 5562 881 5623 (fruebar
897 5564 930 5621 Β)
948 5569 1008 5612 tuuc
1025 5566 1097 5623 qnasi
1116 5565 1227 5614 ueras
1247 5590 1273 5599 -
1298 5565 1339 5613 bl.
1359 5566 1451 5627 idque
1469 5564 1496 5614 Ρι
1517 5591 1539 5601 -
1567 5564 1689 5611 neminem
1706 5564 1773 5612 nude

440 5635 557 5684 discerem
574 5636 583 5684 l
603 5662 629 5673 ·-
649 5635 688 5684 23⁴
709 5650 815 5695 quernas
832 5638 868 5687 C:
888 5651 1007 5699 quorsom
1024 5640 1044 5687 0
1065 5666 1091 5675 —
1109 5639 1218 5701 perfecto
1236 5639 1263 5689 1)Ι
1278 5666 1304 5674 -
1324 5641 1364 5688 26,
1378 5641 1532 5701 sauciosque
1550 5640 1568 5689 E
1584 5665 1610 5675 —
1631 5639 1671 5687 27.
1686 5638 1772 5702 etiam]

442 5712 507 5759 euim
519 5710 553 5759 El
567 5735 592 5744 —
612 5717 688 5770 atque
700 5712 718 5760 B
728 5713 822 5761 lPltS:
841 5718 864 5761 et
875 5714 905 5770 Ο,
924 5726 977 5762 om.
990 5714 1009 5762 E
1023 5740 1049 5750 -
1064 5716 1187 5776 eliganter
1199 5718 1216 5765 Ρ
1233 5740 1257 5750 -
1276 5715 1318 5764 28.
1332 5718 1478 5780 octopesimo
1490 5730 1557 5764 nuno
1568 5720 1591 5763 et
1602 5728 1652 5762 ouo
1663 5714 1773 5763 maidens

440 5790 555 5833 mortuus
571 5791 605 5835 est
622 5787 630 5835 l
651 5812 678 5821 -
697 5787 739 5836 29.
752 5789 888 5837 socrotirC
910 5815 936 5823 -
953 5790 1135 5850 porrothasiam
1153 5792 1211 5850 ER,
1228 5791 1407 5852 poaothcticns
1423 5793 1449 5849 S,
1467 5790 1680 5852 ponothonnticor
1690 5787 1727 5836 131
1743 5813 1770 5822 -

442 5859 484 5911 30.
503 5865 595 5922 quarto
610 5867 634 5910 et
649 5875 742 5925 accep.
763 5862 844 5925 EfflO
862 5888 890 5898 -
908 5876 935 5911 sa
951 5866 981 5914 P:
1001 5876 1054 5913 om.
1073 5865 1185 5915 seras
1204 5892 1232 5903 -
1251 5866 1343 5916 diodor
1359 5867 1389 5927 C,
1408 5865 1456 5917 sed
1475 5867 1501 5915 in
1518 5867 1537 5914 P
1554 5878 1586 5914 nr
1604 5875 1679 5914 erasa
1696 5863 1773 5926 (soei-

441 5936 521 5999 psisra
536 5937 629 5987 dicitur
643 5950 711 5989 ouao
728 5936 759 6001 Ε)
779 5962 807 5975 -
828 5936 869 5988 3¹.
888 5951 967 5989 aanor
983 5939 1115 6002 coaptauit
1131 5940 1161 5991 lt.
