4342 7459
435 1231 500 1300 'ido
942 1233 996 1297 DE
1018 1233 1070 1298 RE
1093 1232 1262 1299 adauct

437 1396 693 1482 disputationem
716 1396 873 1462 reiecisse
895 1401 930 1461 et
951 1400 1078 1461 tontum
1101 1394 1144 1462 de
1165 1396 1237 1461 vitu
1259 1398 1293 1461 et
1316 1394 1358 1461 de
1379 1398 1525 1463 moribus
1538 1399 1681 1466 solitum
1695 1415 1781 1468 me

437 1518 608 1586 quaerere.
649 1496 754 1580 Quem
783 1502 867 1565 enim
895 1505 1064 1566 auctorem
1094 1500 1136 1564 de
1164 1502 1221 1566 illo
1247 1502 1497 1585 locupletiorem
1522 1501 1674 1570 Platone
1696 1505 1781 1571 lau-

438 1604 518 1668 dere
541 1594 743 1686 possumus?
765 1605 860 1668 cuins
883 1605 915 1665 in
939 1604 1030 1667 libris
1054 1605 1164 1667 meritis
1186 1605 1269 1669 locis
1291 1605 1337 1668 ita
1360 1605 1506 1691 loquitur
1525 1602 1718 1691 Socrates,
1740 1611 1780 1674 ut

436 1708 534 1772 eham
557 1724 630 1770 cnm
652 1702 694 1771 de
717 1707 871 1789 moribus,
893 1706 934 1771 de
956 1707 1148 1790 virtutibus,
1169 1705 1313 1791 denique
1335 1707 1378 1774 de
1399 1728 1436 1774 re
1455 1710 1588 1793 publicu
1606 1708 1781 1797 disputet,

412 1816 469 1890 op.
482 1800 547 1887 3l.]
576 1801 737 1885 numelros
763 1811 873 1874 tamen
899 1813 934 1873 et
954 1812 1171 1897 geometriam
1193 1817 1229 1874 ct
1251 1809 1452 1876 harmoniam
1474 1812 1612 1878 studeat
1634 1811 1780 1903 Pyth-

435 1928 542 1998 garae
564 1928 654 1975 more
675 1912 892 1998 coniungere.
921 1910 1003 1977 Tum
1018 1908 1154 1997 Scipio:
1176 1908 1266 1979 Sunt
1289 1916 1364 1994 ista,
1385 1921 1421 1980 ui
1444 1914 1540 1999 dicis,
1561 1919 1618 1982 set
1631 1915 1780 1985 audisse

437 2012 611 2082 tomedo,
640 2011 791 2095 Tubero,
820 2013 993 2096 Platonem
1015 2010 1161 2081 Socrate
1188 2020 1318 2081 mortuo
1349 2019 1485 2102 primum
1513 2021 1545 2083 in
1568 2020 1779 2109 Aegyptum

435 2114 586 2189 discendi
607 2133 721 2197 causo,
741 2121 819 2200 post
841 2118 874 2180 ln
897 2116 1026 2182 ltaliam
1049 2120 1084 2183 et
1107 2120 1141 2183 in
1160 2114 1310 2186 Siciliam
1333 2120 1559 2202 contendisse,
1578 2124 1617 2185 nt
1634 2120 1779 2210 Pytha·

434 2239 541 2311 gorae
572 2223 709 2285 inventa
725 2218 961 2303 perdisceret,
991 2239 1131 2305 eumque
1160 2227 1194 2286 et
1226 2241 1299 2296 eum
1330 2222 1487 2309 Archyta
1516 2223 1710 2290 'l'orentino
1742 2229 1779 2292 et

398 2331 509 2391 licum
537 2322 672 2389 'l'imaeo
703 2322 812 2388 Lucro
846 2324 979 2387 multum
1015 2324 1121 2389 luisse
1154 2328 1188 2390 et
1222 2324 1371 2391 Philoleo
1401 2330 1664 2394 commentarios
1694 2347 1779 2396 ene

436 2446 467 2508 p.
482 2418 566 2505 toi]
592 2429 764 2496 nanctum3
786 2443 925 2510 cumque
948 2445 990 2491 eo
1013 2419 1166 2509 tempolre
1189 2429 1223 2490 in
1244 2426 1297 2492 bis
1312 2429 1396 2494 locis
1412 2428 1634 2519 Pythagorae
1649 2449 1778 2500 nonen

436 2533 588 2619 vigeret,
614 2529 705 2593 illum
734 2546 773 2594 se
801 2532 836 2592 et
862 2526 1048 2593 hominibus
1071 2528 1297 2615 Pythagoreis
1325 2535 1360 2595 et
1387 2532 1507 2596 studiis
1534 2533 1600 2625 illis
1622 2532 1778 2601 dedisse.

436 2636 556 2719 linque
577 2651 650 2700 uum
666 2629 841 2699 Socratem
864 2635 960 2697 unice
983 2632 1158 2698 dilexisset
1180 2637 1277 2717 eique
1299 2636 1407 2702 omnia
1424 2636 1570 2702 tribuere
1589 2637 1777 2717 ruminet,

437 2738 583 2820 leporem
599 2732 807 2803 Socraticum
830 2735 1114 2819 cupiditatemque
1136 2738 1299 2802 sermonis
1320 2755 1393 2804 eum
1417 2739 1623 2804 obscuritate
1641 2738 1778 2828 Pytho·

400 2850 542 2932 ligoriae
564 2844 693 2906 etcum
716 2840 773 2903 illa
795 2839 1005 2921 plurimarum
1027 2843 1146 2904 artium
1169 2843 1339 2929 gravliute
1360 2845 1546 2907 contexuit.

521 2942 583 3010 Xl.
609 2941 669 3008 17.
690 2942 785 3008 Haeo
800 2937 916 3027 Scipio
938 2960 1011 3008 cum
1034 2941 1187 3024 dixisset,
1210 2944 1394 3009 blindan
1416 2949 1557 3027 repente
1575 2946 1776 3012 venientem

436 3067 468 3130 p.
483 3039 568 3127 adh]
592 3048 726 3132 aspexit
748 3063 902 3130 eumque,
928 3049 966 3111 ut
987 3047 1164 3129 salutavit,
1193 3048 1412 3123 amicissime!
1433 3046 1659 3130 adprehendit
1679 3055 1719 3114 et
1740 3050 1776 3114 lu

437 3152 527 3219 lecto
552 3171 615 3218 suo
644 3150 846 3215 conlocavit.
897 3148 940 3214 idi
970 3167 1042 3215 cum
1070 3151 1167 3215 sionni
1201 3149 1238 3215 P·
1261 3150 1408 3215 Rutilius
1436 3152 1602 3234 venisset,
1631 3153 1690 3235 qul
1719 3154 1774 3216 est

438 3255 535 3321 nobis
556 3254 653 3320 inuios
674 3255 836 3320 sermonis
856 3259 993 3335 auctor,
1022 3273 1095 3319 enm
1119 3273 1249 3339 qnoque
1272 3259 1306 3318 ui
1330 3255 1508 3334 salutavit,
1531 3258 1674 3336 propter
1696 3252 1775 3320 'l'u-

399 3359 594 3426 uboeonen
616 3360 712 3423 lussit
733 3355 897 3422 adsidere·
946 3354 1028 3421 'l'um
1050 3357 1191 3421 Furius:
1226 3354 1314 3436 outo
1335 3376 1400 3422 ros
1421 3348 1555 3440 agitis?
1588 3374 1668 3422 num
1691 3375 1775 3423 wr-

437 3479 564 3527 monem
592 3464 740 3527 vestrum
767 3460 908 3543 aliquem
935 3459 1065 3524 diremit
1087 3464 1204 3526 noster
1226 3451 1465 3525 interventus?
1507 3458 1773 3547 Minimum,

436 3562 639 3650 Ahicunus3
669 3564 760 3629 soles
788 3563 873 3628 enim
904 3566 940 3625 iu
969 3561 1053 3628 hoco
1080 3561 1232 3628 studiose
1260 3563 1485 3651 investigere,
1516 3579 1602 3647 quae
1630 3566 1715 3626 sunt
1738 3565 1773 3628 ia

436 3659 566 3748 prou]
590 3667 655 3733 boo
674 3683 818 3755 genere,
840 3665 882 3730 de
905 3683 970 3749 quo
993 3666 1187 3730 instituerat
1208 3665 1307 3749 paulo
1330 3668 1409 3729 ante
1430 3663 1563 3729 Tubero
1586 3657 1773 3748 quaclrere.

438 3770 585 3838 Rutilius
614 3770 743 3856 quidem
772 3773 887 3836 noster
912 3770 1010 3834 eiiam
1033 3769 1096 3833 snb
1118 3771 1201 3853 ipsis
1222 3768 1420 3835 Numantiae
1442 3770 1614 3833 moenibus
1636 3769 1776 3836 solebat

399 3883 565 3940 unrocum
594 3873 757 3939 interdum
787 3871 973 3939 eiusmodi
1003 3873 1127 3958 aliquid
1160 3875 1368 3958 conquirere.
1421 3870 1515 3953 Quae
1545 3890 1602 3936 res
1632 3871 1775 3939 tunde·

438 3970 628 4044 inciderat?
650 3979 756 4060 lnquit
777 3976 903 4043 Philus.
946 3976 1028 4042 Tum
1049 3978 1123 4043 lllez
1153 3976 1203 4042 lle
1224 3977 1352 4042 solibus
1372 3978 1447 4041 istis
1469 3975 1610 4063 duobus,
1634 3973 1681 4042 do
1705 3995 1777 4064 quo

437 4081 575 4168 studeo,
598 4077 709 4165 Phile,
732 4101 775 4147 cx
797 4087 832 4147 te
853 4080 969 4147 andire
993 4080 1069 4165 quid
1092 4082 1230 4146 sentias.

521 4185 602 4252 xii.
636 4184 698 4251 18·
732 4184 872 4250 Dixerat
894 4184 958 4250 boo
980 4186 1052 4268 ille,
1080 4203 1153 4250 cum
1184 4204 1268 4269 puer
1297 4185 1463 4250 nuntiavit
1485 4185 1602 4249 venire
1624 4182 1674 4248 ud
1697 4202 1777 4250 eum

438 4291 585 4357 Laelium
614 4289 777 4375 domoque
808 4292 869 4353 lam
900 4291 1021 4354 exisse·
1077 4288 1158 4353 'l‘um
1187 4287 1303 4373 Scipio
1334 4290 1458 4355 calceis
1492 4291 1526 4351 et
1554 4287 1780 4354 vestimentis

399 4386 561 4473 ⁸⁰p·2l0·]
590 4396 707 4459 sumtis
733 4413 753 4459 e
781 4393 933 4459 cubiculo
962 4396 1014 4457 est
1037 4411 1213 4480 egressus,
1236 4397 1363 4457 etcum
1388 4388 1554 4474 paululum
1573 4386 1782 4470 inambulla·

437 4500 545 4562 visset
573 4499 606 4562 ln
636 4498 783 4583 porticu,
812 4497 959 4562 hoellum
988 4494 1223 4560 advenientem
1250 4496 1428 4575 salutavit,
1457 4497 1490 4558 et
1516 4509 1594 4571 eos,
1622 4496 1686 4577 qul
1707 4514 1782 4561 una

1538 4675 1780 4692 'w

503 4811 527 4860 i.
545 4771 722 4860 aenecrsshrc
752 4836 778 4846 -
806 4823 860 4859 mrn
880 4811 913 4867 C;
942 4810 1137 4859 correctionem
1160 4804 1262 4857 litterae
1285 4821 1298 4855 n
1318 4819 1347 4856 se
1371 4805 1470 4856 vidisse
1494 4808 1572 4869 negot
1595 4807 1636 4855 Du
1658 4808 1730 4860 ltieu
1751 4837 1783 4849 -

436 4930 460 4981 3.
479 4889 624 4982 socnnre⁸c
650 4958 683 4968 —
708 4931 732 4981 i.
751 4944 883 4980 nnsrnrssr
901 4930 934 4993 C;
961 4928 1063 4979 adsitne
1087 4929 1193 4979 delendi
1214 4929 1319 4991 signum
1343 4928 1368 4977 iu
1390 4925 1437 4976 litt.
1462 4940 1477 4975 n
1501 4928 1612 4989 propter
1634 4929 1785 4983 maenium

436 5008 568 5057 incertum
588 5032 615 5044 -
638 5009 662 5057 o.
681 5019 827 5056 uenaonrnrr
846 5004 876 5055 C¹
895 5032 921 5040 -
946 5006 970 5054 6.
989 5007 1031 5054 sed
1048 5007 1195 5055 sodimon
1207 5005 1358 5053 contendisse
1375 5003 1475 5052 Nonius
1493 5001 1578 5065 pibo
1599 5025 1626 5038 -
1649 5002 1678 5053 8.
1699 5019 1785 5057 cuasa

436 5080 548 5129 Nonius:
576 5093 630 5130 orn.
649 5082 684 5136 C,
709 5092 790 5144 quam
814 5078 957 5129 lectionem
979 5079 1097 5129 deiendit
1115 5077 1179 5129 Guil.
1193 5079 1388 5130 Weissenborn
1406 5080 1433 5128 ln
1450 5077 1532 5127 lobnii
1550 5089 1613 5127 nov.
1632 5090 1706 5130 auu.
1726 5080 1782 5134 rol.

434 5201 486 5260 Lll,
506 5201 554 5251 410
581 5227 608 5238 -
635 5203 699 5251 etin
716 5202 831 5250 Siciliam
848 5213 901 5252 om.
920 5202 1020 5250 Nonius
1045 5228 1072 5237 -
1101 5202 1141 5249 40.
1161 5202 1264 5251 Philoleo
1282 5201 1301 5250 C
1319 5201 1342 5249 0.
1358 5212 1438 5249 moun
1456 5199 1523 5248 teste
1542 5198 1626 5246 biaio:
1647 5168 1785 5256 aurcort‘o

319 5273 321 5277 ’
435 5278 454 5326 C
473 5279 540 5327 teste
560 5279 599 5327 Du
612 5278 684 5333 iiico.
703 5277 857 5330 Philotimo:
880 5280 952 5326 recte
971 5276 1098 5326 intellexit
1115 5278 1165 5326 bini
1183 5272 1307 5325 Φιλόλεω
1325 5287 1385 5324 esso
1403 5273 1620 5324 terminationem
1638 5275 1784 5330 Graecam

434 5350 493 5401 loco
512 5353 617 5401 Latinae
636 5351 753 5407 Philoioi;
779 5364 805 5399 v.
825 5352 923 5401 Osann.
948 5351 980 5399 ad
1000 5352 1025 5400 h.
1044 5350 1061 5400 1.
1092 5379 1118 5387 -
1148 5353 1189 5399 il.
1206 5350 1351 5398 noctan
1379 5376 1406 5385 -
1436 5349 1476 5398 48.
1496 5342 1574 5395 sucro
1598 5349 1618 5396 C
1644 5348 1783 5403 distincte

435 5428 503 5478 toste
521 5428 561 5476 Du
573 5427 646 5487 Rieu,
665 5437 829 5490 quamquem
847 5440 942 5488 niagno
960 5425 1100 5476 columnae
1118 5439 1180 5489 pars
1198 5425 1337 5475 evanuerit
1360 5450 1386 5459 —
1417 5424 1456 5472 40,
1475 5423 1548 5470 boiae
1565 5420 1657 5472 Klotz:
1681 5440 1784 5479 unum

435 5549 469 5609 C,
496 5549 615 5599 hadmar
635 5549 655 5599 0
679 5561 742 5598 cum
758 5548 943 5607 Steinoclier03
970 5550 1045 5598 totius
1062 5548 1091 5598 C.
1106 5547 1352 5597 subiradellos
1382 5570 1409 5581 -
1439 5545 1471 5594 20
1499 5504 1635 5594 roslare
1672 5573 1705 5586 -
1737 5550 1781 5600 22,

433 5684 569 5723 ornnroaas
587 5669 617 5723 C¹
644 5698 671 5709 -
698 5670 739 5720 23.
758 5672 908 5727 onsnrnrc
937 5696 964 5707 -
991 5671 1032 5720 25.
1051 5631 1213 5727 cononn'ec
1242 5692 1269 5705 -
1297 5629 1340 5716 na¹s
1359 5668 1378 5717 C
1400 5692 1425 5703 -
1453 5666 1494 5715 00.
1513 5677 1687 5721 rnoornrocus
1706 5672 1729 5723 c
1750 5698 1780 5710 -

433 5793 474 5844 27.
493 5755 582 5844 arculo
599 5794 635 5848 C;
658 5792 769 5855 nequis
787 5791 954 5842 malietcum
973 5791 1067 5842 Orellio
1085 5805 1161 5850 oooo,
1181 5788 1322 5840 commode
1341 5787 1425 5837 attulit
1442 5788 1500 5836 Otto
1518 5785 1538 5844 l.
1557 5797 1581 5834 c.
1595 5785 1625 5837 14
1649 5795 1727 5844 extr.
1750 5820 1778 5831 ..

433 5880 488 5917 rice
506 5868 537 5918 0¹
562 5891 589 5902 -
616 5869 658 5918 28.
676 5868 831 5918 Nesciotrim
846 5873 882 5918 est
897 5868 981 5917 conire
998 5868 1110 5917 boetium
1126 5868 1247 5926 ἀοωοᾳω
1263 5865 1316 5915 tom
1332 5866 1412 5913 wisse
1436 5867 1511 5912 drus.
1524 5860 1609 5911 lioss.
1629 5875 1658 5927 p.
1674 5867 1730 5917 m
1749 5869 1779 5920 1,,

437 5970 463 5980 -
477 5943 518 5994 30.
530 5944 617 5994 miii
633 5944 697 5995 ilai:
715 5944 818 6005 mnpiis
834 5943 854 5993 0
871 5944 976 5993 tacente
994 5943 1035 5994 Du
1047 5944 1112 5992 iiico
1129 5967 1162 5978 -
1178 5940 1219 5991 34.
1238 5951 1369 5989 sonoram
1387 5935 1417 5989 (1ι
1437 5964 1463 5974 -
1482 5947 1513 5986 rr
1530 5933 1591 5985 inc
1611 5949 1678 6004 sup.
1694 5941 1745 5995 un.
