4342 7459
689 1238 758 1302 nn.
779 1238 832 1301 rv.
856 1236 934 1303 cue.
955 1237 1214 1302 xxu-xxru
1242 1234 1288 1319 ss
1309 1233 1453 1301 so-ss.
1670 1228 1727 1299 rit

411 1406 619 1490 sponderem,
647 1406 754 1480 dares,
783 1405 844 1469 nisi
874 1412 906 1468 et
932 1413 964 1470 te
992 1405 1103 1469 audire
1133 1426 1218 1470 nunc
1246 1404 1371 1468 mallem
1393 1412 1425 1469 et
1451 1404 1521 1468 istis
1543 1411 1648 1469 tamen
1670 1402 1734 1468 alio

412 1508 554 1584 tempore
576 1520 783 1583 responsurus
804 1520 922 1574 essem,
947 1507 1013 1562 tum
1035 1499 1170 1573 scilicet,
1193 1519 1263 1562 cum
1284 1499 1352 1562 tibi.

496 1594 613 1656 xxm.
633 1595 751 1676 Atque,
773 1594 800 1656 si
815 1613 923 1656 verum
943 1592 1136 1676 respondere
1151 1591 1264 1664 velles,
1287 1592 1375 1667 Cato,
1389 1592 1468 1656 baec
1483 1599 1572 1656 erant
1586 1592 1736 1658 dicendu

413 1708 476 1751 non
498 1709 553 1751 eos
575 1689 632 1752 tibi
653 1707 719 1750 non
740 1688 907 1771 probatos,
930 1687 1022 1750 tantis
1044 1687 1182 1767 ingeniis
1202 1686 1348 1750 homines
1371 1694 1523 1769 tantaque
1542 1689 1736 1762 auctoritate,

412 1782 468 1846 sed
490 1790 522 1846 te
544 1779 814 1855 animadvertisse,
837 1801 917 1863 quas
938 1801 989 1843 res
1011 1780 1058 1842 illi
1072 1788 1201 1863 propter
1214 1780 1433 1864 antiquitatem
1449 1800 1559 1864 perum
1572 1781 1762 1854 vidissenttt

412 1895 465 1939 eas
487 1894 506 1937 a
528 1875 735 1938 Stoicisesse
757 1882 952 1957 perspectas,
975 1874 1161 1956 eisdemque
1182 1875 1221 1936 de
1244 1874 1339 1937 rebus
1363 1874 1421 1939 hos
1443 1894 1515 1937 cum
1533 1876 1657 1939 acutius
1673 1873 1739 1937 dis·

411 1969 563 2043 seruisse,
593 1975 659 2032 tum
682 1969 820 2033 sensisse
842 1969 968 2051 gravius
989 1974 1021 2032 et
1042 1965 1173 2042 lortius,
1207 1966 1325 2050 quippe
1347 1967 1402 2051 qul
1424 1968 1560 2050 primum
1582 1966 1737 2032 valetudi-

411 2083 485 2127 nem
506 2063 621 2129 bonam
642 2063 853 2146 expetendam
875 2069 992 2145 negent
1008 2079 1095 2134 esse,
1117 2060 1296 2142 eligendam
1312 2060 1433 2136 dicant,
1456 2060 1737 2144 necquiabonum

411 2159 453 2222 sit
473 2156 597 2231 valere,
618 2156 675 2219 sed
697 2157 772 2240 quia
794 2156 922 2219 sitnon
943 2154 1044 2218 nihilo
1067 2155 1296 2221 aestimandum
1319 2188 1360 2203 -
1382 2173 1486 2238 neque
1509 2161 1614 2218 temen
1636 2153 1737 2236 pluris

411 2250 474 2314 illis
496 2249 634 2324 ridetur,
657 2251 713 2332 qui
736 2249 815 2311 illud
839 2268 903 2312 non
927 2248 1071 2311 dubitant
1092 2247 1212 2312 bonum
1235 2248 1359 2312 dicere:
1379 2280 1422 2296 -
1442 2248 1505 2311 boc
1520 2268 1594 2311 vero
1608 2256 1639 2311 te
1654 2245 1776 2310 terreo

411 2363 476 2407 non
499 2344 657 2425 potuisse,
680 2342 765 2425 quod
788 2342 912 2425 antiqui
934 2342 980 2405 illi
1002 2343 1095 2424 quasi
1117 2341 1254 2416 barbati,
1274 2352 1310 2407 ut
1330 2362 1389 2405 nos
1412 2342 1451 2406 de
1464 2341 1737 2408 nostris-solemus

411 2435 532 2511 dicere,
553 2434 751 2500 crediderint
772 2437 856 2509 eius,
878 2436 935 2517 qui
955 2435 1087 2499 honeste
1103 2438 1242 2511 viveret,
1263 2438 1289 2500 si
1305 2437 1389 2503 idem
1404 2437 1497 2501 etiam
1511 2436 1593 2500 bene
1608 2434 1737 2507 valeret,

410 2530 492 2593 bene
522 2530 660 2603 audiret,
689 2529 836 2612 copiosus
867 2537 964 2603 esset,
995 2530 1212 2612 optabiliorem
1241 2529 1309 2593 iore
1331 2532 1426 2594 vitam
1452 2529 1683 2611 melioremque
1706 2534 1738 2591 et

411 2624 510 2706 magis
532 2622 741 2707 expetendam
769 2642 865 2705 quam
892 2623 994 2696 illius,
1025 2625 1080 2705 qui
1111 2643 1213 2706 aeque
1240 2624 1289 2688 vir
1315 2624 1419 2687 honus
1447 2623 1579 2687 multis
1608 2621 1736 2685 modis

412 2721 509 2793 esset,
530 2725 567 2779 ut
586 2717 681 2780 Ennii
702 2716 865 2791 Alcmaeo,
1744 2726 1773 2776 ts

592 2810 889 2873 circumventus
911 2810 1058 2885 morbo,
1080 2813 1231 2875 exsilio
1253 2820 1377 2895 atque
1399 2812 1545 2895 inopis.

411 2901 462 2967 63.
484 2904 533 2967 illi
562 2904 659 2986 igitur
684 2904 805 2986 antiqui
833 2924 897 2966 non
925 2913 987 2967 tam
1018 2912 1108 2967 acute
1138 2906 1359 2987 optabiliorem
1383 2906 1471 2969 illam
1493 2906 1591 2969 vitam
1613 2913 1735 2987 putent,

410 2999 687 3081 praestantiorem,
708 2998 899 3071 beatiorem,
922 2999 1020 3062 Stoici
1042 3008 1147 3060 autem
1169 3008 1292 3062 tantum
1313 2998 1409 3062 modo
1432 2999 1687 3081 praeponendam
1702 2999 1735 3062 in

410 3090 589 3173 seligendo,
611 3111 674 3153 non
698 3111 762 3174 quo
784 3091 964 3155 beatiores
987 3093 1049 3154 vita
1071 3094 1126 3165 sit,
1149 3091 1204 3153 sed
1227 3091 1313 3175 quod
1336 3092 1374 3155 ed
1398 3100 1539 3156 naturam
1559 3111 1736 3156 accommo-

412 3186 527 3259 datior,
556 3194 603 3259 et,
632 3186 685 3267 qui
716 3186 877 3267 sapientes
907 3205 971 3248 non
999 3187 1079 3259 sint,
1108 3205 1218 3248 omues
1240 3206 1342 3269 aeque
1365 3186 1600 3249 miserescere.
1639 3185 1774 3248 Stoicitt

411 3279 473 3341 hoc
495 3278 645 3342 videlicet
667 3279 827 3354 viderunt,
858 3279 930 3342 illos
952 3288 1056 3341 autem
1080 3279 1113 3340 id
1135 3278 1260 3361 lugeret
1281 3280 1473 3364 superiores,
1504 3279 1647 3342 homines
1670 3299 1735 3341 sce·

411 3373 528 3437 leribns
560 3382 592 3437 ct
621 3374 799 3456 parricidiis
828 3374 1007 3455 inquinatos
1038 3373 1138 3435 nihilo
1166 3374 1344 3436 miseriores
1367 3394 1436 3436 esse
1459 3393 1553 3456 quam
1576 3391 1648 3445 eos,
1678 3372 1734 3454 qui

410 3488 483 3531 cum
504 3476 589 3531 caste
612 3476 645 3531 et
666 3469 787 3548 integre
808 3468 952 3530 viverent
974 3468 1115 3529 nondum
1138 3466 1306 3548 perlectam
1327 3467 1412 3530 illam
1428 3467 1613 3551 sapientiam
1629 3475 1736 3531 essent

411 3562 582 3625 consecuti.
626 3557 677 3622 ul.
698 3562 802 3642 Atque
829 3560 889 3623 boc
911 3560 980 3623 loco
1003 3560 1225 3623 similitudines
1247 3580 1318 3636 eas,
1347 3562 1462 3642 quibus
1484 3560 1531 3625 illi
1552 3560 1598 3623 uti
1620 3560 1734 3633 solent,

411 3653 637 3719 dissimillimas
661 3653 852 3735 proferebas.
890 3653 969 3728 Quis
991 3654 1074 3715 enim
1098 3655 1238 3735 ignorat,
1261 3656 1288 3718 si
1310 3656 1417 3738 plures
1438 3655 1557 3719 exalto
1573 3666 1773 3737 emergere}

410 3749 525 3822 uelint,
546 3750 678 3832 propius
700 3747 766 3810 iore
789 3768 843 3810 eos
867 3747 995 3830 quidem
1015 3747 1054 3810 ad
1070 3748 1301 3829 respirandum,
1324 3747 1379 3831 qui
1395 3749 1434 3811 ad
1450 3768 1603 3813 summam
1619 3768 1734 3831 aquam

410 3844 472 3906 iam
495 3843 766 3925 appropinquent,
789 3841 844 3904 sed
868 3840 966 3903 nibilo
988 3842 1087 3922 magis
1109 3842 1264 3923 respirare
1287 3862 1381 3924 posse
1397 3863 1492 3926 quam
1510 3863 1579 3916 eos,
1601 3843 1657 3925 qui
1672 3843 1736 3905 sint

410 3936 443 3998 in
465 3936 647 4019 profundo?
674 3936 757 3998 Nihil
779 3937 875 4016 igitur
895 3934 1025 3997 adiuvat
1047 3934 1216 4015 procedere
1239 3944 1271 3999 et
1291 3937 1439 4019 progredi
1462 3937 1495 3999 in
1518 3937 1647 4011 virtute,
1670 3956 1734 4020 quo

410 4029 514 4091 minus
537 4028 730 4091 miserrimus
753 4030 809 4102 sit,
839 4038 913 4091 ante
936 4048 1030 4111 quam
1053 4029 1092 4090 ad
1117 4049 1184 4091 eam
1207 4032 1403 4112 pervenerit,
1427 4033 1577 4113 quoniam
1598 4033 1631 4094 in
1654 4049 1736 4113 aqua

409 4123 488 4186 nibil
511 4124 653 4195 adiuvat,
684 4131 715 4184 et
737 4123 887 4204 quoniam
910 4123 1024 4193 catuli,
1055 4123 1109 4204 qui
1133 4124 1194 4184 iam
1218 4124 1387 4207 dispecturi
1410 4134 1500 4198 sunt,
1523 4125 1608 4187 caeci
1631 4134 1773 4206 acquett

410 4218 500 4290 etii,
531 4218 584 4298 qui
614 4215 707 4278 modo
735 4217 815 4287 nati,
847 4216 1006 4278 Platonem
1030 4238 1157 4298 quoquc
1180 4237 1311 4279 necesse
1334 4227 1398 4289 est,
1422 4220 1571 4300 quoniam
1594 4217 1734 4280 nondum

409 4310 536 4372 ridebat
558 4310 759 4391 sapientiam,
782 4330 885 4392 aeque
908 4330 1035 4371 caecum
1059 4311 1163 4372 animo
1187 4329 1223 4371 ac
1246 4310 1401 4371 Phalarim
1424 4310 1530 4373 luisse.

494 4403 609 4463 xxw.
633 4400 684 4463 65.
707 4405 769 4465 ista
793 4403 908 4464 similia
930 4424 993 4463 non
1017 4412 1104 4475 sunt,
1130 4405 1219 4465 Cato:
1246 4404 1277 4463 in
1302 4404 1416 4485 quibus
1436 4405 1579 4485 quamvis
1602 4405 1734 4466 multum

411 4496 620 4579 processeris,
645 4504 746 4558 tamen
771 4497 847 4558 illud
871 4499 902 4560 in
927 4497 1035 4558 eadem
1059 4516 1153 4558 causa
1176 4506 1240 4568 est,
1263 4517 1280 4559 a
1304 4518 1366 4579 quo
1389 4498 1499 4560 abesse
1516 4500 1610 4571 velis,
1634 4498 1735 4560 donec

410 4591 562 4662 evaseris;
592 4610 651 4652 nec
681 4591 765 4654 enim
796 4591 849 4652 ille
879 4592 1013 4671 respirat
1048 4598 1122 4652 ante
1147 4611 1241 4672 quam
1272 4591 1415 4664 emersit,
1449 4600 1480 4653 et
1510 4593 1604 4655 catuli
1633 4603 1773 4674 aequessd

410 4686 492 4745 caeci
518 4684 605 4764 prius
629 4704 722 4765 quarn
745 4684 970 4766 dispexerunt,
993 4705 1029 4745 ac
1052 4685 1078 4746 si
1104 4686 1144 4746 ita
1168 4685 1265 4746 luturi
1288 4705 1413 4765 semper
1433 4694 1547 4747 essent.
1583 4686 1640 4748 llla
1663 4694 1735 4747 sunt

410 4777 541 4839 similia:
563 4776 667 4839 Hebes
691 4778 773 4839 acies
797 4788 844 4839 est
867 4778 1001 4859 cuipiam
1025 4778 1209 4851 oculorum,
1232 4798 1360 4861 corpore
1383 4779 1462 4841 alius
1484 4779 1675 4861 languescit:
1702 4779 1733 4841 bi

474 5029 499 5078 3.
518 5027 596 5086 leque
613 5028 675 5076 BG:
694 5028 768 5087 Atqui
785 5029 805 5076 0
827 5054 853 5064 -
872 5028 895 5075 6.
915 5040 963 5090 que
979 5041 1032 5076 om.
1051 5028 1100 5080 BE
1121 5054 1147 5062 -
1166 5041 1222 5076 cum
1240 5029 1298 5076 net
1309 5028 1466 5090 Madvigius:
1486 5033 1538 5077 taen
1555 5031 1636 5079 ceteri
1654 5029 1733 5080 codd.

409 5108 434 5153 et
452 5104 472 5153 0
493 5130 519 5140 -
544 5103 676 5151 dumosa
698 5104 745 5152 BE
769 5129 796 5138 -
821 5104 845 5151 7.
865 5105 907 5164 qui
933 5117 986 5151 om.
1006 5104 1024 5151 B
1046 5130 1066 5137 -
1096 5103 1120 5152 8.
1139 5116 1183 5150 uec
1201 5104 1263 5151 BD:
1286 5116 1336 5150 nou
1353 5104 1373 5152 0
1389 5130 1414 5140 -
1434 5104 1457 5153 9.
1476 5104 1563 5153 Verba
1583 5106 1735 5168 interpositu

407 5192 533 5239 sequen
545 5177 635 5226 bouum
656 5179 737 5226 dicere
758 5181 785 5227 et
809 5191 868 5228 mox
894 5183 921 5225 ut
941 5192 985 5226 nor
1001 5179 1030 5225 de
1052 5193 1077 5227 u.
1097 5178 1200 5226 retornus
1217 5179 1297 5227 dicere
1314 5176 1433 5227 eicienda
1452 5184 1547 5229 censet
1564 5181 1602 5230 Fr.
1623 5181 1735 5231 lacobus

408 5255 433 5303 in
451 5252 540 5303 Philol.
554 5252 717 5303 Schneider.
732 5255 777 5312 Vl,
796 5267 820 5316 p.
836 5253 879 5302 tet
896 5266 936 5315 sq.
953 5279 979 5288 -
992 5253 1072 5313 plun's
1084 5254 1261 5303 Goerenzius:
1278 5254 1362 5315 plures
1378 5267 1453 5314 quum
1465 5254 1542 5303 codd.
1559 5256 1645 5314 tetiam
1662 5258 1734 5315 Btitr

405 5328 486 5389 pluris
503 5340 579 5389 quum
596 5328 630 5383 0,·
646 5328 727 5388 plun's
744 5327 837 5390 [quom]
856 5328 879 5376 u
900 5353 926 5362 -
947 5326 987 5376 43.
1006 5326 1067 5389 tore]
1086 5340 1136 5375 esse
1153 5328 1211 5375 Β-
1231 5325 1273 5377 tt.
1286 5329 1370 5376 multis
1385 5329 1464 5376 modis
1475 5330 1595 5379 Ciceroni
1614 5330 1736 5379 tribuito

412 5430 437 5439 -
458 5405 496 5451 45.
516 5403 600 5466 Ennia]
618 5403 719 5451 enimli
740 5430 765 5437 -
786 5403 879 5451 clerum
898 5403 930 5457 Β;
950 5402 1066 5450 utemoE
1088 5428 1112 5436 —
1134 5401 1172 5450 48,
1191 5403 1217 5449 ic
1233 5415 1258 5450 se
1275 5403 1376 5464 legendo
1394 5404 1440 5452 BE
1460 5428 1486 5440 -
1508 5405 1547 5453 49.
1566 5404 1653 5464 qarob.
1673 5410 1735 5464 (non

409 5479 473 5540 quod
484 5477 518 5536 b.)
534 5478 613 5525 etiam
627 5478 645 5526 E
661 5503 686 5511 -
706 5490 736 5525 eo
748 5490 811 5527 nos:
830 5490 862 5525 ecc
875 5478 909 5531 B;
922 5477 983 5525 boec
995 5478 1057 5525 MO.
1078 5476 1115 5525 Ci,
1130 5489 1184 5524 ver.
1200 5473 1260 5524 lect.
1275 5490 1300 5539 p.
1315 5477 1372 5534 464,
1385 5477 1424 5527 43.
1440 5479 1495 5536 468,
1510 5479 1534 5527 6.
1549 5504 1575 5514 -
1596 5492 1737 5527 accommo-

410 5555 466 5600 dior
477 5553 525 5600 Bc
541 5577 567 5586 -
581 5553 622 5601 20.
635 5565 685 5601 erse
696 5565 748 5600 om.
762 5553 781 5601 B
792 5577 817 5586 -
832 5553 873 5601 et.
887 5553 1025 5613 superiores
1037 5555 1211 5600 Goerenzius:
1229 5554 1369 5613 superiores
1380 5554 1423 5613 qul
1440 5552 1631 5601 arbitrabuntur
1642 5552 1734 5612 codd.;

410 5627 560 5687 superiores,
578 5625 630 5689 [qui
641 5626 840 5686 arbitraboctw]
854 5626 889 5682 0;
904 5628 982 5676 etiem
995 5641 1020 5674 v.
1030 5629 1169 5687 superiores
1181 5626 1324 5676 delendum
1338 5633 1430 5678 censet
1443 5627 1568 5678 Halmius.
1578 5656 1603 5665 -
1614 5628 1653 5677 23.
1667 5629 1737 5678 ittam

408 5702 545 5763 perfectum
563 5702 581 5749 B
598 5729 623 5738 -
643 5701 675 5751 il
703 5704 740 5749 uti
756 5715 809 5750 em.
828 5702 847 5751 B
864 5728 889 5737 -
909 5702 948 5750 26.
969 5702 1074 5764 quidem]
1094 5703 1203 5762 quidest
1220 5704 1238 5751 B
1258 5728 1284 5738 —
1304 5716 1398 5763 aquam
1415 5704 1466 5751 tom
1483 5704 1517 5751 B:
1537 5705 1587 5751 ium
1605 5716 1699 5763 uquam
1715 5705 1736 5754 0

414 5803 438 5812 -
459 5776 499 5826 at.
519 5778 717 5837 appropinquent
735 5778 795 5826 BE:
821 5778 1024 5838 appropinquant
1041 5778 1061 5824 Ο
1080 5803 1107 5811 -
1132 5778 1179 5825 siut
1202 5778 1265 5827 BE:
1291 5785 1348 5826 suut
1365 5779 1385 5827 0
1404 5803 1432 5815 -
1457 5778 1496 5827 28.
1516 5778 1594 5839 {quur
1610 5778 1734 5828 BCDE:

410 5852 506 5914 arpeo
527 5874 553 5887 -
578 5852 777 5912 repensentur
798 5852 816 5900 Β
835 5852 896 5911 (non
914 5852 942 5908 Ε)
962 5878 988 5888 -
1016 5851 1055 5900 30.
1075 5853 1208 5912 dispecturi
1230 5852 1384 5904 Lerubinus:
1409 5854 1546 5914 despecturi
1562 5851 1653 5910 codd,
1672 5853 1735 5904 item

411 5940 434 5975 v.
454 5926 495 5976 36.
516 5952 542 5961 -
562 5940 635 5976 coeco
652 5928 674 5977 D
694 5953 717 5960 -
740 5926 779 5976 34.
798 5925 881 5988 liebus]
898 5926 971 5975 bobes
987 5927 1073 5976 ΒΕΘ.
1093 5927 1132 5977 Cl.
1150 5927 1184 5977 ed
1202 5941 1228 5992 p.
1242 5929 1299 5989 467,
1312 5930 1353 5979 27.
1374 5955 1401 5966 -·
1419 5926 1563 5993 kemut]
1580 5926 1656 5977 uuit
1672 5928 1700 5977 Β.
