4342 7459
640 1259 748 1325 cnr.
780 1259 854 1326 cn.
868 1251 1194 1327 xxxv-xxxin·
1223 1256 1271 1347 ss
1294 1257 1485 1327 tar-rae.
1659 1255 1728 1325 cut·

405 1421 492 1485 tiosa·
510 1413 663 1495 (liumus,
684 1419 741 1483 illa
760 1426 876 1496 autem,
898 1440 980 1505 quae
1002 1422 1105 1505 turpia
1126 1419 1207 1498 sint,
1228 1422 1412 1486 nominibus
1433 1420 1628 1507 appellemus
1649 1422 1725 1486 suis.

405 1513 616 1588 Latrocinari,
638 1513 802 1590 fraudare,
823 1514 1001 1578 adulterare
1022 1535 1056 1578 re
1078 1522 1170 1598 turpe
1192 1524 1250 1589 est,
1273 1516 1328 1579 sed
1351 1516 1468 1579 dicitur
1488 1535 1552 1580 non
1574 1516 1726 1591 obscenae

406 1608 517 1672 liberis
546 1608 622 1671 dare
650 1627 780 1691 operam
809 1628 844 1671 re
866 1609 1034 1673 honestum
1055 1618 1118 1684 est,
1147 1611 1276 1673 nomine
1297 1610 1486 1673 obscenum:
1518 1609 1672 1693 pluraque
1693 1612 1727 1673 in

409 1721 479 1767 earn
500 1701 689 1766 seumntiam
711 1703 751 1765 ab
773 1700 892 1765 eisdem
914 1710 1025 1766 contra
1046 1702 1268 1766 verecundiam
1290 1702 1497 1787 disputantur.
1539 1705 1606 1767 Nos
1622 1712 1727 1767 autem

408 1803 560 1860 naturam
576 1809 746 1878 uquarum
771 1804 804 1859 et
824 1795 866 1858 ab
886 1795 989 1871 omni,
1019 1795 1108 1879 quod
1127 1795 1274 1860 abhorret
1294 1796 1333 1860 ah
1355 1796 1520 1861 oculorum
1541 1798 1752 1881 auriumquet

410 1890 657 1974 approbatione,
685 1887 863 1972 luglamusu·
889 1897 990 1953 status
1010 1889 1171 1964 incessus,
1193 1890 1294 1953 sessio
1316 1890 1486 1964 accubitio,
1507 1890 1613 1954 mtms
1635 1889 1729 1963 oculi,

410 1995 559 2048 manuam
588 1991 693 2046 motus
716 1989 845 2046 teneant
865 1982 948 2045 lllhti
968 1981 1127 2047 decorum.
1171 1978 1243 2046 ⁴29.
1266 1982 1388 2059 Quibus
1409 1983 1442 2046 ib
1463 1982 1558 2047 reum
1580 1984 1642 2047 duo
1665 2001 1730 2045 ma·-

410 2077 501 2140 nime·
522 2085 597 2140 sunt
622 2074 793 2159 mglendas
818 2074 955 2158 nequid
977 2076 1190 2140 effeminatum
1211 2084 1267 2139 aut
1287 2076 1382 2139 molle
1404 2083 1436 2139 et
1456 2093 1497 2140 ue
1519 2075 1595 2160 quid
1617 2076 1730 2139 durum

410 2176 468 2232 aut
486 2169 637 2232 rusticum
659 2170 708 2232 sit
751 2170 816 2232 llec
836 2187 911 2233 rsro
932 2168 1140 2233 histrionibus
1162 2170 1407 2254 oratoribusque
1428 2170 1666 2234 concedendum
1684 2171 1733 2233 est

410 2271 448 2326 ut
467 2264 508 2327 iis
529 2259 608 2327 baec
628 2270 701 2345 apta
722 2263 796 2336 sint,
817 2263 909 2327 nobis
931 2262 1096 2327 dissoluta.
1139 2263 1360 2329 Smeuicorum
1382 2264 1511 2348 quidem
1526 2282 1595 2328 mos
1611 2271 1730 2327 tantm
1739 2273 1769 2319 ⁴⁰

410 2356 507 2419 babet
534 2364 641 2419 vetere
670 2356 837 2439 disciplina
865 2358 1107 2433 verecundiam,
1137 2366 1173 2421 ut
1200 2359 1233 2423 iu
1264 2378 1409 2423 scaenam
1439 2359 1509 2423 sine
1536 2354 1732 2441 subligaculo

411 2450 546 2533 prodeat
563 2469 677 2527 nemo;
701 2458 855 2514 serentur·
871 2452 956 2514 enim
977 2470 1028 2526 ue,
1050 2451 1077 2514 si
1102 2470 1167 2535 quo
1188 2469 1262 2515 oasu
1284 2452 1426 2516 evenerit
1445 2460 1482 2515 ut
1502 2451 1643 2535 corporis
1661 2463 1733 2533 par·

412 2552 460 2608 tes
488 2543 643 2629 quaedum
668 2543 863 2628 aperiantur,
892 2545 1085 2628 aspiciantur
1104 2565 1168 2609 non
1191 2546 1315 2610 decore.
1357 2548 1474 2609 Nostro
1496 2545 1624 2629 quidem
1645 2563 1734 2607 more

413 2657 485 2701 cnm
514 2638 699 2720 parentibus
727 2638 864 2721 puberes
890 2635 963 2713 lilii,
991 2657 1062 2702 cum
1091 2641 1212 2704 soceris
1236 2640 1344 2723 generi
1365 2659 1431 2702 non
1452 2639 1607 2704 lavantur.
1649 2639 1735 2703 Reti-

414 2731 520 2795 nenda
545 2732 644 2815 igitur
668 2740 717 2794 est
737 2731 833 2795 buius
854 2732 979 2815 generis
1000 2733 1209 2810 verecundia,
1235 2734 1420 2818 praesertim
1445 2743 1558 2797 natura
1577 2735 1648 2817 ipsa
1669 2737 1772 2797 ma-ti
1810 2744 1815 2754 “

414 2825 512 2908 gistra
539 2833 573 2889 et
600 2825 690 2888 duce.
743 2825 890 2888 xxxvl.
922 2821 994 2888 430.
1025 2826 1103 2890 Cum
1131 2834 1236 2891 autem
1258 2827 1501 2913 pulchritudinis
1530 2827 1593 2890 duo
1619 2845 1735 2909 genera

415 2919 494 2993 sint,
517 2935 653 3003 qaorum
674 2920 708 2982 iu
729 2919 829 2983 altero
851 2926 1005 2984 venustas
1024 2922 1079 2995 sit,
1100 2922 1134 2984 in
1156 2921 1256 2984 altero
1279 2921 1426 3004 dignitas,
1447 2928 1644 2984 venustatem
1667 2940 1734 2982 mu·

415 3011 546 3076 liebrem
575 3011 694 3075 ducem
720 3011 892 3087 debemus,
921 3011 1106 3094 dignitatem
1132 3013 1267 3078 virilem.
1314 3015 1398 3095 llrgo
1419 3019 1451 3077 et
1472 3032 1491 3078 a
1510 3012 1612 3076 iorrna
1633 3031 1737 3076 remo·

415 3113 527 3171 reatus
553 3106 656 3171 omuls
682 3105 751 3169 viro
779 3125 843 3169 non
872 3105 986 3188 diguus
1007 3114 1156 3182 omatus,
1184 3113 1216 3170 et
1236 3107 1312 3170 bulc
1333 3106 1437 3170 simile
1457 3106 1567 3170 sitium
1589 3106 1622 3169 in
1644 3111 1736 3188 gestu

415 3207 569 3285 mumque
598 3206 754 3263 oavmttrr.
805 3201 884 3262 liam
906 3206 939 3262 et
959 3199 1141 3281 palaestrici
1164 3208 1268 3263 motus
1290 3206 1364 3264 sunt
1391 3217 1486 3286 saepe
1507 3197 1682 3263 odiosiores
1704 3205 1775 3262 etat

415 3293 607 3358 histrionum·
631 3307 696 3357 nou
724 3292 805 3356 nulli
831 3300 940 3376 gestus
960 3294 1088 3377 ineptiis
1109 3313 1173 3358 non
1195 3300 1326 3369 meant,
1355 3300 1387 3357 et
1407 3295 1444 3357 in
1464 3301 1599 3377 utroque
1620 3311 1736 3377 genere

417 3405 499 3471 quae
521 3395 595 3451 sunt
614 3395 700 3449 recta
729 3394 762 3450 et
783 3387 939 3471 simplicia
960 3386 1137 3451 laudantur.
1181 3388 1314 3451 Fortasse
1336 3394 1441 3451 autem
1462 3386 1599 3469 dignitas
1621 3387 1737 3451 coloris

417 3479 560 3543 bonitate
590 3480 708 3544 tuenda
734 3488 799 3555 est,
827 3480 917 3544 color
942 3477 1221 3545 exercitationibus
1243 3481 1395 3564 corporis.
1437 3479 1625 3543 Adhibenda
1646 3498 1738 3563 prae·

418 3581 504 3637 terea
525 3572 680 3638 munditia
702 3582 836 3638 estnon
859 3573 971 3637 odiosa
992 3594 1097 3659 neque
1119 3574 1278 3659 exquisita
1298 3575 1411 3650 nimis,
1438 3581 1558 3637 tantum
1585 3593 1667 3656 quae
1688 3573 1739 3637 lu·

418 3666 484 3750 giat
512 3674 668 3749 agrestem
697 3675 729 3732 et
756 3668 960 3732 inhumanam
989 3669 1230 3752 neglegentiam.
1278 3668 1398 3731 Eadem
1419 3668 1500 3731 ratio
1523 3675 1572 3732 est
1592 3667 1777 3732 habendam

419 3761 565 3835 vestitus,
586 3762 724 3847 inquo,
746 3763 828 3825 sicut
848 3763 881 3826 in
904 3762 1065 3847 plerisque
1086 3764 1192 3837 rebus,
1214 3762 1416 3825 mediocritas
1432 3764 1550 3845 optima
1564 3769 1622 3825 est.
1666 3756 1737 3824 l3l.

420 3854 602 3918 &madum
622 3862 727 3918 autem
749 3862 798 3918 est
818 3875 859 3919 ne
881 3862 937 3919 aut
958 3855 1155 3920 tarditatibus
1177 3862 1304 3919 utamur
1322 3856 1356 3919 in
1370 3856 1514 3939 ingressu
1529 3855 1739 3930 mollioribus,

419 3956 455 4012 ut
474 3963 662 4033 pomparum
683 3948 811 4012 lerculis
832 3950 951 4013 similes
973 3969 1043 4013 esse
1065 3950 1246 4025 videamur,
1274 3956 1328 4013 aut
1353 3949 1664 4014 infestinationibus
1687 3969 1741 4013 su·

420 4044 590 4125 scipiamus
611 4042 726 4105 nimias
747 4042 934 4118 celeritates,
957 4062 1039 4126 qnae
1061 4062 1132 4106 cum
1154 4041 1242 4118 liant,
1263 4043 1423 4107 anhelitus
1445 4051 1620 4119 morentur,
1635 4044 1740 4107 vultus

421 4145 598 4211 mutantur,
626 4154 681 4198 ora
710 4144 914 4219 torquentur:
945 4155 986 4199 ea
1008 4138 1124 4220 quibus
1147 4156 1259 4220 magna
1281 4134 1466 4221 significatio
1488 4134 1523 4200 fit
1543 4156 1608 4200 non
1629 4136 1779 4200 acosma

420 4229 643 4293 constantiam.
689 4230 751 4293 Sed
773 4230 872 4293 multo
894 4230 988 4293 etiam
1010 4230 1110 4312 magis
1131 4230 1358 4295 elaborandum
1379 4239 1429 4295 est
1454 4251 1495 4294 ne
1517 4231 1613 4295 animi
1636 4240 1740 4294 motus

420 4342 443 4385 a·
459 4330 571 4387 nmura
592 4322 758 4386 recedant:
781 4322 866 4406 quod
889 4342 1104 4407 assequemur,
1126 4326 1154 4388 si
1175 4325 1354 4388 carebimus
1376 4346 1417 4388 ne
1439 4328 1472 4389 in
1490 4325 1740 4409 perturbationes

421 4423 517 4499 atque
538 4417 791 4481 exanimationes
812 4417 989 4480 incidamus
1011 4426 1043 4481 et
1064 4418 1091 4481 si
1114 4425 1249 4482 attentos
1271 4420 1392 4482 animos
1414 4418 1460 4483 ad*
1477 4418 1600 4482 decoris
1615 4435 1742 4481 conser-
1781 4452 1789 4471 ·

421 4510 579 4574 rationem
601 4511 788 4575 tenebimus.
832 4505 903 4578 lib.
926 4512 1031 4575 llotus
1053 4519 1160 4577 autem
1181 4511 1357 4575 animorum
1379 4512 1522 4595 duplices
1537 4519 1627 4576 suut:
1649 4512 1740 4576 alteri

421 4603 635 4685 cogitationis,
667 4604 758 4667 alteri
790 4606 959 4689 appetitus.
1013 4606 1168 4690 Cogitatio
1200 4606 1234 4669 in
1264 4623 1339 4669 sero
1360 4603 1566 4690 exquirendo
1595 4609 1783 4670 maxume&

421 4705 582 4774 muster,
610 4700 770 4783 appetitus
797 4698 921 4785 inpellit
948 4699 989 4763 ad
1018 4701 1187 4784 agendum.
1238 4699 1417 4766 durandum
1439 4708 1489 4766 est
1508 4700 1605 4786 igitur
1631 4707 1667 4763 ut
1688 4718 1742 4765 co·

490 4989 515 5042 t.
532 4988 766 5039 dimlbeb:
785 4989 907 5039 decumas
923 4999 985 5052 epo
1007 5015 1041 5027 -
1066 4989 1290 5053 pommus
1315 5014 1342 5026 -
1366 4990 1564 5051 ssotltlia003
1583 4992 1694 5043 omab
1711 5016 1739 5028 -

424 5062 670 5127 anomanop
697 5090 725 5100 -
752 5063 1425 5128 aptumqueatsuumtnmnsmsemmstumo
1451 5092 1478 5104 -
1510 5066 1745 5129 t.stomuoqoou

425 5148 441 5187 c
467 5165 494 5175 -
520 5137 553 5189 ub
570 5137 784 5204 (postubbometl
801 5150 885 5201 osup
913 5162 941 5175 -
969 5138 993 5190 t.
1012 5138 1262 5191 combutiohabc.
1292 5139 1331 5191 Cl.
1349 5153 1376 5205 p.
1389 5138 1446 5202 bil,
1460 5140 1500 5191 to.
1523 5140 1634 5203 liiiio.
1663 5166 1689 5177 -
1716 5141 1742 5191 7.

424 5215 541 5265 temate
570 5240 597 5250 -
622 5213 735 5264 mumma
750 5214 799 5263 duo
820 5213 884 5276 (sed
901 5213 983 5278 siguis
999 5214 1210 5279 transpositionis
1226 5213 1370 5277 additlslo
1397 5240 1424 5250 -
1451 5213 1475 5264 9.
1492 5214 1696 5265 mutomtsuosc
1713 5240 1741 5250 -

426 5288 466 5338 to.
484 5288 522 5339 lits
537 5289 557 5341 C
576 5288 665 5351 (biso)
684 5314 711 5324 -
735 5287 1103 5354 scusetcomnsubls'pucto
1115 5289 1224 5352 prodest
1238 5302 1311 5341 oeno
1326 5289 1427 5341 Nonius
1443 5290 1521 5355 pit.
1541 5317 1569 5327 -
1592 5290 1746 5341 sceumorum

425 5362 493 5415 boo
522 5389 549 5402 -
578 5346 1225 5427 moestutumisubetutdlsctpltuouerecucds'ub
1252 5390 1280 5401 -
1310 5364 1480 5416 roumalt
1509 5390 1536 5400 -
1567 5361 1745 5414 libuistsoc

427 5437 672 5503 impersonalem)
690 5439 821 5502 acceptus
836 5441 858 5491 A
875 5438 1012 5504 (sussum
1028 5453 1065 5490 m.
1079 5439 1146 5501 sec.)
1174 5466 1201 5475 -
1226 5443 1306 5490 ueteri
1328 5451 1343 5490 c
1369 5467 1396 5477 -
1423 5451 1523 5491 sescum
1539 5438 1693 5489 abflboo
1715 5462 1743 5474 -

427 5514 467 5566 tt.
485 5513 572 5580 ullast
588 5511 714 5565 lldmlus.
732 5538 760 5549 -
782 5514 1208 5566 cmustutsm--otstlemltonius
1225 5513 1319 5580 plib.
1337 5540 1365 5551 -
1390 5514 1430 5566 tt.
1449 5513 1561 5564 moues
1576 5513 1665 5562 ducere
1682 5523 1696 5561 o
1716 5537 1743 5547 -

426 5587 650 5650 stomoma
678 5613 704 5625 -
734 5589 1055 5653 tt.psstureoeusttto
1083 5615 1110 5625 -
1138 5588 1637 5652 tuspttnoeoucuetoffmstoeeetcp
1664 5612 1691 5621 -
1719 5585 1747 5636 tu

427 5664 590 5727 supersenb
609 5687 635 5697 -
654 5660 695 5712 23.
712 5663 983 5727 muudittuprustsreo
999 5676 1015 5715 c
1032 5689 1060 5700 -
1079 5663 1268 5715 theaumo
1286 5690 1313 5701 -
1331 5677 1376 5714 osc
1393 5675 1407 5713 o
1424 5690 1456 5700 -
1473 5667 1618 5724 tumensque
1632 5662 1746 5726 malote

430 5759 457 5771 -
470 5736 512 5787 ht.
525 5736 1056 5803 musmruoestuotssuu--optsuuese
1072 5739 1172 5790 Nonius
1183 5751 1210 5803 p.
1220 5737 1261 5789 tt.
1278 5765 1305 5777 -
1323 5736 1615 5789 esttuteudualtllab:
1636 5736 1749 5788 mtmuu

428 5808 1747 5876 essm[sumamma-mosomo-suessorum-tsom.e-mouutortcoso;

430 5884 807 5950 emp-samum
832 5913 859 5923 -
887 5887 1123 5940 it.sttumom.c
1146 5914 1173 5925 -
1199 5888 1373 5940 musicis
1398 5910 1426 5923 -
1453 5885 1748 5949 tauromenum-

431 5955 1303 6031 tttutqsescsstmtossstnttrupplstasuutmmscenttors.
1324 5960 1636 6015 -soomtauttoassttb
