4342 7459
652 1233 720 1296 nn.
743 1232 794 1295 1v.
828 1231 902 1298 cn.
925 1230 1235 1296 xxxu-xxxrv.
1263 1226 1309 1318 §a
1330 1225 1478 1293 os-ra.
1671 1226 1733 1295 aaa

406 1394 483 1460 tudo
505 1392 646 1469 ridetur,
675 1391 709 1456 in
732 1391 850 1476 quibus
879 1391 931 1455 isti
959 1390 1051 1454 liberi
1073 1397 1106 1454 et
1126 1390 1268 1453 concessi
1290 1398 1364 1453 sunt
1384 1409 1518 1453 amores.
1549 1391 1635 1455 Bene
1657 1411 1732 1476 ergo

406 1487 547 1551 Enniust
1344 1545 1345 1548 Ἴ

490 1580 640 1663 Flagiti
663 1580 904 1664 principium
927 1589 991 1643 est
1013 1579 1162 1643 nudare
1184 1577 1425 1642 intercisis
1447 1598 1624 1661 corpora.

408 1674 469 1752 Qui
492 1683 527 1738 ut
548 1676 624 1750 sint,
647 1674 732 1759 quod
755 1671 822 1737 lieri
845 1693 938 1755 posse
961 1675 1064 1749 video,
1088 1673 1208 1757 pudici,
1230 1673 1359 1737 solliciti
1383 1679 1488 1735 tamen
1512 1682 1544 1736 et
1558 1674 1646 1737 anxii
1662 1682 1735 1739 sunt

409 1789 510 1853 eoque
532 1768 646 1853 magis,
668 1770 751 1850 quod
775 1789 809 1831 se
826 1769 885 1850 ipsi
902 1769 1064 1831 continent
1078 1776 1111 1831 et
1126 1775 1282 1832 coercent.
1315 1761 1366 1828 7l.
1382 1768 1501 1850 Atque,
1523 1776 1560 1830 ut
1574 1769 1758 1833 muliebriss

408 1884 530 1928 amores
556 1864 716 1937 omittam,
744 1862 859 1947 quibus
889 1863 1039 1925 maiorem
1069 1862 1227 1926 licentiam
1249 1870 1362 1925 natura
1383 1861 1557 1936 concessit,
1588 1862 1660 1946 quis
1682 1868 1737 1925 aut

409 1956 448 2019 de
470 1957 646 2042 Ganymedi
674 1963 765 2039 raptu
794 1956 917 2019 dubitat
948 1955 1022 2038 quid
1054 1963 1166 2038 poetae
1195 1954 1293 2018 velint
1320 1962 1457 2017 autnon
1480 1953 1637 2037 intellegit
1658 1955 1736 2038 quid

409 2052 490 2133 apud
513 2050 696 2133 Euripidem
720 2057 751 2111 et
772 2049 920 2131 loquatur
941 2056 973 2111 et
995 2050 1100 2132 cupiat
1121 2049 1238 2111 Laius?
1262 2048 1346 2132 Quid
1362 2047 1501 2130 denique
1520 2048 1664 2112 homines
1680 2049 1736 2111 do·

410 2144 539 2207 ctissimi
566 2153 598 2207 et
626 2143 739 2207 summi
767 2149 881 2225 poetae
903 2141 943 2203 de
969 2161 1003 2204 se
1031 2143 1107 2227 ipsis
1129 2150 1161 2205 et
1182 2143 1373 2206 carminibus
1396 2142 1495 2206 edunt
1517 2149 1547 2204 et
1569 2141 1736 2205 cantibus?

409 2237 511 2302 Fortis
533 2238 582 2300 vir
602 2238 635 2299 in
658 2257 716 2300 sua
737 2258 770 2299 re
794 2235 918 2319 publica
941 2236 1086 2318 cognitus
1103 2256 1185 2321 quae
1201 2237 1240 2299 de
1255 2237 1406 2299 iuvenum
1423 2256 1530 2299 amore
1553 2236 1661 2300 scribit
1683 2236 1774 2298 iil-to

410 2333 522 2396 naeus!
547 2352 620 2395 nam
642 2330 848 2394 Anacreontis
871 2329 999 2412 quidem
1023 2338 1087 2392 tota
1110 2330 1214 2414 poesis
1236 2339 1284 2393 est
1304 2332 1470 2405 amatoria;
1493 2350 1640 2394 maxume
1662 2351 1737 2396 vero

410 2425 550 2489 omnium
572 2425 720 2507 flagrasse
742 2444 849 2487 amore
872 2423 1024 2505 lteginum
1048 2423 1178 2507 lbycnm
1200 2433 1332 2507 apparet
1353 2445 1393 2488 ex
1415 2426 1550 2507 scriptis.

495 2519 642 2582 xxxiv.
668 2521 772 2603 Atque
803 2517 916 2580 horum
945 2519 1083 2580 omnium
1114 2518 1312 2582 lubidinosos
1342 2539 1411 2582 esse
1438 2538 1561 2582 amores
1583 2519 1737 2582 videmus.

411 2613 596 2697 Philosophi
625 2634 732 2676 sumus
759 2613 862 2675 exorti
890 2620 922 2674 et
946 2620 1075 2674 auctore
1099 2612 1227 2695 quidem
1250 2620 1358 2676 nostro
1382 2612 1525 2688 Platone,
1557 2632 1650 2697 quom
1674 2631 1738 2675 non

412 2709 526 2773 iniuria
540 2707 751 2770 Dicaearchus
767 2716 904 2780 accusat,
916 2706 971 2787 qui
988 2706 1086 2769 amori
1103 2707 1317 2769 auctoritatem
1334 2708 1553 2770 tribueremus.
1575 2704 1626 2769 72.
1639 2706 1739 2769 Stoici
1749 2720 1776 2766 ts

412 2821 486 2866 vero
509 2809 542 2864 et
563 2801 737 2883 sapientem
759 2808 937 2862 amaturum
959 2820 1033 2862 esse
1052 2801 1161 2863 dicunt
1183 2809 1215 2863 et
1228 2820 1367 2864 amorem
1382 2802 1485 2883 ipsum
1501 2807 1646 2864 conatum
1663 2799 1740 2863 ami·

413 2896 505 2959 ciliae
534 2893 697 2957 faciendae
727 2915 767 2956 ex
795 2892 1040 2975 pulchritudinis
1071 2893 1178 2975 specie
1200 2890 1365 2957 deliniunt.
1405 2894 1468 2968 Qui
1491 2896 1518 2957 si
1541 2894 1613 2978 quis
1635 2901 1684 2956 est
1706 2893 1739 2956 in

412 3011 516 3055 rerum
540 2995 652 3052 natura
674 2988 743 3051 sine
765 2985 993 3057 sollicitudine,
1017 2986 1085 3048 sinc
1108 2985 1276 3058 desiderio,
1298 2989 1367 3050 sine
1389 3008 1478 3060 eura,
1501 2987 1570 3050 sine
1593 2987 1739 3071 suspirio,

413 3087 454 3149 sit
475 3103 569 3156 sane;
600 3089 688 3144 vacat
709 3082 792 3143 enim
816 3080 902 3142 omni
925 3079 1076 3153 libidine3
1107 3078 1186 3142 haec
1208 3088 1314 3143 autem
1337 3080 1376 3144 de
1398 3080 1531 3143 libidine
1553 3080 1654 3152 oratio
1678 3084 1737 3143 est.

414 3180 469 3242 Sin
491 3184 596 3240 autem
619 3184 666 3238 est
687 3175 803 3257 aliquis
824 3193 923 3245 amor,
945 3180 979 3234 ut
1000 3181 1049 3235 est
1071 3180 1171 3246 certe,
1194 3175 1251 3257 qui
1266 3174 1344 3238 nihil
1359 3174 1442 3237 absit
1456 3183 1510 3237 aut
1525 3193 1589 3236 non
1606 3173 1777 3237 multumsa

413 3273 452 3336 ab
473 3271 614 3343 insania,
636 3267 740 3353 qualis
762 3268 795 3328 in
818 3264 976 3328 Leucadia
999 3274 1063 3328 est:

876 3360 915 3421 Si
939 3359 1097 3441 quidem
1121 3361 1174 3424 sit
1196 3363 1409 3446 quisquam
1432 3360 1543 3436 deus,

543 3457 610 3520 Cui
634 3476 704 3539 ego
727 3457 799 3518 sim
822 3474 956 3518 curae.

415 3549 466 3614 73.
488 3552 529 3614 ht
556 3551 589 3613 id
612 3559 679 3613 erat
706 3552 773 3614 deis
796 3551 943 3613 omnibus
966 3550 1154 3624 curandum,
1184 3548 1339 3634 quemad
1362 3548 1489 3615 modum
1510 3548 1562 3611 hic
1584 3548 1742 3615 frueretur

415 3646 576 3730 voluptate
597 3646 758 3708 amatoria.
1749 3653 1779 3727 to

541 3739 626 3802 llen
648 3761 702 3802 me
726 3739 953 3802 infeliceml

415 3834 499 3898 Nihil
523 3834 638 3897 verius.
670 3834 769 3897 Probe
792 3841 824 3897 et
845 3834 918 3896 ille:

957 3927 1134 3991 Sanusne
1157 3946 1213 4000 es,
1236 3926 1306 4011 qui
1329 3934 1477 3989 temere
1499 3923 1742 3989 lamentaret

418 4022 474 4087 llic
496 4023 629 4086 insanus
651 4022 776 4085 videtur
798 4023 891 4084 etiam
915 4022 992 4083 suis.
1027 4023 1067 4083 tt
1090 4040 1168 4103 quas
1191 4018 1367 4103 tragoedias
1390 4016 1504 4081 eihoitl

543 4119 609 4190 Te,
639 4115 778 4200 Apollo
809 4124 966 4188 sancte,
994 4113 1054 4177 lor
1075 4134 1207 4197 opem,
1230 4124 1366 4199 teque,
1389 4113 1646 4195 omnipotens
1667 4111 1780 4177 lio-so

1102 4208 1427 4289 ptune,invoco,

544 4305 703 4387 Vosque
727 4302 840 4376 adeo,
864 4301 995 4365 veniit

425 4515 550 4525 ——

483 4650 506 4699 3.
527 4647 656 4712 flopttitc
678 4673 704 4684 -
724 4646 747 4694 9.
767 4645 842 4694 edunt
860 4643 1016 4694 Lambinus:
1036 4647 1110 4694 edant
1128 4646 1185 4694 co.
1207 4646 1246 4693 ast
1259 4646 1411 4709 quicquam,
1431 4643 1492 4694 illud
1511 4647 1744 4708 perspicuumst,

420 4725 578 4777 Ciceronem
595 4721 685 4771 dicere
706 4723 798 4784 poetas
817 4723 844 4768 et
859 4721 969 4769 otiorum
986 4722 1064 4781 (lovis
1083 4725 1109 4770 et
1127 4722 1187 4782 Laii)
1209 4733 1329 4771 amorem
1352 4734 1497 4783 puerorum
1514 4721 1656 4783 significare
1673 4725 1700 4770 st
1716 4722 1746 4772 ds

418 4814 462 4850 mo
477 4799 636 4862 praedicare.
660 4796 698 4845 De
716 4795 825 4844 otiorum
842 4807 934 4844 amore
952 4808 966 4843 a
985 4797 1069 4858 poetis
1088 4798 1148 4854 (non
1166 4798 1244 4847 nimis
1261 4794 1386 4855 obscure)
1404 4796 1543 4859 significato
1560 4800 1632 4848 recte
1650 4796 1745 4851 dicitur

420 4876 554 4925 neminem
572 4883 641 4929 esse,
666 4871 744 4933 quin.
763 4868 825 4933 quid
844 4868 1014 4931 significetur,
1038 4871 1181 4934 intelligat:
1206 4870 1239 4920 de
1260 4883 1305 4918 suo
1322 4869 1384 4933 quid
1403 4873 1496 4933 poetae
1514 4877 1599 4935 oporto
1616 4871 1744 4934 dicerent,

419 4949 612 5012 ineptissimum
635 4947 707 4994 esset
729 4956 869 5007 quaerere,
890 4946 949 5007 quis
966 4959 1016 4992 noa
1033 4946 1187 5008 intelligeret.
1215 4945 1362 4995 Dicendum
1381 4948 1454 4995 certe
1472 4945 1532 4996 luit:
1554 4946 1649 4996 Lotus?
1672 4947 1747 5008 outa

419 5023 523 5084 durique
538 5021 651 5077 nescit,
670 5020 730 5081 quid
741 5045 777 5056 --
788 5023 877 5080 poetae
894 5020 923 5067 de
939 5033 965 5068 se
980 5022 1039 5081 ipsis
1050 5048 1086 5057 --
1098 5022 1180 5070 edunt
1204 5020 1311 5079 Scribe,
1330 5023 1360 5069 ut
1377 5020 1438 5070 lecit
1456 5020 1599 5072 Lambinus
1616 5019 1745 5084 probante

418 5095 513 5148 Orellio
531 5099 558 5146 et
576 5097 680 5153 invitus,
699 5095 801 5158 opinor,
820 5095 935 5157 scriptor
952 5095 1011 5144 cod.
1031 5096 1134 5144 Monac.
1154 5096 1177 5154 t,
1196 5109 1214 5145 o
1230 5097 1256 5145 in
1273 5109 1291 5143 u
1309 5099 1421 5145 mutato:
1434 5122 1472 5135 --
1483 5097 1576 5145 baises?
1594 5096 1659 5157 Ouid
1675 5096 1746 5145 deot-

419 5187 465 5236 pao
477 5169 619 5219 --edaatst
641 5170 683 5218 Sic
706 5183 752 5224 ea.
772 5182 840 5231 quae
858 5169 892 5217 de
910 5170 1029 5231 ipsorum
1046 5172 1184 5232 poetarum
1202 5169 1340 5220 amoribus
1356 5170 1489 5231 dicuntur,
1513 5170 1548 5220 ab
1567 5172 1606 5231 iis,
1624 5184 1693 5234 quae
1711 5170 1745 5221 de

419 5248 566 5298 alienorum
583 5244 653 5308 apud
672 5257 718 5293 eos
736 5243 983 5305 significationibus,
1003 5248 1074 5293 recte
1093 5244 1297 5308 distinguuntur,
1316 5258 1368 5295 non
1387 5259 1448 5296 cum
1461 5247 1506 5306 iis,
1525 5244 1671 5309 etquidem
1683 5256 1744 5294 cum

420 5321 502 5372 altera
520 5318 575 5369 sola
595 5331 688 5367 eorum
707 5323 781 5381 parte
799 5317 859 5378 (noo
876 5318 995 5381 intellegit
1006 5345 1041 5354 --
1054 5319 1150 5381 Laius),
1168 5318 1245 5368 ioede
1263 5321 1289 5370 in
1307 5333 1389 5370 unum
1408 5320 1617 5375 contunduntur;
1640 5320 1679 5368 sic
1696 5318 1745 5368 de-

370 5412 372 5415 ·
420 5398 514 5458 nique,
532 5396 642 5442 transitu
661 5394 694 5442 ab
713 5406 766 5442 uno
783 5393 816 5441 ad
834 5392 945 5442 alterurn
965 5406 1013 5456 per
1026 5394 1186 5443 rhetoricam
1199 5392 1268 5443 illam
1281 5395 1512 5456 interrogationem
1525 5393 1653 5443 directam
1667 5393 1743 5452 lacto,

421 5471 548 5532 deinceps
566 5470 615 5517 rite
633 5468 667 5518 de
685 5467 792 5529 singulis
811 5469 904 5530 poetis,
923 5480 991 5530 quos
1008 5466 1050 5516 illo
1068 5480 1160 5517 amore
1175 5468 1302 5530 flagrasse
1315 5482 1345 5517 ex
1359 5470 1464 5532 scriptis
1476 5469 1610 5531 appareat,
1630 5465 1744 5529 (alcaeo,

421 5549 595 5601 Anacreonte.
615 5540 715 5603 lbyco,)
733 5543 880 5604 exponitur.
908 5542 1075 5592 attractionis
1093 5540 1173 5600 iiiios,
1193 5542 1226 5591 de
1242 5555 1293 5605 qua
1311 5541 1345 5591 ad
1357 5544 1387 5601 ΙΙ,
1401 5545 1416 5592 5
1428 5543 1489 5602 diri,
1508 5542 1550 5591 hlc
1567 5539 1640 5590 locus
1652 5553 1745 5592 ansam

423 5620 520 5671 nullam
538 5619 602 5668 dare
620 5617 711 5680 potuit.
737 5617 774 5666 De
792 5630 891 5679 genere
909 5618 963 5664 vitii
981 5616 1195 5680 trequentissimo
1214 5617 1246 5666 cl.
1260 5619 1279 5675 1,
1292 5617 1350 5667 80.»
1367 5618 1410 5666 W.
1426 5643 1452 5652 -
1474 5617 1512 5666 tt.
1532 5616 1666 5680 Rheginum
1682 5617 1702 5667 0
1717 5643 1743 5653 -

424 5694 463 5745 tl.
481 5707 515 5744 ee
532 5705 601 5742 corr.
621 5693 645 5742 in
663 5699 686 5742 at
703 5695 723 5742 G
740 5719 772 5728 -
791 5694 829 5742 td.
850 5697 962 5741 ocenum
980 5693 1000 5741 G
1020 5719 1045 5726 -
1066 5692 1107 5741 23.
1127 5692 1171 5742 Cui
1189 5692 1222 5742 C:
1243 5693 1316 5754 oooii
1333 5691 1452 5752 Woltins,
1471 5693 1533 5741 0-
1553 5690 1594 5741 bl.
1613 5692 1679 5741 debis
1695 5694 1746 5743 oti

424 5772 451 5818 et
467 5771 551 5833 (erasa
563 5767 610 5817 litt.
623 5769 646 5827 h)
665 5769 684 5818 B
701 5795 724 5803 -
745 5768 785 5817 28.
799 5768 894 5817 Sonuo'
906 5780 931 5816 ss
942 5766 1061 5825 Woltlus,
1074 5768 1095 5816 0
1109 5795 1134 5804 -
1148 5766 1189 5816 29.
1201 5767 1248 5816 llic
1259 5765 1361 5831 iladvig
1373 5767 1513 5831 (Tregdero
1525 5768 1592 5816 teste
1604 5779 1630 5830 p.
1644 5766 1744 5829 xxiiii:

424 5846 458 5894 sc
475 5844 523 5895 CO
544 5869 570 5880 -
589 5848 617 5891 ot
633 5843 696 5892 Gli:
716 5844 750 5893 od
767 5844 786 5892 li
806 5868 833 5879 -
852 5842 966 5906 offoottC
987 5868 1013 5879 -
1033 5842 1073 5892 30.
1095 5840 1132 5907 ls]
1150 5842 1183 5891 Et
1199 5844 1218 5893 C
1234 5868 1261 5880 -
1283 5848 1372 5908 tequea
1388 5843 1539 5906 omnipotens
1555 5839 1657 5902 GliB¹3
1676 5847 1748 5908 ugus

426 5918 606 5982 oonstpotm
621 5915 667 5969 θ’.
