4342 7459
437 1228 501 1295 562
932 1230 987 1293 DE
1007 1229 1274 1295 utvtuanotta

438 1392 525 1476 nysi,
547 1391 644 1453 Poeni
667 1389 870 1462 Hamilcaris,
892 1389 1094 1463 Hannibalis,
1117 1391 1150 1451 P.
1168 1389 1267 1461 Deci;
1294 1387 1512 1471 pervulgatum
1533 1387 1597 1449 iam
1619 1385 1699 1449 illud
1723 1386 1766 1450 de

438 1485 593 1568 praesule,
616 1485 649 1547 C.
664 1482 797 1545 Gracchi
818 1484 912 1545 etiam
935 1492 968 1545 et
988 1503 1101 1545 recens
1117 1483 1288 1555 Caeciliae,
1309 1481 1454 1543 Baliarici
1474 1480 1574 1552 tiliae,
1594 1482 1766 1543 somniat.

438 1579 501 1641 Sed
522 1579 601 1642 baec
623 1585 755 1641 externa
776 1576 817 1639 ob
840 1596 972 1658 eamque
994 1595 1120 1639 cansam
1144 1576 1251 1658 ignota
1273 1576 1364 1639 nobis
1383 1582 1473 1647 sunt,
1489 1594 1552 1637 non
1567 1574 1655 1636 nulla
1669 1576 1765 1637 etiam

438 1672 511 1735 licta
531 1672 676 1735 fortasse.
709 1669 789 1745 Quis
812 1671 897 1732 enim
919 1680 1030 1733 auctor
1050 1671 1206 1734 istoruml
1234 1672 1281 1732 Dc
1296 1671 1412 1732 uostris
1428 1669 1560 1731 somniis
1576 1667 1653 1749 quid
1667 1669 1768 1732 babe-

414 1774 508 1828 tmus
529 1766 659 1827 diceret
691 1774 726 1828 tu
753 1764 794 1826 dc
822 1783 947 1826 emerso
976 1784 1026 1826 me
1055 1773 1088 1827 et
1109 1784 1192 1846 equo
1213 1764 1254 1827 ad
1275 1764 1394 1845 ripam,
1425 1782 1485 1845 ego
1507 1763 1547 1824 de
1569 1761 1668 1823 biario
1690 1783 1766 1825 curn

437 1858 576 1922 lancibus
598 1859 747 1922 laureatis
769 1877 819 1919 me
841 1857 873 1919 in
896 1877 989 1920 suum
1011 1857 1126 1920 deduci
1147 1858 1276 1920 iubente
1298 1865 1547 1919 monumentum.

521 1952 645 2014 vatt.
668 1951 818 2014 Omnium
840 1951 1053 2023 somniorum,
1069 1950 1204 2026 Quinte,
1226 1971 1289 2013 uua
1311 1952 1392 2012 ratio
1415 1957 1472 2023 est,
1496 1968 1593 2032 quae,
1615 1969 1672 2033 per
1685 1950 1767 2013 deos

436 2045 630 2118 inmortalis,
658 2044 821 2107 videamus
847 2064 888 2106 ue
910 2052 1019 2106 nostra
1040 2046 1265 2128 superstitione
1287 2051 1319 2107 et
1341 2044 1566 2126 depravatione
1587 2052 1766 2124 superetur.

438 2132 510 2201 tat.
534 2139 636 2214 Quem
658 2138 742 2201 enirn
764 2146 799 2200 tu
823 2138 955 2200 Marium
978 2140 1079 2201 visum
1103 2158 1121 2200 a
1145 2157 1194 2200 me
1216 2141 1333 2219 putast
1370 2137 1531 2219 Speciem,
1560 2136 1671 2209 credo,
1695 2136 1767 2200 eius

400 2239 470 2294 tact
491 2232 670 2316 imaginem,
692 2240 727 2293 ut
748 2231 929 2293 Democrito
951 2231 1084 2294 videtur.
1129 2230 1217 2295 Unde
1239 2229 1411 2313 prolectam
1434 2229 1627 2312 imaginem?
1656 2251 1676 2292 a
1697 2251 1768 2293 cor-

438 2323 568 2407 poribus
590 2326 674 2387 enim
696 2324 806 2388 solidis
829 2332 861 2387 et
881 2343 901 2386 a
923 2326 1017 2387 certis
1040 2321 1150 2407 figuris
1165 2324 1232 2388 vult
1247 2326 1346 2387 llnere
1362 2325 1523 2406 imagines.
1558 2324 1654 2397 Quod
1669 2324 1769 2407 igitur

438 2417 517 2480 llari
540 2437 655 2501 corpus
677 2420 769 2481 erati
810 2420 860 2480 Ex
882 2438 940 2491 eo,
969 2420 1087 2501 inquit,
1118 2418 1205 2502 quod
1227 2418 1350 2494 fuerat;
1383 2417 1479 2501 plena
1500 2426 1575 2481 sunt
1595 2420 1766 2500 imaginum

439 2509 556 2575 omnia'.
603 2514 665 2576 lsta
687 2512 785 2594 igitur
806 2534 856 2574 me
878 2513 984 2594 imago
1000 2514 1078 2575 blavi
1101 2514 1133 2574 in
1157 2533 1302 2595 campum
1317 2513 1476 2574 Atinatem
1499 2513 1766 2593 persequebatur;

438 2605 525 2668 nulla
546 2608 631 2669 enim
654 2608 776 2689 species
796 2606 927 2688 cogitari
949 2615 1055 2687 potest
1073 2607 1133 2668 nisi
1151 2606 1244 2688 pulsu
1261 2607 1444 2688 imaginum.
1479 2601 1551 2667 ⁴38.
1567 2606 1652 2681 Quid
1667 2612 1766 2689 ergo?

400 2699 517 2761 tautae
545 2700 698 2781 imagines
724 2700 767 2762 ita
798 2698 890 2762 nobis
920 2699 1004 2763 dicto
1030 2701 1196 2763 audientes
1218 2707 1309 2772 sunt,
1340 2707 1375 2761 ut
1396 2698 1491 2761 simul
1513 2708 1610 2783 atque
1632 2700 1766 2763 velimus

438 2797 624 2855 accurrant?
647 2795 783 2857 etiamne
798 2813 907 2856 earum
922 2813 1043 2866 rerum,
1059 2812 1140 2876 quae
1156 2792 1264 2855 nullae
1279 2795 1378 2854 suntl
1402 2811 1485 2873 quae
1500 2802 1549 2854 est
1564 2795 1647 2856 euim
1662 2793 1766 2857 torma

438 2893 501 2950 tam
523 2887 698 2959 invisitata,
720 2896 783 2949 tam
807 2887 908 2959 nulla,
931 2906 1023 2969 qnam
1046 2905 1111 2948 uou
1133 2886 1282 2969 sibiipsa
1304 2886 1422 2967 lingere
1444 2887 1567 2949 animus
1582 2890 1704 2971 possiti
1731 2897 1767 2951 nt

438 3000 520 3063 quae
542 2999 714 3064 numquam
737 2981 891 3053 vidimus,
913 3000 950 3044 ea
965 2990 1070 3044 tamen
1085 2979 1252 3042 informata
1266 2979 1453 3051 babeamus,
1470 2980 1659 3062 oppidorum
1673 2982 1766 3055 situs,

437 3072 602 3137 bominum
625 3070 750 3155 figuras.
795 3070 865 3135 t39.
888 3075 969 3136 Num
991 3076 1101 3157 igitur,
1131 3093 1201 3135 cum
1224 3083 1279 3136 aut
1300 3093 1408 3137 muros
1429 3073 1601 3156 Rabylonis
1623 3085 1678 3137 aut
1699 3075 1767 3137 llo-

400 3168 516 3230 tomeri
537 3166 650 3230 aciem
673 3168 789 3248 cogito,
811 3168 916 3249 imago
939 3167 1066 3230 illorum
1090 3187 1139 3230 me
1161 3167 1268 3250 aliqua
1285 3167 1397 3249 pelliti
1427 3166 1541 3229 Omnia
1556 3167 1665 3248 igitur,
1681 3188 1767 3251 quaa

437 3262 599 3335 volumus,
622 3270 696 3325 nota
718 3262 810 3324 nobis
833 3281 902 3324 esse
924 3270 1073 3344 possunt;
1096 3262 1174 3323 nibil
1192 3270 1240 3325 est
1254 3261 1338 3323 enim
1355 3259 1396 3322 de
1411 3282 1474 3342 quo
1489 3261 1628 3343 cogitare
1643 3282 1767 3344 neque·

437 3375 541 3418 amus:
563 3355 669 3417 nullae
692 3376 767 3437 ergo
787 3356 940 3437 imagines
957 3356 1114 3436 obrepunt
1135 3355 1167 3416 in
1188 3356 1310 3417 animos
1331 3354 1553 3416 dormientium
1568 3356 1766 3419 extrinsecus

438 3467 497 3510 uec
519 3448 649 3510 omnino
673 3450 775 3511 lluuot
795 3449 895 3521 ullae,
917 3469 976 3510 nec
996 3449 1132 3531 cognovi
1149 3468 1354 3531 quemquam,
1371 3449 1428 3530 qui
1444 3448 1563 3511 maiore
1578 3452 1766 3513 auctoritate

438 3540 517 3605 nibil
540 3541 669 3604 diceret
711 3541 895 3604 Animorum
919 3550 968 3603 est
989 3562 1026 3604 ea
1049 3543 1097 3604 vis
1119 3562 1221 3623 caque
1244 3550 1371 3616 natura,
1394 3550 1429 3603 ut
1451 3543 1577 3623 vigeant
1598 3544 1766 3625 vigilantes

401 3633 528 3696 unutto
550 3634 727 3697 adventicio
750 3635 855 3716 pulsu,
878 3634 933 3697 sed
956 3655 1015 3696 sno
1038 3644 1138 3707 motu,
1160 3635 1336 3698 incredibili
1360 3635 1495 3717 quadam
1518 3637 1689 3699 celeritate.
1724 3637 1766 3699 lli

439 3748 509 3791 curn
532 3728 729 3790 sustinentur
751 3728 898 3790 membris
920 3737 952 3790 et
973 3748 1106 3811 corpore
1122 3737 1153 3791 et
1167 3731 1333 3802 sensibus,
1349 3730 1455 3791 omnia
1470 3730 1602 3792 certiora
1617 3738 1763 3803 cernunt,

438 3822 590 3903 cogitatu,
622 3823 772 3883 sentiunt.
821 3821 898 3883 Cum
927 3831 1032 3884 autem
1062 3823 1142 3886 hacc
1169 3825 1326 3886 subtracta
1356 3830 1430 3885 sunt
1457 3822 1665 3907 desertusque
1694 3825 1764 3886 ani·

440 3933 509 3978 mus
531 3914 682 3998 languore
704 3916 861 3998 corporis,
885 3923 949 3978 tum
971 3918 1105 3997 agitatur
1127 3918 1195 3999 ipse
1217 3938 1274 4000 per
1295 3937 1376 3980 sese.
1405 3917 1518 3998 ltaque
1539 3918 1571 3978 iu
1594 3937 1633 3979 eo
1655 3924 1687 3979 et
1701 3915 1766 3978 lor·

439 4028 509 4071 mae
523 4016 688 4071 versantur
703 4016 735 4071 et
749 4011 904 4082 actiones,
920 4018 952 4073 et
967 4009 1064 4071 multa
1079 4009 1198 4084 audiri,
1215 4011 1313 4073 multa
1329 4010 1390 4073 dici
1405 4010 1560 4072 videntur.
1590 4005 1661 4071 tto.
1677 4010 1766 4072 ilaec

401 4102 559 4165 tascilicet
588 4104 619 4164 in
643 4102 791 4165 inbecillo
814 4104 1011 4186 remissoque
1033 4106 1139 4166 animo
1163 4105 1260 4167 multa
1283 4104 1429 4167 omnibus
1456 4103 1558 4164 modis
1582 4103 1711 4165 confusa
1733 4110 1767 4165 et

440 4198 557 4279 variata
583 4206 748 4259 versantur
777 4216 989 4280 maxumeque
1016 4197 1172 4280 reliquiae
1194 4219 1300 4260 rerum
1323 4217 1431 4259 earum
1455 4205 1619 4258 moventur
1640 4198 1673 4257 in
1695 4197 1767 4258 ani·

440 4292 499 4353 mis
522 4298 553 4352 et
574 4293 748 4373 agitantur,
778 4289 817 4352 de
844 4292 960 4372 quibus
982 4291 1148 4371 vigilantes
1174 4298 1228 4354 aut
1249 4292 1454 4373 cogitavimus
1483 4300 1535 4352 aut
1557 4291 1699 4371 egimus,
1730 4298 1766 4350 ut

441 4383 516 4445 mibi
544 4385 736 4466 temporibus
766 4384 830 4447 illis
861 4385 994 4447 multum
1023 4386 1055 4446 in
1084 4386 1192 4447 auimo
1219 4388 1338 4447 Marius
1368 4384 1551 4446 versabatur
1576 4383 1766 4455 recordanti,

441 4497 535 4559 quam
564 4478 618 4539 ille
645 4497 770 4559 gravem
799 4498 890 4541 suum
914 4497 1021 4540 casum
1047 4500 1159 4560 magno
1183 4481 1306 4553 animo,
1338 4500 1432 4561 quam
1455 4479 1608 4540 constanti
1631 4478 1764 4540 tulisset.

402 4570 529 4633 attane
552 4571 646 4634 credo
668 4590 794 4632 causam
817 4572 856 4633 de
878 4572 933 4633 illo
957 4573 1133 4635 somniandi
1156 4573 1264 4636 fuisse.
1623 4624 1627 4633 ,

526 4663 664 4726 vattt.
694 4665 763 4727 Tibi
793 4676 896 4728 autem
925 4665 964 4727 de
993 4689 1041 4728 me
1065 4687 1136 4728 cum
1159 4665 1372 4729 sollicitudine
1394 4666 1544 4748 cogitanti
1567 4665 1669 4726 subito
1694 4683 1764 4724 sum

441 4758 527 4820 visus
557 4777 695 4820 emersus
725 4779 742 4820 e
773 4759 910 4820 tlumiue.
956 4761 1081 4823 {nerant
1112 4762 1195 4822 enim
1226 4762 1258 4821 in
1288 4762 1454 4840 utriusque
1482 4765 1623 4820 nostrum
1653 4758 1766 4819 animis

507 4953 531 5000 t.
550 4952 715 5000 amilcarisD
740 4978 764 4986 -
793 4951 958 5002 AnnibalisO
988 4980 1010 4988 -
1042 4954 1100 5003 Pin
1120 4967 1171 5005 ras.
1191 4956 1309 5016 quinquo
1327 4951 1461 5002 literarum
1480 4952 1542 5001 inD
1568 4978 1592 4987 -
1621 4951 1673 4999 deci
1690 4951 1763 5000 A¹D:

440 5028 503 5077 dccii
526 5024 613 5077 A²VO
649 5052 675 5061 -
711 5028 735 5076 Ξ.
754 5027 781 5077 0.
800 5029 911 5091 scripsi:
938 5030 1036 5091 pAD.
1064 5043 1117 5078 om.
1139 5030 1203 5088 VO,
1235 5029 1284 5079 sed
1306 5030 1346 5077 ula
1369 5031 1394 5077 in
1417 5027 1477 5078 loco
1499 5023 1764 5082 evanidobabetV3

441 5100 474 5151 cl.
494 5101 580 5164 1556
599 5125 625 5136 -
646 5101 745 5149 ceciliam
763 5102 808 5150 BV
829 5129 854 5137 -
874 5102 990 5151 baturici
1007 5103 1067 5152 AV:
1092 5103 1217 5153 botliarici
1235 5107 1271 5163 Β,
1294 5105 1419 5153 Dotcarr'ci
1436 5105 1456 5153 0
1475 5128 1501 5138 -
1527 5105 1551 5152 n.
1569 5101 1599 5150 ds
1614 5101 1766 5157 cmcrsoA1,

441 5176 513 5239 quod
531 5178 681 5225 coniectura
700 5176 819 5224 Davisius
837 5175 980 5225 adsecutus
998 5180 1069 5227 erat:
1094 5179 1124 5226 dc
1139 5193 1220 5228 averso
1236 5180 1355 5229 A²BVO
1379 5204 1405 5213 —
1434 5191 1491 5226 cum
1508 5191 1567 5239 sup.
1586 5176 1629 5225 lin.
1648 5179 1668 5224 A
1688 5200 1714 5209 -
1740 5174 1765 5223 8.

440 5250 592 5299 irumortolca
605 5249 646 5297 VO
659 5275 685 5284 —
707 5252 746 5298 tt.
759 5249 858 5312 sapam
871 5255 889 5299 A
906 5277 932 5286 -
953 5252 992 5299 tr.
1010 5254 1087 5301 marii
1100 5254 1162 5303 DVO
1176 5279 1204 5290 -
1224 5256 1310 5315 inquid
1323 5253 1351 5302 B¹
1365 5281 1391 5290 -
1410 5256 1501 5317 ponat
1512 5253 1570 5302 Ali²
1582 5276 1608 5285 -
1629 5250 1687 5299 iort.
1701 5251 1768 5313 qvod

327 5332 332 5335 ’
439 5326 532 5389 (wat.
560 5326 611 5374 lato
626 5326 707 5387 igitur
722 5338 760 5373 ms
777 5328 861 5388 imupo
878 5327 946 5374 llari
962 5326 989 5373 iu
1005 5341 1123 5387 campum
1140 5331 1263 5378 Atinatem
1276 5330 1489 5392 persequebatur?
1511 5329 1585 5376 Paua
1601 5332 1658 5375 auat
1673 5326 1767 5389 imupi-

440 5414 501 5449 nam
517 5402 614 5457 omaio;
631 5400 701 5448 nullo
718 5401 783 5448 cuim
803 5426 826 5435 -
855 5401 895 5450 tl.
914 5403 1052 5463 imopiaum
1068 5406 1154 5452 omnio
1169 5405 1219 5453 isto
1237 5406 1301 5465 Quid
1318 5418 1376 5467 erpo
1394 5407 1414 5453 A
1434 5430 1461 5439 -
1490 5405 1529 5452 to.
1549 5406 1672 5450 nom-rant
1690 5399 1717 5449 θ’
1738 5425 1764 5436 -

440 5478 547 5526 otiamur
563 5489 650 5525 aarum
668 5475 696 5533 B,
715 5474 765 5524 sed
782 5489 813 5524 ne
830 5474 897 5524 linea
917 5480 1065 5527 transversa
1084 5476 1203 5526 deletum
1221 5505 1253 5514 -
1280 5479 1318 5526 tt.
1337 5481 1460 5527 inusitato
1476 5478 1496 5527 0
1518 5501 1545 5511 -
1573 5477 1611 5526 49.
1631 5490 1691 5524 uam
1707 5477 1768 5538 iper

441 5555 461 5600 A
482 5577 508 5586 -
528 5550 568 5600 23.
587 5550 652 5597 udas
669 5550 802 5598 Davisius:
821 5551 897 5599 ittae
921 5576 947 5585 -
973 5553 1109 5601 maioruss
1137 5575 1162 5586 -
1187 5554 1227 5601 25.
1246 5553 1362 5601 educatio
1381 5557 1418 5611 A¹,
1442 5553 1579 5600 aduentitio
1595 5550 1651 5599 A²fl
1673 5577 1698 5586 -
1723 5551 1765 5599 26.

440 5633 464 5676 ct
479 5638 583 5687 corpora
601 5621 678 5674 codd.
697 5622 915 5687 interpolatorum
933 5626 985 5675 fide
1003 5626 1101 5675 delevit
1118 5628 1237 5676 Davisius
1258 5653 1283 5662 -
1307 5627 1347 5675 il.
1366 5628 1523 5689 decertamus
1539 5630 1573 5674 cat
1590 5624 1667 5673 codd.
1684 5625 1767 5674 iuter·

441 5697 521 5764 potati
535 5699 629 5748 Davisii
641 5711 673 5747 ac
685 5700 780 5748 btoseri
793 5704 819 5748 et
831 5702 850 5749 0
864 5725 890 5735 -
910 5703 950 5750 28.
964 5702 1068 5764 lnopcrc
1079 5700 1185 5759 A¹u¹v;
1209 5701 1240 5750 ct.
1255 5702 1276 5750 ll
1296 5701 1310 5764 5
1324 5702 1369 5751 ssa
1384 5728 1408 5738 -
1429 5701 1508 5763 ipu‘A
1527 5724 1556 5737 -
1575 5699 1615 5752 3⁰.
1628 5701 1767 5759 rcrntrooua

441 5776 462 5822 A
484 5799 508 5808 -
534 5773 574 5823 34.
593 5773 682 5834 reliqui
698 5773 846 5822 aarum
870 5800 896 5809 -
924 5776 964 5824 32.
983 5777 1071 5837 quibus
1086 5777 1192 5839 pttontas
1209 5775 1237 5824 B¹
1261 5803 1292 5812 —
1318 5776 1358 5826 3l.
1378 5777 1446 5825 inter
1461 5788 1553 5838 mnpno
1570 5777 1597 5823 et
1612 5774 1697 5823 animo
1713 5787 1766 5823 una

441 5843 487 5895 litt.
507 5858 584 5896 erasa
607 5849 634 5896 et
657 5861 671 5896 o
693 5850 806 5899 nominis
826 5862 920 5912 mcpno
946 5851 971 5901 in
994 5865 1046 5901 ras.
1065 5852 1164 5916 scripta
1185 5853 1249 5901 inti
1275 5877 1302 5887 —
1333 5852 1450 5902 tulirctA
1476 5879 1508 5889 -
1536 5851 1576 5901 lb.
1593 5850 1713 5912 {fistuli
1736 5874 1762 5885 —

441 5918 481 5969 tt.
499 5920 626 5984 capiundi
640 5920 671 5971 Β1
691 5947 717 5959 -
737 5922 1050 5988 sulmontinus.
