4342 7459
667 1240 736 1305 ιι..
757 1239 798 1304 rr.
827 1238 902 1307 cn.
924 1239 1247 1309 xxvu-xxvnr
1271 1238 1318 1326 ts
1340 1238 1487 1306 44-44.
1697 1226 1741 1299 ee

410 1429 488 1473 rum.
528 1406 602 1485 Quo
623 1409 742 1474 modo?
763 1410 854 1496 quia,
877 1431 948 1475 cunr
971 1420 1176 1495 experrectus
1198 1417 1283 1475 esset
1296 1411 1436 1487 Ennius,
1456 1429 1523 1475 non
1541 1409 1661 1475 diceret
1683 1428 1737 1475 444

410 1502 530 1567 vidisse
550 1502 761 1579 Homerum»,
783 1506 840 1569 sed
864 1507 986 1570 «visum
1008 1526 1116 1570 esser:
1137 1506 1285 1571 Alcmaeo
1306 1514 1428 1583 444444,

622 1598 702 1661 Sed
725 1598 821 1662 mibi
844 1618 891 1661 ne
911 1600 1095 1683 utiquam
1116 1621 1185 1664 cor
1206 1602 1412 1665 consentit

409 1689 532 1755 Similia
553 1689 594 1754 dc
614 1691 796 1756 vinolentis.
834 1692 933 1768 Quasi
956 1694 1126 1778 quisquam
1140 1702 1236 1777 neget
1250 1698 1353 1779 etqui
1368 1701 1573 1779 experrectus
1588 1695 1643 1769 sit,
1665 1712 1737 1758 eum

408 1782 623 1864 isomniare,
646 1792 694 1861 et,
716 1786 805 1849 cuius
826 1785 914 1850 furor
935 1786 1129 1863 consederit,
1151 1795 1263 1871 putare
1284 1808 1350 1852 non
1370 1788 1470 1853 fuisse
1491 1808 1530 1853 ea
1550 1808 1633 1863 reru,
1655 1803 1760 1871 quaet

409 1885 517 1940 444444
546 1877 609 1941 sibi
638 1878 705 1942 risa
732 1878 767 1941 in
794 1877 912 1942 lurore.
954 1879 1019 1944 Sed
1040 1901 1106 1944 non
1127 1881 1161 1944 id
1183 1882 1304 1965 egitur:
1335 1890 1418 1959 lum,
1446 1904 1517 1948 cum
1538 1881 1736 1956 ridebantur,

409 1990 474 2054 quo
495 1972 593 2035 modo
614 1973 817 2049 viderentur,
839 1972 872 2035 id
894 1973 1067 2057 quaeritur.
1103 1975 1171 2039 Nisi
1193 1996 1268 2040 vero
1289 1976 1426 2040 Ennium
1447 1997 1512 2041 non
1531 1984 1678 2060 putamus
1691 1974 1736 2039 ita

409 2070 511 2127 totum
532 2064 613 2129 illud
634 2066 813 2143 audivisse,

842 2161 1019 2244 Opictas
1041 2162 1165 2227 animi
1187 2208 1262 2239 ...,

408 2252 436 2316 ri
465 2251 562 2316 modo
589 2253 623 2317 id
649 2254 830 2329 somniarit,
857 2263 894 2318 nt
914 2255 942 2319 si
962 2256 1100 2339 'vigilans
1121 2257 1256 2321 audiret.
1296 2258 1508 2341 Experrectus
1529 2258 1614 2321 enim
1635 2259 1772 2342 potuitto

407 2346 463 2410 illa
483 2347 553 2411 risa
573 2355 700 2430 putare,
721 2356 757 2412 ut
778 2357 882 2424 erant,
904 2349 1042 2414 somnia:
1064 2350 1233 2415 dormienti
1246 2371 1323 2417 vero
1337 2371 1440 2436 aeque
1455 2371 1492 2415 ec
1505 2351 1649 2435 vigilanti
1663 2370 1735 2436 pro-

408 2439 574 2505 babantur.
610 2441 718 2518 ouidi
747 2442 851 2506 Ilione
872 2463 984 2506 somno
1006 2444 1063 2507 illo

832 2538 968 2613 Mater,
990 2545 1028 2601 te
1049 2539 1208 2624 appello
1229 2572 1272 2590 -

408 2647 518 2693 nonne
539 2629 584 2694 ita
598 2629 699 2693 eredit
712 2627 812 2694 filium
826 2630 984 2708 locutum,
1006 2639 1042 2696 ut
1055 2641 1241 2716 experrecta
1255 2635 1351 2701 etiarn
1365 2634 1528 2699 4444444444
1549 2632 1636 2698 unde
1649 2633 1734 2698 enim

408 2721 484 2787 illa:
1744 2744 1772 2791 44

471 2837 590 2903 ..age
612 2816 736 2883 adsta:
757 2839 881 2896 mane,
902 2820 1010 2885 audit
1031 2821 1132 2887 itera
1154 2822 1239 2888 dum
1261 2826 1391 2890 eadem
1413 2824 1535 2890 istaec
1557 2823 1670 2888 mibi:

408 2931 485 2975 num
506 2913 634 2977 ridetur
654 2913 809 2978 minorem
830 2914 949 2979 babere
970 2915 1047 2979 risis
1069 2936 1164 2999 quem
1185 2918 1353 3001 vigilantes
1374 2916 1493 2985 eremi

492 3006 640 3071 XXVIII.
661 3003 713 3070 89.
739 3007 825 3084 Quid
854 3008 968 3092 loquar
994 3007 1034 3071 de
1060 3009 1204 3075 insaniet
1243 3013 1354 3089 Quelis
1385 3014 1513 3078 tandem
1537 3012 1598 3077 tuit
1622 3011 1735 3078 adfinis

409 3105 497 3173 tuus,
531 3100 657 3176 Catule,
688 3101 889 3166 Tuditanus?
920 3103 1093 3187 quisquam
1119 3105 1305 3170 sanissimus
1334 3113 1398 3170 tam
1427 3114 1510 3172 certa
1536 3115 1627 3191 putat
1652 3128 1735 3193 quae

408 3194 496 3258 ridet
516 3214 614 3279 qnam
634 3195 663 3259 is
685 3196 815 3278 putabat
836 3215 919 3280 quae
939 3196 1152 3260 ridebuntur?
1186 3199 1271 3274 Quid
1291 3200 1364 3275 ille,
1385 3201 1441 3284 qui
1742 3213 1772 3261 ro

633 3289 767 3365 Video,
789 3290 899 3353 rideo
921 3296 973 3352 te:
994 3291 1094 3365 rive,
1116 3291 1260 3368 Ulixes,
1283 3293 1366 3357 dum
1388 3294 1491 3371 licet,

408 3400 517 3445 nonne
538 3381 635 3447 etiam
655 3382 706 3447 bis
728 3383 917 3448 exclamavit
937 3404 972 3448 se
993 3384 1118 3459 videre,
1140 3406 1212 3449 cunr
1233 3388 1362 3450 omnino
1382 3408 1446 3451 non
1460 3389 1607 3453 rideret?
1629 3388 1734 3465 Quidl

408 3477 496 3559 apud
516 3476 700 3562 Euripidem
721 3478 892 3554 Hercules,
917 3498 1003 3553 cunr,
1030 3486 1066 3542 ut
1086 3478 1257 3563 Eurysthei
1278 3477 1375 3557 tilios,
1400 3481 1445 3546 ita
1466 3501 1541 3547 suos
1562 3481 1736 3568 configebat

408 3571 546 3654 sagittis,
578 3592 651 3635 cum
677 3592 811 3637 uxorem
835 3572 1056 3647 interemebat,
1087 3592 1157 3635 curn
1184 3575 1358 3639 conabatur
1387 3576 1481 3639 etium
1501 3585 1638 3662 patrem,
1669 3597 1735 3641 non

407 3667 542 3748 perinde
563 3666 750 3733 movebatur
769 3668 873 3743 falsis,
893 3675 930 3732 ut
943 3667 1026 3730 veris
1041 3671 1241 3732 moreretur?
1273 3668 1382 3744 Quiri
1404 3671 1474 3753 ipse
1488 3671 1636 3736 Alcmaeo
1650 3677 1773 3748 444444

407 3761 466 3844 qui
485 3769 583 3846 negat
604 3784 678 3828 reor
696 3764 759 3828 sibi
773 3785 845 3829 curn
861 3765 963 3828 oculis
977 3764 1191 3838 consentires,
1211 3782 1319 3827 nonne
1340 3762 1459 3829 ibidem
1472 3764 1602 3831 incitato
1615 3765 1735 3831 fureret

769 3902 804 3922 ..
825 3856 925 3922 unde
946 3858 1037 3923 boec
1058 3856 1210 3922 flamme
1230 3858 1377 3922 orituri

409 3954 444 4011 et
463 3947 520 4014 illa
541 3947 709 4035 deinceps,

619 4044 819 4123 Incedunt,
840 4046 1041 4112 incedunt:
1062 4047 1215 4122 adsunt,
1237 4066 1291 4110 me
1314 4053 1507 4130 expetunt.

476 4289 501 4338 4.
519 4288 623 4350 44444444,
642 4290 717 4340 cuius
732 4287 792 4340 loco
809 4290 905 4340 Deries
921 4292 977 4341 sine
995 4303 1075 4342 cause
1094 4288 1185 4340 meluit
1201 4288 1311 4350 4444444,
1330 4299 1383 4338 om.
1403 4288 1452 4338 EO
1471 4313 1498 4323 -
1516 4289 1541 4339 2.
1560 4290 1653 4341 4444444
1668 4294 1690 4343 Α
1707 4319 1733 4331 -

411 4361 436 4412 3.
453 4366 600 4427 4444444444
616 4365 637 4416 0
656 4392 683 4402 -
701 4365 726 4416 4.
744 4365 879 4415 4444444444
894 4363 925 4416 Α1
934 4367 953 4416 Β
963 4366 985 4413 V
997 4391 1024 4402 -
1044 4367 1068 4416 0.
1087 4365 1212 4415 somnicre
1224 4365 1259 4422 C,
1279 4362 1328 4414 sed
1344 4363 1370 4413 in
1383 4362 1443 4412 Vre
1455 4366 1623 4426 punctatum:
1640 4368 1737 4417 44444444

411 4437 445 4497 0,
462 4442 491 4489 44
506 4443 580 4491 recte
597 4442 650 4491 iam
667 4442 763 4491 Dorice
780 4441 884 4490 monuit
899 4441 938 4490 sic
954 4441 1099 4492 verborum
1120 4443 1280 4491 structurum
1302 4438 1448 4489 odmodurn
1465 4438 1559 4489 durem
1576 4440 1645 4501 lore;
1669 4455 1737 4491 4444-

410 4515 492 4565 444444
515 4515 625 4576 lamb.;
652 4515 730 4566 nobis
752 4517 778 4565 ln
803 4514 845 4565 ille
867 4514 969 4580 syllaba
989 4530 1018 4568 re
1037 4517 1187 4566 terminatio
1203 4515 1279 4565 verbi
1301 4514 1439 4565 cuiusdam
1460 4526 1603 4579 superesse
1619 4516 1735 4577 videtur,

411 4587 484 4640 velut
499 4591 598 4640 4444444
612 4591 749 4652 reprobare
765 4589 872 4653 (4444444
887 4602 934 4638 uic
949 4591 1004 4639 4444
1016 4589 1119 4653 putare)
1135 4587 1177 4638 vel
1194 4587 1281 4640 simile
1298 4589 1406 4654 aliquid.
1425 4589 1492 4652 (44444
1508 4590 1551 4652 qul
1561 4603 1661 4653 eepm.
1673 4592 1738 4640 ittet

410 4664 1139 4728 eriniurorcoesederit,putoreoootuitteecoera,
1158 4663 1738 4727 44ω44444440444444444444444444444-

409 4752 470 4790 ren
485 4741 557 4791 conl.
574 4741 680 4803 Dorice)
693 4766 721 4776 -
741 4740 765 4790 6.
783 4739 931 4789 4444044444
948 4740 1057 4790 Deviee:
1076 4738 1212 4789 uideantur
1229 4738 1289 4790 C-
1310 4741 1350 4790 40.
1368 4740 1390 4789 44
1406 4740 1466 4804 post
1481 4745 1509 4790 44
1521 4738 1626 4790 inclusit
1642 4740 1738 4790 Davies

412 4838 441 4852 ··
461 4816 503 4865 44.
519 4820 549 4866 rit
563 4821 638 4866 eruet
652 4816 750 4866 44444444
765 4813 869 4877 Medus
886 4814 919 4875 (l,
939 4814 1011 4877 liii:
1029 4819 1057 4864 44
1073 4818 1146 4865 erem
1162 4817 1186 4865 44
1200 4815 1297 4864 romola
1314 4815 1348 4875 C,
1365 4820 1393 4865 444
1410 4820 1483 4865 creet
1498 4828 1549 4866 4444
1564 4828 1583 4865 4
1599 4816 1736 4866 044444-

410 4888 540 4952 rr'ailesrttr
555 4889 652 4941 1444444
670 4916 698 4926 -
717 4890 757 4939 li.
773 4888 915 4952 4444444444·
931 4890 952 4939 0
970 4915 998 4925 -
1017 4901 1105 4938 somne
1121 4884 1189 4938 13¹-
1210 4888 1250 4939 43.
1269 4890 1349 4952 apello
1365 4892 1387 4941 l
1404 4915 1437 4926 -
1454 4887 1495 4940 44.
1512 4891 1551 4941 444
1567 4891 1676 4941 Devles:
1693 4888 1739 4939 4444

412 4964 480 5013 C-
498 4965 657 5016 4444444444444
673 4962 803 5014 mallm-
822 4964 863 5012 40.
881 4964 1047 5015 4444444-
1064 4976 1139 5013 mene
1155 4964 1176 5013 ll
1193 4964 1259 5014 mi
1276 4965 1303 5014 in
1321 4964 1467 5015 4444444444
1483 4992 1511 5001 -
1530 4964 1736 5015 4444444444-

410 5040 478 5089 itero
493 5041 556 5091 44444
571 5041 607 5090 V:
625 5039 786 5091 4444444440
806 5065 833 5075 -
852 5041 927 5091 etex
943 5040 1087 5091 Manutius:
1105 5043 1128 5088 et
1147 5038 1195 5087 4444
1212 5039 1247 5096 C;
1265 5040 1314 5089 4444
1330 5038 1408 5090 codd.
1428 5040 1455 5088 in
1467 5039 1522 5089 Cic.
1535 5040 1612 5090 Tusc.
1625 5039 1660 5099 ll,
1678 5036 1739 5101 §lt

413 5117 441 5164 44
463 5118 491 5167 ln
514 5116 613 5182 epod
633 5117 709 5168 Attio.
728 5114 792 5174 xlv,
812 5114 856 5174 44,
875 5117 900 5165 4.
925 5141 953 5152 -
979 5114 1019 5163 47.
1036 5112 1165 5176 4444444444
1186 5110 1286 5171 ABV¹;
1313 5113 1346 5163 cl.
1364 5112 1526 5164 Lachmannl
1550 5114 1694 5163 comment.
1713 5112 1739 5161 in

413 5191 491 5242 boor.
510 5206 537 5258 p.
555 5193 597 5243 00.
612 5216 640 5227 -
657 5192 699 5242 40.
716 5190 818 5241 meoet
833 5190 865 5239 44ι
878 5218 906 5229 -
924 5190 967 5240 al.
983 5189 1054 5238 444444
1071 5193 1108 5248 te,
1125 5187 1196 5237 video
1213 5186 1330 5238 Ribbeck
1342 5189 1426 5251 (Trog.
1438 5188 1494 5237 444.
1507 5185 1555 5238 rel.
1568 5201 1594 5252 p.
1607 5186 1664 5248 400)
1677 5196 1740 5236 cum

413 5266 515 5319 Bolbeo
537 5294 572 5307 -
591 5268 648 5318 4444
668 5269 788 5318 Goerenz
806 5267 848 5330 (ex
865 5268 919 5318 Cic.
938 5263 972 5315 de
989 5265 1056 5314 oret.
1074 5264 1121 5323 111,
1139 5261 1156 5327 s
1174 5261 1244 5324 ⁴621:
1268 5262 1356 5311 44444444
1373 5262 1408 5319 C,
1434 5260 1526 5311 sedin
1543 5262 1565 5312 V
1582 5258 1664 5312 verbe
1681 5258 1742 5320 quid

413 5342 602 5393 4444--444444444
618 5344 645 5393 ln
661 5341 720 5394 loeo
737 5355 815 5393 creso
832 5344 930 5407 scripte
946 5342 1009 5391 sunt
1021 5364 1048 5375 -
1068 5338 1131 5387 444444
1148 5337 1209 5386 V—
1228 5336 1269 5385 22.
1282 5335 1469 5386 ammovit
1481 5336 1529 5387 00
1541 5362 1570 5373 -
1588 5335 1630 5386 43.
1648 5333 1742 5385 croslet

414 5418 446 5467 v¹
465 5443 493 5456 -
512 5418 670 5481 muettil
690 5445 718 5457 -
735 5419 773 5468 444
790 5417 841 5468 del.
861 5417 1005 5475 Victorius,
1023 5415 1050 5464 et
1066 5426 1092 5462 v.
1111 5408 1293 5474 Naegelsbach
1309 5412 1366 5461 bct.
1384 5411 1488 5462 84044444
1504 5424 1531 5475 p.
1543 5408 1592 5461 440
1611 5407 1653 5459 ed.
1668 5408 1738 5457 11.-

413 5493 456 5545 it.
474 5493 631 5544 taem
647 5491 706 5545 c²0
724 5519 752 5530 -
770 5494 813 5544 40.
831 5493 924 5543 eloneo
941 5493 962 5542 k
980 5516 1007 5526 -
1026 5490 1068 5539 26.
1086 5487 1133 5537 4444
1148 5499 1198 5536 4444
1214 5486 1313 5535 4444404
1327 5512 1354 5522 -
1372 5486 1611 5540 4444444404νί444
1629 5484 1656 5533 44
1667 5482 1740 5531 recle

414 5566 529 5633 explicet
544 5567 712 5633 Wesenberg
728 5570 756 5619 io
772 5568 887 5618 0044444.
902 5566 969 5616 44444.
981 5566 1015 5616 cd
1032 5579 1069 5613 or.
1080 5578 1108 5626 p.
1120 5563 1198 5613 Sestio
1209 5575 1235 5626 p.
1249 5561 1276 5612 04
1290 5575 1296 5609 :
1315 5573 1378 5611 cum
1395 5561 1467 5611 turor
1483 5563 1540 5611 elus
1557 5558 1628 5608 initio
1645 5555 1742 5605 reinle-

414 5645 470 5693 4444
486 5640 621 5707 paullatim
638 5644 770 5695 incitatior
787 5646 815 5693 et
825 5641 1008 5693 vehementior
1020 5638 1104 5689 lectus
1115 5639 1202 5696 csset;
1221 5636 1254 5686 cl.
1269 5636 1349 5687 etiam
1360 5637 1495 5702 Wopkens
1507 5633 1578 5685 lectt.
1592 5628 1657 5681 Tull.
1669 5643 1696 5694 p.
1709 5631 1742 5680 00

415 5718 459 5768 ed.
478 5717 564 5769 Hand.
583 5744 611 5757 -
629 5720 671 5771 40.
689 5720 773 5771 incede
788 5718 871 5768 4444444
887 5715 966 5767 codd.
985 5716 1057 5775 440,
1075 5714 1158 5765 sedv
1174 5714 1202 5762 to
1218 5713 1292 5762 caede
1307 5713 1335 5761 444
1351 5713 1438 5771 coede;
1457 5708 1636 5761 necessariam
1647 5716 1742 5755 eruen-

415 5791 552 5844 detionem
567 5794 696 5856 4444444444,
714 5807 752 5846 44.
771 5794 878 5853 Furiae,
897 5793 950 5841 lern
967 5788 1060 5839 bemb.
1078 5787 1160 5838 hebet
1177 5787 1202 5837 ln
1219 5800 1304 5849 marg.
1319 5814 1347 5824 -
1365 5788 1456 5837 4444444
1471 5798 1511 5835 nie
1522 5785 1557 5834 C:
1575 5782 1676 5841 44444444,
1694 5780 1743 5829 od·

415 5873 487 5918 ut:
503 5880 556 5930 nt,
573 5881 614 5920 4444
628 5869 664 5930 0;
682 5869 773 5919 adm
789 5869 879 5917 44444444
895 5867 998 5926 adsim,
1015 5877 1055 5914 me
1070 5867 1188 5924 44444444
1203 5863 1311 5926 scripsit
1321 5860 1439 5912 Ribbeck
1455 5857 1474 5909 l.
1486 5872 1511 5910 4.
1529 5872 1556 5923 p.
1570 5857 1615 5919 ⁴6,
1634 5854 1695 5908 ride
1707 5867 1741 5903 ne

416 5940 652 6008 auctricem,
670 5943 773 6005 meust,
789 5955 830 5995 me
846 5955 916 6006 erp,
933 5943 964 5992 ut
979 5951 1074 5991 versus
1091 5949 1145 5989 non
1161 5936 1195 5986 sit
1211 5937 1320 6002 integer.

467 6034 559 6091 <limo
573 6033 651 6089 444.
1486 6023 1507 6088 3
