4342 7459
937 1237 1197 1303 FRAGMENTA.
1668 1229 1730 1298 969

482 1397 510 1458 2.
542 1395 597 1458 Vel
619 1395 704 1477 quod
723 1395 835 1458 locatio
857 1397 925 1477 ipsa
944 1396 1092 1475 pretiosa.
1134 1392 1249 1466 (ldem
1267 1412 1297 1453 v.
1318 1393 1435 1454 Locare
1454 1411 1486 1472 p.
1508 1393 1590 1468 340.)

485 1492 512 1551 3.
543 1490 632 1564 Quod
653 1492 812 1570 sapientes
832 1489 973 1550 homines
993 1507 1029 1549 ac
1049 1488 1122 1549 boni
1141 1496 1262 1568 putent.
1297 1485 1413 1563 (idem
1433 1505 1463 1546 v.
1486 1487 1596 1547 Putare
1616 1504 1647 1565 p.
1663 1485 1728 1546 369.

406 1587 442 1646 ln
461 1584 518 1646 Ed.
542 1585 677 1646 Gothoir.
700 1593 749 1645 est
768 1603 785 1644 e
806 1589 865 1643 tto.
888 1584 922 1644 ll.
945 1585 975 1644 in
994 1585 1085 1644 llere.
1107 1591 1211 1645 autem
1234 1600 1251 1642 e
1271 1585 1333 1640 ιιι.
1354 1582 1394 1658 l.)

856 1690 901 1749 An
920 1706 1035 1748 ιιιιιιι
1054 1704 1145 1747 nrrsr.
1166 1705 1222 1746 ιιι.
1242 1702 1284 1746 m.

484 1783 511 1843 1.
541 1784 628 1855 Quae
649 1786 675 1844 si
697 1783 832 1857 videres,
853 1801 914 1843 non
936 1781 975 1842 dc
994 1783 1134 1842 exercitu
1154 1777 1317 1842 retinendo
1334 1780 1461 1856 itueri,
1482 1777 1539 1838 sed
1560 1793 1597 1836 eo
1616 1775 1753 1837 traditos

408 1883 462 1936 aut
482 1874 620 1939 dimisso.
662 1880 821 1955 (Nonius
841 1896 869 1937 v.
893 1878 1068 1938 Demissum
1088 1895 1119 1956 p.
1141 1877 1223 1951 286.)
1417 1928 1421 1940 .

483 1972 511 2030 2.
541 1972 638 2031 Amici
659 1969 815 2032 nonnulli
837 1989 854 2032 ι
875 1979 905 2030 ιι
926 1972 1080 2030 contemni
1103 1978 1134 2029 et
1154 1968 1274 2048 despici
1302 1987 1339 2029 ac
1358 1984 1415 2048 pro
1434 1964 1529 2027 nihilo
1548 1963 1655 2026 haberi
1676 1981 1729 2025 se·
1843 2000 1851 2016 .

408 2072 514 2125 natum
534 2062 651 2125 volunt.
692 2064 812 2140 tidem
833 2083 861 2123 v.
884 2064 1091 2126 Contemnere
1110 2081 1141 2142 p.
1162 2063 1246 2138 436.)

832 2179 878 2237 Αι
898 2196 1013 2238 runnu
1031 2196 1068 2237 ιι
1088 2193 1144 2237 ιιι.
1166 2192 1302 2237 munero.

485 2273 511 2329 1.
540 2270 685 2331 Extrema
705 2288 779 2330 vero
799 2289 858 2331 nec
878 2278 995 2349 quauta
1015 2288 1074 2332 nec
1094 2268 1197 2349 qualia
1213 2270 1287 2345 sint,
1308 2268 1414 2330 verbis
1428 2266 1577 2345 consequi
1590 2282 1729 2345 possum.
1740 2269 1768 2315 ιι

412 2361 527 2430 (ldem
546 2382 575 2423 v.
598 2365 754 2444 Consequi
776 2384 806 2443 p.
828 2364 905 2442 270.)

483 2457 511 2517 2.
541 2458 603 2518 lam
633 2456 867 2537 amplitudinem
898 2456 1090 2536 gloriamque
1119 2464 1204 2517 tuam
1231 2474 1341 2535 magno
1366 2454 1438 2515 mihi
1459 2460 1640 2515 nmemento
1660 2469 1731 2513 esse

410 2561 442 2614 et
461 2553 525 2613 iore
546 2553 702 2629 existimo,
723 2551 808 2632 quod
827 2570 877 2612 me
896 2550 983 2613 levas
1003 2570 1088 2612 cura.
1129 2551 1251 2628 (ldem
1270 2569 1299 2612 v.
1321 2553 1438 2612 Levare
1457 2568 1488 2629 p.
1511 2548 1586 2624 336.)

610 2684 659 2748 IV.
694 2683 837 2748 FRAGM.
861 2683 982 2748 EPlST.
1006 2682 1197 2748 clusinis
1220 2683 1272 2748 ΑΙ)
1296 2680 1538 2748 CICERONEM.

486 2787 511 2847 1.
542 2786 650 2865 Neque
678 2802 734 2862 pro
762 2794 852 2845 cauto
873 2803 910 2845 ac
930 2782 1078 2862 diligente
1108 2802 1142 2844 se
1168 2786 1280 2845 castris
1306 2784 1468 2845 continuit
1510 2781 1770 2857 (Charisiusto

410 2879 430 2940 l.
452 2881 473 2941 l.
496 2897 527 2959 p.
545 2880 608 2940 101.
632 2877 682 2939 ed.
706 2878 847 2955 Putsch.)

641 2995 674 3057 V.
711 2996 763 3057 ΑΙ)
787 2993 993 3059 CAESAREM
1017 2993 1212 3061 IUNlOllEld
1235 2993 1356 3059 EPIST.
1379 2993 1454 3058 LlB.
1477 2991 1500 3058 Ι.

486 3099 512 3156 1.
543 3097 585 3130 *³¹
606 3102 638 3155 et
656 3103 710 3156 ιιι
730 3092 769 3155 ad
791 3092 936 3154 consules
956 3103 1009 3155 aut
1029 3093 1069 3155 ad
1091 3103 1120 3155 te
1141 3102 1194 3155 ιιι
1207 3093 1246 3155 ad
1259 3096 1388 3155 Brutum
1408 3092 1559 3167 adissent,
1580 3092 1618 3152 iis
1631 3089 1730 3152 lrandi

409 3208 449 3251 ne
469 3198 566 3266 essct,
588 3186 671 3267 quod
692 3206 762 3248 cum
781 3188 914 3247 Antonio
934 3189 1075 3248 luissent.
1116 3190 1325 3262 (Noniusv.
1339 3186 1451 3248 Aditus
1464 3204 1495 3265 p.
1511 3186 1593 3262 238.)

484 3284 512 3344 2.
544 3284 627 3359 Roga
647 3282 762 3360 ipsum,
784 3299 876 3360 quem
897 3280 937 3341 ad
957 3280 1084 3342 modum
1099 3299 1155 3359 ego
1176 3300 1247 3342 eum
1261 3282 1388 3342 Arimini
1403 3280 1587 3359 acceperim.
1618 3277 1770 3352 (ldemso

410 3397 439 3437 v.
455 3377 607 3456 Accipere
619 3394 650 3456 p.
667 3373 732 3435 239.
755 3393 783 3433 v.
800 3376 919 3452 Rogare
934 3392 964 3454 p.
981 3377 1063 3449 383.)

485 3473 512 3530 3.
545 3467 610 3531 Sed
629 3470 691 3529 cito
712 3469 867 3548 paenituit
887 3466 1075 3546 domumque
1096 3467 1201 3540 rediit,
1223 3468 1319 3529 ceteri
1340 3466 1576 3530 cunctabantur.
1611 3464 1731 3541 (idem

410 3586 438 3626 v.
457 3565 602 3628 Cuncteri
616 3582 647 3643 p.
663 3564 745 3640 252.)

484 3661 513 3718 ι.
544 3658 588 3693 *⁴¹
604 3659 760 3718 neminem
780 3656 836 3717 tibi
855 3658 993 3736 protecto
1013 3657 1170 3718 hominem
1190 3676 1230 3718 ex
1249 3657 1394 3719 omnibus
1413 3665 1466 3719 ιιι
1484 3655 1731 3735 anteposuissem

414 3770 559 3833 umquam
581 3762 635 3815 eut
654 3755 747 3814 etiam
768 3770 1011 3832 comparassem.
1052 3751 1165 3826 (ldem
1179 3772 1208 3813 v.
1224 3753 1412 3834 Comparare
1424 3770 1456 3832 p.
1472 3753 1554 3828 256.)
1739 3758 1769 3805 ιι

486 3849 514 3907 5.
547 3847 580 3907 ln
608 3846 745 3925 singulas
774 3845 894 3924 tegulas
919 3846 1073 3927 impositis
1103 3848 1257 3907 sescentis
1286 3847 1459 3908 sescenties
1489 3844 1598 3905 confici
1626 3858 1730 3924 posse.

411 3940 532 4018 (ldcm
552 3960 581 4000 v.
599 3941 779 4002 Coniectum
793 3958 824 4020 p.
838 3942 919 4013 269.)

486 4038 513 4096 6.
544 4037 590 4096 Νι
617 4053 668 4096 res
696 4023 879 4110 duceretur,
904 4036 1032 4097 lecimus
1060 4044 1094 4097 ut
1113 4035 1262 4097 Hercules
1288 4037 1437 4097 Antianus
1460 4035 1491 4095 in
1511 4032 1604 4096 alium
1629 4030 1732 4092 locum

411 4132 639 4192 transferretur.
681 4128 798 4206 (ldem
811 4148 840 4188 v.
854 4130 930 4189 Duci
944 4149 975 4209 p.
990 4128 1045 4189 283
1058 4134 1124 4208 sq.)

484 4230 513 4286 7.
545 4224 589 4284 Ex
610 4225 725 4283 ceteris
744 4231 849 4284 autem
876 4222 1045 4301 generibus
1068 4232 1142 4283 tunc
1166 4224 1299 4303 pecunia
1324 4221 1520 4300 expedietur,
1542 4239 1611 4282 cum
1632 4218 1769 4299 legio-eo

410 4319 504 4380 nibus
523 4316 705 4378 victricibus
726 4325 833 4393 erunt,
855 4334 936 4395 quae
956 4316 1196 4396 spopondimus,
1223 4314 1440 4396 persolvenda.
1481 4312 1598 4390 (idem
1617 4333 1646 4374 v.
1666 4314 1731 4376 Ex·

410 4411 519 4492 pedire
540 4431 569 4490 p.
584 4412 668 4489 298.)
1752 4479 1758 4500 .

483 4508 512 4567 8.
542 4506 649 4585 ltaque
669 4523 781 4565 vereor
799 4524 840 4566 ne
861 4506 1041 4565 ferociorem
1061 4522 1132 4567 cum
1151 4505 1265 4566 iaciant
1284 4512 1337 4564 ιιι
1357 4510 1418 4564 tam
1438 4500 1596 4583 praeclara
1617 4501 1730 4566 iudicia

411 4599 518 4661 deco.
559 4599 720 4674 (ldemv.
736 4601 834 4660 Ferox
848 4617 878 4679 p.
894 4601 970 4675 305.)
1275 4661 1282 4672 .
1724 4645 1728 4652 .

484 4698 512 4758 9.
544 4695 607 4756 Sed
633 4693 716 4773 quod
742 4692 863 4755 videret
887 4695 1011 4755 nomine
1038 4695 1126 4772 pacis
1153 4691 1270 4755 bellum
1295 4692 1466 4754 involutum
1487 4693 1560 4753 tore.
1602 4689 1768 4769 (loeus

411 4808 439 4849 v.
456 4787 614 4849 Involvere
634 4807 664 4868 p.
681 4791 763 4865 328.)

487 4884 531 4943 10.
563 4882 636 4944 Erat
655 4884 759 4961 opinio
785 4881 866 4943 bona
887 4880 926 4943 de
947 4880 1075 4958 Planco,
1104 4881 1185 4943 bona
1205 4880 1245 4941 de
1265 4880 1391 4960 Lepido.
1432 4880 1546 4957 (ldem
1565 4899 1594 4940 v.
1617 4881 1730 4960 Opinio

409 4994 440 5055 r·
464 4978 543 5051 ιι.)

487 5076 530 5132 11.
563 5068 626 5132 Sed
649 5070 727 5133 haec
756 5069 947 5145 videbimus,
974 5088 1045 5132 cum
1064 5070 1157 5149 legati
1177 5088 1327 5152 responsa
1347 5070 1517 5146 retulerint.
1559 5069 1678 5146 (idem
1697 5088 1727 5129 v.

409 5164 550 5226 Relatum
572 5184 601 5243 p.
624 5166 706 5236 380.)
1740 5179 1769 5229 ιο

487 5260 531 5319 12.
561 5259 619 5331 Qui
641 5262 667 5318 si
688 5256 762 5318 nihil
786 5256 826 5319 ad
852 5257 885 5319 id
904 5257 1090 5318 beneficium
1117 5257 1270 5336 adderes,
1299 5277 1361 5339 quo
1380 5277 1438 5339 per
1458 5268 1489 5320 te
1508 5277 1558 5320 me
1578 5275 1639 5320 una
1659 5275 1730 5318 cum

411 5370 445 5412 re
466 5352 590 5431 publica
612 5353 643 5411 in
664 5350 837 5413 libertatem
859 5352 1077 5414 vindicassem.
1119 5352 1230 5429 (ldem
1245 5372 1273 5413 v.
1290 5352 1455 5415 vindicare
1471 5373 1500 5432 p.
1516 5355 1598 5430 419.)

487 5447 530 5507 13.
563 5447 651 5520 Quod
673 5448 745 5508 milri
768 5457 799 5508 et
819 5446 1163 5528 Philippovccationem
1184 5448 1253 5526 das,
1274 5448 1324 5510 bis
1337 5448 1468 5528 gaudeo.
1501 5450 1576 5510 Nam
1591 5457 1622 5509 et
1635 5464 1729 5528 prac-

412 5541 510 5601 teritis
539 5542 674 5620 ignoscis
704 5551 736 5602 et
764 5540 911 5604 concedis
940 5542 1051 5604 lutura.
1103 5542 1223 5620 (ldem
1245 5544 1461 5622 nigrescere
1491 5550 1522 5602 et
1549 5540 1729 5604 Concedere

410 5652 441 5713 p.
464 5635 546 5702 436.)
1738 5648 1768 5696 ιι

477 5848 501 5899 ι.
524 5851 610 5900 timere
627 5848 729 5900 Walclr.
750 5876 777 5886 -
796 5850 837 5900 28.
860 5850 1004 5900 Antoeocur
1019 5849 1131 5915 Lipsius.
