4342 7459
614 1263 863 1329 mannum
883 1261 1208 1331 scennurconnu
1228 1259 1526 1328 nosmmonuu.
1694 1239 1737 1313 7³

493 1431 546 1499 31.
567 1436 691 1499 Nonius
717 1456 749 1518 p.
770 1430 824 1498 80.
859 1436 1064 1507 Balbuttirs
1091 1442 1133 1498 est
1157 1453 1225 1497 cum
1246 1433 1375 1516 quadam
1401 1432 1522 1512 linquas
1542 1430 1737 1494 haesitatione

409 1537 436 1591 et
455 1530 629 1611 conjusiane
650 1530 810 1612 trepidare.
832 1530 1161 1597 Cic.Aead.lib.1111.·
1182 1530 1292 1616 plane‚
1314 1536 1350 1593 ut
1368 1526 1589 1615 supradictus,
1611 1524 1735 1592 stoicus

408 1642 568 1708 perpauca
587 1623 791 1690 balbuttiens.
813 1647 855 1685 ετ.
875 1626 950 1691 Luc.
973 1624 996 1709 §
1020 1619 1091 1690 ⁴37.

850 1824 911 1881 EX
930 1824 1069 1884 nmnls
1087 1822 1293 1884 monitum.

492 1951 545 2021 32.
568 1956 748 2020 Lactantius
770 1956 844 2021 inst
861 1959 923 2023 div.
939 1960 997 2034 ΙΙΙ,
1014 1954 1072 2023 ib:
1094 1958 1169 2023 Cedo
1190 1957 1286 2039 iqitur
1306 1955 1378 2039 quid
1397 1953 1539 2017 didiceris
1551 1960 1605 2015 aut
1624 1952 1658 2015 in
1676 1967 1757 2034 quan

408 2057 488 2111 serta
508 2051 664 2113 ueritatem
685 2053 919 2134 deprehenderis.
955 2057 992 2116 In
1015 2053 1176 2117 Academia
1198 2053 1322 2124 scilicet,
1345 2057 1623 2132 quamsecurium,
1646 2065 1737 2129 quam

402 2145 551 2227 probasti.
588 2145 627 2208 Al
647 2146 720 2209 baec
740 2148 818 2209 nibil
837 2150 919 2211 docet
940 2150 1001 2211 nisi
1021 2157 1054 2211 ut
1075 2150 1155 2211 scias
1175 2157 1203 2210 te
1224 2147 1301 2209 nibil
1323 2147 1409 2209 scire.
1449 2143 1506 2206 Tui
1526 2161 1596 2222 erqo
1617 2149 1644 2203 te
1666 2139 1738 2202 libri

408 2248 555 2319 arquunt.
584 2258 675 2320 quarn
705 2241 782 2302 nibil
802 2262 822 2303 a
844 2243 1036 2324 philosophia
1057 2243 1134 2304 disci
1146 2244 1244 2323 possit
1265 2242 1305 2303 ad
1324 2242 1428 2303 citam.
1471 2237 1555 2300 Haec
1574 2245 1627 2298 tua
1647 2233 1737 2297 uerba

407 2341 495 2394 suet:
526 2332 605 2396 Mihi
634 2342 740 2396 autem
770 2355 834 2397 non
864 2336 959 2399 modo
989 2338 1029 2399 ad
1053 2338 1240 2419 sapientiam
1263 2336 1348 2400 caeci
1369 2334 1525 2405 ridemur,
1558 2328 1615 2393 sed
1636 2328 1676 2393 ud
1698 2348 1737 2391 ea

407 2427 484 2511 ipsa,
508 2445 590 2510 quae
611 2426 719 2510 aliqua
741 2447 781 2490 ex
806 2438 891 2512 parte
913 2432 998 2494 cerni
1022 2432 1204 2506 videantur,
1226 2431 1356 2493 hebetes
1379 2436 1411 2492 et
1431 2425 1545 2491 obtusi.
1747 2437 1775 2484 to

492 2516 543 2581 33.
566 2520 760 2602 Augustinus
784 2531 893 2587 contra
915 2524 1118 2589 Academicos
1141 2527 1185 2602 ΙΙ,
1208 2521 1258 2600 il,
1280 2522 1338 2587 26:
1369 2524 1476 2586 Audite
1496 2539 1581 2600 erqo,
1603 2520 1736 2601 inquam,

407 2614 479 2697 quid
506 2616 560 2689 sit,
586 2635 656 2677 ens:
688 2617 723 2677 Id
746 2618 898 2697 probabile
919 2622 963 2682 uel
990 2623 1054 2683 ceri
1076 2622 1174 2683 simile
1197 2620 1366 2683 Academici
1384 2625 1502 2688 uocant,
1525 2616 1602 2697 quod
1622 2634 1677 2677 nos
1698 2612 1737 2675 ad

408 2709 555 2788 aqendum
576 2710 640 2772 sine
661 2710 834 2775 adseruione
853 2722 948 2798 potest
968 2718 1107 2778 inuitare.
1145 2716 1215 2777 Sine
1236 2714 1408 2775 adsensione
1428 2720 1527 2773 autem
1545 2710 1627 2783 dico,
1650 2716 1683 2770 ut
1704 2706 1737 2768 id

407 2803 484 2885 quad
503 2804 623 2883 aqimus
642 2823 703 2866 non
725 2807 881 2886 opinemur
897 2828 999 2871 verrem
1021 2831 1081 2872 esse
1100 2820 1152 2871 aut
1172 2829 1233 2871 non
1252 2809 1283 2870 id
1301 2809 1378 2870 scire
1397 2806 1588 2881 arbitremur,
1610 2821 1737 2882 aqamus

407 2908 516 2960 tamen.
562 2899 597 2961 tn
627 2899 710 2960 verbi
735 2919 841 2972 causa,
872 2911 973 2965 utrum
1001 2906 1137 2967 besterna
1165 2912 1247 2966 nacte
1270 2913 1331 2965 tarn
1355 2900 1469 2982 liquido
1495 2918 1532 2961 ac
1550 2917 1630 2980 pura
1650 2896 1774 2958 leodien

407 3001 468 3054 tam
496 2994 591 3055 laetus
620 2994 665 3055 sol
691 3007 854 3059 exorturus
875 3007 966 3072 esset,
995 3000 1023 3059 si
1043 3018 1098 3059 nos
1119 2999 1267 3079 quispiam
1293 3004 1430 3075 raperet,
1460 2992 1562 3063 medo,
1585 2990 1663 3073 quod
1681 3008 1737 3051 nos

407 3086 437 3147 id
458 3088 537 3147 scire
563 3105 754 3166 neqaremus‚
778 3092 942 3154 diceremus
962 3102 1060 3155 tamen
1081 3094 1125 3153 ita
1147 3092 1252 3152 uideri.
1289 3089 1391 3162 Talia,
1413 3088 1509 3169 inquit
1530 3086 1735 3158 Academicus,

408 3181 483 3244 mihi
507 3179 657 3244 videntur
678 3185 801 3260 omnia,
825 3206 907 3270 quae
930 3186 1105 3270 probabilia
1122 3184 1171 3246 vel
1187 3183 1253 3248 veri
1269 3182 1382 3245 similia
1399 3180 1508 3264 putavi
1525 3179 1733 3242 nominanda:

408 3295 490 3359 qnae
511 3283 547 3338 tu
570 3277 597 3338 si
618 3277 682 3340 elio
705 3279 833 3341 nomine
855 3282 902 3343 vis
924 3300 1055 3354 vocare,
1086 3278 1166 3340 nihil
1189 3295 1340 3362 repugno.
1378 3276 1461 3338 Satis
1484 3275 1567 3338 enim
1589 3273 1666 3337 mihi
1687 3279 1736 3335 est

408 3380 438 3434 te
464 3372 527 3435 iam
556 3371 638 3435 bene
664 3374 824 3455 accepisse
848 3376 925 3457 quid
948 3375 1069 3447 dicam,
1100 3373 1132 3434 id
1156 3379 1220 3446 est,
1252 3370 1366 3455 quibus
1388 3370 1483 3432 rebus
1505 3368 1584 3432 haee
1606 3368 1773 3430 nominato

408 3466 573 3549 inponum;
597 3486 659 3529 non
683 3468 767 3529 enim
789 3468 1011 3531 vocabulorum
1033 3465 1196 3552 opificem,
1219 3466 1274 3529 sed
1290 3485 1393 3528 rernm
1408 3463 1629 3547 inquisitorem
1645 3461 1737 3523 decet

408 3579 475 3622 esse
497 3560 683 3642 sapientem.
714 3557 834 3623 Satisne
853 3563 1055 3635 intellexistis.
1078 3584 1136 3645 quo
1151 3563 1236 3624 modo
1254 3560 1329 3623 mibi
1347 3560 1463 3622 ludicra
1481 3559 1547 3632 illa,
1567 3558 1671 3638 quibus
1684 3576 1737 3619 vos

409 3653 574 3733 eqitabom,
606 3654 640 3715 de
662 3655 798 3717 manibus
819 3676 946 3718 canossa
969 3658 1052 3719 sint?
1086 3659 1146 3719 Hic
1167 3677 1234 3718 cum
1257 3656 1342 3717 ambo
1364 3675 1395 3717 se
1414 3653 1593 3716 intellexisse
1615 3669 1736 3732 respon·

407 3747 515 3810 dissent
537 3748 677 3827 vultuque
697 3749 761 3828 ipso
785 3753 1003 3829 responsionem
1020 3753 1209 3832 postularent
1226 3770 1335 3821 meam,
1360 3750 1440 3827 Quid
1455 3748 1581 3828 putatis.
1602 3749 1734 3828 inquam,

410 3844 594 3914 Ciceronem,
617 3843 703 3904 cuius
723 3844 793 3905 baec
813 3846 902 3906 uerba
924 3856 1007 3917 sunt,
1030 3849 1147 3927 inopem
1165 3846 1260 3927 [uisse
1282 3845 1408 3906 latinae
1429 3845 1561 3927 linqunt,
1582 3849 1616 3903 ut
1636 3841 1773 3902 minum

407 3946 475 4017 epta
498 3936 597 4007 rebus.
621 3957 696 4017 quas
717 3939 873 4013 sentiebat,
893 3942 1016 4002 nomina
1038 3943 1213 4022 inponeret?
1521 3922 1536 3962 ⁶

489 4025 541 4091 bi.
563 4031 759 4111 Augustinus
781 4054 808 4094 c.
831 4033 926 4096 bend.
950 4035 1007 4107 ΙΙΙ,
1030 4032 1065 4108 7,
1089 4031 1146 4096 Ιὸε
1177 4035 1235 4097 Sed
1255 4035 1357 4115 primo
1380 4033 1455 4095 illud
1476 4032 1628 4094 videamus
1651 4029 1737 4110 quale

408 4124 459 4197 sit,
482 4125 559 4186 unde
582 4134 732 4186 amatores
750 4126 995 4189 Academicorum
1013 4129 1143 4208 qloriari
1162 4130 1289 4190 nimium
1306 4130 1409 4189 solent.
1445 4128 1522 4189 nam
1539 4135 1580 4186 est
1599 4127 1632 4185 in
1651 4123 1737 4184 libris

409 4220 572 4294 Ciceronis,
598 4238 672 4298 quos
691 4221 723 4279 in
746 4220 835 4281 buius
854 4243 961 4283 causae
974 4226 1178 4303 patrocinium
1197 4224 1331 4303 scripsit,
1356 4224 1437 4283 locris
1455 4221 1588 4301 quidam,
1612 4227 1644 4280 ut
1661 4218 1737 4279 mibi

408 4314 536 4384 ridetur,
566 4316 648 4374 mira
671 4315 839 4376 urbanitate
861 4319 1009 4390 conditus,
1039 4328 1070 4378 ut
1092 4319 1244 4379 nonnullis
1266 4327 1381 4387 autem,
1411 4318 1501 4377 etiam
1521 4316 1663 4395 firmitate
1687 4318 1773 4375 ro-30

409 4406 535 4469 boratm.
580 4409 709 4488 [difficile
738 4419 780 4469 est
803 4430 932 4491 prorsus
959 4422 992 4472 ut
1020 4433 1197 4492 quemquam
1223 4433 1283 4474 non
1312 4419 1425 4473 moueat
1454 4412 1531 4492 quod
1559 4410 1602 4470 ibi
1624 4409 1736 4470 dictum

410 4511 457 4566 est.
489 4500 677 4564 Academico
700 4506 835 4585 sapienti
858 4505 896 4566 ab
919 4508 1065 4569 omnibus
1085 4517 1260 4569 ceterarum
1277 4516 1441 4579 sectarum,
1464 4506 1519 4588 qui
1536 4504 1595 4567 sibi
1613 4502 1737 4586 sapien·

411 4604 455 4657 tes
476 4594 639 4669 videntur,
662 4599 817 4660 secundas
841 4608 944 4680 partes
969 4600 1054 4674 dari,
1077 4623 1148 4663 cum
1172 4603 1288 4684 primas
1311 4601 1368 4663 sibi
1392 4619 1551 4683 quemque
1574 4595 1735 4659 vindicare

412 4708 535 4751 necesse
564 4694 623 4751 sit:
653 4711 692 4752 ex
721 4713 784 4774 quo
815 4713 907 4776 posse
935 4695 1138 4776 probabiliter
1163 4694 1274 4758 confici
1305 4716 1376 4757 eum
1399 4701 1483 4756 recte
1507 4693 1642 4775 primum
1665 4711 1734 4753 esse

415 4782 528 4845 iudicio
561 4804 635 4857 suo,
669 4787 721 4868 qui
751 4789 891 4849 omnium
923 4797 1098 4851 ceterorum
1131 4789 1248 4852 iudicio
1280 4790 1321 4852 sit
1350 4788 1519 4852 secundus.
1556 4789 1616 4850 Fac
1641 4788 1774 4862 enim‚³⁵

413 4879 492 4939 verbi
527 4899 638 4952 causa,
671 4881 809 4943 Stoicum
843 4882 954 4946 adesse
985 4885 1176 4966 sapientcm;
1211 4905 1281 4946 nam
1311 4892 1420 4946 contra
1450 4903 1504 4945 eos
1535 4884 1735 4966 potissimum

414 4974 663 5036 Academicorum
687 4977 805 5038 exarsit
832 4978 1002 5058 ingenium.
1046 4981 1130 5060 Ergo
1154 4982 1238 5041 Zeno
1261 4979 1311 5040 vel
1336 4977 1530 5062 Chrysippus
1554 4978 1579 5040 si
1603 4977 1736 5040 interro·

414 5077 570 5147 gerentur,
594 5070 665 5151 quis
685 5070 726 5131 sit
741 5071 880 5153 sapiens,
904 5072 1109 5154 respondebit
1130 5093 1202 5135 eum
1217 5093 1302 5146 esse,
1327 5091 1420 5155 quem
1437 5074 1505 5153 ipse
1522 5071 1732 5154 descripserit.

473 5305 497 5353 2.
517 5306 597 5355 immo
620 5306 711 5354 dictum
732 5305 773 5355 uel
795 5307 923 5361 dictumst:
949 5309 973 5356 in
998 5306 1104 5357 Lucullo
1122 5310 1163 5356 cst
1179 5307 1233 5354 dici
1253 5332 1279 5340 -
1305 5307 1344 5354 lt.
1364 5303 1528 5355 contulimus
1546 5304 1579 5353 sd
1597 5305 1648 5354 hoc
1667 5305 1735 5366 irog-

415 5382 525 5428 mentum
549 5380 668 5431 codicem
693 5384 883 5443 l'risingenscm
905 5396 977 5431 nuru.
997 5383 1028 5431 89
1046 5396 1117 5431 saec.
1135 5382 1155 5430 ΙΙ
1175 5384 1211 5438 Ιἶ
1230 5382 1269 5440 Ι),
1294 5379 1327 5428 nd
1345 5392 1461 5443 sequens
1479 5383 1558 5429 etiarn
1577 5381 1736 5430 Benedictu-

414 5453 537 5504 buranum
555 5469 628 5505 num.
649 5456 678 5506 tl
699 5460 736 5515 (r.-
754 5459 781 5515 n)
801 5461 827 5505 et
846 5458 1032 5506 Ernmerunum
1050 5460 1106 5506 sive
1125 5453 1343 5505 Ratisbonensem
1363 5468 1388 5502 n.
1408 5454 1454 5503 330
1473 5457 1510 5513 (Ξ
1528 5455 1570 5514 Ε),
1594 5458 1735 5517 utrumque

413 5542 477 5579 suec.
497 5531 553 5588 ΙΙΙ,
577 5533 621 5594 qui
640 5546 709 5580 nnnc
726 5547 819 5581 ornnes
838 5536 898 5582 sunt
916 5535 940 5582 iu
960 5532 1117 5582 bibliotheca
1136 5532 1295 5580 bionaccnsi.
1317 5557 1342 5565 -
1364 5530 1402 5578 te.
1420 5530 1547 5590 probabile
1563 5544 1597 5578 an
1615 5529 1654 5578 uel
1670 5531 1687 5578 F
1704 5557 1736 5566 —

414 5606 448 5654 lb.
463 5606 486 5654 in
499 5606 559 5655 edd.
574 5608 708 5669 Augustini
721 5622 802 5671 prave
815 5608 967 5657 ‹listiuctum
981 5613 1034 5657 est:
1053 5609 1166 5656 besterna
1178 5613 1256 5664 nocte,
1275 5612 1327 5655 tarn
1344 5605 1439 5666 liquida
1452 5620 1482 5653 uc
1493 5619 1571 5666 pura,
1589 5605 1660 5653 bodie
1671 5607 1734 5664 cet,

413 5683 436 5728 at
458 5685 496 5730 est
517 5688 568 5729 tam
589 5683 632 5743 tiq.
652 5687 674 5731 et
691 5698 759 5743 pura
781 5683 962 5745 praedicatum
981 5686 1007 5732 et
1025 5685 1091 5731 haec
1109 5682 1251 5731 sententia:
1275 5695 1335 5730 cum
1354 5682 1477 5730 hesterna
1498 5694 1547 5730 nox
1567 5683 1619 5729 tam
1638 5678 1735 5742 liquida

414 5767 441 5803 nc
458 5770 521 5819 pura
540 5757 624 5805 luerit.
640 5783 667 5792 -
687 5759 727 5806 25.
747 5760 919 5820 bartimeus
938 5761 966 5808 F:
987 5761 1087 5820 linquae
1099 5760 1153 5807 Lat.
1173 5757 1235 5806 edd.
1257 5785 1282 5793 -
1302 5758 1343 5805 26.
1362 5757 1433 5806 rebus
1450 5758 1584 5817 imponeret
1601 5771 1663 5818 quas
1680 5771 1736 5807 scn-

413 5832 481 5879 tiebat
502 5834 604 5880 nornina
626 5832 686 5881 cdd.
713 5860 739 5867 —
767 5835 805 5882 27.
825 5835 932 5883 Kriscbc
958 5848 981 5896 p.
998 5835 1028 5882 60
1053 5834 1103 5883 hoc
1127 5832 1218 5894 fragm.
1239 5831 1305 5881 libro
1326 5834 1346 5882 ΙΙ
1369 5833 1497 5894 adsignat.
1522 5859 1549 5869 -
1576 5834 1642 5882 istud
1665 5834 1683 5882 B
1706 5860 1733 5870 —

413 5904 449 5953 ib.
466 5908 577 5955 meditus
594 5907 666 5956 nir:
689 5910 824 5958 condicitur
841 5909 882 5968 ΕΙ,
906 5911 1011 5959 concidit
1029 5911 1046 5959 F
1065 5935 1091 5943 -
1111 5915 1195 5958 autern
1212 5921 1265 5958 om.
1285 5909 1304 5958 E
1324 5935 1349 5944 -
1375 5908 1414 5957 33.
1434 5907 1532 5956 duroE
1552 5933 1578 5943 -
1598 5907 1638 5956 38.
1658 5908 1700 5969 qui
1718 5908 1735 5958 F

412 5980 468 6032 tort.
486 5985 572 6041 recte.
592 5984 652 6045 quid
668 5984 726 6034 BE.
