4342 7459
574 1205 579 1214 '
664 1218 732 1281 ru.
755 1218 808 1281 tv.
839 1216 913 1282 on.
935 1217 1196 1281 xxiv-xxv.
1222 1214 1269 1301 ss
1291 1214 1436 1281 52-55.
1679 1215 1736 1283 set

412 1398 476 1462 quo
498 1377 595 1441 modo
617 1378 713 1462 igitur
737 1378 952 1463 Chrysippus?
985 1378 1150 1442 Fortitudo
1172 1385 1236 1452 est,
1259 1379 1378 1462 inquit,
1400 1379 1533 1444 scientia
1551 1398 1654 1443 rerum
1670 1398 1740 1464 per-

412 1470 612 1535 ferendarum
641 1472 689 1535 vel
718 1472 854 1536 adfectio
884 1473 980 1535 animi
1010 1474 1042 1535 in
1070 1471 1223 1555 patiendo
1245 1492 1282 1535 ac
1306 1473 1494 1556 perferendo
1517 1494 1655 1537 summae
1678 1473 1739 1559 legi

414 1585 528 1647 parens
550 1566 619 1628 sine
634 1568 756 1629 timore.
790 1565 940 1640 Quamvis
957 1566 1031 1629 licet
1049 1567 1240 1629 insectemur
1254 1566 1343 1639 istos,
1366 1574 1401 1629 ut
1416 1566 1594 1630 Carneades
1608 1566 1741 1640 solebat,

414 1666 520 1722 metuo
543 1679 583 1722 ne
606 1659 666 1722 soli
690 1659 867 1742 philosophi
883 1660 956 1722 sint.
984 1660 1072 1734 Quae
1088 1660 1172 1722 enim
1187 1661 1316 1722 istarum
1332 1657 1546 1722 definitionum
1562 1681 1625 1723 non
1641 1661 1742 1743 aperit

415 1751 576 1815 notionem
605 1761 755 1826 nostram,
784 1772 877 1836 quam
907 1753 1060 1816 hahemus
1090 1772 1199 1816 omnes
1229 1753 1268 1815 de
1296 1752 1481 1816 fortitudine
1510 1762 1622 1817 tectam
1645 1764 1764 1838 atques

414 1846 611 1909 involutam?
634 1868 695 1929 qua
717 1855 825 1930 aperta
847 1847 919 1929 quis
942 1856 990 1910 est
1012 1849 1066 1930 qui
1090 1856 1144 1911 aut
1166 1846 1309 1909 bellatori
1331 1854 1386 1909 aut
1407 1847 1587 1930 imperatori
1603 1855 1657 1912 aut
1673 1868 1742 1910 ora·

414 1941 473 2003 tori
501 1948 635 2024 quaerat
666 1941 787 2023 aliquid
816 1961 920 2024 neque
951 1961 1004 2004 eos
1035 1942 1205 2004 existumet
1235 1941 1301 2003 sine
1323 1940 1409 2003 rabie
1432 1936 1598 2024 quicquam
1621 1938 1743 2004 fortiter

413 2031 514 2097 lacere
536 2037 657 2117 posset
692 2030 742 2096 5l.
766 2034 872 2110 Quint
895 2034 1008 2108 Stoici,
1031 2035 1087 2118 qui
1109 2053 1218 2098 omnes
1240 2034 1425 2117 insipientes
1448 2034 1576 2097 insanos
1599 2053 1669 2096 esse
1692 2032 1741 2097 di·

415 2136 501 2201 cunt,
525 2148 632 2191 nonne
655 2129 713 2191 ista
736 2126 921 2210 conligunt?
944 2130 1081 2191 Remove
1107 2130 1360 2210 perturbationes
1383 2149 1595 2210 maxumeque
1617 2129 1742 2191 iracun-

414 2220 513 2284 diam:
535 2222 597 2285 iam
621 2222 810 2285 videbuntur
832 2231 971 2285 monstra
994 2220 1108 2284 dicere.
1143 2223 1231 2285 Nunc
1253 2228 1359 2285 autem
1381 2222 1425 2284 ita
1449 2222 1616 2298 disserunt,
1640 2225 1685 2288 sic
1708 2243 1780 2289 seso

414 2315 516 2378 dicere
539 2336 650 2381 omnes
671 2318 784 2382 stultos
807 2318 963 2391 insanire,
986 2328 1021 2382 ut
1044 2318 1124 2381 male
1140 2318 1227 2381 olere
1243 2333 1336 2377 omne
1352 2334 1494 2379 caenum.
1527 2319 1644 2380 utnon
1661 2338 1742 2380 sem-

414 2428 478 2491 per.
513 2409 696 2474 Commove:
726 2412 854 2474 senties.
889 2412 940 2473 Sic
967 2412 1135 2475 iracundus
1157 2432 1220 2474 non
1244 2429 1368 2494 semper
1389 2410 1486 2473 iratus
1509 2418 1574 2484 est3
1605 2410 1741 2475 lacesse:

413 2502 472 2565 iam
496 2502 619 2567 ridebis
639 2503 804 2568 furentem.
834 2502 940 2579 Quid?
963 2505 1022 2569 ista
1041 2506 1187 2569 bellatrix
1204 2503 1382 2578 iracundia,
1405 2524 1477 2567 cum
1495 2502 1623 2567 domum
1640 2504 1742 2577 rediit,

414 2596 517 2679 qualis
531 2606 581 2661 est
595 2617 665 2660 cum
681 2618 790 2672 uxore,
812 2619 883 2662 cum
905 2597 1022 2672 liberis,
1045 2619 1114 2661 cum
1130 2597 1269 2662 familia?
1291 2617 1330 2658 au
1347 2605 1412 2659 tum
1428 2615 1557 2681 quoque
1573 2605 1621 2660 est
1635 2597 1743 2660 utilisl

414 2689 468 2753 Est
490 2690 587 2772 igitur
608 2691 746 2774 aliquid,
769 2692 855 2775 quod
880 2692 1058 2774 perturbata
1078 2712 1166 2755 meus
1182 2690 1293 2753 melius
1317 2691 1418 2773 possit
1439 2689 1542 2754 facere
1559 2711 1651 2775 quam
1668 2710 1780 2756 con-ts

415 2787 522 2846 stans?
544 2804 584 2846 an
608 2786 775 2868 quisquam
799 2793 904 2867 potest
925 2786 993 2847 sine
1017 2785 1252 2867 perturbatione
1275 2785 1389 2847 mentis
1408 2784 1522 2846 irasci?
1544 2787 1630 2848 Bene
1646 2785 1743 2868 igitur

414 2878 530 2950 nostri,
559 2897 631 2939 cum
653 2879 758 2941 omnia
781 2887 887 2942 essent
909 2879 940 2940 in
965 2880 1106 2942 moribus
1127 2879 1218 2951 vitia,
1240 2877 1326 2961 quod
1349 2877 1470 2941 nullum
1493 2887 1561 2942 erat
1582 2879 1742 2942 iracundia

414 2967 553 3044 foedius,
575 2971 744 3035 iracundos
767 2974 854 3036 solos
878 2992 1021 3036 morosos
1043 2972 1296 3034 nominaverunt.

497 3063 598 3126 XXV.
622 3062 674 3125 55.
698 3064 861 3128 Oratorem
878 3085 952 3129 vero
975 3066 1065 3128 irasci
1085 3065 1214 3127 minime
1229 3065 1334 3138 decet,
1357 3064 1504 3128 simulare
1520 3086 1584 3129 nou
1600 3067 1740 3131 dedecet.

416 3158 463 3218 An
493 3155 550 3218 tibi
580 3158 673 3220 irasci
696 3165 760 3222 tum
784 3159 943 3232 videmur,
971 3180 1041 3221 cum
1064 3158 1139 3242 quid
1162 3159 1194 3220 in
1218 3159 1322 3221 causis
1343 3160 1447 3222 acrius
1469 3167 1502 3222 et
1524 3158 1779 3224 vehementiusso

416 3247 572 3312 dicimus?
595 3252 694 3334 quid?
717 3272 788 3316 cum
811 3253 872 3316 iam
896 3253 989 3315 rebus
1011 3252 1177 3314 transactis
1200 3259 1232 3314 et
1253 3252 1430 3333 praeteritis
1453 3254 1610 3318 orationes
1633 3252 1741 3316 scribi-

414 3362 498 3418 mus,
521 3364 596 3408 num
619 3344 689 3407 irati
713 3346 902 3409 scribimus?

495 3437 645 3520 Ecquis
668 3435 739 3501 hoc
761 3440 1071 3504 animadvertit?
1095 3440 1259 3503 vincitel

412 3549 484 3594 num
507 3539 563 3593 aut
585 3532 688 3615 egisse
711 3553 859 3616 umquam
883 3534 995 3597 iratum
1011 3536 1168 3617 Aesopum
1194 3542 1248 3596 aut
1262 3535 1605 3620 scripsisse-existimas
1624 3532 1738 3597 iratum

412 3623 561 3687 Accium?
587 3627 731 3707 Aguntur
757 3628 817 3690 ista
844 3628 1004 3709 praeclare
1026 3637 1057 3692 et
1080 3630 1119 3691 ab
1143 3637 1267 3692 oratore
1290 3628 1418 3711 quidem
1440 3628 1567 3701 melius,
1594 3626 1621 3689 si
1645 3622 1776 3693 modost

412 3725 459 3779 est
480 3725 600 3791 orator,
630 3739 724 3802 quarn
746 3720 785 3783 ab
808 3720 872 3784 ullo
894 3721 1063 3795 histrione,
1093 3723 1148 3785 sed
1179 3728 1316 3804 aguntur
1336 3721 1449 3784 leniter
1470 3729 1502 3785 et
1523 3730 1629 3784 mente
1650 3728 1736 3782 tran·

413 3811 521 3893 quilla.
552 3813 730 3876 Libidinem
759 3834 833 3878 vcro
863 3815 990 3877 laudare
1013 3817 1103 3879 cuius
1125 3825 1174 3879 est
1196 3815 1363 3879 libidinist
1391 3815 1635 3879 Themistoclem
1658 3813 1734 3878 mihi

413 3910 443 3968 et
469 3905 705 3969 Demosthenen
738 3907 901 3991 profertis:
931 3908 1046 3972 additis
1069 3909 1280 3993 Pythagoran,
1306 3911 1536 3986 Democritum,
1563 3910 1735 3972 Platonem.

413 3996 518 4073 Quid‘t
540 4020 597 4063 vos
620 4001 724 4064 studia
745 3999 910 4065 libidinem
933 4003 1076 4067 vocatis?
1105 4023 1187 4086 quse
1209 4003 1259 4065 vel
1282 4004 1471 4086 optimarum
1494 4023 1613 4074 rerum,
1642 4010 1678 4065 ut
1698 4020 1736 4064 ea

411 4100 498 4165 sunt,
521 4113 604 4175 quae
625 4094 788 4176 profertis,
810 4093 918 4159 sedata
941 4105 1045 4160 tamen
1068 4105 1100 4159 et
1121 4096 1290 4180 tranquilla
1313 4116 1382 4159 esse
1398 4096 1521 4159 debent
1554 4096 1618 4158 lam
1634 4096 1773 4178 aegri-so

411 4184 551 4248 tudinem
574 4186 719 4263 laudare,
748 4211 842 4253 uuam
874 4211 939 4253 rem
968 4191 1103 4253 maxime
1125 4189 1357 4262 detestabilem,
1381 4209 1517 4272 quorum
1539 4199 1588 4253 est
1608 4189 1735 4252 tandem

410 4276 697 4362 pbilosophorum?
719 4287 758 4345 At
780 4284 943 4347 commode
966 4282 1046 4347 dixit
1068 4283 1230 4346 Afranius:

577 4377 668 4439 Dum
693 4377 805 4441 modo
828 4378 962 4442 doleat
983 4375 1153 4459 aliquid,
1177 4376 1313 4439 doleat
1335 4376 1545 4459 quidlibet.

412 4532 783 4546 α----.-.......-----
795 4539 850 4546 .—
870 4539 960 4546 -.⁴...
973 4537 1410 4546 -....--.--.....-.......---0-..n
1428 4538 1548 4547 ...,......,
1578 4540 1583 4543 .
1593 4540 1595 4543 .
1607 4539 1612 4543 .
1622 4537 1651 4545 ...
1665 4537 1732 4545 ...-

411 4634 462 4686 lin.
482 4635 514 4695 V,
534 4635 566 4686 li
584 4636 685 4699 (bestiis,
704 4651 780 4698 quoe
794 4640 1160 4700 primo--commocent,
1183 4638 1270 4687 Made
1285 4643 1330 4686 suo
1346 4650 1489 4699 quosque
1507 4639 1618 4699 appetitu
1633 4650 1733 4686 mooe·

410 4715 480 4775 tor).
500 4715 617 4762 Gramm.
638 4712 653 4762 l.
668 4726 691 4761 c.
711 4715 764 4763 Cic.
779 4712 813 4763 de
827 4715 879 4763 Fin.
895 4715 923 4774 V,
937 4715 977 4763 ts.
998 4712 1066 4763 Lael.
1081 4713 1139 4776 §82
1156 4715 1264 4762 homines
1274 4714 1408 4774 -primum
1419 4738 1432 4748 -
1444 4711 1608 4773 imperatum,
1626 4710 1734 4760 minde-

408 4787 550 4849 meum
573 4788 706 4848 emptoque
730 4789 815 4837 oltcr
833 4802 882 4850 pro
903 4789 982 4837 altero
1003 4790 1157 4849 suscipiet
1178 4788 1375 4849 neque—ulter
1397 4785 1428 4834 ob
1445 4786 1524 4834 attero
1544 4784 1731 4847 postulabit,

409 4877 485 4926 seque
496 4889 509 4899 -
522 4864 672 4913 euehuntur
689 4865 759 4923 (cum
776 4876 828 4926 quo
846 4862 904 4912 loco
921 4864 1072 4913 Ochsnerus
1090 4859 1142 4911 Ecl.
1162 4875 1187 4925 p.
1206 4862 1253 4911 ast
1272 4860 1372 4910 confert
1389 4861 1496 4909 sueton.
1514 4860 1589 4910 Caes.
1603 4858 1635 4908 89
1652 4859 1734 4907 Dom-

408 4939 461 4986 soti
477 4951 561 4987 mom
577 4937 661 4986 clius
677 4939 727 4987 otio
743 4952 804 4987 coru
817 4938 938 5001 pertiti:
964 4938 1060 5001 quihus
1078 4935 1142 4987 locis
1159 4935 1297 4996 omnibus,
1319 4937 1348 4983 ut
1365 4934 1398 4983 de
1416 4936 1446 4984 N.
1466 4934 1496 4983 D.
1516 4934 1535 4991 1,
1553 4932 1569 4981 9
1586 4932 1670 4994 (serim
1685 4944 1734 4982 ro·

407 5027 487 5071 rum,
505 5019 534 5062 ut
550 5014 619 5063 olis
635 5027 668 5063 ccc
684 5015 737 5063 otio
753 5028 836 5063 ccco
853 5020 875 5063 et
892 5027 974 5062 omncs
990 5015 1090 5061 interce
1102 5018 1201 5073 optuc-
1212 5010 1364 5073 uideantur).
1385 5023 1409 5073 p.
1423 5008 1491 5057 Sest.
1505 5006 1519 5069 5
1532 5005 1563 5056 ll
1574 5006 1641 5069 (cum
1651 5019 1733 5055 omnes

407 5090 522 5138 certatim
544 5089 690 5149 aliusque
713 5090 764 5137 otio
784 5087 1076 5152 pravior-dictaret).
1104 5088 1137 5136 ud
1157 5088 1227 5135 Fam.
1247 5086 1300 5143 th,
1319 5083 1360 5145 st,
1379 5086 1394 5133 ἰ
1411 5081 1501 5145 (Habes
1517 5082 1609 5131 Sordes
1625 5083 1733 5141 venales,

407 5164 506 5213 etism
523 5165 575 5212 otio
591 5164 791 5227 nequiorem).
816 5166 843 5213 T.
865 5166 894 5213 D.
914 5164 955 5223 lv,
973 5164 1001 5212 st
1023 5162 1158 5225 (corum·,
1177 5166 1205 5209 ut
1220 5160 1250 5208 sit
1268 5160 1353 5207 clius
1370 5160 1403 5207 cd
1419 5158 1483 5207 alios
1499 5161 1579 5205 motus
1591 5156 1733 5218 -procts'-

406 5239 487 5301 ntor)
511 5238 694 5302 praedicatum
719 5240 802 5300 (cuius
826 5237 914 5288 locum
937 5239 1016 5288 etium
1038 5238 1181 5298 nequiorem
1203 5237 1230 5284 ct
1250 5234 1387 5296 proclivior
1409 5231 1536 5291 obtinent)
1561 5229 1733 5295 praecedenti

406 5314 471 5363 ultus
487 5313 573 5376 (ulter,
591 5313 714 5375 quisquc),
733 5327 786 5362 nou
801 5314 936 5377 sequenti,
956 5313 1188 5363 accommodatum
1201 5310 1250 5359 est.
1270 5307 1437 5358 ltcstitueuda
1451 5309 1492 5356 est
1509 5306 1586 5367 igitur
1597 5304 1734 5367 archetypi

407 5388 538 5451 scriptura
555 5388 711 5437 doctorum.»
730 5389 771 5438 W.
792 5414 818 5424 -
838 5390 862 5438 9.
881 5402 1066 5450 mcxumccqoe
1083 5389 1132 5437 Gtt
1151 5384 1207 5449 (sed
1224 5385 1251 5433 iu
1264 5385 1283 5433 G
1295 5396 1312 5432 o
1323 5387 1384 5433 ente
1396 5396 1409 5432 s
1421 5382 1553 5447 punctatu)
1568 5404 1595 5416 -
1610 5379 1649 5428 to.
1661 5391 1734 5427 moc-

406 5468 460 5511 stra
476 5459 549 5512 ren:
574 5470 668 5513 mostra
686 5462 729 5521 n¹;
753 5470 839 5513 costra
857 5468 876 5513 G
897 5491 922 5500 -
950 5465 988 5514 tt.
1007 5477 1124 5513 coenum:
1150 5474 1200 5510 nos
1221 5471 1323 5519 semper,
1346 5463 1374 5507 ot
1393 5470 1517 5508 commove
1540 5456 1621 5505 lleine
1644 5451 1733 5502 Philol.

407 5537 571 5587 schneider.
590 5539 633 5588 xtt
652 5551 677 5601 p.
697 5537 744 5586 tet
762 5551 802 5601 sq.
825 5564 850 5574 -
872 5538 911 5589 tt.
930 5551 965 5586 oo
981 5545 1033 5587 tom
1049 5552 1073 5602 q.
1088 5543 1123 5587 est
1140 5536 1206 5585 utilis
1222 5533 1293 5584 delet
1310 5534 1379 5583 Bake
1397 5532 1413 5583 l.
1427 5532 1443 5583 l.
1461 5547 1485 5597 p.
1500 5531 1556 5581 tos.
1570 5554 1598 5565 -
1618 5528 1656 5576 lh.
1675 5541 1734 5588 pcr-

408 5611 518 5673 mcccc]
539 5611 637 5674 parab
655 5614 762 5673 antiqua
781 5626 817 5662 m.
837 5614 861 5661 in
885 5611 960 5661 litura
979 5612 1059 5661 habet
1077 5614 1096 5662 n
1116 5636 1141 5645 -
1166 5611 1205 5657 tt.
1224 5606 1334 5657 moribus
1351 5608 1369 5656 Β
1388 5609 1414 5656 el
1430 5607 1564 5657 Davisius:
1583 5600 1683 5650 mortua
1700 5602 1733 5654 Gt

408 5685 507 5735 nortus
524 5699 595 5740 corr.
615 5689 640 5736 iu
657 5685 749 5735 morbis
767 5688 785 5736 u
806 5712 830 5720 -
854 5687 892 5736 49.
910 5701 960 5734 nos
977 5687 1042 5736 dccet
1060 5686 1079 5735 C
1099 5711 1125 5720 -
1146 5674 1187 5733 2'3.
1206 5683 1294 5743 litquts
1312 5682 1330 5732 C
1347 5709 1371 5716 -
1392 5680 1432 5730 et.
1451 5679 1580 5730 existimes
1596 5673 1659 5722 GB:
1678 5675 1735 5722 szt-

410 5763 540 5811 rtimcms
557 5763 605 5812 ΗΟ
626 5787 652 5798 -
672 5763 712 5810 25.
731 5763 824 5809 octium
841 5762 875 5817 B;
894 5762 986 5810 Attium
1004 5762 1023 5810 0
1045 5788 1068 5796 -
1090 5760 1131 5809 26.
1150 5759 1252 5807 istrione
1269 5759 1318 5807 Glt
1332 5783 1357 5792 -
1377 5756 1417 5806 ΞΒ.
1431 5756 1584 5805 dunostcncs
1601 5749 1664 5797 Gtt:
1683 5750 1735 5831 De-

410 5837 556 5885 authorem
573 5837 622 5885 ΒΟ
643 5861 669 5872 -
686 5837 797 5898 proferri
815 5849 883 5885 corr.
903 5837 929 5885 iu
943 5836 1049 5897 proserit
1067 5836 1087 5884 G
1103 5860 1128 5869 -
1146 5832 1305 5896 pvttcpcran
1320 5831 1353 5880 C:
1372 5830 1538 5892 Pptltoqorum
1549 5826 1570 5874 Ο
1583 5846 1610 5859 ·-
1624 5820 1664 5871 29.
1678 5821 1735 5870 libs-

412 5908 467 5959 dinr
482 5910 504 5958 G
522 5932 548 5945 -
570 5909 610 5959 δί,
629 5914 657 5957 ot
672 5909 798 5959 commode
814 5911 849 5958 G:
870 5909 1029 5959 adeootmods
1045 5908 1080 5970 n,
1098 5909 1255 5958 commmoda
1271 5907 1305 5957 B.

463 6004 562 6058 omo.
576 6005 603 6052 r.
616 6005 657 6056 rs.
1472 5990 1507 6059 il
