4342 7459
441 1231 504 1296 556
871 1271 884 1285 .
933 1233 987 1295 DE
1009 1231 1275 1297 DIVINATIONE

525 1395 603 1457 LVI.
627 1389 697 1456 445.
721 1392 782 1456 Sed
806 1392 867 1456 iam
890 1393 929 1456 ad
952 1399 983 1456 44
1004 1393 1118 1457 venio:

589 1490 729 1551 Sancte
765 1486 927 1569 Apollo,
972 1489 1038 1570 qui
1083 1487 1312 1551 umbilicum
1357 1495 1507 1552 certum
1543 1496 1745 1556 terrarum

1198 1582 1379 1658 obsides,

586 1676 693 1740 Unde
721 1676 1006 1760 superstitiosa
1035 1676 1200 1758 primum
1228 1695 1350 1739 saeva
1377 1677 1508 1742 evasit
1535 1697 1609 1742 vox
1631 1677 1725 1744 iera.

416 1770 517 1834 sTuis
539 1772 623 1833 enim
646 1770 781 1833 oraculis
796 1770 991 1854 Chrysippus
1014 1776 1115 1833 totum
1137 1769 1283 1833 volumen
1306 1770 1447 1854 inplevit,
1470 1774 1583 1855 purtim
1604 1772 1709 1849 falsis,
1732 1784 1769 1839 ut

440 1882 498 1945 ego
520 1864 644 1947 opinor,
665 1864 779 1947 partim
801 1884 878 1927 casu
899 1864 993 1937 veris,
1015 1872 1050 1927 ut
1073 1863 1109 1926 444
1130 1865 1162 1926 44
1178 1865 1264 1927 omni
1280 1866 1422 1928 oratione
1437 1868 1637 1949 saepissime,
1652 1871 1769 1952 partim

438 1956 623 2041 flexiloquis
653 1964 685 2021 et
713 1957 874 2031 ohscuris,
903 1964 938 2020 ut
966 1959 1122 2039 interpres
1151 1966 1242 2040 egeat
1271 1959 1442 2043 interprete
1479 1969 1511 2024 et
1537 1980 1606 2025 4444
1632 1964 1701 2047 ipsa
1728 1964 1769 2028 sd

439 2057 539 2114 sortes
560 2051 726 2115 referenda
749 2053 804 2126 sit,
832 2051 945 2134 partim
969 2052 1126 2134 ambiguis
1148 2060 1181 2116 et
1202 2072 1285 2135 quae
1307 2052 1347 2116 ad
1370 2053 1570 2118 dialecticum
1598 2054 1768 2120 deferenda

439 2143 511 2208 sint.
553 2145 632 2207 Nam
654 2165 727 2209 cum
748 2145 802 2209 illa
824 2165 893 2208 sors
916 2145 1002 2209 edita
1024 2154 1073 2209 est
1095 2146 1345 2230 opulentissumo
1368 2148 1435 2230 regi
1457 2148 1562 2224 Asiae,

402 2258 430 2306 44
559 2238 729 2303 Croesus
752 2239 873 2322 Halyn
896 2246 1104 2323 penetrans
1126 2259 1296 2322 magnam
1318 2249 1523 2323 pervertet
1545 2262 1657 2325 opum
1680 2244 1770 2319 vim,

437 2332 578 2395 hostium
602 2335 663 2397 vim
686 2353 721 2397 se
743 2353 966 2416 perversurum
989 2333 1129 2416 putavit,
1145 2335 1295 2416 pervertit
1308 2342 1413 2399 autem
1430 2356 1529 2399 suam.
1567 2332 1639 2398 446.
1657 2337 1766 2401 Utrum

437 2425 536 2507 igitur
556 2447 664 2491 eorum
686 2427 862 2501 accidisset,
884 2447 995 2490 verum
1017 2428 1158 2489 oraclum
1180 2427 1303 2492 luisset.
1349 2430 1412 2492 Cur
1433 2440 1538 2494 autem
1560 2432 1622 2492 boc
1642 2429 1768 2494 credam

437 2540 588 2603 umquam
612 2521 731 2585 editum
748 2522 889 2585 Croeso?
921 2531 976 2586 aut
996 2521 1190 2585 Herodotum
1214 2542 1271 2583 cur
1293 2524 1485 2587 veraciorem
1507 2523 1620 2587 ducam
1643 2523 1769 2588 Ennio?

437 2615 518 2677 Num
541 2616 644 2678 minus
666 2615 719 2678 ille
741 2616 846 2698 potuit
866 2615 1037 2679 de'Croeso
1059 2634 1154 2698 quam
1178 2615 1218 2677 de
1233 2616 1353 2699 Pyrrho
1377 2613 1496 2699 lingere
1510 2617 1656 2681 Ennius?
1687 2617 1769 2693 Quis

401 2708 522 2774 ssenim
546 2717 609 2782 est,
632 2710 688 2792 qui
710 2710 818 2773 credat
838 2709 995 2792 Apollinis
1018 2730 1058 2772 cx
1080 2709 1210 2773 oraculo
1232 2709 1352 2793 Pyrrho
1375 2731 1446 2775 esse
1468 2731 1671 2796 responsum:

564 2804 638 2866 Aio
668 2812 728 2877 te,
757 2803 950 2878 Aeacida,
978 2806 1180 2867 Romanos
1210 2804 1376 2867 vincere
1405 2825 1539 2888 posse.

438 2896 575 2961 Primum
598 2897 709 2961 Latine
730 2897 844 2980 Apollo
865 2918 1037 2981 numquam
1060 2898 1182 2961 locutus
1205 2906 1275 2974 est;
1311 2897 1427 2961 deinde
1449 2902 1510 2964 4444
1533 2920 1602 2963 4444
1624 2900 1770 2965 inaudita

439 2990 567 3055 Graecis
590 3001 658 3067 est;
683 3000 847 3075 praetereo
865 2992 974 3076 Pyrrhi
997 2992 1190 3076 temporibus
1213 2993 1274 3054 iam
1292 2992 1404 3075 Apollo
1427 3014 1538 3058 versus
1559 2996 1663 3059 iacere
1686 2995 1772 3059 desi·

438 3091 525 3161 erat;
554 3092 732 3169 postremo,
754 3105 946 3171 quamquam
969 3105 1096 3168 semper
1117 3086 1192 3159 4444,
1213 3093 1250 3148 44
1270 3086 1354 3168 apud
1375 3087 1513 3152 Ennium
1535 3097 1595 3164 444,

401 3195 431 3243 so
902 3179 1165 3243 --stolidum
1195 3199 1318 3261 genus
1339 3181 1621 3258 Aeacidarum,

566 3274 867 3357 Bellipotentes
897 3283 991 3337 sunt
1018 3274 1145 3355 magis
1179 3293 1291 3356 quam
1321 3277 1716 3360 sapientipotentes,

439 3377 543 3433 tamen
565 3372 645 3432 banc
667 3368 892 3452 amphiboliam
919 3388 1028 3430 rarsus
1051 3367 1238 3449 intellegere
1259 3369 1432 3449 potuisset,
1455 3370 1616 3435 vincere
1638 3377 1676 3434 te
1697 3374 1770 3435 lio·

438 3483 576 3527 manos
600 3462 699 3525 nihilo
721 3462 822 3544 magis
843 3463 875 3524 in
899 3482 934 3524 se
956 3481 1051 3544 qnam
1074 3461 1106 3522 in
1129 3462 1288 3524 Romanos
1310 3461 1425 3525 valere.
1469 3464 1548 3526 Nam
1569 3465 1623 3529 ills
1646 3466 1770 3549 amphi-

438 3557 543 3633 bolin,
573 3577 656 3640 quae
680 3556 831 3619 Croesum
854 3554 995 3637 decepit,
1029 3553 1076 3617 vel
1101 3553 1312 3637 Chrysippum
1343 3556 1501 3637 potuisset
1528 3556 1656 3632 lallare,
1691 3560 1769 3623 baec

400 3665 516 3714 §vero
538 3670 578 3714 ne
601 3651 770 3734 Epicurum
794 3648 932 3733 quidem.

522 3746 616 3807 LVII.
646 3739 719 3806 447.
748 3744 810 3806 Sed
834 3742 919 3827 quod
942 3749 1037 3826 caput
1059 3748 1124 3816 est,
1146 3743 1284 3806 4444444
1306 3743 1403 3807 modo
1425 3744 1487 3807 iam
1510 3744 1615 3809 oracla
1636 3745 1769 3828 Delphis

438 3858 502 3902 non
526 3838 676 3911 eduntur,
698 3857 764 3900 non
786 3838 882 3900 modo
904 3846 1014 3899 nostra
1036 3844 1150 3908 aetate,
1173 3837 1229 3899 sed
1254 3838 1315 3900 iam
1339 3839 1405 3912 diu,
1427 3838 1488 3901 iam
1511 3847 1547 3902 ut
1568 3838 1646 3902 nihil
1669 3841 1771 3923 possit

403 4001 407 4006 ,
438 3952 508 3997 esse
530 3932 765 4014 contemptius?
787 3931 856 3994 Hoc
879 3931 948 3994 loco
971 3951 1042 3993 cum
1064 3937 1232 4011 urgentur,
1248 3932 1416 3995 evanuisse
1430 3933 1521 3996 aiunt
1535 3938 1692 3996 vetustate
1706 3934 1769 3996 vim

437 4026 499 4091 loci
527 4027 615 4099 eius,
644 4025 729 4089 unde
754 4024 911 4088 anhelitus
942 4025 996 4088 ille
1026 4032 1128 4087 terrae
1156 4022 1263 4098 fieret,
1293 4045 1356 4107 quo
1380 4024 1492 4108 Pythia
1515 4034 1619 4089 mente
1641 4026 1770 4089 incitata

400 4121 564 4185 sooracula
588 4122 705 4184 ederet.
749 4121 794 4182 De
821 4119 895 4182 vino
921 4125 975 4181 444
998 4118 1189 4180 salsamento
1214 4126 1306 4200 putes
1329 4118 1434 4202 loqui,
1470 4139 1553 4203 quae
1577 4130 1771 4183 evanescunt

438 4221 601 4277 vetustate.
646 4215 692 4277 Da
714 4214 745 4275 vi
768 4214 830 4275 loci
852 4214 974 4294 agitur,
1005 4231 1111 4295 neque
1140 4213 1242 4274 solum
1273 4213 1408 4275 naturali
1437 4213 1491 4275 sed
1520 4216 1613 4277 etiam
1642 4215 1769 4289 divina3

438 4329 520 4392 quae
543 4329 608 4390 quo
630 4308 754 4371 tandem
778 4307 873 4370 modo
897 4307 1044 4369 evanuit?
1067 4308 1246 4378 Vetustate,
1269 4307 1405 4388 inquies.
1441 4308 1530 4381 Quae
1553 4316 1693 4370 vetustas
1711 4316 1768 4382 est,

440 4421 522 4484 quae
550 4404 612 4464 vim
641 4403 780 4465 divinam
809 4398 964 4463 conficere
987 4400 1110 4483 possitl
1156 4400 1239 4473 Quid
1272 4409 1335 4461 tam
1366 4400 1507 4464 divinum
1539 4410 1644 4464 autem
1674 4421 1767 4485 quam

437 4496 570 4557 adflatus
593 4516 610 4557 4
632 4504 714 4557 44444
736 4503 874 4558 mentem
896 4497 938 4558 ita
961 4514 1107 4566 movens,
1131 4502 1165 4555 ut
1188 4514 1256 4556 eam
1280 4494 1442 4576 providam
1467 4516 1569 4558 rerum
1593 4495 1768 4558 futurarum

399 4587 563 4662 4444444444,
587 4599 621 4652 44
643 4610 679 4652 44
703 4609 766 4651 444
790 4589 884 4652 modo
908 4596 1015 4651 cernat
1036 4588 1136 4649 multo
1159 4596 1242 4661 ante,
1266 4585 1320 4650 sed
1344 4589 1438 4651 etiam
1461 4607 1593 4652 numero
1609 4607 1769 4671 versuque

438 4684 642 4767 pronuntiet?
665 4683 801 4759 Quando
824 4684 882 4745 4444
904 4684 953 4744 444
968 4692 1072 4744 autem
1090 4681 1239 4743 evanuitl
1262 4701 1301 4744 an
1319 4691 1486 4765 postquam
1504 4680 1649 4746 homines
1665 4685 1769 4748 minus

438 4775 558 4840 creduli
587 4798 656 4841 csse
685 4781 880 4860 coeperuntl
925 4771 997 4839 448.
1027 4775 1254 4838 Demosthenes
1278 4775 1423 4858 quidem,
1454 4778 1507 4860 qui
1531 4776 1646 4839 abhinc
1669 4797 1769 4842 annos

502 5046 527 5094 4.
547 5050 662 5094 4444444
679 5046 716 5102 C,
744 5044 889 5094 Oretinuit
906 5044 925 5093 0
944 5046 1017 5093 extra
1035 5056 1145 5092 versum
1163 5055 1266 5106 ponens
1296 5068 1323 5077 -
1354 5043 1378 5091 3.
1397 5042 1490 5092 obsides
1507 5045 1544 5094 C:
1575 5044 1668 5093 obtines
1685 5046 1769 5097 Varro

437 5120 472 5171 de
490 5117 551 5182 ling.
570 5118 614 5169 lat.
634 5119 677 5167 l'tl
695 5120 711 5181 ς
726 5118 754 5166 44
780 5144 805 5153 -
833 5118 857 5168 4.
878 5119 945 5167 44444
961 5120 1021 5168 boec
1039 5117 1196 5176 Lambinus,
1217 5121 1245 5166 44
1263 5130 1356 5166 444444
1375 5118 1504 5170 iambicus
1522 5121 1673 5169 octonarius
1692 5120 1770 5172 heret

438 5222 465 5232 -
484 5196 539 5257 sero
557 5195 592 5243 C:
613 5194 684 5254 toros
701 5195 829 5242 Gruterus
853 5218 879 5228 -
906 5195 930 5242 5.
949 5194 1075 5242 44444448
1101 5218 1127 5228 -
1153 5194 1176 5242 6.
1196 5194 1263 5242 omni
1280 5193 1441 5242 oraculorum
1458 5198 1557 5243 ratione
1574 5194 1687 5245 Orellius
1703 5208 1771 5245 oon-

437 5270 511 5329 iecit,
534 5270 602 5317 omni
618 5269 770 5316 divinatione
791 5265 941 5317 Frenzelius
964 5293 990 5302 -
1018 5269 1042 5318 8.
1060 5270 1192 5319 referendo
1208 5270 1241 5318 sit
1257 5270 1290 5317 44
1306 5275 1384 5317 sortes
1405 5269 1483 5319 codd.
1503 5270 1568 5319 dett.
1588 5272 1683 5320 4444444
1700 5273 1720 5320 0
1739 5297 1766 5307 -

437 5344 569 5407 descrendo
586 5357 618 5393 ex
636 5342 714 5392 codd.
733 5341 895 5405 interpolatis
913 5344 1049 5393 Davisius:
1069 5345 1252 5404 deferendceC
1277 5371 1303 5379 -
1331 5344 1355 5391 9.
1374 5351 1435 5393 essct
1454 5346 1555 5395 Ernesti
1580 5373 1605 5381 -
1634 5347 1673 5396 to.
1693 5347 1769 5408 bolpn

438 5421 471 5470 A:
495 5419 573 5478 vnnn
589 5418 618 5475 B,
636 5418 728 5479 Holpns
746 5417 787 5465 VO
806 5442 832 5452 -
851 5421 1030 5477 pocnctronsA
1053 5445 1078 5453 -
1101 5420 1139 5467 tl.
1158 5432 1183 5466 44
1200 5415 1296 5468 ADV¹:
1314 5432 1364 5467 4444
1381 5419 1437 5469 v²0
1456 5446 1483 5454 -
1506 5420 1543 5469 44.
1558 5421 1676 5469 occidisse
1694 5421 1724 5467 V¹
1740 5447 1766 5457 -

437 5492 605 5544 4444444440
625 5516 653 5527 -
679 5493 719 5542 43.
737 5493 901 5541 4444444448
922 5518 948 5527 -
972 5493 1013 5541 lb.
1031 5493 1153 5542 orcctoB
1174 5519 1200 5528 -
1225 5494 1265 5541 49.
1283 5500 1338 5555 post
1355 5497 1434 5542 tremo
1452 5498 1472 5543 A
1493 5520 1519 5530 -
1543 5495 1767 5556 thentonicas

440 5597 468 5607 -
486 5570 526 5619 23.
546 5569 717 5629 ronscnosB,
743 5568 790 5618 sed
809 5582 823 5616 o
841 5569 972 5631 posterius
990 5580 1022 5617 ex
1040 5581 1057 5616 c
1075 5566 1117 5618 vel
1134 5582 1152 5616 4
1169 5581 1237 5617 corr.
1268 5596 1294 5604 -
1325 5569 1365 5617 th.
1386 5583 1434 5630 qno
1457 5573 1476 5618 Α
1505 5595 1531 5605 -
1563 5570 1669 5619 oraculo
1692 5571 1713 5618 0
1739 5597 1766 5607 -

438 5645 538 5706 Dstpts's
553 5645 660 5692 4444444·
678 5644 844 5704 llottingerus
872 5668 897 5678 -
928 5643 968 5691 st.
987 5643 1100 5691 iamdiu
1117 5643 1168 5691 inm
1186 5649 1213 5691 44
1231 5643 1266 5689 V:
1289 5646 1342 5692 inm
1359 5645 1403 5692 diu
1419 5650 1517 5694 4444444
1532 5646 1605 5694 modo
1622 5646 1676 5693 4444
1691 5649 1720 5693 sit
1737 5648 1767 5701 Α,

438 5722 492 5769 iom
507 5725 535 5767 ut
552 5714 589 5778 8¹,
608 5721 659 5767 iam
676 5720 719 5767 444
735 5724 763 5767 nt
779 5720 851 5767 modo
869 5717 899 5765 D’
923 5743 948 5753 -
977 5717 1017 5765 28.
1035 5724 1176 5780 respuentur
1193 5713 1223 5767 A¹
1247 5744 1273 5755 —
1300 5718 1341 5768 49.
1361 5720 1494 5780 4444481
1513 5745 1540 5755 -
1564 5720 1605 5770 30.
1624 5719 1730 5770 oracula
1747 5721 1766 5770 0

441 5820 468 5830 -
488 5796 517 5844 44
533 5796 595 5842 uino
612 5792 686 5844 A²Vz
705 5795 792 5843 diuino
809 5788 864 5843 A¹B
885 5818 911 5828 -
931 5790 971 5840 34.
984 5793 1113 5840 4444444444
1125 5794 1153 5841 B¹
1167 5820 1193 5829 -
1214 5792 1244 5842 33
1266 5795 1320 5853 quit
1337 5801 1388 5843 tom
1405 5797 1519 5844 diuinam
1531 5791 1561 5842 V¹
1574 5820 1600 5830 -
1620 5793 1660 5844 34.
1674 5801 1767 5844 eterra

441 5870 461 5919 C
480 5869 537 5930 (sed
554 5882 571 5917 e
587 5870 613 5918 in
631 5882 683 5919 res.
698 5869 779 5919 babet
790 5868 830 5929 Bt:
849 5880 882 5917 44
898 5870 968 5916 terra
986 5867 1123 5918 44444440
1139 5892 1166 5903 -
1186 5866 1227 5917 34.
1241 5870 1340 5930 444444
1357 5875 1441 5919 colem
1456 5870 1508 5919 isto
1523 5870 1562 5918 444
1579 5870 1681 5919 4444444
1698 5869 1718 5919 0
1739 5894 1766 5905 -

441 5944 483 5998 ³7.
501 5946 607 5995 44444444
623 5941 662 5995 A¹.
