4342 7459
747 1234 880 1302 amn
905 1233 1157 1303 cmm-u.
1182 1232 1399 1322 osee-es.
1682 1232 1746 1303 roo

410 1394 480 1463 lore
500 1394 600 1461 iollae
622 1395 835 1461 sustinentur:
857 1397 944 1483 quod
967 1397 1103 1482 primum
1128 1398 1163 1461 in
1184 1403 1309 1463 terrena
1324 1403 1437 1462 natura
1455 1396 1595 1484 perspici
1616 1404 1741 1482 potest;

410 1512 484 1556 nam
506 1499 539 1556 et
559 1490 700 1574 lapidum
722 1492 871 1555 conflictu
893 1500 990 1577 atque
1012 1494 1088 1558 tritu
1112 1493 1184 1557 elici
1204 1494 1311 1576 ignem
1326 1492 1471 1557 videmus
1486 1499 1518 1557 et
1538 1493 1658 1559 recenti
1680 1494 1745 1558 los·

409 1588 500 1653 sione
532 1595 649 1651 terram
681 1583 804 1651 fumare
833 1587 1006 1663 calentem,
1039 1595 1138 1674 atque
1168 1589 1263 1653 etiam
1286 1609 1326 1653 ex
1354 1587 1458 1671 puteis
1480 1586 1605 1669 iugibus
1627 1607 1744 1673 aquam

409 1682 544 1748 calidam
566 1681 666 1757 trabi,
692 1688 724 1745 et
747 1682 778 1745 id
801 1683 940 1747 mamma
961 1684 1032 1747 tieri
1054 1683 1250 1766 temporibus
1272 1683 1426 1757 bibernis,
1449 1680 1536 1765 quod
1559 1701 1672 1765 magna
1696 1683 1743 1746 vis

409 1783 511 1841 terrae
545 1777 688 1840 cavernis
722 1778 902 1841 continetur
930 1780 1043 1842 caloris
1074 1798 1175 1860 eaque
1204 1778 1308 1841 bieme
1338 1773 1373 1840 lit
1395 1775 1525 1839 densior
1546 1775 1586 1839 ob
1609 1786 1768 1860 eamquee

408 1890 536 1936 causam
559 1871 696 1935 calorem
719 1871 849 1935 insitum
872 1872 904 1933 in
923 1874 1015 1936 terris
1032 1874 1174 1936 continet
1188 1872 1297 1935 artius.
1333 1871 1373 1933 x.
1389 1866 1441 1932 26.
1456 1869 1564 1952 Longa
1580 1877 1628 1932 est
1642 1869 1743 1933 oratio

408 1966 593 2050 multaeque
613 1966 769 2041 rationes,
791 1967 909 2049 quibus
931 1967 1036 2030 doceri
1057 1966 1160 2049 possit
1181 1965 1288 2029 omnia
1310 1983 1393 2048 quae
1415 1972 1499 2026 terra
1513 1962 1673 2045 concipiat
1694 1981 1745 2026 se·

407 2061 504 2135 mina,
526 2079 676 2144 quaeque
698 2061 766 2145 ipsa
786 2082 828 2124 ex
850 2081 884 2124 se
906 2069 1055 2145 generata
1077 2060 1231 2142 stirpibus
1254 2055 1352 2122 infixa
1370 2059 1547 2133 contineat,
1570 2077 1608 2121 ea
1623 2065 1745 2142 tempe·

408 2154 531 2219 ratione
552 2154 667 2218 caloris
691 2163 723 2217 et
745 2154 822 2217 oriri
845 2162 878 2217 et
899 2173 1078 2238 augescere.
1115 2156 1220 2238 Atque
1242 2172 1346 2237 aquae
1368 2153 1463 2216 etiam
1482 2149 1658 2215 admixtum
1673 2170 1744 2214 esse

409 2247 547 2311 calorem
581 2249 718 2332 primum
749 2250 819 2331 ipse
848 2247 956 2333 liquor
983 2269 1089 2334 aquae
1112 2248 1267 2323 declarat,
1301 2267 1383 2332 quae
1405 2266 1509 2330 neque
1532 2245 1782 2329 conglaciaretto

408 2339 578 2425 frigoribus
611 2363 717 2427 neque
743 2345 818 2406 nive
848 2344 1027 2427 pruinaque
1057 2350 1292 2417 concresceret,
1326 2342 1387 2406 nisi
1410 2342 1521 2405 eadem
1545 2361 1579 2405 se
1601 2340 1744 2404 admixto

410 2435 516 2498 calore
537 2435 764 2519 liquefactaet
779 2437 902 2520 dilapsa
917 2435 1120 2502 diffunderet.
1155 2440 1265 2521 ltaque
1281 2446 1313 2500 et
1326 2436 1531 2520 aquilonibus
1546 2437 1744 2520 reliquisque

407 2528 580 2614 frigoribus
602 2530 734 2595 adiectis
756 2531 897 2596 durescit
917 2551 1008 2595 umor
1029 2540 1062 2594 et
1087 2531 1173 2594 idem
1195 2530 1335 2595 vicissim
1356 2530 1497 2594 mollitur
1517 2530 1691 2614 tepefactus
1713 2534 1746 2592 et

407 2623 541 2687 tabescit
563 2623 680 2688 calore.
713 2628 818 2709 Atque
841 2627 935 2688 etiam
959 2626 1057 2688 maria
1079 2624 1196 2707 agitata
1217 2625 1320 2688 ventis
1343 2624 1386 2688 ita
1402 2632 1581 2708 tepescunt,
1602 2632 1638 2688 nt
1651 2622 1746 2687 intel·

408 2716 473 2801 legi
496 2714 589 2782 facile
611 2719 714 2801 possit
734 2721 768 2782 in
783 2720 880 2782 tantis
896 2719 958 2782 illis
974 2719 1137 2783 umoribus
1153 2738 1223 2783 esse
1238 2719 1397 2782 inclusum
1411 2719 1559 2782 calorem.
1580 2720 1645 2782 Nec
1660 2716 1744 2780 enim
1754 2726 1783 2774 so

409 2811 466 2875 ille
486 2820 639 2877 externus
662 2821 693 2877 et
714 2815 911 2879 adventicius
933 2813 1100 2878 habendus
1115 2822 1164 2878 est
1180 2821 1281 2897 tepor,
1303 2813 1358 2876 sed
1374 2833 1414 2877 ex
1430 2812 1550 2877 intimis
1565 2812 1660 2877 maris
1675 2831 1746 2895 par·

409 2904 494 2968 tibus
516 2905 690 2988 agitatione
706 2910 879 2984 excitatns,
902 2908 989 2990 quod
1005 2909 1122 2973 nostris
1137 2928 1266 2993 quoque
1281 2908 1469 2991 corporibus
1484 2907 1651 2989 contingit,
1674 2925 1745 2969 cum

409 3006 500 3063 motu
522 3008 617 3082 atque
642 3003 867 3067 exercitatione
889 3003 1097 3067 recalescunt.
1134 3003 1206 3086 lpse
1229 3023 1302 3067 vero
1324 3009 1393 3076 air,
1416 3001 1471 3084 qui
1490 3009 1602 3065 natura
1617 3008 1665 3064 est
1679 3018 1746 3061 ma-

409 3094 498 3159 xime
518 3092 670 3177 frigidos,
692 3097 821 3160 minime
844 3103 892 3161 est
913 3116 1028 3179 expers
1047 3097 1174 3160 caloris.
1209 3092 1262 3159 27.
1283 3095 1341 3158 llle
1356 3115 1431 3158 vero
1446 3102 1478 3158 et
1491 3094 1591 3158 multo
1614 3093 1745 3178 quidem

410 3189 520 3253 calore
540 3189 701 3253 admixtus
722 3196 787 3266 est3
816 3191 886 3274 ipse
909 3192 992 3254 enim
1015 3192 1117 3255 oritur
1143 3212 1184 3255 ex
1205 3189 1415 3273 respiratione
1436 3208 1610 3273 aquarum;
1637 3194 1783 3252 earumtt

410 3284 496 3347 enim
523 3284 616 3367 quasi
638 3303 737 3368 vapor
759 3286 889 3370 quidam
911 3293 965 3350 air
986 3286 1153 3350 babendus
1176 3293 1240 3361 est;
1263 3285 1290 3348 is
1310 3291 1416 3348 autem
1440 3284 1548 3347 existit
1564 3290 1652 3347 motu
1674 3281 1745 3344 eius

413 3376 542 3451 ederis,
564 3378 620 3460 qui
643 3380 736 3463 aquis
758 3381 949 3444 continetur.
989 3370 1094 3457 Quam
1115 3379 1355 3444 similitudinem
1377 3396 1507 3441 cernere
1522 3394 1692 3459 possumus
1711 3372 1745 3437 in

409 3469 449 3534 iis
479 3470 590 3554 aquis,
621 3492 704 3556 quae
734 3474 946 3537 effervescunt
966 3475 1100 3538 subditis
1123 3473 1259 3557 ignibus.
1300 3473 1366 3535 lam
1389 3492 1464 3536 vero
1487 3471 1610 3555 reliqua
1632 3475 1745 3553 quarta

410 3584 485 3649 pars
507 3566 633 3640 mundi,
656 3585 694 3629 ea
716 3574 748 3630 et
769 3567 837 3651 ipsa
860 3575 927 3630 tota
949 3577 1061 3631 natura
1081 3567 1203 3631 fervida
1218 3575 1267 3631 est
1281 3576 1314 3629 et
1330 3566 1445 3630 ceteris
1461 3568 1581 3630 naturis
1596 3563 1744 3628 omnibus

411 3661 583 3725 salutarem
610 3661 741 3742 inpertit
770 3669 803 3724 et
829 3661 958 3727 vitalem
988 3662 1136 3725 calorem.
1188 3658 1239 3724 28.
1261 3663 1310 3725 Ex
1339 3681 1403 3744 quo
1430 3660 1644 3734 concluditur,
1672 3667 1782 3721 cumas

410 3773 522 3819 omnes
551 3755 662 3818 mundi
690 3763 795 3839 partes
823 3758 1040 3820 sustineantur
1069 3755 1191 3830 calore,
1221 3754 1372 3818 mundum
1404 3756 1497 3818 etiam
1520 3753 1624 3837 ipsum
1647 3751 1743 3816 simili

408 3849 544 3933 parique
565 3857 679 3912 natura
701 3850 734 3912 in
757 3856 843 3913 tanta
864 3851 1068 3913 diuturnitate
1084 3850 1221 3925 servari,
1244 3868 1346 3932 eoque
1361 3849 1476 3931 magis,
1499 3848 1592 3931 quod
1601 3843 1743 3927 intellegi

407 3941 505 4006 debet
532 3942 672 4005 calidum
700 3943 779 4006 illud
811 3953 907 4027 atque
938 3946 1066 4028 igneum
1096 3945 1138 4008 ita
1168 3944 1201 4008 in
1224 3944 1310 4008 omni
1332 3942 1438 4006 lusum
1461 3962 1530 4006 esse
1553 3949 1680 4014 natura,
1709 3946 1745 4002 ut

408 4036 443 4100 in
465 4056 504 4100 eo
527 4035 604 4100 insit
626 4036 816 4119 procreandi
839 4038 886 4101 vis
908 4046 940 4101 et
961 4057 1056 4102 causa
1078 4038 1245 4122 gignendi,
1268 4058 1287 4101 a
1309 4058 1373 4121 quo
1398 4045 1430 4101 et
1451 4036 1623 4101 animantia
1637 4033 1743 4099 omnia

408 4134 441 4193 et
462 4149 514 4203 ea,
537 4150 672 4213 quorum
695 4133 810 4214 stirpes
831 4137 913 4195 terra
929 4133 1140 4206 continentur,
1164 4142 1196 4195 et
1210 4133 1297 4195 nasci
1313 4134 1355 4195 sit
1369 4152 1500 4196 neeesse
1516 4139 1781 4213 elanguescere

408 4222 463 4284 xl.
485 4219 537 4283 29.
560 4226 677 4287 Natura
699 4233 748 4288 est
770 4226 879 4308 igitur,
904 4247 987 4309 quae
1003 4227 1163 4289 contineat
1185 4225 1336 4289 mundum
1352 4246 1476 4289 omnem
1497 4245 1633 4307 eumque
1657 4230 1745 4285 tuea-

408 4324 472 4391 tur,
495 4326 528 4379 et
549 4337 587 4380 ea
610 4318 741 4401 quidem
764 4340 828 4381 uon
851 4321 921 4382 sine
943 4341 1038 4384 sensu
1060 4329 1156 4403 etque
1178 4323 1319 4393 ratione3
1343 4339 1468 4382 omnem
1491 4321 1576 4382 enim
1600 4325 1742 4379 naturam

409 4430 540 4474 necesse
563 4420 627 4486 est,
651 4433 733 4495 quae
756 4433 819 4476 non
843 4415 984 4477 solitaria
1006 4417 1173 4497 sitneque
1196 4416 1350 4498 simplex,
1378 4414 1433 4477 sed
1457 4434 1526 4477 curn
1550 4414 1614 4476 alio
1637 4414 1743 4475 iuncta

408 4513 505 4589 atque
527 4526 666 4580 conexa,
688 4507 805 4571 babere
827 4510 967 4591 aliquem
990 4510 1022 4572 in
1045 4531 1078 4572 se
1102 4511 1326 4594 principatum,
1351 4519 1384 4571 ut
1404 4510 1435 4571 in
1452 4508 1580 4571 bomine
1596 4511 1743 4577 mentem,

408 4600 440 4663 in
463 4600 558 4663 belua
580 4600 732 4682 quiddam
755 4602 860 4665 simile
883 4604 1014 4678 mentis,
1038 4603 1122 4666 unde
1146 4606 1286 4668 orientur
1307 4624 1410 4667 rerum
1433 4604 1602 4687 adpetitus.
1638 4600 1673 4661 ln
1694 4613 1781 4661 ar-ao

473 4829 498 4878 2.
516 4830 634 4892 conflictu
651 4831 793 4894 (superscr.
814 4845 850 4882 m.
869 4845 924 4882 sec.
942 4832 1134 4895 conputatione)
1153 4832 1174 4880 V
1195 4858 1219 4866 -
1239 4832 1292 4881 ritu
1309 4831 1360 4881 AV
1379 4833 1425 4891 (m.
1442 4843 1498 4880 sec.
1511 4841 1580 4879 corr.
1594 4830 1620 4878 in
1638 4828 1741 4887 tritaet,

406 4903 434 4956 lu
451 4904 503 4953 ictu
520 4904 549 4965 V)
569 4930 595 4939 -
615 4909 639 4953 et
655 4907 783 4967 repemqui
798 4908 906 4968 fossione
917 4935 931 4945 -
942 4934 958 4944 -
969 4908 1079 4956 cumam
1096 4907 1174 4956 trabit
1190 4907 1290 4956 Nonius
1307 4920 1333 4970 p,
1348 4905 1406 4956 lid.
1425 4931 1452 4940 -
1471 4905 1494 4954 3.
1513 4907 1614 4966 seruere
1629 4904 1744 4955 recalen-

406 4977 495 5031 tem‘il
515 5005 540 5017 -
562 4979 586 5030 l.
604 4980 661 5042 fleri
677 4979 785 5029 bibernis
801 4982 952 5044 temporibus
968 4984 1005 5039 E;
1023 4982 1131 5031 bibernis
1145 4983 1201 5045 fieri
1219 4982 1405 5044 imperitasti
1424 5008 1455 5017 -
1472 4982 1496 5030 5.
1516 4981 1745 5042 restincturum

406 5080 422 5092 ·
430 5082 445 5093 ·
455 5055 564 5105 continet
581 5053 766 5105 Heindorlius:
787 5058 944 5107 contineatur
956 5084 969 5094 -
978 5084 991 5094 -
1002 5059 1036 5108 sit
1047 5085 1081 5094 --
1093 5060 1217 5108 contineat
1234 5056 1256 5109 tr
1275 5060 1332 5120 (nisi
1351 5056 1423 5122 quod
1436 5058 1457 5106 V
1468 5056 1570 5107 babere
1581 5056 1687 5106 videtur
1696 5056 1743 5118 stt).

407 5129 447 5181 Cl.
466 5129 682 5180 Seboemannum
701 5132 768 5182 Diss.
788 5134 820 5181 lll
839 5133 894 5195 p.6
912 5146 953 5198 sq.
973 5160 1000 5170 -
1021 5136 1081 5183 ieme
1099 5136 1243 5198 (superscr.
1257 5134 1314 5193 itta
1331 5160 1357 5169 -
1377 5135 1401 5184 7.
1421 5135 1545 5195 concipiet
1556 5146 1625 5182 corr.
1640 5145 1671 5181 er
1683 5145 1745 5180 coo·

406 5207 468 5268 eipit
484 5207 505 5256 Α
525 5232 552 5241 —
571 5207 594 5255 9.
613 5208 676 5255 orici
694 5208 838 5270 (superscr.
851 5208 884 5269 ri)
903 5210 921 5258 B
937 5236 962 5245 -
986 5210 1024 5258 ⁴0.
1045 5211 1160 5259 declaret
1177 5211 1208 5260 0²
1219 5212 1246 5258 et
1259 5210 1396 5258 Davisius:
1416 5210 1529 5258 declaret
1545 5209 1633 5270 effusio
1649 5205 1742 5265 lev,

406 5282 510 5331 meet
525 5281 611 5342 emisio
623 5281 670 5340 0¹3
689 5284 802 5333 declam
819 5286 911 5347 effusos
923 5286 957 5342 B;
976 5286 1089 5335 declarat
1105 5286 1240 5347 egestoque
1252 5285 1289 5341 E:
1309 5285 1422 5334 deotmot
1438 5290 1461 5334 ct
1478 5285 1564 5346 effusio
1576 5282 1636 5333 cod.
1650 5280 1744 5343 Gloga-

406 5357 516 5415 viensis,
529 5357 557 5406 0.
578 5357 616 5406 Cl.
632 5358 721 5408 Herm.
736 5361 841 5424 Sauppe
854 5363 944 5422 Progr.
956 5362 1068 5423 Gotting.
1084 5361 1174 5418 laerta
1191 5373 1217 5423 p.
1233 5361 1274 5409 ⁴0.
1290 5386 1315 5394 —
1331 5373 1396 5421 quae
1407 5373 1475 5409 corr.
1489 5358 1550 5409 ead.
1568 5371 1605 5408 m.
1619 5370 1650 5406 ex
1663 5368 1746 5417 eques

408 5430 430 5478 V
444 5457 469 5466 -
487 5431 527 5480 te.
545 5430 699 5495 liquectecto
710 5436 733 5485 V
746 5463 773 5472 -
788 5436 827 5486 43.
844 5437 946 5485 eductis
958 5437 1054 5500 (priore
1067 5437 1076 5484 i
1088 5449 1120 5485 ex
1134 5434 1309 5495 correctione)
1322 5436 1357 5493 t;
1377 5434 1479 5484 adiectis
1492 5435 1524 5489 C:
1544 5431 1596 5482 del.
1609 5432 1743 5489 norisium

408 5503 487 5556 obelo
505 5509 604 5558 notavit
621 5510 641 5559 0
657 5536 684 5545 —
704 5526 778 5561 umor
788 5524 840 5561 scr.
854 5523 916 5560 cum
930 5511 949 5560 B
964 5537 989 5545 -
1012 5511 1051 5560 ⁴⁵.
1070 5509 1198 5560 amendat
1214 5521 1267 5559 scr.
1284 5521 1346 5559 cum
1359 5510 1408 5559 AB
1428 5535 1454 5544 -
1475 5509 1598 5559 iminium
1614 5518 1666 5555 esse
1682 5506 1702 5554 0
1716 5530 1742 5539 -

408 5590 449 5641 td.
462 5585 615 5636 camisias
626 5588 646 5634 Α
659 5587 686 5634 et
698 5587 777 5648 (corr.
790 5585 849 5635 ead.
863 5598 899 5634 m.
910 5587 936 5635 in
948 5586 1112 5645 aducmisius)
1126 5585 1160 5641 V;
1180 5586 1313 5635 adamica
1329 5585 1348 5635 C
1362 5610 1388 5619 —
1410 5586 1449 5634 ⁴7.
1463 5586 1587 5635 mitetur
1599 5583 1742 5644 (superscr.

408 5675 445 5713 m.
458 5674 514 5713 sec.
527 5661 632 5721 mites)
646 5660 704 5705 V-
726 5675 783 5711 cum
799 5666 869 5709 mota
885 5673 955 5710 corr.
969 5673 1002 5709 ex
1019 5665 1143 5709 commotu
1161 5660 1179 5709 li
1195 5687 1220 5696 -
1241 5662 1282 5710 it.
1302 5662 1354 5710 aas
1366 5673 1434 5710 corr.
1449 5672 1481 5709 ex
1498 5662 1521 5710 ei
1538 5661 1556 5709 B
1573 5680 1598 5693 -
1620 5656 1660 5705 23.
1673 5652 1744 5706 aaa

410 5764 437 5774 -
455 5737 619 5798 offmescunt
640 5735 659 5784 B
670 5735 689 5784 C
713 5737 739 5784 et
762 5747 854 5798 margo
872 5734 908 5783 V:
930 5735 966 5784 eis
986 5735 1128 5797 [micant
1150 5736 1170 5784 Α
1181 5734 1200 5783 E
1211 5735 1246 5793 V;
1269 5736 1410 5797 [memrot
1427 5737 1458 5789 P:
1484 5734 1566 5784 mods
1582 5733 1745 5794 effossiones

407 5809 459 5862 alli.
481 5837 508 5847 -
527 5809 612 5859 subitis
628 5810 807 5860 luceru
828 5835 854 5845 -
879 5808 921 5860 il.
941 5808 1036 5860 Verbis
1052 5822 1084 5860 ee
1100 5813 1123 5858 st
1140 5809 1196 5870 ipsa
1212 5822 1348 5874 superscr.
1369 5811 1411 5860 eet
1428 5807 1484 5858 uvel
1502 5814 1525 5859 et
1541 5810 1612 5871 ipae»
1631 5808 1655 5857 in
1674 5806 1697 5855 V
1715 5832 1742 5844 -

406 5886 449 5938 25.
466 5885 572 5935 uisas
589 5886 608 5935 C
630 5911 656 5921 -
675 5885 718 5935 26.
736 5885 816 5935 omnis
833 5887 851 5935 Ρ
871 5910 898 5922 -
916 5885 1026 5936 cutmen
1042 5884 1124 5936 ABV
1141 5885 1176 5950 (in
1193 5884 1244 5935 lv
1262 5882 1310 5935 litt.
1322 5898 1348 5937 m
1365 5882 1505 5949 expuncta)
1520 5910 1547 5921 -·
1566 5881 1607 5936 28.
1620 5882 1703 5949 adque
1713 5880 1744 5933 bt

409 5961 876 6029 -taratsosoctqsssouur-
897 5955 1390 6014 at.tomsite-ae.artcrene¹.
