4342 7459
439 1216 502 1288 roi
814 1297 816 1302 ,
944 1222 997 1286 ns
1018 1223 1070 1286 ns
1093 1221 1263 1287 eunucu

439 1403 474 1467 p·
488 1379 550 1467 85]
577 1406 643 1452 non
665 1386 773 1453 doctis
794 1387 978 1451 bominibus
1001 1382 1007 1463 Ι
1025 1404 1065 1451 ac
1087 1386 1309 1469 sapientibus,
1331 1385 1392 1451 sed
1415 1388 1448 1451 in
1470 1387 1528 1452 iiio
1548 1404 1685 1476 genere
1709 1404 1781 1454 ex-

441 1492 593 1555 ercitatis
619 1487 865 1556 concedendam
894 1492 1022 1573 putant.
1065 1486 1178 1569 Quare
1200 1492 1255 1574 qui
1276 1491 1436 1554 convenit
1459 1491 1609 1572 poittccri
1634 1508 1782 1576 opera·

441 1613 532 1658 suam
555 1596 603 1659 rei
625 1594 779 1679 publicae
801 1597 868 1657 tum
892 1590 1044 1679 denique,
1067 1595 1096 1657 st
1120 1594 1323 1658 necessitate
1345 1586 1540 1682 cogantur?
1570 1611 1660 1676 cum,
1681 1591 1782 1680 qnod

441 1700 493 1762 est
515 1698 616 1763 mutto
640 1697 833 1781 proctivius,
855 1697 945 1761 nuiia
968 1698 1171 1762 necessitate
1194 1700 1363 1779 premente
1385 1716 1452 1761 rem
1469 1699 1634 1781 pubiicam
1651 1715 1782 1787 regere

415 1803 609 1868 uneaciant..
638 1800 809 1886 Equidem,
831 1804 867 1880 ut
891 1819 1005 1864 verum
1028 1806 1119 1865 essct
1141 1819 1202 1865 sua
1223 1801 1399 1865 voluntate
1420 1804 1606 1884 sapientem
1623 1801 1783 1868 demn-

438 1904 519 1969 dere
540 1905 583 1969 ad
597 1907 747 1969 rationes
768 1904 917 1969 civitatis
940 1921 1005 1967 non
1028 1903 1156 1985 sotere,
1183 1905 1235 1966 sin
1263 1911 1371 1968 autem
1394 1904 1599 1988 temporibus
1621 1921 1783 1991 cogere-

436 2000 545 2089 p8d.]
568 2002 660 2092 tur,l
685 2013 751 2072 tum
781 2005 813 2070 id
842 2026 960 2070 munus
989 2007 1131 2091 denique
1153 2025 1222 2071 non
1243 2025 1420 2084 recusare,
1450 2011 1560 2071 tamen
1582 2008 1781 2074 arbitrarer

436 2111 523 2177 baruc
544 2130 652 2177 rerum
676 2111 818 2176 civilium
842 2111 969 2174 minime
986 2107 1229 2197 neglegendam
1244 2112 1417 2174 seientiam
1436 2111 1591 2193 sapienti,
1607 2114 1783 2195 propter-

435 2233 476 2280 ca
499 2212 586 2299 qnod
610 2215 719 2277 omnia
741 2217 855 2278 essent
877 2214 906 2277 ei
932 2197 1182 2296 praeparanda,
1213 2213 1332 2295 quibus
1355 2214 1499 2277 nesciret
1521 2230 1566 2277 an
1585 2212 1780 2298 atiquando

398 2319 483 2382 muti
506 2335 646 2383 necesse
668 2321 770 2382 esset.

521 2422 600 2487 vti.
622 2417 683 2486 12.
705 2420 800 2486 Haec
823 2421 972 2503 pluribus
993 2439 1014 2485 a
1037 2438 1088 2484 me
1110 2420 1226 2486 verbis
1248 2419 1339 2485 dicta
1361 2423 1440 2484 sunt
1462 2421 1598 2486 obeam
1623 2439 1780 2502 canan,

436 2525 524 2610 quod
547 2522 598 2588 bis
621 2525 713 2590 tibris
735 2527 808 2589 erat
830 2526 982 2588 instituis
1012 2526 1047 2589 et
1075 2530 1234 2607 suscepta
1264 2523 1337 2587 mibi
1367 2525 1468 2590 dere
1492 2524 1626 2607 pabirca
1648 2523 1778 2610 dispu-

436 2630 538 2711 tatio,
571 2645 656 2711 quae
689 2645 731 2692 nc
766 2627 892 2692 trustra
924 2627 1125 2707 baberetur,
1158 2625 1397 2692 dubitationem
1430 2626 1474 2692 ad
1503 2645 1570 2691 rem
1602 2629 1777 2712 pubiicu-

437 2722 546 2810 pta]
579 2724 732 2799 adeunidi
761 2733 793 2793 in
823 2733 935 2813 primis
964 2730 1062 2794 debui
1094 2731 1222 2794 toiiere.
1268 2731 1320 2795 Ac
1343 2734 1453 2799 tamen
1475 2732 1503 2794 si
1526 2732 1687 2815 quisunt
1719 2735 1777 2817 qui

400 2831 708 2918 iapbtiosopborurn
731 2835 932 2898 anctoritate
955 2838 1170 2915 moveantur,
1199 2830 1280 2898 dent
1303 2852 1436 2917 operam
1461 2853 1641 2919 parumper
1661 2835 1776 2920 adque

437 2936 572 3000 sardiani
597 2953 670 3007 cos,
694 2955 830 3019 quorum
852 2955 977 3000 summa
999 2943 1052 3000 cst
1074 2939 1260 3002 auctoritas
1281 2946 1362 3020 aput
1386 2937 1595 3002 doctissimos
1618 2936 1776 3004 homines

437 3044 472 3106 ct
492 3040 618 3129 gioria:
651 3059 736 3123 quos
757 3058 823 3129 ego
846 3041 1018 3126 existimo,
1048 3043 1146 3104 etiam
1176 3043 1203 3103 si
1235 3043 1289 3125 qut
1320 3042 1382 3124 ipsi
1413 3059 1480 3104 rem
1513 3042 1680 3123 pubiicum
1704 3060 1773 3107 non

436 3145 622 3231 gesserint,
650 3147 777 3227 tamen,
809 3146 962 3228 quoniam
993 3143 1093 3208 dere
1118 3145 1249 3228 pubiica
1272 3146 1373 3209 muita
1397 3146 1601 3229 quaesierint
1624 3149 1661 3210 ct
1680 3149 1775 3212 scri·

437 3249 581 3334 pserint,
604 3248 738 3312 iunctos
760 3265 836 3313 esse
859 3251 970 3334 atiquo
993 3251 1039 3312 rei
1064 3249 1217 3332 pubiieae
1240 3267 1384 3313 munere.
1427 3248 1497 3312 iios
1518 3266 1601 3312 vero
1628 3254 1774 3333 septen,

402 3341 547 3428 aop·80·]
578 3369 662 3434 quos
689 3350 811 3417 Graeci
840 3353 1004 3433 sapientis
1036 3344 1316 3434 nominaverunt,
1346 3354 1452 3415 omnis
1481 3369 1589 3435 paene
1611 3349 1717 3416 video
1739 3354 1774 3418 in

439 3452 545 3516 media
573 3470 610 3516 re
643 3454 775 3534 pubiica
804 3472 882 3518 esse
911 3458 1078 3519 versatos.
1121 3455 1237 3538 Neque
1267 3458 1352 3519 enim
1376 3460 1428 3518 est
1451 3455 1517 3518 uita
1539 3472 1613 3532 res,
1647 3457 1681 3518 tn
1706 3474 1773 3541 qua

440 3559 576 3640 propius
597 3555 639 3619 ad
662 3555 797 3621 deornm
821 3577 939 3622 numen
962 3560 1071 3621 virtius
1092 3558 1233 3624 accedat
1256 3557 1408 3641 bruniana,
1430 3577 1524 3642 quam
1545 3559 1699 3624 civitatis
1712 3563 1774 3626 aut

438 3658 585 3726 condere
608 3678 715 3722 novas
737 3662 796 3723 ant
817 3679 1022 3725 conservare
1045 3664 1108 3724 iam
1131 3660 1295 3725 conditas.
1789 3667 1792 3673 '

523 3761 620 3826 Viti·
657 3758 716 3826 13.
748 3760 875 3841 Quibus
897 3760 939 3826 de
961 3764 1079 3841 rebus,
1108 3768 1261 3846 quoniam
1284 3764 1381 3828 nobis
1402 3765 1544 3849 contigit
1566 3768 1603 3828 ut
1627 3762 1716 3830 idem
1739 3768 1777 3832 et

400 3867 473 3930 asin
494 3864 643 3951 gerenda
666 3882 703 3928 re
726 3867 857 3948 pubiioa
879 3865 1002 3949 atiquid
1026 3885 1174 3930 essemus
1197 3869 1350 3931 memoria
1380 3866 1514 3955 dignum
1537 3869 1717 3935 consecuti
1741 3873 1777 3936 et

440 3972 472 4032 in
497 3967 705 4051 explicandis
738 3970 924 4034 rationibus
956 3987 1065 4032 rerum
1099 3972 1243 4034 civitium
1277 3969 1439 4053 «quandam
1473 3971 1671 4036 iacuitatem
1707 3992 1778 4040 nos

439 4089 470 4151 p.
486 4064 549 4151 55.]
575 4066 676 4151 muido
700 4093 778 4153 usu,
801 4070 861 4136 sed
885 4074 981 4135 eiiam
1005 4073 1116 4135 studio
1140 4072 1288 4136 discendi
1313 4079 1345 4136 et
1370 4073 1510 4139 docendi
1528 4092 1683 4138 essemus
1699 4067 1731 4124 ὖ
1747 4067 1777 4124 1

439 4181 614 4256 auctores,
647 4194 718 4241 cum
753 4179 944 4258 superiores
978 4178 1020 4239 aii
1054 4179 1197 4240 tuissent
1226 4180 1257 4240 in
1290 4177 1569 4259 disputationibus
1600 4182 1782 4267 perpotiti,

440 4299 575 4362 quorum
606 4298 662 4343 res
691 4284 811 4366 gestae
842 4281 951 4343 truitae
982 4283 1229 4358 invenirentur,
1260 4281 1302 4343 ati
1333 4283 1365 4344 in
1394 4280 1543 4366 gerendo
1567 4283 1782 4369 probabiles,

400 4385 472 4446 toiri
496 4382 690 4447 disserendo
714 4382 822 4447 nidos.
857 4384 926 4448 Nec
948 4402 1030 4448 vero
1055 4389 1170 4446 nostra
1194 4381 1353 4466 quaedam
1378 4389 1430 4447 est
1452 4383 1661 4449 instituenda
1686 4405 1784 4454 nora

439 4491 472 4550 et
495 4507 515 4548 a
538 4487 635 4551 nobis
657 4489 794 4552 inventa
818 4490 918 4568 ratio,
939 4487 999 4551 sed
1022 4491 1120 4552 unius
1143 4489 1265 4551 aetatis
1287 4489 1541 4552 clarissimorum
1564 4505 1606 4552 ac
1629 4493 1784 4574 sapien-

440 4592 638 4653 tissimorum
668 4597 803 4655 nostrae
834 4592 981 4654 civitatis
1008 4593 1154 4654 virorum
1183 4589 1364 4673 disputatio
1392 4590 1576 4673 repetenda
1603 4589 1785 4694 memoria}

439 4707 470 4769 p.
486 4685 549 4772 aa]
574 4698 636 4774 est,
660 4692 841 4777 quaemihi
865 4695 989 4777 tibique
1013 4693 1176 4777 quondam
1200 4693 1451 4758 adulescentulo
1475 4699 1526 4757 est
1548 4712 1567 4755 a
1583 4692 1623 4758 Ρ.
1642 4696 1785 4766 Rutilio

503 4919 527 4967 3.
548 4884 709 4970 mansoni
728 4922 760 4974 C:
789 4924 848 4983 post
866 4921 916 4969 boc
933 4933 1030 4969 nomen
1050 4934 1091 4970 vv.
1111 4925 1235 4980 coquntur
1251 4933 1307 4968 eum
1324 4933 1347 4979 q.
1367 4934 1387 4968 o.
1408 4933 1442 4968 m.
1458 4933 1485 4982 p.
1499 4935 1522 4967 a
1537 4924 1693 4976 necessitate
1711 4929 1787 4982 msto

438 4997 564 5058 repetita.
588 4998 636 5045 sed
658 5000 763 5059 punctis
785 4996 871 5045 deicis
895 5001 970 5052 sunt;
998 5011 1022 5046 ν.
1043 4997 1159 5045 Duitieu
1179 4996 1245 5059 pbd
1277 5021 1302 5030 -
1335 4997 1358 5045 t,
1379 5010 1473 5045 ascens
1492 4998 1522 5044 C¹
1551 5021 1578 5031 —
1611 4999 1639 5047 7.
1662 5015 1689 5051 n
1712 5006 1734 5056 c
1756 5033 1786 5044 -

437 5080 609 5169 iaairmae⁸c
638 5143 663 5153 -
693 5121 733 5168 ti.
750 5118 863 5179 pluribus
880 5120 979 5168 bioser:
1006 5132 1118 5167 oscarum
1136 5118 1183 5166 CO
1212 5144 1237 5151 -
1269 5119 1308 5166 46,
1327 5130 1403 5166 araur
1421 5118 1450 5176 C,
1470 5116 1550 5166 aliero
1569 5132 1583 5166 ι’
1601 5118 1661 5172 dei.
1686 5154 1714 5165 -
1743 5129 1788 5181 48,

437 5223 618 5283 pnesisnrarC
640 5248 665 5257 -
691 5220 734 5269 ⁴9.
751 5204 912 5277 oriucrosC
936 5246 962 5254 -
988 5222 1027 5268 20,
1047 5234 1126 5268 essai
1144 5221 1163 5269 C
1182 5233 1242 5269 eum
1261 5220 1371 5281 vestigio
1389 5218 1491 5267 litterae
1509 5232 1523 5267 s
1541 5231 1625 5284 supra
1648 5237 1666 5274 Α
1688 5233 1790 5291 poste.

438 5330 536 5377 riorem
566 5351 592 5361 -
621 5325 661 5373 ti.
681 5336 795 5372 enormes
814 5324 833 5372 C
852 5325 986 5386 (punctum
1005 5337 1088 5387 super
1105 5338 1118 5371 a
1136 5338 1165 5372 se
1184 5323 1281 5373 vidisse
1301 5326 1380 5382 negat
1399 5323 1526 5381 bardica)
1554 5349 1582 5358 —
1613 5312 1787 5385 osnoquuc

437 5430 468 5439 -
487 5414 597 5451 oraturis
616 5401 649 5456 C,
674 5397 878 5458 deiciasyiiebo
897 5412 920 5447 τι
950 5426 973 5433 -
1005 5402 1116 5449 ciuitatis
1134 5402 1194 5448 itai:
1220 5400 1330 5447 ciuitates
1353 5398 1372 5446 0
1396 5402 1500 5446 tacente
1519 5397 1641 5448 Duiiieu
1678 5430 1707 5440 -
1744 5408 1786 5457 ῃ,

437 5478 545 5527 discendi
564 5477 627 5525 itai:
655 5488 803 5524 orsccoesoi
822 5476 857 5526 t};
884 5488 916 5522 niu
935 5489 966 5523 en
985 5476 1131 5532 disserendi,
1152 5477 1180 5522 ut
1197 5475 1299 5535 itrarup
1317 5472 1450 5520 coniecit-i
1476 5497 1501 5505 -
1533 5470 1652 5525 lacunas
1672 5481 1788 5543 signum

438 5555 497 5615 post
519 5564 624 5600 sammua
647 5552 797 5613 posuinius;
826 5550 939 5611 [essemus
956 5549 1077 5612 auctores]
1098 5550 1125 5598 O.
1164 5550 1305 5597 ttouiioum
1324 5548 1465 5596 doctorum
1484 5549 1597 5598 eirnotus
1617 5549 1676 5602 ioci
1696 5558 1789 5608 muttit

438 5626 598 5676 emendandi
616 5627 737 5675 Osanuua
755 5625 780 5673 in
799 5623 861 5673 edit.
880 5637 926 5673 sua
945 5629 1092 5683 conpescit:
1112 5624 1257 5672 Sebastiam
1276 5624 1314 5670 sic
1332 5622 1401 5685 opud
1421 5622 1603 5673 iicinrictrium
1622 5630 1787 5694 supptev522

437 5714 541 5750 estanar
561 5702 687 5761 mesti,
711 5706 776 5747 rocio
796 5700 938 5760 disputandi
958 5704 981 5747 ct
1001 5700 1171 5761 praecipiendi
1193 5698 1248 5745 iuro
1271 5704 1354 5745 nostro
1372 5698 1480 5759 quodam
1495 5698 1568 5744 modo
1587 5702 1718 5754 videanur
1734 5721 1789 5757 m·

438 5782 552 5823 auctores
573 5778 623 5825 cic.
644 5774 813 5835 (facultatem,
832 5788 881 5821 noa
900 5774 971 5821 modo
983 5800 1021 5811 --
1033 5776 1135 5822 docendi
1154 5787 1203 5820 ossa
1217 5786 1349 5833 possumus
1366 5778 1479 5820 auctores
1497 5772 1536 5819 i'r.
1550 5772 1714 5829 Buecheler
1733 5783 1784 5832 au.

440 5851 505 5901 tius.
523 5851 579 5900 iiiii
598 5864 624 5913 p.
635 5850 683 5899 59⁰
700 5853 751 5911 aq.)
777 5874 803 5884 -
831 5849 872 5896 28.
893 5862 1047 5897 crncneomn
1066 5851 1102 5908 C,
1130 5847 1217 5897 deleta
1235 5847 1282 5896 tiit.
1302 5861 1316 5896 e
1335 5852 1362 5897 et
1379 5847 1473 5896 torta
1499 5871 1526 5881 -
1555 5847 1598 5898 29.
1619 5865 1787 5908 monum

441 5924 470 5975 C¹
489 5949 515 5959 -
535 5925 576 5975 33.
595 5938 688 5983 mrouc
706 5922 736 5975 C¹
755 5950 781 5960 -
801 5923 981 5973 odoimcontuio
999 5925 1018 5974 0
1036 5926 1141 5973 tacente
1160 5923 1200 5972 itu
1213 5924 1275 5972 iiteu
1295 5947 1322 5959 -
1345 5933 1525 5971 anricronuueo
1544 5919 1584 5972 (3¹.
