4342 7459
732 1258 799 1322 n..
821 1259 846 1321 1.
878 1258 951 1323 cn.
973 1259 1170 1322 vn-vm.
1200 1256 1247 1341 §s
1269 1254 1416 1323 ta-rs.
1676 1249 1738 1320 aaa

409 1422 465 1493 sit,
486 1427 542 1484 aut
563 1419 644 1482 nihil
666 1419 744 1483 dicis
766 1420 903 1483 omnino.
946 1418 983 1481 A.
1006 1420 1071 1502 Age
1095 1420 1157 1482 iam
1180 1417 1319 1481 concedo
1341 1437 1405 1480 non
1429 1439 1499 1483 esse
1518 1420 1659 1494 miseros,
1682 1421 1737 1503 qui

407 1516 526 1579 mortui
549 1514 629 1587 sint,
651 1514 803 1598 quoniam
826 1513 985 1576 extorsisti
1007 1522 1043 1575 ut
1063 1512 1192 1584 faterer,
1215 1512 1270 1595 qui
1292 1513 1419 1577 omnino
1441 1533 1506 1576 uon
1528 1522 1645 1587 essent,
1683 1534 1739 1578 eos

408 1629 448 1671 ne
477 1610 610 1672 miseros
638 1606 768 1689 quidem
796 1626 866 1669 esse
895 1626 997 1688 posse.
1043 1606 1150 1681 Quid?
1178 1607 1233 1687 qui
1258 1607 1407 1681 vivimus,
1436 1628 1506 1671 cum
1536 1607 1736 1672 moriendum

408 1702 466 1777 sit,
488 1722 596 1764 nonne
618 1701 724 1764 miseri
747 1704 877 1763 sumus‘t
901 1720 983 1784 quae
1004 1702 1087 1763 enim
1110 1705 1215 1781 potest
1235 1702 1267 1762 in
1283 1700 1346 1762 vita
1362 1721 1430 1764 esse
1445 1700 1640 1776 iucunditas,
1664 1723 1735 1766 cum

408 1796 477 1860 dies
499 1803 532 1857 et
552 1801 662 1858 noctes
684 1793 886 1876 cogitandum
910 1794 950 1857 sit
973 1795 1033 1857 iam
1056 1795 1183 1877 iamque
1206 1814 1275 1857 esse
1297 1793 1521 1858 moriendum?
1740 1792 1757 1838 ⁵

493 1889 576 1950 v111.
600 1883 650 1949 45.
678 1889 720 1949 M.
743 1888 961 1970 Ecquidergo
986 1886 1144 1968 intellegis
1167 1896 1320 1971 quantum
1343 1888 1416 1951 mali
1440 1887 1479 1950 de
1502 1888 1640 1951 humana
1662 1909 1736 1952 con·

408 1982 528 2045 ditione
555 1982 730 2044 deieceris?
767 1980 803 2043 A.
827 1979 973 2055 Quonam
996 1982 1112 2044 modo?
1155 1982 1195 2043 Μ.
1219 1982 1315 2056 Quia,
1337 1981 1365 2043 si
1387 1983 1466 2044 mori
1489 1981 1583 2044 etiam
1606 1983 1736 2046 mortuis

407 2077 558 2139 miserum
580 2082 678 2147 esset,
701 2073 860 2137 infinitum
882 2075 1042 2157 quoddam
1065 2083 1096 2137 et
1118 2074 1340 2157 sempiternum
1357 2075 1471 2138 malum
1486 2075 1676 2138 haberemus
1691 2072 1735 2161 [in

407 2164 503 2251 vital:
526 2188 611 2230 nunc
631 2168 725 2231 video
748 2168 876 2241 calcem,
898 2168 938 2231 ad
961 2189 1055 2252 quam
1071 2187 1141 2230 cum
1160 2169 1200 2230 sit
1216 2168 1399 2242 decursum,
1422 2168 1502 2231 nihil
1517 2169 1558 2232 sit
1573 2177 1736 2252 praeterea

408 2365 443 2420 ut
471 2356 585 2429 Siculi,
614 2357 800 2419 sententiam
829 2356 930 2437 sequi.
967 2358 1003 2417 A.
1027 2355 1151 2429 Quam?
1183 2357 1352 2419 nonenim
1374 2356 1459 2419 nori.
1496 2358 1537 2419 M.
1559 2358 1683 2431 Dicam,
1707 2359 1735 2422 si

407 2458 535 2535 potero,
558 2449 685 2522 Latinc;
707 2450 768 2512 scis
791 2450 874 2511 enim
898 2470 947 2511 me
970 2449 1088 2512 Graece
1109 2448 1197 2533 loqui
1221 2449 1254 2511 in
1277 2451 1386 2514 Latino
1409 2469 1554 2514 sermone
1576 2470 1640 2512 non
1662 2450 1733 2533 plus

408 2541 510 2606 solere
532 2561 628 2623 quam
651 2544 683 2605 in
705 2542 825 2605 Graeco
848 2544 969 2606 Latine.
1011 2543 1048 2605 A.
1070 2544 1111 2605 Et
1132 2552 1216 2606 recte
1239 2542 1379 2627 quidem.
1417 2544 1479 2608 Sed
1502 2564 1584 2627 quae
1606 2544 1733 2609 undem

409 2645 457 2701 cst
476 2633 655 2718 Epicharmi
678 2638 738 2700 ista
760 2637 938 2699 sententiat
971 2637 1012 2700 M.

511 2730 641 2792 Emori
664 2730 770 2804 nolo,
794 2728 861 2793 sed
886 2750 939 2792 mc
962 2749 1047 2792 esse
1069 2737 1268 2794 mortuum
1289 2731 1415 2795 nihili
1437 2731 1617 2795 aestimo.
1742 2752 1772 2798 so

408 2826 444 2889 A.
467 2826 532 2887 lam
555 2822 714 2905 adgnosco
736 2825 899 2887 Graecum.
940 2823 1001 2885 Sed
1025 2825 1172 2907 quoniam
1202 2825 1332 2906 coegisti
1361 2834 1397 2887 ut
1425 2825 1647 2899 concederem,
1676 2827 1733 2909 qui

410 2920 521 2983 mortui
544 2925 666 2991 essent,
688 2937 744 2981 eos
766 2918 898 2980 miseros
919 2937 984 2979 non
999 2936 1083 2990 esse,
1107 2914 1236 2998 pertice,
1260 2920 1286 2981 si
1302 2926 1407 3000 potes,
1431 2926 1519 2981 utne
1535 2920 1733 2983 moriendum

410 3013 538 3098 quidem
568 3031 639 3073 csse
670 3013 815 3074 misemm
846 3018 964 3094 putem.
1010 3006 1059 3071 ld.
1082 3011 1124 3072 M.
1151 3013 1216 3073 Iam
1242 3011 1324 3073 istuc
1355 3012 1483 3095 quidem
1509 3012 1588 3075 nihil
1612 3014 1732 3094 negotii

409 3116 473 3181 est,
498 3106 550 3170 sed
570 3106 690 3167 maiora
710 3106 828 3167 molior.
864 3103 901 3166 A.
924 3103 1113 3179 Quomodo
1139 3103 1199 3165 hoc
1225 3104 1304 3166 nihil
1326 3104 1444 3186 negotii
1472 3108 1541 3167 esti
1569 3114 1625 3169 aut
1649 3125 1732 3190 quae

410 3208 482 3264 sunt
511 3198 638 3262 tandem
666 3199 726 3261 ista
753 3198 896 3261 maioral
936 3198 977 3259 M.
1001 3196 1097 3271 Quia,
1126 3198 1276 3280 quoniam
1305 3207 1379 3280 post
1405 3205 1538 3262 mortem
1559 3200 1633 3262 mali
1655 3201 1770 3267 nihilso

410 3303 470 3367 est,
500 3313 542 3356 ne
564 3312 648 3356 mors
671 3292 798 3376 quidem
821 3299 870 3353 est
891 3290 1024 3364 malum,
1052 3291 1103 3353 cui
1125 3310 1313 3374 proxumum
1341 3300 1465 3374 tempus
1487 3299 1536 3354 est
1556 3300 1733 3375 postmor-

410 3395 489 3461 tem,
518 3387 551 3449 in
581 3406 645 3469 quo
673 3386 747 3448 mali
776 3385 854 3447 nihil
878 3404 947 3447 esse
969 3385 1133 3447 concedis:
1164 3385 1208 3447 ita
1228 3405 1269 3449 ne
1292 3386 1489 3449 moriendum
1512 3384 1640 3470 quidem
1662 3405 1733 3450 esse

410 3480 525 3543 malum
549 3488 615 3550 estc
637 3478 670 3541 id
692 3487 741 3542 est
762 3481 844 3541 enim
866 3478 1112 3561 perveniendum
1135 3497 1205 3541 esse
1224 3479 1328 3554 adid,
1351 3481 1437 3564 quod
1452 3501 1515 3543 non
1531 3500 1600 3542 esse
1616 3479 1732 3542 malum

411 3573 607 3636 confitemur.
640 3572 676 3635 A.
700 3570 832 3635 Uberius
855 3572 928 3645 ista,
951 3591 1087 3652 quacs03
1110 3572 1188 3635 haee
1210 3573 1294 3635 enim
1309 3575 1490 3655 spinosIora
1507 3573 1594 3658 prius
1609 3582 1644 3636 ut
1659 3594 1732 3637 con·

410 3666 501 3730 btear
529 3685 580 3727 me
609 3674 726 3747 cogunt
754 3685 847 3748 quam
871 3673 905 3727 ut
926 3664 1094 3727 adsentiar.
1132 3666 1192 3728 Sed
1216 3686 1298 3749 quae
1320 3677 1394 3730 sunt
1416 3687 1468 3742 ea,
1495 3687 1577 3752 quae
1599 3668 1678 3732 dicis
1700 3676 1770 3739 tosa

474 3938 499 3987 ἱ.
517 3936 567 3986 sint
583 3936 632 3984 Git
650 3936 677 3983 ct
694 3934 835 3997 (superscr.
849 3946 868 3981 a
878 3932 912 3982 ab
926 3932 1020 3983 eadem
1033 3934 1079 3993 m.)
1098 3932 1117 3981 B
1129 3947 1134 3978 :
1153 3937 1210 3982 sunt
1226 3932 1246 3982 0
1260 3959 1287 3969 -
1307 3933 1330 3982 6.
1343 3934 1414 3992 coqui
1425 3933 1461 3992 C:
1479 3933 1732 3999 vicensumas.

412 4039 440 4051 -
457 4012 482 4064 8.
501 4014 528 4061 is
547 4012 601 4060 cita
621 4013 745 4073 suspecta
769 4009 872 4058 Davisio
896 4011 922 4058 et
943 4007 1065 4058 Schiitzio
1088 4006 1207 4056 eiciendo
1232 4010 1325 4058 censet
1344 4008 1424 4057 etiam
1441 4011 1471 4057 Α.
1490 4009 1524 4059 do
1541 4010 1622 4073 Iongh
1639 4012 1732 4075 symb.

410 4086 456 4137 litt.
475 4087 508 4136 vt
525 4099 551 4150 p.
565 4084 610 4135 at:
631 4085 703 4143 ·Quo
721 4084 800 4134 modo
818 4086 901 4146 possit
917 4085 1110 4147 scmpIternum
1128 4080 1226 4131 uratum
1244 4082 1270 4130 ia
1286 4083 1340 4130 vita
1357 4094 1431 4141 csse,
1450 4084 1472 4132 si
1490 4084 1556 4132 mori
1575 4088 1684 4135 mortuis
1702 4089 1736 4137 sit

411 4160 518 4219 malurn,
538 4173 590 4210 uon
608 4158 730 4220 intelligo.
757 4161 811 4207 Nec
829 4159 958 4221 potestis
974 4162 1027 4207 vita
1044 4157 1077 4205 ad
1095 4158 1232 4220 sequeutia
1250 4156 1287 4218 (ia
1302 4159 1356 4206 vito
1372 4170 1438 4204 nunc
1454 4158 1638 4222 oidcocolccm)
1655 4162 1731 4212 trahi.

411 4237 452 4286 Sic
472 4238 544 4286 euim
567 4234 769 4297 significaretur,
792 4234 908 4296 conspIci
932 4231 1046 4289 calcem,
1069 4231 1103 4279 ad
1121 4244 1200 4293 quam
1219 4244 1280 4281 cum
1299 4234 1370 4281 essct
1387 4230 1539 4291 decursum,
1561 4232 1646 4295 aliqua
1664 4234 1733 4285 vitae

410 4325 470 4375 pars
487 4314 654 4364 remaneret;
673 4310 849 4372 nequeenim
868 4312 935 4357 vitae
954 4309 1033 4357 finem
1052 4308 1140 4355 insila
1159 4320 1218 4355 esse
1237 4306 1287 4354 dici
1306 4309 1418 4370 potest.»
1433 4333 1459 4342 -
1480 4307 1519 4357 tl.
1537 4307 1733 4367 vescamini.

410 4388 458 4436 Gli
477 4412 504 4422 -
525 4388 564 4436 ⁴5.
578 4384 708 4433 sibilet).
729 4386 774 4435 ..Ut
791 4383 934 4445 Madvigius
954 4384 1006 4431 Fin.
1021 4383 1050 4437 ΙΙ,
1064 4380 1095 4429 88
1113 4383 1201 4442 spreta
1214 4380 1334 4429 codicum
1348 4383 1484 4443 utriusque
1496 4380 1608 4430 iamitiae
1621 4379 1733 4434 lectione

409 4462 469 4509 sitit
483 4458 617 4522 vulgatam
635 4459 776 4509 lectionem
794 4459 885 4521 (attriti)
903 4459 1022 4511 retinuit.
1042 4457 1079 4505 sic
1098 4468 1147 4516 ogo
1166 4467 1216 4503 nou
1235 4454 1326 4503 dubito
1339 4455 1401 4517 quin
1414 4456 1506 4503 Cicero
1518 4455 1544 4504 h.
1559 4453 1575 4504 Ι.
1588 4457 1733 4518 scripserit,

410 4538 438 4584 ut
453 4537 495 4584 est
512 4536 538 4582 in
556 4533 671 4582 editione
689 4531 793 4591 Aldina,
813 4531 882 4581 aliis:
906 4533 985 4580 albiti.
1011 4532 1102 4592 Neque
1120 4530 1190 4577 cuim
1209 4529 1342 4577 aestimare
1359 4541 1406 4591 pro
1424 4540 1470 4577 sua
1488 4529 1686 4591 signiticatIone,
1705 4533 1735 4580 ut

409 4612 563 4667 menore,
578 4614 678 4668 putare,
698 4611 770 4663 cett.¹
790 4606 923 4670 duplicem
941 4607 1122 4655 accusativum
1135 4604 1256 4664 admittit,
1280 4617 1366 4666 neque
1379 4603 1501 4653 videntur
1512 4606 1594 4655 Latini
1606 4607 1667 4654 nibil
1678 4619 1735 4656 um·

410 4696 490 4748 quam
514 4685 547 4731 ita
570 4683 703 4754 posuisse.
727 4684 754 4730 ut
776 4681 852 4745 plane
876 4681 946 4730 idem
968 4683 1040 4729 esset
1062 4679 1133 4742 quod
1151 4679 1221 4727 nihili
1238 4678 1254 4727 i.
1274 4690 1298 4726 e.
1318 4676 1412 4726 nultius
1431 4678 1515 4740 pretii.
1534 4680 1602 4728 Nihil
1618 4679 1734 4743 (aliquid)

410 4771 470 4808 cunr
493 4759 550 4819 qais
566 4757 648 4820 (quid)
668 4771 718 4807 csse
735 4757 881 4815 dicebatur,
906 4757 967 4806 nibil
983 4756 1099 4820 (aliquid)
1114 4768 1185 4816 posse
1201 4752 1304 4815 (volero)
1322 4752 1527 4814 significabatur,
1547 4757 1575 4802 ut
1592 4755 1625 4804 ad
1644 4754 1732 4807 Famil.

409 4834 462 4891 VII,
475 4834 545 4891 zm
563 4834 609 4881 isto
625 4832 678 4893 ipso
694 4834 720 4882 in
737 4845 834 4895 genere,
852 4833 877 4879 ia
896 4846 944 4893 quo
960 4833 1087 4893 aliquid
1099 4844 1172 4892 posse
1187 4831 1234 4889 vis,
1253 4833 1276 4876 te
1292 4827 1372 4876 nibil
1388 4840 1445 4877 csse.
1466 4829 1576 4880 Divinat.
1591 4830 1624 4880 ad
1637 4829 1732 4881 Caecll.

410 4910 441 4974 55
458 4909 498 4960 tt.
518 4908 560 4959 49.
578 4907 613 4957 ad
630 4910 681 4957 Att.
700 4908 742 4964 IV,
761 4908 786 4964 2,
805 4909 828 4956 Ξ.
853 4906 940 4955 Famil.
961 4907 1089 4962 111,8.2.
1117 4907 1186 4955 Orat.
1207 4903 1286 4967 §uta
1308 4902 1369 4950 nibil
1390 4903 1423 4950 ad
1444 4916 1496 4951 rem
1517 4910 1553 4954 cst
1574 4906 1612 4967 (ε
1628 4906 1733 4956 Terent.

409 4986 515 5036 Phorm.
535 4982 565 5041 V,
584 4984 609 5040 5,
627 4983 677 5042 st).
705 4980 797 5032 Tibull.
817 4984 836 5039 I,
855 4984 879 5039 5,
892 4983 923 5030 27
936 4995 977 5045 sq.
1004 4984 1058 5031 Nec
1077 4982 1182 5040 mirum,
1201 4983 1222 5030 si
1241 4980 1337 5029 indocti
1356 4976 1551 5040 negligentesvc
1569 4978 1667 5030 librarii
1687 4981 1735 5031 ali·

410 5058 515 5123 quando
532 5057 676 5106 sartoribus
693 5056 784 5106 Iormis
801 5057 895 5119 (nihili,
913 5057 1000 5117 nihilo)
1018 5058 1103 5106 tritius
1116 5055 1176 5105 illud
1189 5055 1251 5104 nibil
1262 5054 1462 5112 substituerunt,
1482 5057 1511 5102 ut
1522 5053 1555 5103 dc
1568 5055 1646 5118 legg.
1661 5056 1679 5113 l,
1693 5055 1733 5107 at.

410 5134 442 5185 de
459 5133 535 5184 Olflc.
555 5135 579 5189 I,
598 5133 637 5181 72.
658 5134 692 5190 tt,
711 5133 751 5180 76.
770 5134 820 5190 tlt,
839 5133 878 5181 38.
906 5130 1288 5195 Tusc.utspp.1v,tt.»w.
1316 5130 1354 5180 CI.
1374 5129 1406 5177 Ill
1425 5129 1439 5191 ἓ
1457 5129 1496 5178 48.
1518 5157 1543 5166 -
1563 5132 1684 5180 estimc
1706 5158 1732 5167 -

410 5211 449 5259 to.
467 5221 560 5272 gracco
578 5210 718 5270 (superscr.
738 5209 788 5268 emt
807 5210 827 5256 G
845 5221 883 5241 -.
898 5206 945 5254 Sed
963 5208 1105 5255 Manutius:
1128 5212 1150 5254 et
1172 5206 1200 5255 C.
1229 5205 1294 5255 Vide
1315 5203 1348 5253 ad
1371 5204 1444 5267 882.
1465 5230 1492 5239 -
1517 5203 1556 5254 te.
1575 5206 1616 5254 sed
1635 5206 1735 5255 maiora

409 5284 497 5332 mehor
508 5283 557 5331 W:
576 5283 618 5330 scd
634 5282 827 5330 otiam-maiora
841 5281 933 5329 molior
943 5280 976 5334 02
996 5293 1049 5329 om.
1063 5281 1092 5330 C.
1113 5280 1180 5341 «Ego
1198 5281 1236 5330 sic
1253 5279 1356 5329 scrIbo:
1376 5285 1425 5328 cst:
1443 5279 1493 5343 [scd
1508 5281 1609 5329 maiora
1624 5281 1733 5345 molior]‚

410 5358 511 5408 abiecta
531 5358 569 5419 (ut
585 5360 625 5406 est
643 5358 668 5405 iu
681 5356 755 5405 vind.
770 5358 787 5417 lt
807 5356 932 5419 particula
944 5357 1027 5412 etiam,
1046 5367 1115 5417 qrrae
1127 5356 1182 5404 sive
1194 5355 1316 5417 augendo
1330 5357 1509 5418 comparativo
1522 5355 1630 5405 inservit
1641 5355 1733 5418 (nocti),

410 5445 504 5498 parum
523 5434 595 5480 recte
613 5432 647 5480 ita
667 5434 750 5493 posita
769 5434 817 5487 est.
837 5433 911 5493 quasi
929 5443 1049 5492 magnam
1065 5429 1189 5490 (difficile)
1207 5429 1304 5493 aliquid
1323 5431 1511 5493 praecederet,
1530 5432 1585 5479 sive
1602 5429 1735 5493 prioribus

410 5508 547 5571 sequentia
566 5504 720 5568 simpliciter
737 5506 854 5567 adiungit
870 5505 964 5567 (cuch),
984 5518 1035 5553 non
1054 5504 1134 5552 modo
1151 5506 1313 5561 necessarIa,
1331 5505 1378 5554 sed
1398 5506 1439 5554 vix
1457 5505 1597 5555 commoda
1611 5506 1659 5555 est.
1683 5506 1734 5555 Ce-

411 5586 496 5632 terum
514 5579 729 5644 supptementum
748 5580 809 5629 ittud
829 5582 1009 5630 necessarium
1027 5577 1148 5628 librarius
1166 5579 1259 5643 aitquis
1277 5581 1409 5629 recentior
1425 5593 1456 5629 er
1474 5581 1515 5641 iis,
1534 5593 1601 5643 quac
1616 5592 1735 5643 sequun-

411 5660 466 5707 tur:
489 5670 556 5719 quac
572 5662 630 5704 sum
646 5669 684 5713 oo,
703 5668 768 5714 quas
784 5657 845 5704 dicis
867 5661 895 5703 tc
915 5656 1038 5703 maiora
1059 5655 1188 5704 moliri?
1211 5660 1282 5704 recta
1307 5654 1431 5704 etflnrtt.»
1450 5655 1491 5704 W.
1519 5655 1584 5704 Vide
1602 5668 1635 5705 ue
1653 5657 1734 5706 etiam

411 5730 536 5797 particula
555 5731 596 5779 scd
613 5730 750 5780 abIcienda
768 5732 809 5779 sit
832 5756 857 5765 -
878 5731 918 5779 ²0.
937 5734 1041 5778 morters
1057 5730 1131 5788 mati,
1149 5743 1179 5779 aa
1197 5732 1260 5786 GIt;
1282 5736 1387 5778 mortem
1403 5730 1464 5778 sibit
1480 5734 1514 5779 cst
1531 5743 1562 5780 oc
1578 5730 1611 5788 B;
1631 5736 1735 5781 mortem

411 5807 471 5854 sitit
485 5810 521 5855 cst
537 5806 613 5866 moti,
632 5819 662 5854 ac
678 5806 707 5853 0.
727 5806 778 5854 ·Ex
791 5806 850 5854 cod.
864 5806 1004 5865 besuensi,
1024 5804 1080 5854 aliis
1093 5804 1264 5855 scribendum
1277 5808 1318 5855 est
1328 5806 1390 5855 moti
1401 5805 1463 5854 nibil
1474 5810 1521 5855 ost:
1541 5803 1643 5867 vulgata
1657 5803 1735 5856 lectio

413 5893 503 5945 parum
521 5879 604 5930 habet
621 5880 796 5932 auctoritatis:
823 5882 847 5929 in
866 5881 971 5944 optimis
989 5880 1059 5929 enim
1077 5880 1155 5931 codd.
1175 5882 1225 5930 Gli
1241 5880 1303 5931 sibit
1319 5886 1353 5931 ost
1368 5883 1429 5931 anto
1446 5894 1476 5931 as
1493 5873 1613 5931 excidiis
1632 5880 1675 5930 W.
1694 5879 1733 5933 ct.

412 5966 436 6005 r.
453 5955 495 6006 22.
516 5980 543 5991 -
563 5956 605 6005 23.
625 5955 710 6020 idest]
728 5949 769 6005 idi
786 5957 847 6006 Gli.
