<?xml version="1.0" encoding="UTF-8"?>
<!DOCTYPE html PUBLIC "-//W3C//DTD XHTML 1.0 Transitional//EN"
    "http://www.w3.org/TR/xhtml1/DTD/xhtml1-transitional.dtd">
<html xmlns="http://www.w3.org/1999/xhtml" xml:lang="en" lang="en">
 <head>
  <title>
</title>
<meta http-equiv="Content-Type" content="text/html;charset=utf-8" />
  <meta name='ocr-system' content='tesseract 3.04.00' />
  <meta name='ocr-capabilities' content='ocr_page ocr_carea ocr_par ocr_line ocrx_word'/>
</head>
<body>
  <div class='ocr_page' id='page_1' title='image "./operaquaesupers00halmgoog/operaquaesupers00halmgoog_0916.png"; bbox 0 0 4342 7459; ppageno 0'>
   <div class='ocr_carea' id='block_1_1' title="bbox 442 1235 1230 1307">
    <p class='ocr_par' dir='ltr' id='par_1_1' title="bbox 442 1235 1230 1307">
     <span class='ocr_line' id='line_1_1' title="bbox 442 1235 1230 1307; baseline 0.004 -3"><span class='ocrx_word' id='word_1_1' title='bbox 442 1235 506 1304; x_wconf 75' lang='lat'>900</span> <span class='ocrx_word' id='word_1_2' title='bbox 983 1241 1037 1306; x_wconf 78' lang='lat' dir='ltr'>DE</span> <span class='ocrx_word' id='word_1_3' title='bbox 1059 1241 1230 1307; x_wconf 79' lang='lat' dir='ltr'>LEGIBUS</span> 
     </span>
    </p>
   </div>
   <div class='ocr_carea' id='block_1_2' title="bbox 399 1397 1771 3168">
    <p class='ocr_par' dir='ltr' id='par_1_2' title="bbox 399 1397 1771 3168">
     <span class='ocr_line' id='line_1_2' title="bbox 441 1397 1770 1490; baseline 0.002 -24"><span class='ocrx_word' id='word_1_4' title='bbox 441 1417 497 1466; x_wconf 83' lang='lat' dir='ltr'>rae</span> <span class='ocrx_word' id='word_1_5' title='bbox 524 1417 626 1484; x_wconf 71' lang='lat' dir='ltr'>penus</span> <span class='ocrx_word' id='word_1_6' title='bbox 654 1397 735 1464; x_wconf 83' lang='lat' dir='ltr'>illud</span> <span class='ocrx_word' id='word_1_7' title='bbox 762 1397 862 1465; x_wconf 81' lang='lat' dir='ltr'>luisse</span> <span class='ocrx_word' id='word_1_8' title='bbox 890 1399 1033 1476; x_wconf 72' lang='lat' dir='ltr'>violetur,</span> <span class='ocrx_word' id='word_1_9' title='bbox 1063 1420 1129 1487; x_wconf 85' lang='lat' dir='ltr'>quo</span> <span class='ocrx_word' id='word_1_10' title='bbox 1150 1399 1235 1485; x_wconf 82' lang='lat' dir='ltr'>apud</span> <span class='ocrx_word' id='word_1_11' title='bbox 1256 1399 1504 1486; x_wconf 75' lang='lat' dir='ltr'>Xenophontem</span> <span class='ocrx_word' id='word_1_12' title='bbox 1526 1400 1633 1490; x_wconf 74' lang='lat' dir='ltr'>Cyrus</span> <span class='ocrx_word' id='word_1_13' title='bbox 1652 1403 1770 1470; x_wconf 74' lang='lat' dir='ltr'>utiturc</span> 
     </span>
     <span class='ocr_line' id='line_1_3' title="bbox 441 1491 1769 1582; baseline 0.002 -22"><span class='ocrx_word' id='word_1_14' title='bbox 441 1491 588 1560; x_wconf 79' lang='lat' dir='ltr'>redditur</span> <span class='ocrx_word' id='word_1_15' title='bbox 615 1493 700 1558; x_wconf 88' lang='lat' dir='ltr'>euim</span> <span class='ocrx_word' id='word_1_16' title='bbox 728 1499 831 1557; x_wconf 86' lang='lat' dir='ltr'>terrae</span> <span class='ocrx_word' id='word_1_17' title='bbox 859 1512 976 1578; x_wconf 89' lang='lat' dir='ltr'>corpus</span> <span class='ocrx_word' id='word_1_18' title='bbox 997 1502 1030 1559; x_wconf 90' lang='lat' dir='ltr'>et</span> <span class='ocrx_word' id='word_1_19' title='bbox 1049 1493 1095 1558; x_wconf 87' lang='lat' dir='ltr'>ita</span> <span class='ocrx_word' id='word_1_20' title='bbox 1116 1493 1256 1558; x_wconf 82' lang='lat' dir='ltr'>locatum</span> <span class='ocrx_word' id='word_1_21' title='bbox 1277 1511 1315 1559; x_wconf 83' lang='lat' dir='ltr'>ac</span> <span class='ocrx_word' id='word_1_22' title='bbox 1336 1493 1433 1559; x_wconf 81' lang='lat' dir='ltr'>situm</span> <span class='ocrx_word' id='word_1_23' title='bbox 1453 1495 1547 1580; x_wconf 80' lang='lat' dir='ltr'>qumi</span> <span class='ocrx_word' id='word_1_24' title='bbox 1568 1497 1769 1582; x_wconf 77' lang='lat' dir='ltr'>operimento</span> 
     </span>
     <span class='ocr_line' id='line_1_4' title="bbox 442 1585 1771 1676; baseline 0.004 -26"><span class='ocrx_word' id='word_1_25' title='bbox 442 1585 551 1652; x_wconf 83' lang='lat' dir='ltr'>matris</span> <span class='ocrx_word' id='word_1_26' title='bbox 573 1585 751 1651; x_wconf 82' lang='lat' dir='ltr'>obducitur.</span> <span class='ocrx_word' id='word_1_27' title='bbox 793 1585 981 1672; x_wconf 78' lang='lat' dir='ltr'>Eodemque</span> <span class='ocrx_word' id='word_1_28' title='bbox 1007 1587 1070 1652; x_wconf 88' lang='lat' dir='ltr'>ritu</span> <span class='ocrx_word' id='word_1_29' title='bbox 1091 1586 1116 1669; x_wconf 82' lang='lat'><em>†</em></span> <span class='ocrx_word' id='word_1_30' title='bbox 1136 1587 1170 1651; x_wconf 88' lang='lat' dir='ltr'>in</span> <span class='ocrx_word' id='word_1_31' title='bbox 1191 1606 1232 1652; x_wconf 89' lang='lat' dir='ltr'>eo</span> <span class='ocrx_word' id='word_1_32' title='bbox 1254 1587 1402 1674; x_wconf 84' lang='lat' dir='ltr'>sepulcro</span> <span class='ocrx_word' id='word_1_33' title='bbox 1431 1587 1519 1673; x_wconf 75' lang='lat' dir='ltr'>quod</span> <span class='ocrx_word' id='word_1_34' title='bbox 1544 1587 1633 1656; x_wconf 75' lang='lat' dir='ltr'>haud</span> <span class='ocrx_word' id='word_1_35' title='bbox 1658 1589 1771 1676; x_wconf 87' lang='lat' dir='ltr'>procul</span> 
     </span>
     <span class='ocr_line' id='line_1_5' title="bbox 442 1679 1770 1770; baseline 0.003 -25"><span class='ocrx_word' id='word_1_36' title='bbox 442 1679 584 1745; x_wconf 69' lang='lat' dir='ltr'>eronus</span> <span class='ocrx_word' id='word_1_37' title='bbox 604 1697 661 1744; x_wconf 82' lang='lat' dir='ltr'>ara</span> <span class='ocrx_word' id='word_1_38' title='bbox 681 1687 740 1756; x_wconf 76' lang='lat' dir='ltr'>ert,</span> <span class='ocrx_word' id='word_1_39' title='bbox 761 1699 868 1764; x_wconf 73' lang='lat' dir='ltr'>regom</span> <span class='ocrx_word' id='word_1_40' title='bbox 890 1687 1035 1744; x_wconf 87' lang='lat' dir='ltr'>nostrum</span> <span class='ocrx_word' id='word_1_41' title='bbox 1050 1683 1185 1746; x_wconf 75' lang='lat' dir='ltr'>Numam</span> <span class='ocrx_word' id='word_1_42' title='bbox 1203 1681 1366 1748; x_wconf 74' lang='lat' dir='ltr'>conditam</span> <span class='ocrx_word' id='word_1_43' title='bbox 1380 1683 1563 1768; x_wconf 81' lang='lat' dir='ltr'>accepimus</span> <span class='ocrx_word' id='word_1_44' title='bbox 1577 1689 1770 1770; x_wconf 60' lang='lat' dir='ltr'>remmom</span> 
     </span>
     <span class='ocr_line' id='line_1_6' title="bbox 417 1771 1769 1862; baseline 0.008 -30"><span class='ocrx_word' id='word_1_45' title='bbox 417 1772 623 1839; x_wconf 83' lang='lat' dir='ltr'>eComeliam</span> <span class='ocrx_word' id='word_1_46' title='bbox 643 1791 746 1858; x_wconf 79' lang='lat' dir='ltr'>usque</span> <span class='ocrx_word' id='word_1_47' title='bbox 767 1771 808 1837; x_wconf 80' lang='lat' dir='ltr'>ad</span> <span class='ocrx_word' id='word_1_48' title='bbox 830 1774 1016 1838; x_wconf 85' lang='lat' dir='ltr'>memoriam</span> <span class='ocrx_word' id='word_1_49' title='bbox 1037 1781 1178 1842; x_wconf 83' lang='lat' dir='ltr'>nostram</span> <span class='ocrx_word' id='word_1_50' title='bbox 1198 1775 1259 1840; x_wconf 78' lang='lat' dir='ltr'>liae</span> <span class='ocrx_word' id='word_1_51' title='bbox 1273 1774 1437 1862; x_wconf 71' lang='lat' dir='ltr'>sepultura</span> <span class='ocrx_word' id='word_1_52' title='bbox 1449 1775 1568 1842; x_wconf 66' lang='lat' dir='ltr'>emmas</span> <span class='ocrx_word' id='word_1_53' title='bbox 1581 1795 1656 1842; x_wconf 81' lang='lat' dir='ltr'>ease</span> <span class='ocrx_word' id='word_1_54' title='bbox 1668 1795 1769 1843; x_wconf 67' lang='lat' dir='ltr'>aaa·</span> 
     </span>
     <span class='ocr_line' id='line_1_7' title="bbox 443 1865 1771 1954; baseline 0.003 -22"><span class='ocrx_word' id='word_1_55' title='bbox 443 1867 479 1933; x_wconf 85' lang='lat' dir='ltr'>C.</span> <span class='ocrx_word' id='word_1_56' title='bbox 495 1867 575 1934; x_wconf 76' lang='lat' dir='ltr'>llari</span> <span class='ocrx_word' id='word_1_57' title='bbox 597 1866 675 1930; x_wconf 78' lang='lat' dir='ltr'>citas</span> <span class='ocrx_word' id='word_1_58' title='bbox 696 1865 848 1952; x_wconf 75' lang='lat' dir='ltr'>reliquias</span> <span class='ocrx_word' id='word_1_59' title='bbox 869 1867 955 1951; x_wconf 89' lang='lat' dir='ltr'>apud</span> <span class='ocrx_word' id='word_1_60' title='bbox 977 1867 1133 1934; x_wconf 77' lang='lat' dir='ltr'>Anienem</span> <span class='ocrx_word' id='word_1_61' title='bbox 1154 1868 1302 1954; x_wconf 82' lang='lat' dir='ltr'>dissipari</span> <span class='ocrx_word' id='word_1_62' title='bbox 1323 1869 1418 1934; x_wconf 86' lang='lat' dir='ltr'>iussit</span> <span class='ocrx_word' id='word_1_63' title='bbox 1439 1868 1530 1935; x_wconf 80' lang='lat' dir='ltr'>Sulla</span> <span class='ocrx_word' id='word_1_64' title='bbox 1549 1869 1662 1945; x_wconf 83' lang='lat' dir='ltr'>victor.</span> <span class='ocrx_word' id='word_1_65' title='bbox 1683 1887 1771 1936; x_wconf 79' lang='lat' dir='ltr'>acar·</span> 
     </span>
     <span class='ocr_line' id='line_1_8' title="bbox 440 1958 1769 2047; baseline 0.002 -21"><span class='ocrx_word' id='word_1_66' title='bbox 440 1961 531 2026; x_wconf 87' lang='lat' dir='ltr'>biore</span> <span class='ocrx_word' id='word_1_67' title='bbox 559 1958 635 2024; x_wconf 78' lang='lat' dir='ltr'>otlio</span> <span class='ocrx_word' id='word_1_68' title='bbox 661 1959 827 2035; x_wconf 86' lang='lat' dir='ltr'>incitatus,</span> <span class='ocrx_word' id='word_1_69' title='bbox 858 1979 954 2046; x_wconf 85' lang='lat' dir='ltr'>quam</span> <span class='ocrx_word' id='word_1_70' title='bbox 984 1984 1040 2025; x_wconf 67' lang='lat' dir='ltr'>*a</span> <span class='ocrx_word' id='word_1_71' title='bbox 1072 1963 1201 2047; x_wconf 85' lang='lat' dir='ltr'>sapiens</span> <span class='ocrx_word' id='word_1_72' title='bbox 1228 1961 1343 2027; x_wconf 79' lang='lat' dir='ltr'>luisset</span> <span class='ocrx_word' id='word_1_73' title='bbox 1370 1980 1467 2047; x_wconf 85' lang='lat' dir='ltr'>quam</span> <span class='ocrx_word' id='word_1_74' title='bbox 1495 1961 1558 2028; x_wconf 80' lang='lat' dir='ltr'>luit</span> <span class='ocrx_word' id='word_1_75' title='bbox 1584 1961 1769 2028; x_wconf 81' lang='lat' dir='ltr'>vehemens.</span> 
     </span>
     <span class='ocr_line' id='line_1_9' title="bbox 440 2052 1770 2144; baseline 0.002 -25"><span class='ocrx_word' id='word_1_76' title='bbox 440 2052 492 2119; x_wconf 75' lang='lat'>57.</span> <span class='ocrx_word' id='word_1_77' title='bbox 515 2054 610 2132; x_wconf 83' lang='lat' dir='ltr'>Quod</span> <span class='ocrx_word' id='word_1_78' title='bbox 630 2053 715 2118; x_wconf 84' lang='lat' dir='ltr'>haud</span> <span class='ocrx_word' id='word_1_79' title='bbox 738 2052 804 2119; x_wconf 86' lang='lat' dir='ltr'>scio</span> <span class='ocrx_word' id='word_1_80' title='bbox 826 2074 867 2118; x_wconf 89' lang='lat' dir='ltr'>an</span> <span class='ocrx_word' id='word_1_81' title='bbox 890 2055 1005 2119; x_wconf 86' lang='lat' dir='ltr'>timens</span> <span class='ocrx_word' id='word_1_82' title='bbox 1033 2076 1074 2119; x_wconf 92' lang='lat' dir='ltr'>ue</span> <span class='ocrx_word' id='word_1_83' title='bbox 1103 2076 1162 2121; x_wconf 87' lang='lat' dir='ltr'>suo</span> <span class='ocrx_word' id='word_1_84' title='bbox 1183 2055 1308 2140; x_wconf 87' lang='lat' dir='ltr'>corpori</span> <span class='ocrx_word' id='word_1_85' title='bbox 1330 2064 1439 2141; x_wconf 86' lang='lat' dir='ltr'>posset</span> <span class='ocrx_word' id='word_1_86' title='bbox 1458 2055 1619 2134; x_wconf 79' lang='lat' dir='ltr'>accidere,</span> <span class='ocrx_word' id='word_1_87' title='bbox 1646 2057 1770 2144; x_wconf 81' lang='lat' dir='ltr'>primus</span> 
     </span>
     <span class='ocr_line' id='line_1_10' title="bbox 440 2145 1770 2234; baseline 0.002 -22"><span class='ocrx_word' id='word_1_88' title='bbox 440 2166 459 2212; x_wconf 88' lang='lat' dir='ltr'>e</span> <span class='ocrx_word' id='word_1_89' title='bbox 480 2147 621 2234; x_wconf 81' lang='lat' dir='ltr'>patriciis</span> <span class='ocrx_word' id='word_1_90' title='bbox 636 2145 792 2211; x_wconf 82' lang='lat' dir='ltr'>Corneliis</span> <span class='ocrx_word' id='word_1_91' title='bbox 812 2147 880 2232; x_wconf 73' lang='lat' dir='ltr'>igni</span> <span class='ocrx_word' id='word_1_92' title='bbox 903 2147 1004 2212; x_wconf 83' lang='lat' dir='ltr'>voluit</span> <span class='ocrx_word' id='word_1_93' title='bbox 1024 2149 1167 2215; x_wconf 84' lang='lat' dir='ltr'>cremari.</span> <span class='ocrx_word' id='word_1_94' title='bbox 1209 2148 1358 2214; x_wconf 82' lang='lat' dir='ltr'>Declarat</span> <span class='ocrx_word' id='word_1_95' title='bbox 1378 2149 1461 2213; x_wconf 87' lang='lat' dir='ltr'>euim</span> <span class='ocrx_word' id='word_1_96' title='bbox 1483 2149 1608 2216; x_wconf 76' lang='lat' dir='ltr'>Bauius</span> <span class='ocrx_word' id='word_1_97' title='bbox 1629 2151 1672 2216; x_wconf 76' lang='lat' dir='ltr'>tle</span> <span class='ocrx_word' id='word_1_98' title='bbox 1685 2149 1770 2216; x_wconf 75' lang='lat' dir='ltr'>stri-</span> 
     </span>
     <span class='ocr_line' id='line_1_11' title="bbox 402 2239 1768 2329; baseline 0.005 -30"><span class='ocrx_word' id='word_1_99' title='bbox 402 2251 540 2307; x_wconf 82' lang='lat' dir='ltr'>tocano:</span> <span class='ocrx_word' id='word_1_100' title='bbox 572 2241 644 2305; x_wconf 90' lang='lat' dir='ltr'>llic</span> <span class='ocrx_word' id='word_1_101' title='bbox 673 2247 733 2304; x_wconf 85' lang='lat' dir='ltr'>est</span> <span class='ocrx_word' id='word_1_102' title='bbox 760 2239 833 2304; x_wconf 91' lang='lat' dir='ltr'>ille</span> <span class='ocrx_word' id='word_1_103' title='bbox 863 2241 977 2305; x_wconf 86' lang='lat' dir='ltr'>situs.</span> <span class='ocrx_word' id='word_1_104' title='bbox 1021 2245 1120 2319; x_wconf 86' lang='lat' dir='ltr'>Vere;</span> <span class='ocrx_word' id='word_1_105' title='bbox 1148 2263 1221 2308; x_wconf 85' lang='lat' dir='ltr'>uam</span> <span class='ocrx_word' id='word_1_106' title='bbox 1248 2241 1302 2307; x_wconf 86' lang='lat' dir='ltr'>siti</span> <span class='ocrx_word' id='word_1_107' title='bbox 1329 2240 1479 2307; x_wconf 82' lang='lat' dir='ltr'>dicuutur</span> <span class='ocrx_word' id='word_1_108' title='bbox 1498 2241 1538 2312; x_wconf 88' lang='lat' dir='ltr'>li.</span> <span class='ocrx_word' id='word_1_109' title='bbox 1569 2244 1627 2329; x_wconf 76' lang='lat' dir='ltr'>qul</span> <span class='ocrx_word' id='word_1_110' title='bbox 1648 2242 1768 2309; x_wconf 72' lang='lat' dir='ltr'>conditi</span> 
     </span>
     <span class='ocr_line' id='line_1_12' title="bbox 439 2333 1769 2422; baseline 0.003 -23"><span class='ocrx_word' id='word_1_111' title='bbox 439 2342 524 2399; x_wconf 85' lang='lat' dir='ltr'>aaut</span> <span class='ocrx_word' id='word_1_112' title='bbox 565 2333 632 2398; x_wconf 83' lang='lat' dir='ltr'>Nee</span> <span class='ocrx_word' id='word_1_113' title='bbox 654 2340 759 2397; x_wconf 78' lang='lat' dir='ltr'>tamm</span> <span class='ocrx_word' id='word_1_114' title='bbox 780 2352 891 2399; x_wconf 90' lang='lat' dir='ltr'>eorum</span> <span class='ocrx_word' id='word_1_115' title='bbox 911 2342 986 2399; x_wconf 86' lang='lat' dir='ltr'>ante</span> <span class='ocrx_word' id='word_1_116' title='bbox 1008 2335 1212 2419; x_wconf 75' lang='lat' dir='ltr'>sepulchrum</span> <span class='ocrx_word' id='word_1_117' title='bbox 1234 2343 1294 2412; x_wconf 76' lang='lat' dir='ltr'>est,</span> <span class='ocrx_word' id='word_1_118' title='bbox 1316 2353 1412 2421; x_wconf 84' lang='lat' dir='ltr'>quam</span> <span class='ocrx_word' id='word_1_119' title='bbox 1432 2335 1520 2401; x_wconf 77' lang='lat' dir='ltr'>lusia</span> <span class='ocrx_word' id='word_1_120' title='bbox 1536 2333 1621 2402; x_wconf 68' lang='lat' dir='ltr'>lama</span> <span class='ocrx_word' id='word_1_121' title='bbox 1642 2343 1676 2403; x_wconf 83' lang='lat' dir='ltr'>et</span> <span class='ocrx_word' id='word_1_122' title='bbox 1695 2355 1769 2422; x_wconf 79' lang='lat' dir='ltr'>por·</span> 
     </span>
     <span class='ocr_line' id='line_1_13' title="bbox 439 2424 1768 2514; baseline 0.002 -22"><span class='ocrx_word' id='word_1_123' title='bbox 439 2448 496 2492; x_wconf 87' lang='lat' dir='ltr'>cus</span> <span class='ocrx_word' id='word_1_124' title='bbox 525 2445 636 2492; x_wconf 74' lang='lat' dir='ltr'>masur</span> <span class='ocrx_word' id='word_1_125' title='bbox 666 2427 718 2490; x_wconf 79' lang='lat' dir='ltr'>ait</span> <span class='ocrx_word' id='word_1_126' title='bbox 768 2427 808 2490; x_wconf 80' lang='lat' dir='ltr'>Et</span> <span class='ocrx_word' id='word_1_127' title='bbox 837 2427 925 2513; x_wconf 83' lang='lat' dir='ltr'>quod</span> <span class='ocrx_word' id='word_1_128' title='bbox 953 2448 1039 2493; x_wconf 90' lang='lat' dir='ltr'>nunc</span> <span class='ocrx_word' id='word_1_129' title='bbox 1069 2428 1279 2494; x_wconf 89' lang='lat' dir='ltr'>communiter</span> <span class='ocrx_word' id='word_1_130' title='bbox 1306 2429 1340 2493; x_wconf 91' lang='lat' dir='ltr'>iu</span> <span class='ocrx_word' id='word_1_131' title='bbox 1368 2424 1514 2494; x_wconf 77' lang='lat' dir='ltr'>omuibus</span> <span class='ocrx_word' id='word_1_132' title='bbox 1542 2427 1680 2514; x_wconf 80' lang='lat' dir='ltr'>sepultis</span> <span class='ocrx_word' id='word_1_133' title='bbox 1706 2449 1768 2494; x_wconf 76' lang='lat' dir='ltr'>un</span> 
     </span>
     <span class='ocr_line' id='line_1_14' title="bbox 438 2517 1767 2608; baseline 0.002 -23"><span class='ocrx_word' id='word_1_134' title='bbox 438 2519 541 2596; x_wconf 79' lang='lat' dir='ltr'>venit,</span> <span class='ocrx_word' id='word_1_135' title='bbox 568 2527 605 2583; x_wconf 90' lang='lat' dir='ltr'>ut</span> <span class='ocrx_word' id='word_1_136' title='bbox 632 2520 752 2585; x_wconf 82' lang='lat' dir='ltr'>humati</span> <span class='ocrx_word' id='word_1_137' title='bbox 782 2519 942 2595; x_wconf 81' lang='lat' dir='ltr'>dicantur,</span> <span class='ocrx_word' id='word_1_138' title='bbox 969 2520 1004 2585; x_wconf 83' lang='lat' dir='ltr'>id</span> <span class='ocrx_word' id='word_1_139' title='bbox 1033 2517 1101 2586; x_wconf 71' lang='lat' dir='ltr'>irat</span> <span class='ocrx_word' id='word_1_140' title='bbox 1129 2523 1294 2607; x_wconf 90' lang='lat' dir='ltr'>proprium</span> <span class='ocrx_word' id='word_1_141' title='bbox 1315 2529 1383 2586; x_wconf 91' lang='lat' dir='ltr'>tum</span> <span class='ocrx_word' id='word_1_142' title='bbox 1403 2521 1437 2586; x_wconf 91' lang='lat' dir='ltr'>iu</span> <span class='ocrx_word' id='word_1_143' title='bbox 1458 2521 1517 2597; x_wconf 87' lang='lat' dir='ltr'>iis.</span> <span class='ocrx_word' id='word_1_144' title='bbox 1546 2541 1630 2608; x_wconf 76' lang='lat' dir='ltr'>quos</span> <span class='ocrx_word' id='word_1_145' title='bbox 1650 2521 1767 2588; x_wconf 76' lang='lat' dir='ltr'>humus</span> 
     </span>
     <span class='ocr_line' id='line_1_15' title="bbox 437 2611 1767 2702; baseline 0.002 -23"><span class='ocrx_word' id='word_1_146' title='bbox 437 2613 554 2679; x_wconf 81' lang='lat' dir='ltr'>iniecta</span> <span class='ocrx_word' id='word_1_147' title='bbox 575 2621 767 2690; x_wconf 71' lang='lat' dir='ltr'>contexerat,</span> <span class='ocrx_word' id='word_1_148' title='bbox 789 2633 929 2699; x_wconf 84' lang='lat' dir='ltr'>cumque</span> <span class='ocrx_word' id='word_1_149' title='bbox 951 2635 1073 2680; x_wconf 89' lang='lat' dir='ltr'>morem</span> <span class='ocrx_word' id='word_1_150' title='bbox 1094 2616 1145 2680; x_wconf 86' lang='lat' dir='ltr'>ius</span> <span class='ocrx_word' id='word_1_151' title='bbox 1167 2612 1350 2700; x_wconf 79' lang='lat' dir='ltr'>pontificale</span> <span class='ocrx_word' id='word_1_152' title='bbox 1370 2611 1544 2682; x_wconf 77' lang='lat' dir='ltr'>confimat.</span> <span class='ocrx_word' id='word_1_153' title='bbox 1578 2615 1658 2680; x_wconf 82' lang='lat' dir='ltr'>llam</span> <span class='ocrx_word' id='word_1_154' title='bbox 1677 2621 1767 2702; x_wconf 81' lang='lat' dir='ltr'>prius</span> 
     </span>
     <span class='ocr_line' id='line_1_16' title="bbox 399 2706 1767 2793; baseline 0.001 -21"><span class='ocrx_word' id='word_1_155' title='bbox 399 2723 533 2793; x_wconf 79' lang='lat' dir='ltr'>aequam</span> <span class='ocrx_word' id='word_1_156' title='bbox 554 2706 589 2770; x_wconf 90' lang='lat' dir='ltr'>iu</span> <span class='ocrx_word' id='word_1_157' title='bbox 610 2727 646 2772; x_wconf 86' lang='lat' dir='ltr'>oa</span> <span class='ocrx_word' id='word_1_158' title='bbox 669 2707 786 2772; x_wconf 86' lang='lat' dir='ltr'>iniecta</span> <span class='ocrx_word' id='word_1_159' title='bbox 807 2708 899 2791; x_wconf 71' lang='lat' dir='ltr'>gleba</span> <span class='ocrx_word' id='word_1_160' title='bbox 921 2716 979 2784; x_wconf 87' lang='lat' dir='ltr'>cet,</span> <span class='ocrx_word' id='word_1_161' title='bbox 1001 2708 1092 2773; x_wconf 86' lang='lat' dir='ltr'>locus</span> <span class='ocrx_word' id='word_1_162' title='bbox 1112 2708 1177 2784; x_wconf 91' lang='lat' dir='ltr'>ille,</span> <span class='ocrx_word' id='word_1_163' title='bbox 1200 2708 1255 2773; x_wconf 84' lang='lat' dir='ltr'>ulsi</span> <span class='ocrx_word' id='word_1_164' title='bbox 1276 2715 1451 2774; x_wconf 73' lang='lat' dir='ltr'>crematum</span> <span class='ocrx_word' id='word_1_165' title='bbox 1472 2715 1522 2774; x_wconf 84' lang='lat' dir='ltr'>est</span> <span class='ocrx_word' id='word_1_166' title='bbox 1535 2727 1672 2792; x_wconf 80' lang='lat' dir='ltr'>eorpus,</span> <span class='ocrx_word' id='word_1_167' title='bbox 1686 2707 1767 2774; x_wconf 75' lang='lat' dir='ltr'>nillil</span> 
     </span>
     <span class='ocr_line' id='line_1_17' title="bbox 435 2799 1766 2886; baseline 0.003 -22"><span class='ocrx_word' id='word_1_168' title='bbox 435 2799 533 2865; x_wconf 82' lang='lat' dir='ltr'>habet</span> <span class='ocrx_word' id='word_1_169' title='bbox 551 2799 731 2885; x_wconf 73' lang='lat' dir='ltr'>religionis:</span> <span class='ocrx_word' id='word_1_170' title='bbox 763 2800 879 2865; x_wconf 86' lang='lat' dir='ltr'>iniecta</span> <span class='ocrx_word' id='word_1_171' title='bbox 901 2800 993 2886; x_wconf 74' lang='lat' dir='ltr'>gleba</span> <span class='ocrx_word' id='word_1_172' title='bbox 1014 2801 1175 2878; x_wconf 86' lang='lat' dir='ltr'>tumulus,</span> <span class='ocrx_word' id='word_1_173' title='bbox 1198 2803 1253 2866; x_wconf 86' lang='lat' dir='ltr'>uhi</span> <span class='ocrx_word' id='word_1_174' title='bbox 1274 2801 1423 2866; x_wconf 78' lang='lat' dir='ltr'>humatus</span> <span class='ocrx_word' id='word_1_175' title='bbox 1446 2807 1511 2878; x_wconf 82' lang='lat' dir='ltr'>est,</span> <span class='ocrx_word' id='word_1_176' title='bbox 1532 2821 1575 2868; x_wconf 82' lang='lat' dir='ltr'>ex</span> <span class='ocrx_word' id='word_1_177' title='bbox 1595 2801 1692 2886; x_wconf 66' lang='lat' dir='ltr'>gieta</span> <span class='ocrx_word' id='word_1_178' title='bbox 1712 2821 1766 2868; x_wconf 80' lang='lat' dir='ltr'>ro-</span> 
     </span>
     <span class='ocr_line' id='line_1_18' title="bbox 435 2893 1765 2980; baseline -0.001 -20"><span class='ocrx_word' id='word_1_179' title='bbox 435 2903 533 2971; x_wconf 80' lang='lat' dir='ltr'>catur,</span> <span class='ocrx_word' id='word_1_180' title='bbox 554 2913 593 2960; x_wconf 82' lang='lat' dir='ltr'>ac</span> <span class='ocrx_word' id='word_1_181' title='bbox 613 2902 681 2960; x_wconf 89' lang='lat' dir='ltr'>tum</span> <span class='ocrx_word' id='word_1_182' title='bbox 703 2894 843 2980; x_wconf 86' lang='lat' dir='ltr'>denique</span> <span class='ocrx_word' id='word_1_183' title='bbox 865 2896 964 2960; x_wconf 89' lang='lat' dir='ltr'>multa</span> <span class='ocrx_word' id='word_1_184' title='bbox 985 2894 1134 2980; x_wconf 75' lang='lat' dir='ltr'>religiosa</span> <span class='ocrx_word' id='word_1_185' title='bbox 1154 2896 1225 2960; x_wconf 89' lang='lat' dir='ltr'>iura</span> <span class='ocrx_word' id='word_1_186' title='bbox 1246 2894 1479 2979; x_wconf 75' lang='lat' dir='ltr'>complectitur.</span> <span class='ocrx_word' id='word_1_187' title='bbox 1522 2893 1637 2980; x_wconf 76' lang='lat' dir='ltr'>ltaque</span> <span class='ocrx_word' id='word_1_188' title='bbox 1657 2893 1695 2959; x_wconf 87' lang='lat' dir='ltr'>iu</span> <span class='ocrx_word' id='word_1_189' title='bbox 1714 2913 1765 2970; x_wconf 86' lang='lat' dir='ltr'>eo,</span> 
     </span>
     <span class='ocr_line' id='line_1_19' title="bbox 436 2986 1764 3074; baseline 0 -22"><span class='ocrx_word' id='word_1_190' title='bbox 436 2987 492 3073; x_wconf 84' lang='lat' dir='ltr'>qui</span> <span class='ocrx_word' id='word_1_191' title='bbox 514 2989 547 3053; x_wconf 90' lang='lat' dir='ltr'>in</span> <span class='ocrx_word' id='word_1_192' title='bbox 569 3006 650 3053; x_wconf 82' lang='lat' dir='ltr'>aare</span> <span class='ocrx_word' id='word_1_193' title='bbox 671 2996 813 3064; x_wconf 85' lang='lat' dir='ltr'>necatus,</span> <span class='ocrx_word' id='word_1_194' title='bbox 836 2987 952 3053; x_wconf 85' lang='lat' dir='ltr'>deinde</span> <span class='ocrx_word' id='word_1_195' title='bbox 973 2990 1005 3053; x_wconf 91' lang='lat' dir='ltr'>iu</span> <span class='ocrx_word' id='word_1_196' title='bbox 1028 3008 1116 3053; x_wconf 86' lang='lat' dir='ltr'>mare</span> <span class='ocrx_word' id='word_1_197' title='bbox 1137 2989 1296 3074; x_wconf 83' lang='lat' dir='ltr'>proiectus</span> <span class='ocrx_word' id='word_1_198' title='bbox 1318 2995 1413 3064; x_wconf 77' lang='lat' dir='ltr'>esset,</span> <span class='ocrx_word' id='word_1_199' title='bbox 1434 2986 1764 3054; x_wconf 61' lang='lat' dir='ltr'>decorticandae</span> 
     </span>
     <span class='ocr_line' id='line_1_20' title="bbox 433 3081 1764 3168; baseline -0.001 -20"><span class='ocrx_word' id='word_1_200' title='bbox 433 3081 586 3148; x_wconf 77' lang='lat' dir='ltr'>familiam</span> <span class='ocrx_word' id='word_1_201' title='bbox 607 3101 737 3168; x_wconf 84' lang='lat' dir='ltr'>puram,</span> <span class='ocrx_word' id='word_1_202' title='bbox 766 3081 853 3168; x_wconf 81' lang='lat' dir='ltr'>quod</span> <span class='ocrx_word' id='word_1_203' title='bbox 884 3103 920 3149; x_wconf 85' lang='lat' dir='ltr'>oa</span> <span class='ocrx_word' id='word_1_204' title='bbox 947 3101 1044 3167; x_wconf 85' lang='lat' dir='ltr'>supra</span> <span class='ocrx_word' id='word_1_205' title='bbox 1072 3089 1188 3148; x_wconf 83' lang='lat' dir='ltr'>terram</span> <span class='ocrx_word' id='word_1_206' title='bbox 1216 3101 1282 3146; x_wconf 84' lang='lat' dir='ltr'>non</span> <span class='ocrx_word' id='word_1_207' title='bbox 1311 3088 1469 3158; x_wconf 71' lang='lat' dir='ltr'>exstarets</span> <span class='ocrx_word' id='word_1_208' title='bbox 1501 3099 1632 3166; x_wconf 84' lang='lat' dir='ltr'>porcam</span> <span class='ocrx_word' id='word_1_209' title='bbox 1651 3081 1764 3147; x_wconf 64' lang='lat' dir='ltr'>haedi</span> 
     </span>
    </p>
   </div>
   <div class='ocr_carea' id='block_1_3' title="bbox 424 3299 1762 5989">
    <p class='ocr_par' dir='ltr' id='par_1_3' title="bbox 424 3299 1762 5989">
     <span class='ocr_line' id='line_1_21' title="bbox 498 3299 1760 3368; baseline -0.003 -10"><span class='ocrx_word' id='word_1_210' title='bbox 498 3306 523 3358; x_wconf 98' lang='grc'>4.</span> <span class='ocrx_word' id='word_1_211' title='bbox 540 3304 597 3356; x_wconf 80' lang='lat' dir='ltr'>titas</span> <span class='ocrx_word' id='word_1_212' title='bbox 611 3299 643 3356; x_wconf 79' lang='grc' dir='ltr'>Αι</span> <span class='ocrx_word' id='word_1_213' title='bbox 661 3330 689 3341; x_wconf 97' lang='grc'><strong>-</strong></span> <span class='ocrx_word' id='word_1_214' title='bbox 715 3306 814 3368; x_wconf 72' lang='lat' dir='ltr'>apost</span> <span class='ocrx_word' id='word_1_215' title='bbox 839 3332 867 3343; x_wconf 97' lang='lat'>-</span> <span class='ocrx_word' id='word_1_216' title='bbox 893 3304 994 3357; x_wconf 80' lang='lat' dir='ltr'>litteras</span> <span class='ocrx_word' id='word_1_217' title='bbox 1010 3306 1115 3356; x_wconf 73' lang='lat' dir='ltr'>sotter</span> <span class='ocrx_word' id='word_1_218' title='bbox 1130 3305 1151 3355; x_wconf 83' lang='grc' dir='ltr'><strong>Α</strong></span> <span class='ocrx_word' id='word_1_219' title='bbox 1167 3305 1195 3356; x_wconf 88' lang='lat' dir='ltr'>lu</span> <span class='ocrx_word' id='word_1_220' title='bbox 1211 3317 1264 3356; x_wconf 82' lang='lat' dir='ltr'>aas.</span> <span class='ocrx_word' id='word_1_221' title='bbox 1281 3301 1367 3355; x_wconf 83' lang='lat' dir='ltr'>habet</span> <span class='ocrx_word' id='word_1_222' title='bbox 1391 3327 1419 3339; x_wconf 94' lang='lat'><em>-</em></span> <span class='ocrx_word' id='word_1_223' title='bbox 1444 3301 1471 3353; x_wconf 74' lang='lat' dir='ltr'>t.</span> <span class='ocrx_word' id='word_1_224' title='bbox 1487 3301 1671 3366; x_wconf 63' lang='lat' dir='ltr'>mm</span> <span class='ocrx_word' id='word_1_225' title='bbox 1689 3301 1760 3365; x_wconf 72' lang='grc'><strong>4444,</strong></span> 
     </span>
     <span class='ocr_line' id='line_1_22' title="bbox 431 3377 1762 3445; baseline -0.003 -11"><span class='ocrx_word' id='word_1_226' title='bbox 431 3379 940 3445; x_wconf 58' lang='grc' dir='ltr'>Μιαρπίωωωῆῑ-</span> <span class='ocrx_word' id='word_1_227' title='bbox 967 3379 1214 3433; x_wconf 62' lang='lat' dir='ltr'>omasum.</span> <span class='ocrx_word' id='word_1_228' title='bbox 1234 3377 1762 3443; x_wconf 63' lang='lat' dir='ltr'>-tsoocoorruptectofisoamlm</span> 
     </span>
     <span class='ocr_line' id='line_1_23' title="bbox 432 3453 1760 3521; baseline -0.004 -12"><span class='ocrx_word' id='word_1_229' title='bbox 432 3453 567 3519; x_wconf 63' lang='lat' dir='ltr'>musico,</span> <span class='ocrx_word' id='word_1_230' title='bbox 590 3457 733 3521; x_wconf 77' lang='lat' dir='ltr'>postquam</span> <span class='ocrx_word' id='word_1_231' title='bbox 752 3454 810 3520; x_wconf 83' lang='lat' dir='ltr'>lpse</span> <span class='ocrx_word' id='word_1_232' title='bbox 833 3453 963 3506; x_wconf 79' lang='lat' dir='ltr'>divinavit</span> <span class='ocrx_word' id='word_1_233' title='bbox 984 3455 1023 3519; x_wconf 78' lang='lat' dir='ltr'>tv.</span> <span class='ocrx_word' id='word_1_234' title='bbox 1042 3456 1140 3520; x_wconf 83' lang='lat' dir='ltr'>opusc.</span> <span class='ocrx_word' id='word_1_235' title='bbox 1159 3453 1236 3506; x_wconf 79' lang='lat' dir='ltr'>acad.</span> <span class='ocrx_word' id='word_1_236' title='bbox 1259 3455 1297 3516; x_wconf 90' lang='lat' dir='ltr'>ll,</span> <span class='ocrx_word' id='word_1_237' title='bbox 1315 3453 1377 3517; x_wconf 75' lang='lat' dir='ltr'>itt)</span> <span class='ocrx_word' id='word_1_238' title='bbox 1399 3465 1445 3503; x_wconf 82' lang='lat' dir='ltr'>vv.</span> <span class='ocrx_word' id='word_1_239' title='bbox 1464 3453 1495 3503; x_wconf 71' lang='lat' dir='ltr'>t·</span> <span class='ocrx_word' id='word_1_240' title='bbox 1512 3463 1543 3504; x_wconf 81' lang='lat' dir='ltr'>eo</span> <span class='ocrx_word' id='word_1_241' title='bbox 1563 3453 1623 3504; x_wconf 80' lang='lat' dir='ltr'>oct·</span> <span class='ocrx_word' id='word_1_242' title='bbox 1645 3463 1710 3505; x_wconf 80' lang='lat' dir='ltr'>ease</span> <span class='ocrx_word' id='word_1_243' title='bbox 1729 3465 1760 3504; x_wconf 80' lang='lat' dir='ltr'>ar</span> 
     </span>
     <span class='ocr_line' id='line_1_24' title="bbox 432 3525 1762 3595; baseline -0.005 -12"><span class='ocrx_word' id='word_1_244' title='bbox 432 3529 577 3590; x_wconf 65' lang='lat' dir='ltr'>aomos.</span> <span class='ocrx_word' id='word_1_245' title='bbox 601 3541 655 3594; x_wconf 81' lang='lat' dir='ltr'>quo</span> <span class='ocrx_word' id='word_1_246' title='bbox 672 3530 817 3594; x_wconf 68' lang='lat' dir='ltr'>ominata</span> <span class='ocrx_word' id='word_1_247' title='bbox 833 3534 893 3582; x_wconf 82' lang='lat' dir='ltr'>erat</span> <span class='ocrx_word' id='word_1_248' title='bbox 909 3531 1020 3582; x_wconf 83' lang='lat' dir='ltr'>materia</span> <span class='ocrx_word' id='word_1_249' title='bbox 1041 3528 1168 3595; x_wconf 88' lang='lat' dir='ltr'>sepulcri.</span> <span class='ocrx_word' id='word_1_250' title='bbox 1202 3555 1226 3566; x_wconf 95' lang='lat'>-</span> <span class='ocrx_word' id='word_1_251' title='bbox 1256 3529 1324 3593; x_wconf 69' lang='lat' dir='ltr'>caca</span> <span class='ocrx_word' id='word_1_252' title='bbox 1337 3528 1407 3580; x_wconf 74' lang='lat' dir='ltr'>scas</span> <span class='ocrx_word' id='word_1_253' title='bbox 1418 3525 1511 3592; x_wconf 66' lang='lat' dir='ltr'>m</span> <span class='ocrx_word' id='word_1_254' title='bbox 1523 3539 1544 3578; x_wconf 74' lang='lat' dir='ltr'>a</span> <span class='ocrx_word' id='word_1_255' title='bbox 1557 3527 1648 3578; x_wconf 75' lang='lat' dir='ltr'>Fontis</span> <span class='ocrx_word' id='word_1_256' title='bbox 1660 3541 1713 3578; x_wconf 80' lang='lat' dir='ltr'>ara</span> <span class='ocrx_word' id='word_1_257' title='bbox 1726 3531 1762 3578; x_wconf 82' lang='lat' dir='ltr'>art</span> 
     </span>
     <span class='ocr_line' id='line_1_25' title="bbox 431 3601 1759 3669; baseline -0.003 -11"><span class='ocrx_word' id='word_1_258' title='bbox 431 3607 463 3658; x_wconf 78' lang='grc' dir='ltr'>Α.</span> <span class='ocrx_word' id='word_1_259' title='bbox 475 3606 519 3657; x_wconf 83' lang='lat' dir='ltr'>W.</span> <span class='ocrx_word' id='word_1_260' title='bbox 531 3606 627 3669; x_wconf 81' lang='lat' dir='ltr'>zumpt</span> <span class='ocrx_word' id='word_1_261' title='bbox 643 3604 700 3669; x_wconf 82' lang='lat' dir='ltr'>(aed</span> <span class='ocrx_word' id='word_1_262' title='bbox 717 3605 740 3656; x_wconf 89' lang='lat' dir='ltr'>is</span> <span class='ocrx_word' id='word_1_263' title='bbox 757 3617 819 3656; x_wconf 88' lang='lat' dir='ltr'>cum</span> <span class='ocrx_word' id='word_1_264' title='bbox 836 3603 893 3657; x_wconf 85' lang='lat' dir='ltr'>allia</span> <span class='ocrx_word' id='word_1_265' title='bbox 909 3603 1004 3668; x_wconf 75' lang='lat' dir='ltr'>Fosttl:</span> <span class='ocrx_word' id='word_1_266' title='bbox 1028 3606 1095 3668; x_wconf 75' lang='lat' dir='ltr'>poco</span> <span class='ocrx_word' id='word_1_267' title='bbox 1107 3605 1199 3668; x_wconf 82' lang='lat' dir='ltr'>procat</span> <span class='ocrx_word' id='word_1_268' title='bbox 1214 3617 1233 3654; x_wconf 89' lang='lat' dir='ltr'>o</span> <span class='ocrx_word' id='word_1_269' title='bbox 1248 3604 1307 3668; x_wconf 81' lang='lat' dir='ltr'>(stc,</span> <span class='ocrx_word' id='word_1_270' title='bbox 1324 3615 1377 3655; x_wconf 87' lang='lat' dir='ltr'>ooo</span> <span class='ocrx_word' id='word_1_271' title='bbox 1394 3603 1441 3666; x_wconf 74' lang='lat' dir='ltr'>ot)</span> <span class='ocrx_word' id='word_1_272' title='bbox 1456 3602 1534 3666; x_wconf 68' lang='lat' dir='ltr'>tosus</span> <span class='ocrx_word' id='word_1_273' title='bbox 1548 3614 1613 3653; x_wconf 74' lang='lat' dir='ltr'>mac</span> <span class='ocrx_word' id='word_1_274' title='bbox 1629 3602 1672 3667; x_wconf 80' lang='lat' dir='ltr'>(ex</span> <span class='ocrx_word' id='word_1_275' title='bbox 1682 3601 1759 3664; x_wconf 68' lang='lat' dir='ltr'>aaut</span> 
     </span>
     <span class='ocr_line' id='line_1_26' title="bbox 432 3675 1759 3744; baseline -0.002 -13"><span class='ocrx_word' id='word_1_276' title='bbox 432 3679 467 3740; x_wconf 74' lang='grc' dir='ltr'>ῦς</span> <span class='ocrx_word' id='word_1_277' title='bbox 486 3692 535 3743; x_wconf 77' lang='lat' dir='ltr'>pao</span> <span class='ocrx_word' id='word_1_278' title='bbox 550 3679 619 3730; x_wconf 76' lang='lat' dir='ltr'>tosto</span> <span class='ocrx_word' id='word_1_279' title='bbox 633 3678 722 3740; x_wconf 73' lang='lat' dir='ltr'>meat</span> <span class='ocrx_word' id='word_1_280' title='bbox 737 3691 756 3730; x_wconf 85' lang='lat' dir='ltr'>o</span> <span class='ocrx_word' id='word_1_281' title='bbox 771 3678 844 3730; x_wconf 80' lang='lat' dir='ltr'>Fostt</span> <span class='ocrx_word' id='word_1_282' title='bbox 861 3678 909 3744; x_wconf 81' lang='lat' dir='ltr'>(stc</span> <span class='ocrx_word' id='word_1_283' title='bbox 926 3690 988 3729; x_wconf 89' lang='lat' dir='ltr'>cum</span> <span class='ocrx_word' id='word_1_284' title='bbox 1000 3679 1143 3744; x_wconf 75' lang='lat' dir='ltr'>wegucro)</span> <span class='ocrx_word' id='word_1_285' title='bbox 1160 3691 1212 3729; x_wconf 79' lang='lat' dir='ltr'>ero</span> <span class='ocrx_word' id='word_1_286' title='bbox 1226 3691 1279 3744; x_wconf 76' lang='lat' dir='ltr'>rep.</span> <span class='ocrx_word' id='word_1_287' title='bbox 1297 3682 1377 3728; x_wconf 66' lang='lat' dir='ltr'>som.</span> <span class='ocrx_word' id='word_1_288' title='bbox 1394 3677 1427 3727; x_wconf 86' lang='lat' dir='ltr'>N.</span> <span class='ocrx_word' id='word_1_289' title='bbox 1445 3675 1517 3728; x_wconf 75' lang='lat' dir='ltr'>coco.</span> <span class='ocrx_word' id='word_1_290' title='bbox 1534 3678 1678 3740; x_wconf 58' lang='grc' dir='ltr'>ΜΝ</span> <span class='ocrx_word' id='word_1_291' title='bbox 1693 3677 1715 3728; x_wconf 98' lang='grc'><strong>0</strong></span> <span class='ocrx_word' id='word_1_292' title='bbox 1732 3699 1759 3712; x_wconf 93' lang='grc'>-</span> 
     </span>
     <span class='ocr_line' id='line_1_27' title="bbox 430 3749 1760 3818; baseline -0.004 -12"><span class='ocrx_word' id='word_1_293' title='bbox 430 3751 674 3818; x_wconf 54' lang='lat' dir='ltr'>lammae</span> <span class='ocrx_word' id='word_1_294' title='bbox 700 3779 727 3790; x_wconf 97' lang='lat'><em>-</em></span> <span class='ocrx_word' id='word_1_295' title='bbox 755 3750 1036 3815; x_wconf 54' lang='lat' dir='ltr'>scammum,</span> <span class='ocrx_word' id='word_1_296' title='bbox 1059 3751 1348 3812; x_wconf 69' lang='lat' dir='ltr'>emmotoutli&#39;t,</span> <span class='ocrx_word' id='word_1_297' title='bbox 1370 3749 1760 3818; x_wconf 60' lang='lat' dir='ltr'>mdlmpmlmla</span> 
     </span>
     <span class='ocr_line' id='line_1_28' title="bbox 431 3825 1759 3893; baseline -0.002 -13"><span class='ocrx_word' id='word_1_298' title='bbox 431 3841 485 3882; x_wconf 83' lang='lat' dir='ltr'>ras.</span> <span class='ocrx_word' id='word_1_299' title='bbox 506 3825 1759 3893; x_wconf 64' lang='lat' dir='ltr'>-t.mialtoe(mcom.lli,mtattosl‚misrcltosll-atulpmrttll-</span> 
     </span>
     <span class='ocr_line' id='line_1_29' title="bbox 430 3899 1757 3968; baseline -0.004 -11"><span class='ocrx_word' id='word_1_300' title='bbox 430 3903 539 3968; x_wconf 67' lang='lat' dir='ltr'>dtas,</span> <span class='ocrx_word' id='word_1_301' title='bbox 561 3904 662 3968; x_wconf 70' lang='lat' dir='ltr'>tutati</span> <span class='ocrx_word' id='word_1_302' title='bbox 688 3929 715 3941; x_wconf 92' lang='lat'>-</span> <span class='ocrx_word' id='word_1_303' title='bbox 745 3903 943 3955; x_wconf 75' lang='lat' dir='ltr'>t.tcsootosit</span> <span class='ocrx_word' id='word_1_304' title='bbox 971 3929 998 3940; x_wconf 97' lang='lat'><em>-</em></span> <span class='ocrx_word' id='word_1_305' title='bbox 1025 3903 1156 3967; x_wconf 64' lang='lat' dir='ltr'>ponc:</span> <span class='ocrx_word' id='word_1_306' title='bbox 1180 3902 1367 3967; x_wconf 63' lang='lat' dir='ltr'>metm</span> <span class='ocrx_word' id='word_1_307' title='bbox 1388 3899 1757 3960; x_wconf 65' lang='lat' dir='ltr'>soocootcauomutcm</span> 
     </span>
     <span class='ocr_line' id='line_1_30' title="bbox 430 3975 1760 4042; baseline -0.002 -10"><span class='ocrx_word' id='word_1_308' title='bbox 430 3978 521 4032; x_wconf 62' lang='lat' dir='ltr'>aenio</span> <span class='ocrx_word' id='word_1_309' title='bbox 536 3980 594 4030; x_wconf 75' lang='lat' dir='ltr'>crito</span> <span class='ocrx_word' id='word_1_310' title='bbox 608 3978 738 4042; x_wconf 66' lang='lat' dir='ltr'>motu,</span> <span class='ocrx_word' id='word_1_311' title='bbox 755 3979 796 4029; x_wconf 79' lang='lat' dir='ltr'>cot</span> <span class='ocrx_word' id='word_1_312' title='bbox 809 3980 936 4042; x_wconf 72' lang='lat' dir='ltr'>posuisset</span> <span class='ocrx_word' id='word_1_313' title='bbox 951 3975 1449 4042; x_wconf 56' lang='lat' dir='ltr'>commemoraremus.</span> <span class='ocrx_word' id='word_1_314' title='bbox 1470 3975 1650 4029; x_wconf 78' lang='lat' dir='ltr'>incontentia</span> <span class='ocrx_word' id='word_1_315' title='bbox 1666 3987 1760 4030; x_wconf 75' lang='lat' dir='ltr'>mauu</span> 
     </span>
     <span class='ocr_line' id='line_1_31' title="bbox 431 4049 1757 4120; baseline -0.002 -14"><span class='ocrx_word' id='word_1_316' title='bbox 431 4053 484 4106; x_wconf 83' lang='lat' dir='ltr'>tale</span> <span class='ocrx_word' id='word_1_317' title='bbox 504 4052 603 4120; x_wconf 84' lang='lat' dir='ltr'>aliquid</span> <span class='ocrx_word' id='word_1_318' title='bbox 624 4051 731 4104; x_wconf 85' lang='lat' dir='ltr'>videtur</span> <span class='ocrx_word' id='word_1_319' title='bbox 746 4053 861 4117; x_wconf 83' lang='lat' dir='ltr'>requiri:</span> <span class='ocrx_word' id='word_1_320' title='bbox 886 4065 966 4116; x_wconf 69' lang='lat' dir='ltr'>quas»</span> <span class='ocrx_word' id='word_1_321' title='bbox 979 4051 1080 4115; x_wconf 76' lang='lat' dir='ltr'>lecisset</span> <span class='ocrx_word' id='word_1_322' title='bbox 1095 4053 1118 4103; x_wconf 83' lang='lat' dir='ltr'>sl</span> <span class='ocrx_word' id='word_1_323' title='bbox 1134 4058 1188 4104; x_wconf 82' lang='lat' dir='ltr'>tom</span> <span class='ocrx_word' id='word_1_324' title='bbox 1202 4053 1302 4116; x_wconf 72' lang='lat' dir='ltr'>copim</span> <span class='ocrx_word' id='word_1_325' title='bbox 1316 4051 1404 4115; x_wconf 68' lang='lat' dir='ltr'>{im</span> <span class='ocrx_word' id='word_1_326' title='bbox 1419 4062 1497 4114; x_wconf 71' lang='lat' dir='ltr'>uem</span> <span class='ocrx_word' id='word_1_327' title='bbox 1510 4049 1561 4114; x_wconf 75' lang='grc'><strong>14444</strong></span> <span class='ocrx_word' id='word_1_328' title='bbox 1575 4051 1714 4104; x_wconf 64' lang='lat' dir='ltr'>m.</span> <span class='ocrx_word' id='word_1_329' title='bbox 1731 4075 1757 4088; x_wconf 93' lang='lat'>-</span> 
     </span>
     <span class='ocr_line' id='line_1_32' title="bbox 430 4123 1761 4194; baseline -0.005 -12"><span class='ocrx_word' id='word_1_330' title='bbox 430 4129 455 4182; x_wconf 84' lang='lat'>8.</span> <span class='ocrx_word' id='word_1_331' title='bbox 473 4131 540 4194; x_wconf 73' lang='lat' dir='ltr'>quod</span> <span class='ocrx_word' id='word_1_332' title='bbox 556 4134 601 4180; x_wconf 81' lang='lat' dir='ltr'>cat</span> <span class='ocrx_word' id='word_1_333' title='bbox 616 4125 678 4180; x_wconf 79' lang='lat' dir='ltr'>ll¹ll</span> <span class='ocrx_word' id='word_1_334' title='bbox 698 4154 725 4164; x_wconf 92' lang='lat'>-</span> <span class='ocrx_word' id='word_1_335' title='bbox 744 4129 833 4178; x_wconf 79' lang='lat' dir='ltr'>timent</span> <span class='ocrx_word' id='word_1_336' title='bbox 847 4140 879 4177; x_wconf 80' lang='lat' dir='ltr'>se</span> <span class='ocrx_word' id='word_1_337' title='bbox 894 4141 939 4177; x_wconf 81' lang='lat' dir='ltr'>sao</span> <span class='ocrx_word' id='word_1_338' title='bbox 955 4129 1056 4190; x_wconf 71' lang='lat' dir='ltr'>corpori</span> <span class='ocrx_word' id='word_1_339' title='bbox 1070 4133 1152 4190; x_wconf 82' lang='lat' dir='ltr'>posset</span> <span class='ocrx_word' id='word_1_340' title='bbox 1169 4127 1327 4180; x_wconf 82' lang='lat' dir='ltr'>Lambinus:</span> <span class='ocrx_word' id='word_1_341' title='bbox 1346 4127 1433 4176; x_wconf 73' lang='lat' dir='ltr'>tionem</span> <span class='ocrx_word' id='word_1_342' title='bbox 1449 4125 1533 4187; x_wconf 75' lang='lat' dir='ltr'>(timess</span> <span class='ocrx_word' id='word_1_343' title='bbox 1549 4123 1580 4187; x_wconf 82' lang='lat' dir='ltr'>ll)</span> <span class='ocrx_word' id='word_1_344' title='bbox 1598 4138 1645 4177; x_wconf 76' lang='lat' dir='ltr'>suo</span> <span class='ocrx_word' id='word_1_345' title='bbox 1659 4136 1761 4189; x_wconf 75' lang='lat' dir='ltr'>corpore</span> 
     </span>
     <span class='ocr_line' id='line_1_33' title="bbox 431 4199 1759 4271; baseline -0.002 -16"><span class='ocrx_word' id='word_1_346' title='bbox 431 4206 597 4271; x_wconf 75' lang='lat' dir='ltr'>(corportlli</span> <span class='ocrx_word' id='word_1_347' title='bbox 610 4205 689 4264; x_wconf 79' lang='lat' dir='ltr'>corr.)</span> <span class='ocrx_word' id='word_1_348' title='bbox 704 4208 786 4266; x_wconf 85' lang='lat' dir='ltr'>posset</span> <span class='ocrx_word' id='word_1_349' title='bbox 803 4204 837 4262; x_wconf 88' lang='lat' dir='ltr'>c;</span> <span class='ocrx_word' id='word_1_350' title='bbox 862 4203 1233 4266; x_wconf 76' lang='lat' dir='ltr'>timemsoocorportpossco</span> <span class='ocrx_word' id='word_1_351' title='bbox 1253 4229 1280 4239; x_wconf 95' lang='lat'>-</span> <span class='ocrx_word' id='word_1_352' title='bbox 1299 4202 1415 4252; x_wconf 78' lang='lat' dir='ltr'>accedero</span> <span class='ocrx_word' id='word_1_353' title='bbox 1429 4199 1514 4252; x_wconf 70' lang='lat' dir='ltr'>stult</span> <span class='ocrx_word' id='word_1_354' title='bbox 1534 4225 1563 4237; x_wconf 93' lang='lat'>-</span> <span class='ocrx_word' id='word_1_355' title='bbox 1586 4201 1612 4252; x_wconf 78' lang='grc'>0.</span> <span class='ocrx_word' id='word_1_356' title='bbox 1628 4199 1759 4264; x_wconf 69' lang='lat' dir='ltr'>conel&#39;ll</span> 
     </span>
     <span class='ocr_line' id='line_1_34' title="bbox 432 4272 1759 4344; baseline -0.003 -12"><span class='ocrx_word' id='word_1_357' title='bbox 432 4307 460 4318; x_wconf 96' lang='lat'>-</span> <span class='ocrx_word' id='word_1_358' title='bbox 479 4284 545 4332; x_wconf 81' lang='lat' dir='ltr'>enlm</span> <span class='ocrx_word' id='word_1_359' title='bbox 562 4281 596 4332; x_wconf 88' lang='lat' dir='ltr'>c:</span> <span class='ocrx_word' id='word_1_360' title='bbox 614 4280 730 4344; x_wconf 75' lang='lat' dir='ltr'>÷ctcosm</span> <span class='ocrx_word' id='word_1_361' title='bbox 746 4280 780 4337; x_wconf 81' lang='lat'>03</span> <span class='ocrx_word' id='word_1_362' title='bbox 797 4278 955 4339; x_wconf 76' lang='lat' dir='ltr'>tassillato,</span> <span class='ocrx_word' id='word_1_363' title='bbox 973 4279 1049 4329; x_wconf 81' lang='lat' dir='ltr'>ctiam</span> <span class='ocrx_word' id='word_1_364' title='bbox 1065 4276 1190 4329; x_wconf 71' lang='lat' dir='ltr'>contuiti</span> <span class='ocrx_word' id='word_1_365' title='bbox 1210 4306 1236 4315; x_wconf 97' lang='lat'>-</span> <span class='ocrx_word' id='word_1_366' title='bbox 1256 4279 1380 4341; x_wconf 70' lang='lat' dir='ltr'>affricano</span> <span class='ocrx_word' id='word_1_367' title='bbox 1396 4272 1428 4328; x_wconf 73' lang='grc' dir='ltr'>44ι</span> <span class='ocrx_word' id='word_1_368' title='bbox 1446 4302 1474 4313; x_wconf 98' lang='grc'><strong>-</strong></span> <span class='ocrx_word' id='word_1_369' title='bbox 1494 4276 1534 4326; x_wconf 91' lang='grc'>40.</span> <span class='ocrx_word' id='word_1_370' title='bbox 1552 4275 1615 4327; x_wconf 73' lang='lat' dir='ltr'>eos</span> <span class='ocrx_word' id='word_1_371' title='bbox 1632 4277 1665 4338; x_wconf 83' lang='lat' dir='ltr'>ll,</span> <span class='ocrx_word' id='word_1_372' title='bbox 1682 4277 1759 4328; x_wconf 79' lang='lat' dir='ltr'>siti·-</span> 
     </span>
     <span class='ocr_line' id='line_1_35' title="bbox 429 4351 1760 4418; baseline -0.002 -11"><span class='ocrx_word' id='word_1_373' title='bbox 429 4355 527 4408; x_wconf 78' lang='lat' dir='ltr'>Alort.</span> <span class='ocrx_word' id='word_1_374' title='bbox 546 4368 578 4406; x_wconf 83' lang='lat' dir='ltr'>cr</span> <span class='ocrx_word' id='word_1_375' title='bbox 595 4356 637 4406; x_wconf 84' lang='lat' dir='ltr'>siti</span> <span class='ocrx_word' id='word_1_376' title='bbox 652 4354 683 4405; x_wconf 83' lang='lat' dir='ltr'>e’e</span> <span class='ocrx_word' id='word_1_377' title='bbox 697 4355 762 4418; x_wconf 81' lang='lat' dir='ltr'>(esse)</span> <span class='ocrx_word' id='word_1_378' title='bbox 788 4382 816 4391; x_wconf 98' lang='lat'>-</span> <span class='ocrx_word' id='word_1_379' title='bbox 842 4355 877 4404; x_wconf 80' lang='lat' dir='ltr'>hit</span> <span class='ocrx_word' id='word_1_380' title='bbox 894 4356 924 4415; x_wconf 83' lang='grc' dir='ltr'>Α,</span> <span class='ocrx_word' id='word_1_381' title='bbox 941 4354 967 4403; x_wconf 81' lang='lat' dir='ltr'>li</span> <span class='ocrx_word' id='word_1_382' title='bbox 984 4354 1036 4406; x_wconf 85' lang='grc' dir='ltr'>ΒΗ</span> <span class='ocrx_word' id='word_1_383' title='bbox 1063 4380 1091 4390; x_wconf 95' lang='grc'>-</span> <span class='ocrx_word' id='word_1_384' title='bbox 1121 4356 1160 4404; x_wconf 90' lang='grc'>44.</span> <span class='ocrx_word' id='word_1_385' title='bbox 1176 4367 1269 4417; x_wconf 76' lang='lat' dir='ltr'>porcus</span> <span class='ocrx_word' id='word_1_386' title='bbox 1284 4366 1371 4404; x_wconf 74' lang='lat' dir='ltr'>eoem</span> <span class='ocrx_word' id='word_1_387' title='bbox 1386 4353 1419 4403; x_wconf 81' lang='lat' dir='ltr'>sit</span> <span class='ocrx_word' id='word_1_388' title='bbox 1434 4351 1551 4417; x_wconf 69' lang='lat' dir='ltr'>iladvig:</span> <span class='ocrx_word' id='word_1_389' title='bbox 1568 4363 1662 4417; x_wconf 76' lang='lat' dir='ltr'>corpas</span> <span class='ocrx_word' id='word_1_390' title='bbox 1677 4364 1760 4405; x_wconf 62' lang='lat' dir='ltr'>eant</span> 
     </span>
     <span class='ocr_line' id='line_1_36' title="bbox 429 4427 1759 4495; baseline -0.002 -14"><span class='ocrx_word' id='word_1_391' title='bbox 429 4428 565 4495; x_wconf 71' lang='lat' dir='ltr'>(coerciti)</span> <span class='ocrx_word' id='word_1_392' title='bbox 583 4435 617 4481; x_wconf 84' lang='lat' dir='ltr'>est</span> <span class='ocrx_word' id='word_1_393' title='bbox 635 4430 672 4490; x_wconf 73' lang='grc' dir='ltr'>ῦς</span> <span class='ocrx_word' id='word_1_394' title='bbox 698 4443 789 4493; x_wconf 61' lang='lat' dir='ltr'>corpus</span> <span class='ocrx_word' id='word_1_395' title='bbox 804 4430 926 4494; x_wconf 61' lang='lat' dir='ltr'>inpulsam</span> <span class='ocrx_word' id='word_1_396' title='bbox 942 4433 978 4479; x_wconf 83' lang='lat' dir='ltr'>est</span> <span class='ocrx_word' id='word_1_397' title='bbox 998 4430 1018 4479; x_wconf 96' lang='grc'><strong>0</strong></span> <span class='ocrx_word' id='word_1_398' title='bbox 1040 4442 1103 4479; x_wconf 90' lang='lat' dir='ltr'>cum</span> <span class='ocrx_word' id='word_1_399' title='bbox 1125 4429 1239 4480; x_wconf 87' lang='lat' dir='ltr'>Davisio.</span> <span class='ocrx_word' id='word_1_400' title='bbox 1275 4427 1376 4479; x_wconf 70' lang='lat' dir='ltr'>acodd.</span> <span class='ocrx_word' id='word_1_401' title='bbox 1398 4439 1490 4490; x_wconf 78' lang='lat' dir='ltr'>oorpot</span> <span class='ocrx_word' id='word_1_402' title='bbox 1508 4439 1596 4478; x_wconf 69' lang='lat' dir='ltr'>mesae</span> <span class='ocrx_word' id='word_1_403' title='bbox 1615 4432 1661 4478; x_wconf 81' lang='lat' dir='ltr'>eat.</span> <span class='ocrx_word' id='word_1_404' title='bbox 1696 4428 1759 4479; x_wconf 81' lang='lat' dir='ltr'>illoc</span> 
     </span>
     <span class='ocr_line' id='line_1_37' title="bbox 429 4498 1760 4570; baseline 0 -15"><span class='ocrx_word' id='word_1_405' title='bbox 429 4504 521 4556; x_wconf 82' lang='lat' dir='ltr'>fictum</span> <span class='ocrx_word' id='word_1_406' title='bbox 538 4506 659 4570; x_wconf 66' lang='lat' dir='ltr'>tapam</span> <span class='ocrx_word' id='word_1_407' title='bbox 675 4508 703 4556; x_wconf 90' lang='lat' dir='ltr'>et</span> <span class='ocrx_word' id='word_1_408' title='bbox 719 4504 777 4566; x_wconf 86' lang='lat' dir='ltr'>alis,</span> <span class='ocrx_word' id='word_1_409' title='bbox 796 4516 878 4569; x_wconf 83' lang='lat' dir='ltr'>prave</span> <span class='ocrx_word' id='word_1_410' title='bbox 896 4504 975 4554; x_wconf 88' lang='lat' dir='ltr'>ctiam</span> <span class='ocrx_word' id='word_1_411' title='bbox 993 4502 1027 4553; x_wconf 93' lang='lat' dir='ltr'>ad</span> <span class='ocrx_word' id='word_1_412' title='bbox 1042 4504 1216 4563; x_wconf 70' lang='lat' dir='ltr'>senteutiam</span> <span class='ocrx_word' id='word_1_413' title='bbox 1236 4515 1298 4555; x_wconf 87' lang='lat' dir='ltr'>uam</span> <span class='ocrx_word' id='word_1_414' title='bbox 1310 4514 1409 4566; x_wconf 89' lang='lat' dir='ltr'>corpus</span> <span class='ocrx_word' id='word_1_415' title='bbox 1420 4498 1520 4552; x_wconf 90' lang='lat' dir='ltr'>illatum</span> <span class='ocrx_word' id='word_1_416' title='bbox 1533 4501 1587 4553; x_wconf 83' lang='lat' dir='ltr'>iam</span> <span class='ocrx_word' id='word_1_417' title='bbox 1598 4501 1760 4567; x_wconf 70' lang='lat' dir='ltr'>significatur</span> 
     </span>
     <span class='ocr_line' id='line_1_38' title="bbox 429 4574 1760 4643; baseline -0.001 -15"><span class='ocrx_word' id='word_1_418' title='bbox 429 4578 487 4643; x_wconf 89' lang='lat' dir='ltr'>ipse</span> <span class='ocrx_word' id='word_1_419' title='bbox 504 4592 571 4629; x_wconf 82' lang='lat' dir='ltr'>voce</span> <span class='ocrx_word' id='word_1_420' title='bbox 586 4579 680 4629; x_wconf 75' lang='lat' dir='ltr'>conditi</span> <span class='ocrx_word' id='word_1_421' title='bbox 695 4583 764 4636; x_wconf 67' lang='lat' dir='ltr'>essm</span> <span class='ocrx_word' id='word_1_422' title='bbox 783 4577 826 4628; x_wconf 84' lang='lat' dir='ltr'>hic</span> <span class='ocrx_word' id='word_1_423' title='bbox 838 4575 936 4641; x_wconf 88' lang='lat' dir='ltr'>aliquid</span> <span class='ocrx_word' id='word_1_424' title='bbox 952 4576 1048 4628; x_wconf 90' lang='lat' dir='ltr'>dicitur</span> <span class='ocrx_word' id='word_1_425' title='bbox 1058 4580 1121 4643; x_wconf 86' lang='lat' dir='ltr'>post</span> <span class='ocrx_word' id='word_1_426' title='bbox 1132 4579 1251 4643; x_wconf 82' lang='lat' dir='ltr'>corporis</span> <span class='ocrx_word' id='word_1_427' title='bbox 1268 4575 1435 4629; x_wconf 84' lang='lat' dir='ltr'>condituram</span> <span class='ocrx_word' id='word_1_428' title='bbox 1452 4574 1586 4627; x_wconf 83' lang='lat' dir='ltr'>accedere</span> <span class='ocrx_word' id='word_1_429' title='bbox 1602 4574 1717 4640; x_wconf 76' lang='lat' dir='ltr'>debere.</span> <span class='ocrx_word' id='word_1_430' title='bbox 1732 4577 1760 4627; x_wconf 89' lang='lat' dir='ltr'>at</span> 
     </span>
     <span class='ocr_line' id='line_1_39' title="bbox 428 4651 1756 4716; baseline 0 -14"><span class='ocrx_word' id='word_1_431' title='bbox 428 4653 535 4716; x_wconf 76' lang='lat' dir='ltr'>sepulcri</span> <span class='ocrx_word' id='word_1_432' title='bbox 551 4665 650 4704; x_wconf 89' lang='lat' dir='ltr'>nomeu</span> <span class='ocrx_word' id='word_1_433' title='bbox 667 4654 765 4704; x_wconf 85' lang='lat' dir='ltr'>iustum</span> <span class='ocrx_word' id='word_1_434' title='bbox 782 4654 825 4704; x_wconf 86' lang='lat' dir='ltr'>eit.</span> <span class='ocrx_word' id='word_1_435' title='bbox 855 4652 1047 4703; x_wconf 86' lang='lat' dir='ltr'>Scribendum:</span> <span class='ocrx_word' id='word_1_436' title='bbox 1066 4666 1144 4715; x_wconf 78' lang='lat' dir='ltr'>quom</span> <span class='ocrx_word' id='word_1_437' title='bbox 1158 4652 1312 4716; x_wconf 71' lang='lat' dir='ltr'>lactefacto</span> <span class='ocrx_word' id='word_1_438' title='bbox 1327 4656 1350 4701; x_wconf 88' lang='lat' dir='ltr'>et</span> <span class='ocrx_word' id='word_1_439' title='bbox 1363 4662 1455 4714; x_wconf 76' lang='lat' dir='ltr'>porcus</span> <span class='ocrx_word' id='word_1_440' title='bbox 1470 4661 1558 4701; x_wconf 78' lang='lat' dir='ltr'>coesus</span> <span class='ocrx_word' id='word_1_441' title='bbox 1572 4651 1632 4701; x_wconf 77' lang='lat' dir='ltr'>ait.»</span> <span class='ocrx_word' id='word_1_442' title='bbox 1649 4651 1756 4702; x_wconf 75' lang='lat' dir='ltr'>umus.</span> 
     </span>
     <span class='ocr_line' id='line_1_40' title="bbox 429 4723 1758 4791; baseline -0.002 -11"><span class='ocrx_word' id='word_1_443' title='bbox 429 4730 524 4780; x_wconf 83' lang='lat' dir='ltr'>Postea</span> <span class='ocrx_word' id='word_1_444' title='bbox 540 4727 655 4780; x_wconf 88' lang='lat' dir='ltr'>vidimus</span> <span class='ocrx_word' id='word_1_445' title='bbox 668 4740 762 4791; x_wconf 82' lang='lat' dir='ltr'>porcos</span> <span class='ocrx_word' id='word_1_446' title='bbox 778 4729 858 4778; x_wconf 86' lang='lat' dir='ltr'>ctiam</span> <span class='ocrx_word' id='word_1_447' title='bbox 875 4740 890 4777; x_wconf 88' lang='lat' dir='ltr'>a</span> <span class='ocrx_word' id='word_1_448' title='bbox 909 4726 1060 4779; x_wconf 81' lang='lat' dir='ltr'>Luebberto</span> <span class='ocrx_word' id='word_1_449' title='bbox 1078 4729 1104 4778; x_wconf 91' lang='lat' dir='ltr'>iu</span> <span class='ocrx_word' id='word_1_450' title='bbox 1122 4729 1278 4779; x_wconf 82' lang='lat' dir='ltr'>commenti.</span> <span class='ocrx_word' id='word_1_451' title='bbox 1294 4723 1437 4791; x_wconf 81' lang='lat' dir='ltr'>pontifical.</span> <span class='ocrx_word' id='word_1_452' title='bbox 1455 4736 1515 4790; x_wconf 77' lang='lat' dir='ltr'>pag.</span> <span class='ocrx_word' id='word_1_453' title='bbox 1525 4723 1558 4775; x_wconf 76' lang='lat' dir='ltr'>te</span> <span class='ocrx_word' id='word_1_454' title='bbox 1574 4727 1650 4777; x_wconf 81' lang='lat' dir='ltr'>recte</span> <span class='ocrx_word' id='word_1_455' title='bbox 1667 4737 1758 4777; x_wconf 78' lang='lat' dir='ltr'>emm-</span> 
     </span>
     <span class='ocr_line' id='line_1_41' title="bbox 429 4799 1758 4866; baseline -0.002 -12"><span class='ocrx_word' id='word_1_456' title='bbox 429 4802 522 4854; x_wconf 83' lang='lat' dir='ltr'>datum</span> <span class='ocrx_word' id='word_1_457' title='bbox 539 4815 608 4854; x_wconf 87' lang='lat' dir='ltr'>esse.</span> <span class='ocrx_word' id='word_1_458' title='bbox 628 4828 656 4840; x_wconf 93' lang='lat'>-</span> <span class='ocrx_word' id='word_1_459' title='bbox 676 4803 716 4852; x_wconf 80' lang='lat' dir='ltr'>it.</span> <span class='ocrx_word' id='word_1_460' title='bbox 734 4815 783 4851; x_wconf 79' lang='lat' dir='ltr'>oro</span> <span class='ocrx_word' id='word_1_461' title='bbox 798 4804 867 4852; x_wconf 72' lang='lat' dir='ltr'>omit</span> <span class='ocrx_word' id='word_1_462' title='bbox 882 4807 911 4851; x_wconf 81' lang='lat' dir='ltr'>ot</span> <span class='ocrx_word' id='word_1_463' title='bbox 926 4802 1021 4866; x_wconf 80' lang='lat' dir='ltr'>scripsi</span> <span class='ocrx_word' id='word_1_464' title='bbox 1037 4805 1184 4866; x_wconf 82' lang='lat' dir='ltr'>praecunte</span> <span class='ocrx_word' id='word_1_465' title='bbox 1197 4803 1315 4853; x_wconf 83' lang='lat' dir='ltr'>llosoco:</span> <span class='ocrx_word' id='word_1_466' title='bbox 1332 4801 1431 4863; x_wconf 64' lang='lat' dir='ltr'>pesnas</span> <span class='ocrx_word' id='word_1_467' title='bbox 1447 4799 1477 4861; x_wconf 81' lang='lat' dir='ltr'>C,</span> <span class='ocrx_word' id='word_1_468' title='bbox 1492 4800 1600 4863; x_wconf 72' lang='lat' dir='ltr'>positar</span> <span class='ocrx_word' id='word_1_469' title='bbox 1614 4805 1644 4852; x_wconf 78' lang='lat' dir='ltr'>st</span> <span class='ocrx_word' id='word_1_470' title='bbox 1660 4801 1683 4851; x_wconf 93' lang='grc'><strong>0</strong></span> <span class='ocrx_word' id='word_1_471' title='bbox 1699 4811 1758 4852; x_wconf 82' lang='lat' dir='ltr'>cun</span> 
     </span>
     <span class='ocr_line' id='line_1_42' title="bbox 428 4871 1756 4942; baseline -0.002 -12"><span class='ocrx_word' id='word_1_472' title='bbox 428 4878 552 4930; x_wconf 80' lang='lat' dir='ltr'>Turnebo</span> <span class='ocrx_word' id='word_1_473' title='bbox 583 4904 608 4917; x_wconf 94' lang='lat'>-</span> <span class='ocrx_word' id='word_1_474' title='bbox 641 4877 680 4928; x_wconf 82' lang='grc'>43.</span> <span class='ocrx_word' id='word_1_475' title='bbox 698 4878 816 4937; x_wconf 78' lang='lat' dir='ltr'>totali,</span> <span class='ocrx_word' id='word_1_476' title='bbox 843 4878 870 4927; x_wconf 82' lang='lat' dir='ltr'>io</span> <span class='ocrx_word' id='word_1_477' title='bbox 885 4878 923 4927; x_wconf 81' lang='lat' dir='ltr'>itis</span> <span class='ocrx_word' id='word_1_478' title='bbox 940 4879 990 4928; x_wconf 82' lang='grc' dir='ltr'>ΑΒ</span> <span class='ocrx_word' id='word_1_479' title='bbox 1018 4903 1046 4914; x_wconf 96' lang='grc'>-</span> <span class='ocrx_word' id='word_1_480' title='bbox 1073 4889 1135 4942; x_wconf 79' lang='lat' dir='ltr'>quos</span> <span class='ocrx_word' id='word_1_481' title='bbox 1151 4872 1235 4929; x_wconf 55' lang='lat' dir='ltr'>uss:</span> <span class='ocrx_word' id='word_1_482' title='bbox 1258 4875 1361 4939; x_wconf 79' lang='lat' dir='ltr'>poooc</span> <span class='ocrx_word' id='word_1_483' title='bbox 1391 4901 1417 4912; x_wconf 96' lang='lat'><em>-</em></span> <span class='ocrx_word' id='word_1_484' title='bbox 1444 4872 1484 4925; x_wconf 90' lang='grc'>44.</span> <span class='ocrx_word' id='word_1_485' title='bbox 1501 4875 1597 4926; x_wconf 76' lang='lat' dir='ltr'>intecto</span> <span class='ocrx_word' id='word_1_486' title='bbox 1611 4871 1714 4928; x_wconf 75' lang='lat' dir='ltr'>A¹lt¹ll</span> <span class='ocrx_word' id='word_1_487' title='bbox 1731 4900 1756 4913; x_wconf 93' lang='lat'>-</span> 
     </span>
     <span class='ocr_line' id='line_1_43' title="bbox 428 4945 1757 5017; baseline -0.002 -12"><span class='ocrx_word' id='word_1_488' title='bbox 428 4959 574 5005; x_wconf 68' lang='lat' dir='ltr'>macerat</span> <span class='ocrx_word' id='word_1_489' title='bbox 590 4952 693 5015; x_wconf 78' lang='lat' dir='ltr'>iladvig</span> <span class='ocrx_word' id='word_1_490' title='bbox 704 4953 740 5015; x_wconf 89' lang='lat' dir='ltr'>(iu</span> <span class='ocrx_word' id='word_1_491' title='bbox 753 4951 864 5017; x_wconf 83' lang='lat' dir='ltr'>epistole</span> <span class='ocrx_word' id='word_1_492' title='bbox 876 4951 910 5002; x_wconf 90' lang='lat' dir='ltr'>ad</span> <span class='ocrx_word' id='word_1_493' title='bbox 923 4965 966 5002; x_wconf 90' lang='lat' dir='ltr'>me</span> <span class='ocrx_word' id='word_1_494' title='bbox 979 4953 1087 5017; x_wconf 80' lang='lat' dir='ltr'>scripta)</span> <span class='ocrx_word' id='word_1_495' title='bbox 1099 4954 1127 5001; x_wconf 89' lang='lat' dir='ltr'>et</span> <span class='ocrx_word' id='word_1_496' title='bbox 1138 4950 1295 5015; x_wconf 77' lang='lat' dir='ltr'>Feldhuegel</span> <span class='ocrx_word' id='word_1_497' title='bbox 1314 4952 1339 5001; x_wconf 91' lang='lat' dir='ltr'>in</span> <span class='ocrx_word' id='word_1_498' title='bbox 1357 4948 1501 5001; x_wconf 86' lang='lat' dir='ltr'>addendis:</span> <span class='ocrx_word' id='word_1_499' title='bbox 1519 4955 1635 5003; x_wconf 76' lang='lat' dir='ltr'>conterat</span> <span class='ocrx_word' id='word_1_500' title='bbox 1646 4945 1757 5012; x_wconf 76' lang='lat' dir='ltr'>a¹n¹1t’.</span> 
     </span>
     <span class='ocr_line' id='line_1_44' title="bbox 427 5023 1759 5097; baseline -0.005 -16"><span class='ocrx_word' id='word_1_501' title='bbox 427 5035 537 5081; x_wconf 81' lang='lat' dir='ltr'>conteret</span> <span class='ocrx_word' id='word_1_502' title='bbox 552 5023 598 5090; x_wconf 89' lang='lat' dir='ltr'>ll¹‚</span> <span class='ocrx_word' id='word_1_503' title='bbox 621 5033 764 5093; x_wconf 61' lang='lat' dir='ltr'>contegeret</span> <span class='ocrx_word' id='word_1_504' title='bbox 780 5028 861 5087; x_wconf 76' lang='lat' dir='ltr'>s²it²‚</span> <span class='ocrx_word' id='word_1_505' title='bbox 886 5032 1025 5091; x_wconf 74' lang='lat' dir='ltr'>contepcret</span> <span class='ocrx_word' id='word_1_506' title='bbox 1042 5026 1105 5077; x_wconf 90' lang='lat' dir='ltr'>edd.</span> <span class='ocrx_word' id='word_1_507' title='bbox 1133 5054 1161 5063; x_wconf 98' lang='lat'>-</span> <span class='ocrx_word' id='word_1_508' title='bbox 1191 5040 1248 5076; x_wconf 78' lang='lat' dir='ltr'>cum</span> <span class='ocrx_word' id='word_1_509' title='bbox 1265 5038 1312 5097; x_wconf 67' lang='lat' dir='ltr'>pop</span> <span class='ocrx_word' id='word_1_510' title='bbox 1326 5038 1396 5076; x_wconf 82' lang='lat' dir='ltr'>moro</span> <span class='ocrx_word' id='word_1_511' title='bbox 1413 5025 1436 5076; x_wconf 86' lang='lat' dir='ltr'>ll</span> <span class='ocrx_word' id='word_1_512' title='bbox 1465 5050 1494 5062; x_wconf 94' lang='lat'><em>-</em></span> <span class='ocrx_word' id='word_1_513' title='bbox 1527 5027 1659 5090; x_wconf 63' lang='lat' dir='ltr'>confirmet</span> <span class='ocrx_word' id='word_1_514' title='bbox 1674 5027 1709 5087; x_wconf 79' lang='grc' dir='ltr'>Δ,</span> <span class='ocrx_word' id='word_1_515' title='bbox 1730 5026 1759 5075; x_wconf 79' lang='lat' dir='ltr'>ut</span> 
     </span>
     <span class='ocr_line' id='line_1_45' title="bbox 428 5098 1755 5165; baseline -0.001 -12"><span class='ocrx_word' id='word_1_516' title='bbox 428 5103 534 5154; x_wconf 88' lang='lat' dir='ltr'>videtur</span> <span class='ocrx_word' id='word_1_517' title='bbox 561 5129 588 5139; x_wconf 94' lang='lat'>-</span> <span class='ocrx_word' id='word_1_518' title='bbox 615 5104 655 5153; x_wconf 78' lang='grc'>40.</span> <span class='ocrx_word' id='word_1_519' title='bbox 674 5104 701 5153; x_wconf 84' lang='lat' dir='ltr'>io</span> <span class='ocrx_word' id='word_1_520' title='bbox 718 5116 746 5152; x_wconf 84' lang='lat' dir='ltr'>os</span> <span class='ocrx_word' id='word_1_521' title='bbox 763 5101 917 5153; x_wconf 85' lang='lat' dir='ltr'>Turnebus:</span> <span class='ocrx_word' id='word_1_522' title='bbox 937 5103 964 5150; x_wconf 82' lang='lat' dir='ltr'>io</span> <span class='ocrx_word' id='word_1_523' title='bbox 980 5104 1056 5153; x_wconf 72' lang='lat' dir='ltr'>eost)</span> <span class='ocrx_word' id='word_1_524' title='bbox 1085 5127 1112 5138; x_wconf 93' lang='lat'>-·</span> <span class='ocrx_word' id='word_1_525' title='bbox 1139 5101 1231 5153; x_wconf 80' lang='lat' dir='ltr'>intecto</span> <span class='ocrx_word' id='word_1_526' title='bbox 1247 5098 1308 5152; x_wconf 87' lang='lat' dir='ltr'>B¹ll</span> <span class='ocrx_word' id='word_1_527' title='bbox 1326 5127 1353 5137; x_wconf 96' lang='lat'><em>-</em></span> <span class='ocrx_word' id='word_1_528' title='bbox 1372 5099 1444 5165; x_wconf 76' lang='lat' dir='ltr'>piola</span> <span class='ocrx_word' id='word_1_529' title='bbox 1460 5102 1481 5151; x_wconf 84' lang='grc' dir='ltr'><strong>Α</strong></span> <span class='ocrx_word' id='word_1_530' title='bbox 1500 5101 1598 5164; x_wconf 86' lang='lat' dir='ltr'>partim</span> <span class='ocrx_word' id='word_1_531' title='bbox 1613 5101 1640 5151; x_wconf 87' lang='lat' dir='ltr'>ia</span> <span class='ocrx_word' id='word_1_532' title='bbox 1657 5111 1712 5152; x_wconf 79' lang='lat' dir='ltr'>ras.</span> <span class='ocrx_word' id='word_1_533' title='bbox 1730 5123 1755 5136; x_wconf 93' lang='lat'>-</span> 
     </span>
     <span class='ocr_line' id='line_1_46' title="bbox 429 5171 1758 5240; baseline -0.001 -13"><span class='ocrx_word' id='word_1_534' title='bbox 429 5178 470 5228; x_wconf 84' lang='grc'>40.</span> <span class='ocrx_word' id='word_1_535' title='bbox 488 5177 608 5239; x_wconf 75' lang='lat' dir='ltr'>trossulus,</span> <span class='ocrx_word' id='word_1_536' title='bbox 626 5178 668 5227; x_wconf 79' lang='lat' dir='ltr'>ubi</span> <span class='ocrx_word' id='word_1_537' title='bbox 684 5179 801 5227; x_wconf 68' lang='lat' dir='ltr'>lammae</span> <span class='ocrx_word' id='word_1_538' title='bbox 816 5183 863 5238; x_wconf 81' lang='lat' dir='ltr'>est,</span> <span class='ocrx_word' id='word_1_539' title='bbox 881 5190 914 5225; x_wconf 75' lang='lat' dir='ltr'>ea</span> <span class='ocrx_word' id='word_1_540' title='bbox 930 5176 1002 5240; x_wconf 73' lang='lat' dir='ltr'>ciebo</span> <span class='ocrx_word' id='word_1_541' title='bbox 1017 5179 1123 5225; x_wconf 79' lang='lat' dir='ltr'>occatur</span> <span class='ocrx_word' id='word_1_542' title='bbox 1142 5177 1301 5240; x_wconf 74' lang='lat' dir='ltr'>Madvigius:</span> <span class='ocrx_word' id='word_1_543' title='bbox 1326 5174 1428 5225; x_wconf 76' lang='lat' dir='ltr'>tumulis</span> <span class='ocrx_word' id='word_1_544' title='bbox 1443 5179 1466 5223; x_wconf 85' lang='lat' dir='ltr'>et</span> <span class='ocrx_word' id='word_1_545' title='bbox 1482 5174 1603 5225; x_wconf 71' lang='lat' dir='ltr'>somam</span> <span class='ocrx_word' id='word_1_546' title='bbox 1618 5171 1634 5227; x_wconf 73' lang='lat' dir='ltr'>i</span> <span class='ocrx_word' id='word_1_547' title='bbox 1649 5181 1674 5226; x_wconf 82' lang='lat' dir='ltr'>et</span> <span class='ocrx_word' id='word_1_548' title='bbox 1689 5173 1758 5240; x_wconf 66' lang='lat' dir='ltr'>alda</span> 
     </span>
     <span class='ocr_line' id='line_1_47' title="bbox 427 5250 1757 5314; baseline -0.002 -10"><span class='ocrx_word' id='word_1_549' title='bbox 427 5258 535 5304; x_wconf 76' lang='lat' dir='ltr'>uocatur</span> <span class='ocrx_word' id='word_1_550' title='bbox 550 5254 599 5303; x_wconf 77' lang='grc' dir='ltr'>ΑΒ</span> <span class='ocrx_word' id='word_1_551' title='bbox 618 5251 674 5314; x_wconf 83' lang='lat' dir='ltr'>(aed</span> <span class='ocrx_word' id='word_1_552' title='bbox 693 5252 719 5302; x_wconf 90' lang='lat' dir='ltr'>iu</span> <span class='ocrx_word' id='word_1_553' title='bbox 736 5254 756 5302; x_wconf 77' lang='grc' dir='ltr'><strong>Α</strong></span> <span class='ocrx_word' id='word_1_554' title='bbox 775 5251 877 5301; x_wconf 79' lang='lat' dir='ltr'>litterae</span> <span class='ocrx_word' id='word_1_555' title='bbox 894 5252 995 5301; x_wconf 77' lang='lat' dir='ltr'>tumulis</span> <span class='ocrx_word' id='word_1_556' title='bbox 1011 5254 1038 5301; x_wconf 89' lang='lat' dir='ltr'>et</span> <span class='ocrx_word' id='word_1_557' title='bbox 1054 5254 1078 5301; x_wconf 81' lang='lat' dir='ltr'>ct</span> <span class='ocrx_word' id='word_1_558' title='bbox 1093 5250 1165 5314; x_wconf 70' lang='lat' dir='ltr'>ciebo</span> <span class='ocrx_word' id='word_1_559' title='bbox 1181 5250 1237 5302; x_wconf 86' lang='lat' dir='ltr'>lere</span> <span class='ocrx_word' id='word_1_560' title='bbox 1255 5254 1369 5301; x_wconf 88' lang='lat' dir='ltr'>cunctae</span> <span class='ocrx_word' id='word_1_561' title='bbox 1386 5250 1411 5299; x_wconf 91' lang='lat' dir='ltr'>iu</span> <span class='ocrx_word' id='word_1_562' title='bbox 1428 5260 1481 5300; x_wconf 85' lang='lat' dir='ltr'>ras.</span> <span class='ocrx_word' id='word_1_563' title='bbox 1500 5251 1618 5314; x_wconf 82' lang='lat' dir='ltr'>scriptae</span> <span class='ocrx_word' id='word_1_564' title='bbox 1634 5255 1712 5313; x_wconf 73' lang='lat' dir='ltr'>auat,</span> <span class='ocrx_word' id='word_1_565' title='bbox 1732 5250 1757 5301; x_wconf 84' lang='grc' dir='ltr'>ΙΙ</span> 
     </span>
     <span class='ocr_line' id='line_1_48' title="bbox 428 5322 1755 5389; baseline -0.001 -10"><span class='ocrx_word' id='word_1_566' title='bbox 428 5329 448 5379; x_wconf 84' lang='lat' dir='ltr'>B</span> <span class='ocrx_word' id='word_1_567' title='bbox 464 5328 565 5378; x_wconf 62' lang='lat' dir='ltr'>tundis</span> <span class='ocrx_word' id='word_1_568' title='bbox 580 5329 619 5378; x_wconf 92' lang='lat' dir='ltr'>sic</span> <span class='ocrx_word' id='word_1_569' title='bbox 636 5329 730 5388; x_wconf 80' lang='lat' dir='ltr'>exstat,</span> <span class='ocrx_word' id='word_1_570' title='bbox 749 5329 778 5376; x_wconf 90' lang='lat' dir='ltr'>ut</span> <span class='ocrx_word' id='word_1_571' title='bbox 794 5333 821 5376; x_wconf 83' lang='lat' dir='ltr'>tu</span> <span class='ocrx_word' id='word_1_572' title='bbox 837 5327 871 5378; x_wconf 87' lang='lat' dir='ltr'>sit</span> <span class='ocrx_word' id='word_1_573' title='bbox 888 5330 1040 5376; x_wconf 85' lang='lat' dir='ltr'>correctum</span> <span class='ocrx_word' id='word_1_574' title='bbox 1057 5339 1090 5376; x_wconf 81' lang='lat' dir='ltr'>er</span> <span class='ocrx_word' id='word_1_575' title='bbox 1107 5323 1136 5375; x_wconf 79' lang='grc'>40</span> <span class='ocrx_word' id='word_1_576' title='bbox 1156 5328 1183 5375; x_wconf 87' lang='lat' dir='ltr'>ct</span> <span class='ocrx_word' id='word_1_577' title='bbox 1199 5325 1274 5375; x_wconf 62' lang='lat' dir='ltr'>motu</span> <span class='ocrx_word' id='word_1_578' title='bbox 1285 5330 1308 5375; x_wconf 88' lang='lat' dir='ltr'>et</span> <span class='ocrx_word' id='word_1_579' title='bbox 1325 5326 1350 5375; x_wconf 92' lang='lat' dir='ltr'>iu</span> <span class='ocrx_word' id='word_1_580' title='bbox 1369 5323 1427 5375; x_wconf 91' lang='lat' dir='ltr'>loco</span> <span class='ocrx_word' id='word_1_581' title='bbox 1445 5336 1524 5374; x_wconf 86' lang='lat' dir='ltr'>eraso</span> <span class='ocrx_word' id='word_1_582' title='bbox 1536 5322 1693 5389; x_wconf 85' lang='lat' dir='ltr'>suppletum</span> <span class='ocrx_word' id='word_1_583' title='bbox 1703 5324 1755 5388; x_wconf 67' lang='lat' dir='ltr'>dlis</span> 
     </span>
     <span class='ocr_line' id='line_1_49' title="bbox 427 5399 1755 5464; baseline -0.001 -11"><span class='ocrx_word' id='word_1_584' title='bbox 427 5409 481 5453; x_wconf 77' lang='lat' dir='ltr'>tom</span> <span class='ocrx_word' id='word_1_585' title='bbox 496 5408 520 5453; x_wconf 87' lang='lat' dir='ltr'>et</span> <span class='ocrx_word' id='word_1_586' title='bbox 535 5402 585 5452; x_wconf 80' lang='lat' dir='ltr'>illia</span> <span class='ocrx_word' id='word_1_587' title='bbox 600 5402 716 5451; x_wconf 69' lang='lat' dir='ltr'>hemmae</span> <span class='ocrx_word' id='word_1_588' title='bbox 735 5406 772 5451; x_wconf 81' lang='lat' dir='ltr'>est</span> <span class='ocrx_word' id='word_1_589' title='bbox 790 5407 813 5452; x_wconf 88' lang='lat' dir='ltr'>et</span> <span class='ocrx_word' id='word_1_590' title='bbox 829 5400 901 5464; x_wconf 75' lang='lat' dir='ltr'>aleco</span> <span class='ocrx_word' id='word_1_591' title='bbox 917 5407 1024 5450; x_wconf 79' lang='lat' dir='ltr'>vocetur</span> <span class='ocrx_word' id='word_1_592' title='bbox 1046 5400 1085 5459; x_wconf 85' lang='lat' dir='ltr'>li,</span> <span class='ocrx_word' id='word_1_593' title='bbox 1114 5402 1194 5462; x_wconf 80' lang='lat' dir='ltr'>†tum</span> <span class='ocrx_word' id='word_1_594' title='bbox 1210 5405 1233 5450; x_wconf 88' lang='lat' dir='ltr'>et</span> <span class='ocrx_word' id='word_1_595' title='bbox 1248 5400 1300 5449; x_wconf 81' lang='lat' dir='ltr'>iilic</span> <span class='ocrx_word' id='word_1_596' title='bbox 1315 5401 1433 5450; x_wconf 68' lang='lat' dir='ltr'>hommes</span> <span class='ocrx_word' id='word_1_597' title='bbox 1447 5403 1498 5460; x_wconf 81' lang='lat' dir='ltr'>eet,</span> <span class='ocrx_word' id='word_1_598' title='bbox 1517 5401 1542 5449; x_wconf 85' lang='lat' dir='ltr'>et</span> <span class='ocrx_word' id='word_1_599' title='bbox 1557 5399 1632 5463; x_wconf 71' lang='lat' dir='ltr'>plato</span> <span class='ocrx_word' id='word_1_600' title='bbox 1647 5411 1705 5452; x_wconf 76' lang='lat' dir='ltr'>voc.</span> <span class='ocrx_word' id='word_1_601' title='bbox 1721 5399 1755 5458; x_wconf 74' lang='lat'>03</span> 
     </span>
     <span class='ocr_line' id='line_1_50' title="bbox 427 5475 1757 5541; baseline -0.002 -13"><span class='ocrx_word' id='word_1_602' title='bbox 427 5477 519 5528; x_wconf 78' lang='lat' dir='ltr'>iniecto</span> <span class='ocrx_word' id='word_1_603' title='bbox 533 5476 605 5541; x_wconf 72' lang='lat' dir='ltr'>cleto</span> <span class='ocrx_word' id='word_1_604' title='bbox 620 5477 730 5527; x_wconf 79' lang='lat' dir='ltr'>tumulus</span> <span class='ocrx_word' id='word_1_605' title='bbox 744 5482 852 5526; x_wconf 84' lang='lat' dir='ltr'>vocator</span> <span class='ocrx_word' id='word_1_606' title='bbox 869 5475 968 5527; x_wconf 85' lang='lat' dir='ltr'>Vahlen</span> <span class='ocrx_word' id='word_1_607' title='bbox 985 5475 1094 5540; x_wconf 86' lang='lat' dir='ltr'>reliquis</span> <span class='ocrx_word' id='word_1_608' title='bbox 1112 5477 1224 5528; x_wconf 88' lang='lat' dir='ltr'>omissis.</span> <span class='ocrx_word' id='word_1_609' title='bbox 1249 5475 1419 5541; x_wconf 82' lang='lat' dir='ltr'>Reliquorum</span> <span class='ocrx_word' id='word_1_610' title='bbox 1435 5476 1591 5525; x_wconf 87' lang='lat' dir='ltr'>criticorum</span> <span class='ocrx_word' id='word_1_611' title='bbox 1601 5475 1757 5536; x_wconf 67' lang='lat' dir='ltr'>uelamina,</span> 
     </span>
     <span class='ocr_line' id='line_1_51' title="bbox 428 5548 1756 5617; baseline -0.002 -15"><span class='ocrx_word' id='word_1_612' title='bbox 428 5564 541 5617; x_wconf 88' lang='lat' dir='ltr'>quorum</span> <span class='ocrx_word' id='word_1_613' title='bbox 559 5549 644 5602; x_wconf 87' lang='lat' dir='ltr'>nullus</span> <span class='ocrx_word' id='word_1_614' title='bbox 661 5550 695 5600; x_wconf 89' lang='lat' dir='ltr'>ad</span> <span class='ocrx_word' id='word_1_615' title='bbox 713 5565 806 5603; x_wconf 86' lang='lat' dir='ltr'>verum</span> <span class='ocrx_word' id='word_1_616' title='bbox 824 5551 977 5615; x_wconf 88' lang='lat' dir='ltr'>adspirasse</span> <span class='ocrx_word' id='word_1_617' title='bbox 994 5551 1109 5610; x_wconf 82' lang='lat' dir='ltr'>videtur,</span> <span class='ocrx_word' id='word_1_618' title='bbox 1127 5565 1152 5600; x_wconf 83' lang='lat' dir='ltr'>v.</span> <span class='ocrx_word' id='word_1_619' title='bbox 1172 5551 1197 5601; x_wconf 92' lang='lat' dir='ltr'>iu</span> <span class='ocrx_word' id='word_1_620' title='bbox 1215 5549 1392 5614; x_wconf 76' lang='lat' dir='ltr'>Fcldhuegelli</span> <span class='ocrx_word' id='word_1_621' title='bbox 1409 5549 1605 5599; x_wconf 82' lang='lat' dir='ltr'>commentario</span> <span class='ocrx_word' id='word_1_622' title='bbox 1622 5548 1756 5615; x_wconf 58' lang='lat' dir='ltr'>pamm</span> 
     </span>
     <span class='ocr_line' id='line_1_52' title="bbox 428 5623 1757 5690; baseline -0.002 -11"><span class='ocrx_word' id='word_1_623' title='bbox 428 5626 505 5679; x_wconf 88' lang='lat' dir='ltr'>uobis</span> <span class='ocrx_word' id='word_1_624' title='bbox 523 5639 575 5677; x_wconf 90' lang='lat' dir='ltr'>nou</span> <span class='ocrx_word' id='word_1_625' title='bbox 592 5626 665 5676; x_wconf 80' lang='lat' dir='ltr'>licuit</span> <span class='ocrx_word' id='word_1_626' title='bbox 681 5627 706 5676; x_wconf 90' lang='lat' dir='ltr'>iu</span> <span class='ocrx_word' id='word_1_627' title='bbox 723 5625 867 5676; x_wconf 86' lang='lat' dir='ltr'>verborum</span> <span class='ocrx_word' id='word_1_628' title='bbox 885 5628 1009 5676; x_wconf 83' lang='lat' dir='ltr'>contextu</span> <span class='ocrx_word' id='word_1_629' title='bbox 1027 5638 1130 5685; x_wconf 89' lang='lat' dir='ltr'>meram</span> <span class='ocrx_word' id='word_1_630' title='bbox 1148 5626 1287 5690; x_wconf 77' lang='lat' dir='ltr'>archetypi</span> <span class='ocrx_word' id='word_1_631' title='bbox 1304 5627 1462 5690; x_wconf 85' lang='lat' dir='ltr'>scripturam</span> <span class='ocrx_word' id='word_1_632' title='bbox 1478 5623 1607 5684; x_wconf 84' lang='lat' dir='ltr'>reddere,</span> <span class='ocrx_word' id='word_1_633' title='bbox 1620 5627 1757 5690; x_wconf 67' lang='lat' dir='ltr'>mulam,</span> 
     </span>
     <span class='ocr_line' id='line_1_53' title="bbox 428 5697 1758 5765; baseline -0.001 -12"><span class='ocrx_word' id='word_1_634' title='bbox 428 5704 457 5753; x_wconf 86' lang='lat' dir='ltr'>ut</span> <span class='ocrx_word' id='word_1_635' title='bbox 473 5715 504 5753; x_wconf 86' lang='lat' dir='ltr'>er</span> <span class='ocrx_word' id='word_1_636' title='bbox 522 5701 622 5751; x_wconf 85' lang='lat' dir='ltr'>rasuris</span> <span class='ocrx_word' id='word_1_637' title='bbox 639 5700 664 5750; x_wconf 92' lang='lat' dir='ltr'>iu</span> <span class='ocrx_word' id='word_1_638' title='bbox 682 5703 702 5751; x_wconf 77' lang='grc' dir='ltr'><strong>Α</strong></span> <span class='ocrx_word' id='word_1_639' title='bbox 721 5704 747 5751; x_wconf 91' lang='lat' dir='ltr'>et</span> <span class='ocrx_word' id='word_1_640' title='bbox 765 5703 784 5750; x_wconf 82' lang='lat' dir='ltr'>B</span> <span class='ocrx_word' id='word_1_641' title='bbox 802 5702 927 5764; x_wconf 79' lang='lat' dir='ltr'>apparet,</span> <span class='ocrx_word' id='word_1_642' title='bbox 951 5714 1061 5765; x_wconf 84' lang='lat' dir='ltr'>prorsus</span> <span class='ocrx_word' id='word_1_643' title='bbox 1078 5701 1178 5751; x_wconf 86' lang='lat' dir='ltr'>incerta</span> <span class='ocrx_word' id='word_1_644' title='bbox 1196 5703 1246 5751; x_wconf 88' lang='lat' dir='ltr'>est.</span> <span class='ocrx_word' id='word_1_645' title='bbox 1282 5701 1418 5762; x_wconf 83' lang='lat' dir='ltr'>Ceterum,</span> <span class='ocrx_word' id='word_1_646' title='bbox 1436 5701 1585 5764; x_wconf 88' lang='lat' dir='ltr'>utcumque</span> <span class='ocrx_word' id='word_1_647' title='bbox 1602 5697 1695 5752; x_wconf 87' lang='lat' dir='ltr'>locum</span> <span class='ocrx_word' id='word_1_648' title='bbox 1710 5699 1758 5752; x_wconf 78' lang='lat' dir='ltr'>de·</span> 
     </span>
     <span class='ocr_line' id='line_1_54' title="bbox 426 5773 1758 5841; baseline 0 -14"><span class='ocrx_word' id='word_1_649' title='bbox 426 5779 562 5841; x_wconf 86' lang='lat' dir='ltr'>speratum</span> <span class='ocrx_word' id='word_1_650' title='bbox 580 5775 718 5835; x_wconf 84' lang='lat' dir='ltr'>emendes,</span> <span class='ocrx_word' id='word_1_651' title='bbox 736 5778 823 5840; x_wconf 85' lang='lat' dir='ltr'>potius</span> <span class='ocrx_word' id='word_1_652' title='bbox 838 5775 969 5825; x_wconf 69' lang='lat' dir='ltr'>imum</span> <span class='ocrx_word' id='word_1_653' title='bbox 985 5782 1019 5827; x_wconf 87' lang='lat' dir='ltr'>est</span> <span class='ocrx_word' id='word_1_654' title='bbox 1035 5790 1074 5828; x_wconf 86' lang='lat' dir='ltr'>sc.</span> <span class='ocrx_word' id='word_1_655' title='bbox 1094 5789 1186 5838; x_wconf 75' lang='lat' dir='ltr'>corpas</span> <span class='ocrx_word' id='word_1_656' title='bbox 1202 5780 1351 5840; x_wconf 84' lang='lat' dir='ltr'>exspectes.</span> <span class='ocrx_word' id='word_1_657' title='bbox 1369 5802 1403 5813; x_wconf 98' lang='lat'>-</span> <span class='ocrx_word' id='word_1_658' title='bbox 1424 5773 1464 5826; x_wconf 81' lang='grc'>48.</span> <span class='ocrx_word' id='word_1_659' title='bbox 1482 5787 1550 5826; x_wconf 73' lang='lat' dir='ltr'>noae</span> <span class='ocrx_word' id='word_1_660' title='bbox 1566 5775 1603 5827; x_wconf 85' lang='lat' dir='ltr'>C:</span> <span class='ocrx_word' id='word_1_661' title='bbox 1620 5776 1688 5826; x_wconf 73' lang='lat' dir='ltr'>scat</span> <span class='ocrx_word' id='word_1_662' title='bbox 1702 5773 1758 5827; x_wconf 76' lang='lat' dir='ltr'>A¹0</span> 
     </span>
     <span class='ocr_line' id='line_1_55' title="bbox 427 5848 1758 5916; baseline 0.002 -15"><span class='ocrx_word' id='word_1_663' title='bbox 427 5877 455 5889; x_wconf 91' lang='lat'>·-</span> <span class='ocrx_word' id='word_1_664' title='bbox 480 5856 582 5901; x_wconf 70' lang='lat' dir='ltr'>motae</span> <span class='ocrx_word' id='word_1_665' title='bbox 597 5849 663 5901; x_wconf 87' lang='lat' dir='ltr'>dett.</span> <span class='ocrx_word' id='word_1_666' title='bbox 681 5850 794 5914; x_wconf 81' lang='lat' dir='ltr'>aliquot:</span> <span class='ocrx_word' id='word_1_667' title='bbox 820 5851 962 5902; x_wconf 73' lang='lat' dir='ltr'>wcotosc</span> <span class='ocrx_word' id='word_1_668' title='bbox 993 5879 1021 5890; x_wconf 94' lang='lat'><em>-</em></span> <span class='ocrx_word' id='word_1_669' title='bbox 1050 5852 1077 5901; x_wconf 81' lang='lat' dir='ltr'>to</span> <span class='ocrx_word' id='word_1_670' title='bbox 1094 5849 1301 5916; x_wconf 77' lang='lat' dir='ltr'>mociproiecttsa</span> <span class='ocrx_word' id='word_1_671' title='bbox 1317 5851 1410 5903; x_wconf 81' lang='lat' dir='ltr'>estec</span> <span class='ocrx_word' id='word_1_672' title='bbox 1440 5875 1468 5886; x_wconf 96' lang='lat'>-</span> <span class='ocrx_word' id='word_1_673' title='bbox 1504 5848 1548 5902; x_wconf 77' lang='grc'>40.</span> <span class='ocrx_word' id='word_1_674' title='bbox 1566 5855 1659 5914; x_wconf 70' lang='lat' dir='ltr'>oscas</span> <span class='ocrx_word' id='word_1_675' title='bbox 1681 5851 1703 5904; x_wconf 78' lang='lat'><strong>0</strong></span> <span class='ocrx_word' id='word_1_676' title='bbox 1725 5873 1758 5889; x_wconf 92' lang='lat'>-</span> 
     </span>
     <span class='ocr_line' id='line_1_56' title="bbox 424 5926 794 5989; baseline -0.014 -8"><span class='ocrx_word' id='word_1_677' title='bbox 424 5931 515 5981; x_wconf 71' lang='lat' dir='ltr'>tator·</span> <span class='ocrx_word' id='word_1_678' title='bbox 531 5926 551 5977; x_wconf 87' lang='lat' dir='ltr'>C</span> <span class='ocrx_word' id='word_1_679' title='bbox 571 5948 598 5963; x_wconf 92' lang='lat'><em>-</em></span> <span class='ocrx_word' id='word_1_680' title='bbox 614 5931 718 5989; x_wconf 82' lang='lat' dir='ltr'>portam</span> <span class='ocrx_word' id='word_1_681' title='bbox 733 5926 794 5977; x_wconf 79' lang='lat' dir='ltr'>llil.</span> 
     </span>
    </p>
   </div>
   <div class='ocr_carea' id='block_1_4' title="bbox 0 0 2176 7459">
    <p class='ocr_par' dir='ltr' id='par_1_4' title="bbox 0 0 2176 7459">
     <span class='ocr_line' id='line_1_57' title="bbox 0 0 2176 7459; baseline 0 4"><span class='ocrx_word' id='word_1_682' title='bbox 0 0 2176 7459; x_wconf 95' lang='lat' dir='ltr'> </span> 
     </span>
    </p>
   </div>
  </div>
 </body>
</html>
