<?xml version="1.0" encoding="UTF-8"?>
<!DOCTYPE html PUBLIC "-//W3C//DTD XHTML 1.0 Transitional//EN"
    "http://www.w3.org/TR/xhtml1/DTD/xhtml1-transitional.dtd">
<html xmlns="http://www.w3.org/1999/xhtml" xml:lang="en" lang="en">
 <head>
  <title>
</title>
<meta http-equiv="Content-Type" content="text/html;charset=utf-8" />
  <meta name='ocr-system' content='tesseract 3.04.00' />
  <meta name='ocr-capabilities' content='ocr_page ocr_carea ocr_par ocr_line ocrx_word'/>
</head>
<body>
  <div class='ocr_page' id='page_1' title='image "./operaquaesupers00halmgoog/operaquaesupers00halmgoog_0715.png"; bbox 0 0 4342 7459; ppageno 0'>
   <div class='ocr_carea' id='block_1_1' title="bbox 733 1259 1730 1353">
    <p class='ocr_par' dir='ltr' id='par_1_1' title="bbox 733 1259 1730 1353">
     <span class='ocr_line' id='line_1_1' title="bbox 733 1259 1730 1353; baseline -0.006 -20"><span class='ocrx_word' id='word_1_1' title='bbox 733 1271 801 1333; x_wconf 88' lang='lat' dir='ltr'><strong>Lsa.</strong></span> <span class='ocrx_word' id='word_1_2' title='bbox 816 1270 855 1332; x_wconf 89' lang='grc' dir='ltr'><strong>Π.</strong></span> <span class='ocrx_word' id='word_1_3' title='bbox 888 1269 961 1334; x_wconf 80' lang='lat' dir='ltr'><strong>Cas.</strong></span> <span class='ocrx_word' id='word_1_4' title='bbox 977 1270 1177 1333; x_wconf 86' lang='lat' dir='ltr'><strong>xv-xvt.</strong></span> <span class='ocrx_word' id='word_1_5' title='bbox 1204 1267 1250 1353; x_wconf 67' lang='lat' dir='ltr'><strong>§S</strong></span> <span class='ocrx_word' id='word_1_6' title='bbox 1265 1266 1407 1337; x_wconf 78' lang='lat' dir='ltr'><strong>dl-l&#39;td.</strong></span> <span class='ocrx_word' id='word_1_7' title='bbox 1667 1259 1730 1327; x_wconf 77' lang='grc'><strong>699</strong></span> 
     </span>
    </p>
   </div>
   <div class='ocr_carea' id='block_1_2' title="bbox 406 1421 1770 4783">
    <p class='ocr_par' dir='ltr' id='par_1_2' title="bbox 406 1421 1770 4783">
     <span class='ocr_line' id='line_1_2' title="bbox 408 1421 1729 1513; baseline -0.005 -21"><span class='ocrx_word' id='word_1_8' title='bbox 408 1426 460 1492; x_wconf 67' lang='lat' dir='ltr'><strong>hl.</strong></span> <span class='ocrx_word' id='word_1_9' title='bbox 484 1429 552 1493; x_wconf 81' lang='lat' dir='ltr'><strong>lloc</strong></span> <span class='ocrx_word' id='word_1_10' title='bbox 574 1429 628 1492; x_wconf 91' lang='lat' dir='ltr'><strong>ille</strong></span> <span class='ocrx_word' id='word_1_11' title='bbox 651 1427 725 1504; x_wconf 91' lang='lat' dir='ltr'><strong>lilio,</strong></span> <span class='ocrx_word' id='word_1_12' title='bbox 748 1427 804 1492; x_wconf 88' lang='lat' dir='ltr'><strong>sed</strong></span> <span class='ocrx_word' id='word_1_13' title='bbox 827 1438 1028 1512; x_wconf 87' lang='lat' dir='ltr'><strong>praeceptum</strong></span> <span class='ocrx_word' id='word_1_14' title='bbox 1051 1438 1198 1513; x_wconf 89' lang='lat' dir='ltr'><strong>putemus</strong></span> <span class='ocrx_word' id='word_1_15' title='bbox 1220 1430 1377 1493; x_wconf 88' lang='lat' dir='ltr'><strong>omnihus.</strong></span> <span class='ocrx_word' id='word_1_16' title='bbox 1420 1427 1523 1504; x_wconf 85' lang='lat' dir='ltr'><strong>Quam</strong></span> <span class='ocrx_word' id='word_1_17' title='bbox 1544 1426 1586 1489; x_wconf 95' lang='lat' dir='ltr'><strong>ob</strong></span> <span class='ocrx_word' id='word_1_18' title='bbox 1607 1443 1675 1489; x_wconf 86' lang='lat' dir='ltr'><strong>rem</strong></span> <span class='ocrx_word' id='word_1_19' title='bbox 1695 1421 1729 1487; x_wconf 92' lang='lat' dir='ltr'><strong>id</strong></span> 
     </span>
     <span class='ocr_line' id='line_1_3' title="bbox 408 1522 1731 1607; baseline -0.006 -20"><span class='ocrx_word' id='word_1_20' title='bbox 408 1524 537 1607; x_wconf 88' lang='lat' dir='ltr'><strong>quidem</strong></span> <span class='ocrx_word' id='word_1_21' title='bbox 559 1543 623 1586; x_wconf 93' lang='lat' dir='ltr'><strong>non</strong></span> <span class='ocrx_word' id='word_1_22' title='bbox 646 1522 775 1587; x_wconf 91' lang='lat' dir='ltr'><strong>dubium</strong></span> <span class='ocrx_word' id='word_1_23' title='bbox 798 1532 855 1597; x_wconf 84' lang='lat' dir='ltr'><strong>est,</strong></span> <span class='ocrx_word' id='word_1_24' title='bbox 880 1524 956 1607; x_wconf 90' lang='lat' dir='ltr'><strong>quin</strong></span> <span class='ocrx_word' id='word_1_25' title='bbox 979 1524 1035 1586; x_wconf 92' lang='lat' dir='ltr'><strong>illa</strong></span> <span class='ocrx_word' id='word_1_26' title='bbox 1056 1523 1247 1606; x_wconf 88' lang='lat' dir='ltr'><strong>benigniias,</strong></span> <span class='ocrx_word' id='word_1_27' title='bbox 1269 1541 1352 1605; x_wconf 88' lang='lat' dir='ltr'><strong>quae</strong></span> <span class='ocrx_word' id='word_1_28' title='bbox 1374 1528 1498 1586; x_wconf 85' lang='lat' dir='ltr'><strong>constat</strong></span> <span class='ocrx_word' id='word_1_29' title='bbox 1518 1540 1559 1583; x_wconf 85' lang='lat' dir='ltr'><strong>ex</strong></span> <span class='ocrx_word' id='word_1_30' title='bbox 1580 1537 1677 1602; x_wconf 87' lang='lat' dir='ltr'><strong>opera</strong></span> <span class='ocrx_word' id='word_1_31' title='bbox 1699 1524 1731 1579; x_wconf 86' lang='lat' dir='ltr'><strong>et</strong></span> 
     </span>
     <span class='ocr_line' id='line_1_4' title="bbox 407 1609 1730 1700; baseline -0.005 -21"><span class='ocrx_word' id='word_1_32' title='bbox 407 1609 580 1689; x_wconf 88' lang='lat' dir='ltr'><strong>industria,</strong></span> <span class='ocrx_word' id='word_1_33' title='bbox 611 1624 644 1679; x_wconf 90' lang='lat' dir='ltr'><strong>et</strong></span> <span class='ocrx_word' id='word_1_34' title='bbox 670 1616 836 1679; x_wconf 77' lang='lat' dir='ltr'><strong>honestior</strong></span> <span class='ocrx_word' id='word_1_35' title='bbox 863 1617 904 1680; x_wconf 86' lang='lat' dir='ltr'><strong>sil</strong></span> <span class='ocrx_word' id='word_1_36' title='bbox 926 1626 958 1681; x_wconf 89' lang='lat' dir='ltr'><strong>et</strong></span> <span class='ocrx_word' id='word_1_37' title='bbox 980 1617 1072 1679; x_wconf 88' lang='lat' dir='ltr'><strong>latius</strong></span> <span class='ocrx_word' id='word_1_38' title='bbox 1096 1625 1201 1699; x_wconf 85' lang='lat' dir='ltr'><strong>pateat</strong></span> <span class='ocrx_word' id='word_1_39' title='bbox 1222 1623 1254 1679; x_wconf 88' lang='lat' dir='ltr'><strong>et</strong></span> <span class='ocrx_word' id='word_1_40' title='bbox 1274 1617 1374 1700; x_wconf 77' lang='lat' dir='ltr'><strong>possit</strong></span> <span class='ocrx_word' id='word_1_41' title='bbox 1396 1615 1546 1699; x_wconf 79' lang='lat' dir='ltr'><strong>prodesse</strong></span> <span class='ocrx_word' id='word_1_42' title='bbox 1568 1612 1730 1697; x_wconf 88' lang='lat' dir='ltr'><strong>pluribus:</strong></span> 
     </span>
     <span class='ocr_line' id='line_1_5' title="bbox 407 1706 1731 1792; baseline -0.004 -19"><span class='ocrx_word' id='word_1_43' title='bbox 407 1730 469 1773; x_wconf 92' lang='lat' dir='ltr'><strong>non</strong></span> <span class='ocrx_word' id='word_1_44' title='bbox 492 1729 665 1792; x_wconf 85' lang='lat' dir='ltr'><strong>numquam</strong></span> <span class='ocrx_word' id='word_1_45' title='bbox 688 1720 794 1772; x_wconf 89' lang='lat' dir='ltr'><strong>tamen</strong></span> <span class='ocrx_word' id='word_1_46' title='bbox 816 1718 865 1773; x_wconf 89' lang='lat' dir='ltr'><strong>est</strong></span> <span class='ocrx_word' id='word_1_47' title='bbox 886 1710 1085 1792; x_wconf 90' lang='lat' dir='ltr'><strong>largiendum</strong></span> <span class='ocrx_word' id='word_1_48' title='bbox 1108 1730 1167 1773; x_wconf 88' lang='lat' dir='ltr'><strong>nec</strong></span> <span class='ocrx_word' id='word_1_49' title='bbox 1187 1710 1248 1773; x_wconf 89' lang='lat' dir='ltr'><strong>hoc</strong></span> <span class='ocrx_word' id='word_1_50' title='bbox 1269 1710 1472 1792; x_wconf 76' lang='lat' dir='ltr'><strong>benignitatis</strong></span> <span class='ocrx_word' id='word_1_51' title='bbox 1487 1727 1587 1790; x_wconf 89' lang='lat' dir='ltr'><strong>genos</strong></span> <span class='ocrx_word' id='word_1_52' title='bbox 1602 1706 1731 1770; x_wconf 90' lang='lat' dir='ltr'><strong>omnino</strong></span> 
     </span>
     <span class='ocr_line' id='line_1_6' title="bbox 407 1798 1755 1886; baseline -0.004 -19"><span class='ocrx_word' id='word_1_53' title='bbox 407 1801 635 1886; x_wconf 84' lang='lat' dir='ltr'><strong>repudiandum</strong></span> <span class='ocrx_word' id='word_1_54' title='bbox 659 1811 706 1865; x_wconf 86' lang='lat' dir='ltr'><strong>est</strong></span> <span class='ocrx_word' id='word_1_55' title='bbox 728 1812 761 1866; x_wconf 89' lang='lat' dir='ltr'><strong>et</strong></span> <span class='ocrx_word' id='word_1_56' title='bbox 782 1824 877 1885; x_wconf 90' lang='lat' dir='ltr'><strong>saepe</strong></span> <span class='ocrx_word' id='word_1_57' title='bbox 900 1803 1024 1867; x_wconf 87' lang='lat' dir='ltr'><strong>idoneis</strong></span> <span class='ocrx_word' id='word_1_58' title='bbox 1047 1802 1224 1867; x_wconf 90' lang='lat' dir='ltr'><strong>hominihus</strong></span> <span class='ocrx_word' id='word_1_59' title='bbox 1247 1801 1462 1885; x_wconf 75' lang='lat' dir='ltr'><strong>indigentibus</strong></span> <span class='ocrx_word' id='word_1_60' title='bbox 1479 1800 1519 1863; x_wconf 94' lang='lat' dir='ltr'><strong>de</strong></span> <span class='ocrx_word' id='word_1_61' title='bbox 1534 1821 1569 1863; x_wconf 92' lang='lat' dir='ltr'><strong>re</strong></span> <span class='ocrx_word' id='word_1_62' title='bbox 1582 1798 1755 1863; x_wconf 77' lang='lat' dir='ltr'><strong>familiarii</strong></span> 
     </span>
     <span class='ocr_line' id='line_1_7' title="bbox 406 1891 1732 1982; baseline -0.005 -23"><span class='ocrx_word' id='word_1_63' title='bbox 406 1895 657 1979; x_wconf 84' lang='lat' dir='ltr'><strong>inpertiendum,</strong></span> <span class='ocrx_word' id='word_1_64' title='bbox 686 1897 742 1959; x_wconf 90' lang='lat' dir='ltr'><strong>sed</strong></span> <span class='ocrx_word' id='word_1_65' title='bbox 773 1897 943 1979; x_wconf 89' lang='lat' dir='ltr'><strong>diligenter</strong></span> <span class='ocrx_word' id='word_1_66' title='bbox 971 1907 1066 1982; x_wconf 90' lang='lat' dir='ltr'><strong>atque</strong></span> <span class='ocrx_word' id='word_1_67' title='bbox 1095 1896 1264 1959; x_wconf 87' lang='lat' dir='ltr'><strong>moderate.</strong></span> <span class='ocrx_word' id='word_1_68' title='bbox 1316 1897 1407 1959; x_wconf 88' lang='lat' dir='ltr'><strong>hlulti</strong></span> <span class='ocrx_word' id='word_1_69' title='bbox 1436 1897 1520 1959; x_wconf 89' lang='lat' dir='ltr'><strong>enim</strong></span> <span class='ocrx_word' id='word_1_70' title='bbox 1543 1891 1732 1978; x_wconf 87' lang='lat' dir='ltr'><strong>patrimonia</strong></span> 
     </span>
     <span class='ocr_line' id='line_1_8' title="bbox 407 1986 1731 2074; baseline -0.003 -21"><span class='ocrx_word' id='word_1_71' title='bbox 407 1988 588 2053; x_wconf 76' lang='lat' dir='ltr'><strong>effuderunt</strong></span> <span class='ocrx_word' id='word_1_72' title='bbox 613 1990 794 2054; x_wconf 91' lang='lat' dir='ltr'><strong>inconsulte</strong></span> <span class='ocrx_word' id='word_1_73' title='bbox 824 1991 999 2074; x_wconf 90' lang='lat' dir='ltr'><strong>largiendo.</strong></span> <span class='ocrx_word' id='word_1_74' title='bbox 1049 1990 1134 2067; x_wconf 87' lang='lat' dir='ltr'><strong>Quid</strong></span> <span class='ocrx_word' id='word_1_75' title='bbox 1157 1998 1262 2052; x_wconf 87' lang='lat' dir='ltr'><strong>autem</strong></span> <span class='ocrx_word' id='word_1_76' title='bbox 1284 1997 1333 2053; x_wconf 86' lang='lat' dir='ltr'><strong>est</strong></span> <span class='ocrx_word' id='word_1_77' title='bbox 1354 1991 1481 2054; x_wconf 86' lang='lat' dir='ltr'><strong>stultius</strong></span> <span class='ocrx_word' id='word_1_78' title='bbox 1504 2009 1617 2073; x_wconf 87' lang='lat' dir='ltr'><strong>quarn,</strong></span> <span class='ocrx_word' id='word_1_79' title='bbox 1646 1986 1731 2071; x_wconf 80' lang='lat' dir='ltr'><strong>quod</strong></span> 
     </span>
     <span class='ocr_line' id='line_1_9' title="bbox 406 2075 1731 2166; baseline -0.005 -19"><span class='ocrx_word' id='word_1_80' title='bbox 406 2083 544 2147; x_wconf 83' lang='lat' dir='ltr'><strong>libenter</strong></span> <span class='ocrx_word' id='word_1_81' title='bbox 572 2082 687 2157; x_wconf 80' lang='lat' dir='ltr'><strong>iacias,</strong></span> <span class='ocrx_word' id='word_1_82' title='bbox 717 2104 829 2148; x_wconf 90' lang='lat' dir='ltr'><strong>curare</strong></span> <span class='ocrx_word' id='word_1_83' title='bbox 853 2075 893 2147; x_wconf 74' lang='lat' dir='ltr'><strong>&#39;ut</strong></span> <span class='ocrx_word' id='word_1_84' title='bbox 919 2085 952 2147; x_wconf 95' lang='lat' dir='ltr'><strong>id</strong></span> <span class='ocrx_word' id='word_1_85' title='bbox 980 2085 1100 2147; x_wconf 89' lang='lat' dir='ltr'><strong>diutius</strong></span> <span class='ocrx_word' id='word_1_86' title='bbox 1129 2082 1232 2145; x_wconf 86' lang='lat' dir='ltr'><strong>lacere</strong></span> <span class='ocrx_word' id='word_1_87' title='bbox 1256 2103 1317 2146; x_wconf 94' lang='lat' dir='ltr'><strong>non</strong></span> <span class='ocrx_word' id='word_1_88' title='bbox 1340 2085 1468 2166; x_wconf 84' lang='lat' dir='ltr'><strong>possisl</strong></span> <span class='ocrx_word' id='word_1_89' title='bbox 1512 2086 1615 2166; x_wconf 79' lang='lat' dir='ltr'><strong>hique</strong></span> <span class='ocrx_word' id='word_1_90' title='bbox 1637 2083 1731 2144; x_wconf 85' lang='lat' dir='ltr'><strong>eiiam</strong></span> 
     </span>
     <span class='ocr_line' id='line_1_10' title="bbox 407 2174 1734 2261; baseline -0.005 -20"><span class='ocrx_word' id='word_1_91' title='bbox 407 2184 584 2261; x_wconf 86' lang='lat' dir='ltr'><strong>sequuntur</strong></span> <span class='ocrx_word' id='word_1_92' title='bbox 606 2176 803 2259; x_wconf 74' lang='lat' dir='ltr'><strong>largitionem</strong></span> <span class='ocrx_word' id='word_1_93' title='bbox 827 2180 966 2261; x_wconf 89' lang='lat' dir='ltr'><strong>rapinae.</strong></span> <span class='ocrx_word' id='word_1_94' title='bbox 1005 2178 1081 2241; x_wconf 85' lang='lat' dir='ltr'><strong>Cum</strong></span> <span class='ocrx_word' id='word_1_95' title='bbox 1105 2178 1189 2239; x_wconf 90' lang='lat' dir='ltr'><strong>enim</strong></span> <span class='ocrx_word' id='word_1_96' title='bbox 1212 2175 1316 2240; x_wconf 90' lang='lat' dir='ltr'><strong>dando</strong></span> <span class='ocrx_word' id='word_1_97' title='bbox 1339 2196 1431 2260; x_wconf 87' lang='lat' dir='ltr'><strong>egere</strong></span> <span class='ocrx_word' id='word_1_98' title='bbox 1454 2183 1636 2261; x_wconf 85' lang='lat' dir='ltr'><strong>coeperunt,</strong></span> <span class='ocrx_word' id='word_1_99' title='bbox 1657 2174 1734 2237; x_wconf 86' lang='lat' dir='ltr'><strong>alie·</strong></span> 
     </span>
     <span class='ocr_line' id='line_1_11' title="bbox 407 2267 1770 2354; baseline -0.006 -19"><span class='ocrx_word' id='word_1_100' title='bbox 407 2272 457 2335; x_wconf 90' lang='lat' dir='ltr'><strong>nia</strong></span> <span class='ocrx_word' id='word_1_101' title='bbox 479 2269 572 2332; x_wconf 86' lang='lat' dir='ltr'><strong>honis</strong></span> <span class='ocrx_word' id='word_1_102' title='bbox 595 2290 706 2333; x_wconf 88' lang='lat' dir='ltr'><strong>manus</strong></span> <span class='ocrx_word' id='word_1_103' title='bbox 728 2269 841 2334; x_wconf 77' lang='lat' dir='ltr'><strong>aberra</strong></span> <span class='ocrx_word' id='word_1_104' title='bbox 864 2280 1027 2354; x_wconf 92' lang='lat' dir='ltr'><strong>coguntur.</strong></span> <span class='ocrx_word' id='word_1_105' title='bbox 1070 2272 1126 2344; x_wconf 89' lang='lat' dir='ltr'><strong>lta,</strong></span> <span class='ocrx_word' id='word_1_106' title='bbox 1148 2290 1221 2333; x_wconf 91' lang='lat' dir='ltr'><strong>cum</strong></span> <span class='ocrx_word' id='word_1_107' title='bbox 1243 2270 1484 2334; x_wconf 84' lang='lat' dir='ltr'><strong>benevolentiae</strong></span> <span class='ocrx_word' id='word_1_108' title='bbox 1505 2267 1770 2351; x_wconf 84' lang='lat' dir='ltr'><strong>comparandseto</strong></span> 
     </span>
     <span class='ocr_line' id='line_1_12' title="bbox 408 2358 1733 2448; baseline -0.004 -21"><span class='ocrx_word' id='word_1_109' title='bbox 408 2383 503 2428; x_wconf 88' lang='lat' dir='ltr'><strong>causa</strong></span> <span class='ocrx_word' id='word_1_110' title='bbox 523 2362 658 2426; x_wconf 87' lang='lat' dir='ltr'><strong>benefici</strong></span> <span class='ocrx_word' id='word_1_111' title='bbox 681 2384 752 2427; x_wconf 86' lang='lat' dir='ltr'><strong>esse</strong></span> <span class='ocrx_word' id='word_1_112' title='bbox 775 2365 889 2437; x_wconf 85' lang='lat' dir='ltr'><strong>velini,</strong></span> <span class='ocrx_word' id='word_1_113' title='bbox 912 2386 974 2428; x_wconf 92' lang='lat' dir='ltr'><strong>non</strong></span> <span class='ocrx_word' id='word_1_114' title='bbox 997 2372 1084 2426; x_wconf 92' lang='lat' dir='ltr'><strong>tanta</strong></span> <span class='ocrx_word' id='word_1_115' title='bbox 1107 2363 1212 2425; x_wconf 89' lang='lat' dir='ltr'><strong>studia</strong></span> <span class='ocrx_word' id='word_1_116' title='bbox 1233 2373 1448 2448; x_wconf 86' lang='lat' dir='ltr'><strong>assequuntur</strong></span> <span class='ocrx_word' id='word_1_117' title='bbox 1469 2383 1595 2436; x_wconf 88' lang='lat' dir='ltr'><strong>corum,</strong></span> <span class='ocrx_word' id='word_1_118' title='bbox 1618 2358 1733 2444; x_wconf 86' lang='lat' dir='ltr'><strong>quihus</strong></span> 
     </span>
     <span class='ocr_line' id='line_1_13' title="bbox 408 2447 1732 2541; baseline -0.003 -20"><span class='ocrx_word' id='word_1_119' title='bbox 408 2459 573 2529; x_wconf 84' lang='lat' dir='ltr'><strong>dederunt,</strong></span> <span class='ocrx_word' id='word_1_120' title='bbox 597 2465 713 2539; x_wconf 88' lang='lat' dir='ltr'><strong>quanta</strong></span> <span class='ocrx_word' id='word_1_121' title='bbox 735 2457 809 2521; x_wconf 93' lang='lat' dir='ltr'><strong>odia</strong></span> <span class='ocrx_word' id='word_1_122' title='bbox 832 2478 955 2533; x_wconf 86' lang='lat' dir='ltr'><strong>eorum,</strong></span> <span class='ocrx_word' id='word_1_123' title='bbox 971 2458 1089 2541; x_wconf 78' lang='lat' dir='ltr'><strong>ipuibus</strong></span> <span class='ocrx_word' id='word_1_124' title='bbox 1105 2459 1301 2521; x_wconf 70' lang='lat' dir='ltr'><strong>ademerunt.</strong></span> <span class='ocrx_word' id='word_1_125' title='bbox 1342 2447 1396 2519; x_wconf 73' lang='lat' dir='ltr'><strong>titi.</strong></span> <span class='ocrx_word' id='word_1_126' title='bbox 1419 2459 1658 2534; x_wconf 87' lang='lat' dir='ltr'><strong>Quamobrem</strong></span> <span class='ocrx_word' id='word_1_127' title='bbox 1674 2473 1732 2517; x_wconf 88' lang='lat' dir='ltr'><strong>neo</strong></span> 
     </span>
     <span class='ocr_line' id='line_1_14' title="bbox 408 2547 1733 2635; baseline -0.002 -22"><span class='ocrx_word' id='word_1_128' title='bbox 408 2551 453 2613; x_wconf 88' lang='lat' dir='ltr'><strong>its</strong></span> <span class='ocrx_word' id='word_1_129' title='bbox 474 2548 650 2613; x_wconf 90' lang='lat' dir='ltr'><strong>claudenda</strong></span> <span class='ocrx_word' id='word_1_130' title='bbox 671 2570 724 2613; x_wconf 91' lang='lat' dir='ltr'><strong>res</strong></span> <span class='ocrx_word' id='word_1_131' title='bbox 746 2560 795 2614; x_wconf 84' lang='lat' dir='ltr'><strong>est</strong></span> <span class='ocrx_word' id='word_1_132' title='bbox 815 2551 994 2624; x_wconf 80' lang='lat' dir='ltr'><strong>familiaris,</strong></span> <span class='ocrx_word' id='word_1_133' title='bbox 1025 2561 1060 2615; x_wconf 91' lang='lat' dir='ltr'><strong>ut</strong></span> <span class='ocrx_word' id='word_1_134' title='bbox 1089 2572 1159 2615; x_wconf 90' lang='lat' dir='ltr'><strong>eam</strong></span> <span class='ocrx_word' id='word_1_135' title='bbox 1185 2551 1363 2633; x_wconf 88' lang='lat' dir='ltr'><strong>benignitas</strong></span> <span class='ocrx_word' id='word_1_136' title='bbox 1391 2553 1514 2635; x_wconf 88' lang='lat' dir='ltr'><strong>aperire</strong></span> <span class='ocrx_word' id='word_1_137' title='bbox 1535 2571 1599 2614; x_wconf 89' lang='lat' dir='ltr'><strong>non</strong></span> <span class='ocrx_word' id='word_1_138' title='bbox 1623 2547 1733 2634; x_wconf 81' lang='lat' dir='ltr'><strong>possit,</strong></span> 
     </span>
     <span class='ocr_line' id='line_1_15' title="bbox 409 2642 1734 2728; baseline -0.003 -21"><span class='ocrx_word' id='word_1_139' title='bbox 409 2663 468 2707; x_wconf 91' lang='lat' dir='ltr'><strong>nec</strong></span> <span class='ocrx_word' id='word_1_140' title='bbox 488 2645 532 2707; x_wconf 87' lang='lat' dir='ltr'><strong>iia</strong></span> <span class='ocrx_word' id='word_1_141' title='bbox 554 2643 734 2716; x_wconf 86' lang='lat' dir='ltr'><strong>reseranda,</strong></span> <span class='ocrx_word' id='word_1_142' title='bbox 757 2653 792 2707; x_wconf 89' lang='lat' dir='ltr'><strong>ut</strong></span> <span class='ocrx_word' id='word_1_143' title='bbox 814 2653 918 2728; x_wconf 83' lang='lat' dir='ltr'><strong>pateat</strong></span> <span class='ocrx_word' id='word_1_144' title='bbox 940 2644 1098 2708; x_wconf 88' lang='lat' dir='ltr'><strong>omnihus:</strong></span> <span class='ocrx_word' id='word_1_145' title='bbox 1121 2642 1234 2707; x_wconf 87' lang='lat' dir='ltr'><strong>modus</strong></span> <span class='ocrx_word' id='word_1_146' title='bbox 1255 2644 1445 2708; x_wconf 90' lang='lat' dir='ltr'><strong>adhiheatur</strong></span> <span class='ocrx_word' id='word_1_147' title='bbox 1464 2645 1557 2728; x_wconf 88' lang='lat' dir='ltr'><strong>isque</strong></span> <span class='ocrx_word' id='word_1_148' title='bbox 1579 2643 1734 2707; x_wconf 79' lang='lat' dir='ltr'><strong>referatur</strong></span> 
     </span>
     <span class='ocr_line' id='line_1_16' title="bbox 409 2736 1770 2822; baseline -0.004 -23"><span class='ocrx_word' id='word_1_149' title='bbox 409 2737 449 2800; x_wconf 94' lang='lat' dir='ltr'><strong>ad</strong></span> <span class='ocrx_word' id='word_1_150' title='bbox 471 2736 647 2799; x_wconf 76' lang='lat' dir='ltr'><strong>facultates.</strong></span> <span class='ocrx_word' id='word_1_151' title='bbox 698 2738 836 2801; x_wconf 88' lang='lat' dir='ltr'><strong>Omnino</strong></span> <span class='ocrx_word' id='word_1_152' title='bbox 859 2740 1039 2802; x_wconf 86' lang='lat' dir='ltr'><strong>meminisse</strong></span> <span class='ocrx_word' id='word_1_153' title='bbox 1062 2738 1213 2801; x_wconf 89' lang='lat' dir='ltr'><strong>debemus</strong></span> <span class='ocrx_word' id='word_1_154' title='bbox 1235 2738 1283 2811; x_wconf 91' lang='lat' dir='ltr'><strong>id,</strong></span> <span class='ocrx_word' id='word_1_155' title='bbox 1312 2740 1397 2822; x_wconf 89' lang='lat' dir='ltr'><strong>quod</strong></span> <span class='ocrx_word' id='word_1_156' title='bbox 1421 2757 1439 2801; x_wconf 87' lang='lat' dir='ltr'><strong>a</strong></span> <span class='ocrx_word' id='word_1_157' title='bbox 1460 2738 1577 2801; x_wconf 87' lang='lat' dir='ltr'><strong>uostris</strong></span> <span class='ocrx_word' id='word_1_158' title='bbox 1598 2736 1770 2802; x_wconf 85' lang='lat' dir='ltr'><strong>homini-tt</strong></span> 
     </span>
     <span class='ocr_line' id='line_1_17' title="bbox 407 2829 1733 2915; baseline 0.002 -22"><span class='ocrx_word' id='word_1_159' title='bbox 407 2831 466 2893; x_wconf 90' lang='lat' dir='ltr'><strong>hus</strong></span> <span class='ocrx_word' id='word_1_160' title='bbox 488 2830 674 2911; x_wconf 88' lang='lat' dir='ltr'><strong>saepissime</strong></span> <span class='ocrx_word' id='word_1_161' title='bbox 695 2839 880 2915; x_wconf 87' lang='lat' dir='ltr'><strong>usurpatum</strong></span> <span class='ocrx_word' id='word_1_162' title='bbox 903 2835 964 2895; x_wconf 91' lang='lat' dir='ltr'><strong>iam</strong></span> <span class='ocrx_word' id='word_1_163' title='bbox 988 2832 1020 2895; x_wconf 91' lang='lat' dir='ltr'><strong>in</strong></span> <span class='ocrx_word' id='word_1_164' title='bbox 1043 2830 1202 2915; x_wconf 87' lang='lat' dir='ltr'><strong>proverbii</strong></span> <span class='ocrx_word' id='word_1_165' title='bbox 1225 2829 1483 2894; x_wconf 89' lang='lat' dir='ltr'><strong>consuetudinem</strong></span> <span class='ocrx_word' id='word_1_166' title='bbox 1505 2834 1607 2907; x_wconf 81' lang='lat' dir='ltr'><strong>venit,</strong></span> <span class='ocrx_word' id='word_1_167' title='bbox 1637 2832 1733 2915; x_wconf 89' lang='lat' dir='ltr'><strong>largi·</strong></span> 
     </span>
     <span class='ocr_line' id='line_1_18' title="bbox 408 2921 1734 3006; baseline 0 -19"><span class='ocrx_word' id='word_1_168' title='bbox 408 2925 526 2988; x_wconf 89' lang='lat' dir='ltr'><strong>tionem</strong></span> <span class='ocrx_word' id='word_1_169' title='bbox 557 2921 689 2987; x_wconf 84' lang='lat' dir='ltr'><strong>landum</strong></span> <span class='ocrx_word' id='word_1_170' title='bbox 721 2945 784 2986; x_wconf 94' lang='lat' dir='ltr'><strong>non</strong></span> <span class='ocrx_word' id='word_1_171' title='bbox 813 2924 940 2988; x_wconf 87' lang='lat' dir='ltr'><strong>hahere.</strong></span> <span class='ocrx_word' id='word_1_172' title='bbox 988 2927 1113 2988; x_wconf 84' lang='lat' dir='ltr'><strong>Etenim</strong></span> <span class='ocrx_word' id='word_1_173' title='bbox 1136 2925 1207 3006; x_wconf 90' lang='lat' dir='ltr'><strong>quis</strong></span> <span class='ocrx_word' id='word_1_174' title='bbox 1230 2931 1334 3006; x_wconf 90' lang='lat' dir='ltr'><strong>potest</strong></span> <span class='ocrx_word' id='word_1_175' title='bbox 1356 2924 1468 2987; x_wconf 89' lang='lat' dir='ltr'><strong>modus</strong></span> <span class='ocrx_word' id='word_1_176' title='bbox 1490 2946 1578 3000; x_wconf 89' lang='lat' dir='ltr'><strong>esse,</strong></span> <span class='ocrx_word' id='word_1_177' title='bbox 1607 2945 1679 2988; x_wconf 91' lang='lat' dir='ltr'><strong>cum</strong></span> <span class='ocrx_word' id='word_1_178' title='bbox 1701 2930 1734 2987; x_wconf 89' lang='lat' dir='ltr'><strong>ei</strong></span> 
     </span>
     <span class='ocr_line' id='line_1_19' title="bbox 409 3016 1732 3100; baseline -0.002 -17"><span class='ocrx_word' id='word_1_179' title='bbox 409 3019 491 3084; x_wconf 90' lang='lat' dir='ltr'><strong>idem</strong></span> <span class='ocrx_word' id='word_1_180' title='bbox 514 3018 570 3100; x_wconf 88' lang='lat' dir='ltr'><strong>qui</strong></span> <span class='ocrx_word' id='word_1_181' title='bbox 594 3028 786 3081; x_wconf 86' lang='lat' dir='ltr'><strong>consuerunt</strong></span> <span class='ocrx_word' id='word_1_182' title='bbox 813 3018 950 3082; x_wconf 82' lang='lat' dir='ltr'><strong>elidem</strong></span> <span class='ocrx_word' id='word_1_183' title='bbox 974 3017 1053 3081; x_wconf 92' lang='lat' dir='ltr'><strong>illud</strong></span> <span class='ocrx_word' id='word_1_184' title='bbox 1076 3018 1130 3080; x_wconf 93' lang='lat' dir='ltr'><strong>alii</strong></span> <span class='ocrx_word' id='word_1_185' title='bbox 1154 3016 1357 3080; x_wconf 78' lang='lat' dir='ltr'><strong>desiderent</strong></span> <span class='ocrx_word' id='word_1_186' title='bbox 1400 3019 1483 3080; x_wconf 87' lang='lat' dir='ltr'><strong>xvt.</strong></span> <span class='ocrx_word' id='word_1_187' title='bbox 1512 3019 1648 3083; x_wconf 88' lang='lat' dir='ltr'><strong>Omnino</strong></span> <span class='ocrx_word' id='word_1_188' title='bbox 1669 3020 1732 3082; x_wconf 91' lang='lat' dir='ltr'><strong>duo</strong></span> 
     </span>
     <span class='ocr_line' id='line_1_20' title="bbox 408 3109 1732 3196; baseline -0.002 -20"><span class='ocrx_word' id='word_1_189' title='bbox 408 3121 483 3177; x_wconf 85' lang='lat' dir='ltr'><strong>eunt</strong></span> <span class='ocrx_word' id='word_1_190' title='bbox 503 3129 620 3193; x_wconf 87' lang='lat' dir='ltr'><strong>genera</strong></span> <span class='ocrx_word' id='word_1_191' title='bbox 643 3111 817 3193; x_wconf 89' lang='lat' dir='ltr'><strong>largorum,</strong></span> <span class='ocrx_word' id='word_1_192' title='bbox 847 3133 980 3196; x_wconf 87' lang='lat' dir='ltr'><strong>quornm</strong></span> <span class='ocrx_word' id='word_1_193' title='bbox 1003 3112 1094 3174; x_wconf 91' lang='lat' dir='ltr'><strong>alteri</strong></span> <span class='ocrx_word' id='word_1_194' title='bbox 1117 3109 1255 3194; x_wconf 85' lang='lat' dir='ltr'><strong>prodigi,</strong></span> <span class='ocrx_word' id='word_1_195' title='bbox 1286 3110 1376 3173; x_wconf 84' lang='lat' dir='ltr'><strong>alleri</strong></span> <span class='ocrx_word' id='word_1_196' title='bbox 1400 3111 1564 3175; x_wconf 86' lang='lat' dir='ltr'><strong>liberales:</strong></span> <span class='ocrx_word' id='word_1_197' title='bbox 1596 3112 1732 3196; x_wconf 89' lang='lat' dir='ltr'><strong>prodigi,</strong></span> 
     </span>
     <span class='ocr_line' id='line_1_21' title="bbox 411 3203 1769 3289; baseline -0.006 -19"><span class='ocrx_word' id='word_1_198' title='bbox 411 3207 466 3289; x_wconf 86' lang='lat' dir='ltr'><strong>qui</strong></span> <span class='ocrx_word' id='word_1_199' title='bbox 490 3203 594 3287; x_wconf 87' lang='lat' dir='ltr'><strong>epulis</strong></span> <span class='ocrx_word' id='word_1_200' title='bbox 616 3212 648 3267; x_wconf 86' lang='lat' dir='ltr'><strong>ei</strong></span> <span class='ocrx_word' id='word_1_201' title='bbox 669 3206 928 3269; x_wconf 87' lang='lat' dir='ltr'><strong>viscerationibus</strong></span> <span class='ocrx_word' id='word_1_202' title='bbox 958 3214 990 3268; x_wconf 88' lang='lat' dir='ltr'><strong>et</strong></span> <span class='ocrx_word' id='word_1_203' title='bbox 1012 3205 1222 3288; x_wconf 88' lang='lat' dir='ltr'><strong>gladiatorum</strong></span> <span class='ocrx_word' id='word_1_204' title='bbox 1244 3205 1444 3278; x_wconf 87' lang='lat' dir='ltr'><strong>muneribus,</strong></span> <span class='ocrx_word' id='word_1_205' title='bbox 1472 3205 1616 3269; x_wconf 90' lang='lat' dir='ltr'><strong>ludorum</strong></span> <span class='ocrx_word' id='word_1_206' title='bbox 1639 3213 1769 3269; x_wconf 83' lang='lat' dir='ltr'><strong>vena-stt</strong></span> 
     </span>
     <span class='ocr_line' id='line_1_22' title="bbox 409 3298 1732 3382; baseline -0.002 -19"><span class='ocrx_word' id='word_1_207' title='bbox 409 3300 597 3381; x_wconf 86' lang='lat' dir='ltr'><strong>tionumque</strong></span> <span class='ocrx_word' id='word_1_208' title='bbox 618 3307 773 3379; x_wconf 86' lang='lat' dir='ltr'><strong>apparatu</strong></span> <span class='ocrx_word' id='word_1_209' title='bbox 797 3300 947 3382; x_wconf 84' lang='lat' dir='ltr'><strong>pecuniae</strong></span> <span class='ocrx_word' id='word_1_210' title='bbox 969 3298 1166 3381; x_wconf 78' lang='lat' dir='ltr'><strong>profundunt</strong></span> <span class='ocrx_word' id='word_1_211' title='bbox 1187 3298 1219 3360; x_wconf 96' lang='lat' dir='ltr'><strong>in</strong></span> <span class='ocrx_word' id='word_1_212' title='bbox 1242 3317 1296 3360; x_wconf 89' lang='lat' dir='ltr'><strong>eas</strong></span> <span class='ocrx_word' id='word_1_213' title='bbox 1318 3317 1379 3371; x_wconf 89' lang='lat' dir='ltr'><strong>res,</strong></span> <span class='ocrx_word' id='word_1_214' title='bbox 1402 3317 1534 3382; x_wconf 88' lang='lat' dir='ltr'><strong>quarum</strong></span> <span class='ocrx_word' id='word_1_215' title='bbox 1551 3300 1732 3362; x_wconf 87' lang='lat' dir='ltr'><strong>memoriam</strong></span> 
     </span>
     <span class='ocr_line' id='line_1_23' title="bbox 408 3377 1732 3475; baseline -0.001 -19"><span class='ocrx_word' id='word_1_216' title='bbox 408 3402 463 3457; x_wconf 88' lang='lat' dir='ltr'><strong>aut</strong></span> <span class='ocrx_word' id='word_1_217' title='bbox 485 3393 612 3455; x_wconf 84' lang='lat' dir='ltr'><strong>brevem</strong></span> <span class='ocrx_word' id='word_1_218' title='bbox 634 3400 689 3454; x_wconf 90' lang='lat' dir='ltr'><strong>sut</strong></span> <span class='ocrx_word' id='word_1_219' title='bbox 712 3392 829 3456; x_wconf 89' lang='lat' dir='ltr'><strong>nullam</strong></span> <span class='ocrx_word' id='word_1_220' title='bbox 852 3395 981 3456; x_wconf 87' lang='lat' dir='ltr'><strong>omnino</strong></span> <span class='ocrx_word' id='word_1_221' title='bbox 1005 3395 1068 3456; x_wconf 90' lang='lat' dir='ltr'><strong>sint</strong></span> <span class='ocrx_word' id='word_1_222' title='bbox 1090 3393 1246 3464; x_wconf 88' lang='lat' dir='ltr'><strong>relicturi,</strong></span> <span class='ocrx_word' id='word_1_223' title='bbox 1276 3391 1422 3455; x_wconf 86' lang='lat' dir='ltr'><strong>liberales</strong></span> <span class='ocrx_word' id='word_1_224' title='bbox 1443 3400 1564 3466; x_wconf 86' lang='lat' dir='ltr'><strong>sutem,</strong></span> <span class='ocrx_word' id='word_1_225' title='bbox 1587 3377 1647 3475; x_wconf 85' lang='lat' dir='ltr'><strong>qui</strong></span> <span class='ocrx_word' id='word_1_226' title='bbox 1666 3391 1732 3455; x_wconf 88' lang='lat' dir='ltr'><strong>suis</strong></span> 
     </span>
     <span class='ocr_line' id='line_1_24' title="bbox 408 3485 1732 3569; baseline -0.003 -19"><span class='ocrx_word' id='word_1_227' title='bbox 408 3485 611 3550; x_wconf 76' lang='lat' dir='ltr'><strong>nectantibus</strong></span> <span class='ocrx_word' id='word_1_228' title='bbox 639 3492 694 3547; x_wconf 88' lang='lat' dir='ltr'><strong>aut</strong></span> <span class='ocrx_word' id='word_1_229' title='bbox 723 3496 831 3569; x_wconf 90' lang='lat' dir='ltr'><strong>captos</strong></span> <span class='ocrx_word' id='word_1_230' title='bbox 860 3508 878 3550; x_wconf 99' lang='lat' dir='ltr'><strong>a</strong></span> <span class='ocrx_word' id='word_1_231' title='bbox 908 3488 1119 3569; x_wconf 89' lang='lat' dir='ltr'><strong>praedonibus</strong></span> <span class='ocrx_word' id='word_1_232' title='bbox 1142 3487 1300 3549; x_wconf 86' lang='lat' dir='ltr'><strong>redimunt</strong></span> <span class='ocrx_word' id='word_1_233' title='bbox 1321 3493 1375 3549; x_wconf 89' lang='lat' dir='ltr'><strong>aut</strong></span> <span class='ocrx_word' id='word_1_234' title='bbox 1395 3506 1449 3549; x_wconf 88' lang='lat' dir='ltr'><strong>ees</strong></span> <span class='ocrx_word' id='word_1_235' title='bbox 1470 3486 1609 3549; x_wconf 89' lang='lat' dir='ltr'><strong>alienum</strong></span> <span class='ocrx_word' id='word_1_236' title='bbox 1632 3485 1732 3548; x_wconf 90' lang='lat' dir='ltr'><strong>susci·</strong></span> 
     </span>
     <span class='ocr_line' id='line_1_25' title="bbox 408 3578 1732 3663; baseline -0.002 -21"><span class='ocrx_word' id='word_1_237' title='bbox 408 3582 502 3663; x_wconf 95' lang='lat' dir='ltr'><strong>piunt</strong></span> <span class='ocrx_word' id='word_1_238' title='bbox 530 3579 703 3641; x_wconf 87' lang='lat' dir='ltr'><strong>amicorum</strong></span> <span class='ocrx_word' id='word_1_239' title='bbox 732 3589 787 3642; x_wconf 89' lang='lat' dir='ltr'><strong>aut</strong></span> <span class='ocrx_word' id='word_1_240' title='bbox 816 3581 849 3642; x_wconf 95' lang='lat' dir='ltr'><strong>in</strong></span> <span class='ocrx_word' id='word_1_241' title='bbox 877 3579 1010 3644; x_wconf 86' lang='lat' dir='ltr'><strong>tiliarum</strong></span> <span class='ocrx_word' id='word_1_242' title='bbox 1039 3580 1247 3643; x_wconf 80' lang='lat' dir='ltr'><strong>collocatione</strong></span> <span class='ocrx_word' id='word_1_243' title='bbox 1274 3578 1426 3642; x_wconf 87' lang='lat' dir='ltr'><strong>adiuvant</strong></span> <span class='ocrx_word' id='word_1_244' title='bbox 1454 3586 1509 3642; x_wconf 87' lang='lat' dir='ltr'><strong>aut</strong></span> <span class='ocrx_word' id='word_1_245' title='bbox 1537 3579 1732 3662; x_wconf 92' lang='lat' dir='ltr'><strong>opitulantur</strong></span> 
     </span>
     <span class='ocr_line' id='line_1_26' title="bbox 408 3671 1769 3756; baseline -0.007 -18"><span class='ocrx_word' id='word_1_246' title='bbox 408 3675 441 3738; x_wconf 92' lang='lat' dir='ltr'><strong>in</strong></span> <span class='ocrx_word' id='word_1_247' title='bbox 463 3694 498 3735; x_wconf 90' lang='lat' dir='ltr'><strong>re</strong></span> <span class='ocrx_word' id='word_1_248' title='bbox 520 3672 570 3734; x_wconf 86' lang='lat' dir='ltr'><strong>vel</strong></span> <span class='ocrx_word' id='word_1_249' title='bbox 594 3675 776 3754; x_wconf 90' lang='lat' dir='ltr'><strong>quaerenda</strong></span> <span class='ocrx_word' id='word_1_250' title='bbox 798 3674 849 3737; x_wconf 82' lang='lat' dir='ltr'><strong>rel</strong></span> <span class='ocrx_word' id='word_1_251' title='bbox 870 3673 1026 3755; x_wconf 81' lang='lat' dir='ltr'><strong>augenda.</strong></span> <span class='ocrx_word' id='word_1_252' title='bbox 1075 3671 1127 3736; x_wconf 80' lang='lat'><strong>56.</strong></span> <span class='ocrx_word' id='word_1_253' title='bbox 1158 3674 1267 3755; x_wconf 85' lang='lat' dir='ltr'><strong>ltaque</strong></span> <span class='ocrx_word' id='word_1_254' title='bbox 1294 3674 1407 3746; x_wconf 90' lang='lat' dir='ltr'><strong>miror,</strong></span> <span class='ocrx_word' id='word_1_255' title='bbox 1437 3673 1515 3756; x_wconf 93' lang='lat' dir='ltr'><strong>quid</strong></span> <span class='ocrx_word' id='word_1_256' title='bbox 1536 3673 1569 3734; x_wconf 93' lang='lat' dir='ltr'><strong>in</strong></span> <span class='ocrx_word' id='word_1_257' title='bbox 1593 3679 1769 3735; x_wconf 71' lang='lat' dir='ltr'><strong>montense</strong></span> 
     </span>
     <span class='ocr_line' id='line_1_27' title="bbox 409 3763 1730 3851; baseline -0.002 -20"><span class='ocrx_word' id='word_1_258' title='bbox 409 3768 532 3831; x_wconf 83' lang='lat' dir='ltr'><strong>venerit</strong></span> <span class='ocrx_word' id='word_1_259' title='bbox 547 3763 765 3847; x_wconf 83' lang='lat' dir='ltr'><strong>Theophrasto</strong></span> <span class='ocrx_word' id='word_1_260' title='bbox 788 3768 821 3829; x_wconf 95' lang='lat' dir='ltr'><strong>in</strong></span> <span class='ocrx_word' id='word_1_261' title='bbox 844 3788 881 3831; x_wconf 92' lang='lat' dir='ltr'><strong>eo</strong></span> <span class='ocrx_word' id='word_1_262' title='bbox 904 3768 996 3841; x_wconf 90' lang='lat' dir='ltr'><strong>libro,</strong></span> <span class='ocrx_word' id='word_1_263' title='bbox 1020 3788 1115 3851; x_wconf 88' lang='lat' dir='ltr'><strong>quem</strong></span> <span class='ocrx_word' id='word_1_264' title='bbox 1138 3765 1178 3827; x_wconf 90' lang='lat' dir='ltr'><strong>de</strong></span> <span class='ocrx_word' id='word_1_265' title='bbox 1200 3764 1318 3828; x_wconf 85' lang='lat' dir='ltr'><strong>divitiis</strong></span> <span class='ocrx_word' id='word_1_266' title='bbox 1340 3766 1476 3849; x_wconf 84' lang='lat' dir='ltr'><strong>scripsit,</strong></span> <span class='ocrx_word' id='word_1_267' title='bbox 1498 3768 1531 3829; x_wconf 94' lang='lat' dir='ltr'><strong>in</strong></span> <span class='ocrx_word' id='word_1_268' title='bbox 1554 3786 1618 3850; x_wconf 81' lang='lat' dir='ltr'><strong>quo</strong></span> <span class='ocrx_word' id='word_1_269' title='bbox 1634 3765 1730 3829; x_wconf 87' lang='lat' dir='ltr'><strong>multu</strong></span> 
     </span>
     <span class='ocr_line' id='line_1_28' title="bbox 408 3858 1730 3945; baseline 0 -22"><span class='ocrx_word' id='word_1_270' title='bbox 408 3860 586 3945; x_wconf 88' lang='lat' dir='ltr'><strong>praeclare,</strong></span> <span class='ocrx_word' id='word_1_271' title='bbox 609 3858 687 3920; x_wconf 91' lang='lat' dir='ltr'><strong>illud</strong></span> <span class='ocrx_word' id='word_1_272' title='bbox 710 3859 862 3924; x_wconf 89' lang='lat' dir='ltr'><strong>absurde:</strong></span> <span class='ocrx_word' id='word_1_273' title='bbox 895 3868 942 3924; x_wconf 90' lang='lat' dir='ltr'><strong>est</strong></span> <span class='ocrx_word' id='word_1_274' title='bbox 965 3864 1048 3924; x_wconf 88' lang='lat' dir='ltr'><strong>enim</strong></span> <span class='ocrx_word' id='word_1_275' title='bbox 1072 3861 1189 3923; x_wconf 90' lang='lat' dir='ltr'><strong>multus</strong></span> <span class='ocrx_word' id='word_1_276' title='bbox 1210 3859 1242 3922; x_wconf 90' lang='lat' dir='ltr'><strong>in</strong></span> <span class='ocrx_word' id='word_1_277' title='bbox 1266 3858 1424 3921; x_wconf 88' lang='lat' dir='ltr'><strong>laudanda</strong></span> <span class='ocrx_word' id='word_1_278' title='bbox 1446 3858 1676 3942; x_wconf 84' lang='lat' dir='ltr'><strong>magnificentia</strong></span> <span class='ocrx_word' id='word_1_279' title='bbox 1699 3866 1730 3923; x_wconf 90' lang='lat' dir='ltr'><strong>et</strong></span> 
     </span>
     <span class='ocr_line' id='line_1_29' title="bbox 407 3952 1731 4037; baseline -0.002 -19"><span class='ocrx_word' id='word_1_280' title='bbox 407 3953 613 4037; x_wconf 77' lang='lat' dir='ltr'><strong>apparatione</strong></span> <span class='ocrx_word' id='word_1_281' title='bbox 640 3954 840 4034; x_wconf 90' lang='lat' dir='ltr'><strong>popularium</strong></span> <span class='ocrx_word' id='word_1_282' title='bbox 871 3972 1034 4033; x_wconf 71' lang='lat' dir='ltr'><strong>munegum</strong></span> <span class='ocrx_word' id='word_1_283' title='bbox 1063 3955 1239 4037; x_wconf 86' lang='lat' dir='ltr'><strong>taliumque</strong></span> <span class='ocrx_word' id='word_1_284' title='bbox 1261 3960 1442 4035; x_wconf 89' lang='lat' dir='ltr'><strong>sumptuum</strong></span> <span class='ocrx_word' id='word_1_285' title='bbox 1464 3953 1644 4017; x_wconf 81' lang='lat' dir='ltr'><strong>facultatem</strong></span> <span class='ocrx_word' id='word_1_286' title='bbox 1664 3952 1731 4015; x_wconf 79' lang='lat' dir='ltr'><strong>iru-</strong></span> 
     </span>
     <span class='ocr_line' id='line_1_30' title="bbox 408 4045 1732 4130; baseline -0.002 -18"><span class='ocrx_word' id='word_1_287' title='bbox 408 4058 493 4112; x_wconf 89' lang='lat' dir='ltr'><strong>ctnm</strong></span> <span class='ocrx_word' id='word_1_288' title='bbox 516 4046 694 4109; x_wconf 88' lang='lat' dir='ltr'><strong>divitiarum</strong></span> <span class='ocrx_word' id='word_1_289' title='bbox 719 4056 835 4129; x_wconf 87' lang='lat' dir='ltr'><strong>putat..</strong></span> <span class='ocrx_word' id='word_1_290' title='bbox 855 4048 932 4111; x_wconf 88' lang='lat' dir='ltr'><strong>blihi</strong></span> <span class='ocrx_word' id='word_1_291' title='bbox 955 4057 1061 4111; x_wconf 84' lang='lat' dir='ltr'><strong>autern</strong></span> <span class='ocrx_word' id='word_1_292' title='bbox 1084 4048 1140 4110; x_wconf 89' lang='lat' dir='ltr'><strong>ille</strong></span> <span class='ocrx_word' id='word_1_293' title='bbox 1161 4045 1279 4109; x_wconf 76' lang='lat' dir='ltr'><strong>fructus</strong></span> <span class='ocrx_word' id='word_1_294' title='bbox 1300 4045 1511 4120; x_wconf 86' lang='lat' dir='ltr'><strong>liberalitatis,</strong></span> <span class='ocrx_word' id='word_1_295' title='bbox 1526 4050 1617 4111; x_wconf 90' lang='lat' dir='ltr'><strong>cuius</strong></span> <span class='ocrx_word' id='word_1_296' title='bbox 1632 4065 1732 4130; x_wconf 88' lang='lat' dir='ltr'><strong>pauca</strong></span> 
     </span>
     <span class='ocr_line' id='line_1_31' title="bbox 409 4139 1769 4225; baseline -0.006 -19"><span class='ocrx_word' id='word_1_297' title='bbox 409 4140 554 4225; x_wconf 85' lang='lat' dir='ltr'><strong>exempla</strong></span> <span class='ocrx_word' id='word_1_298' title='bbox 578 4141 685 4222; x_wconf 87' lang='lat' dir='ltr'><strong>posui,</strong></span> <span class='ocrx_word' id='word_1_299' title='bbox 708 4142 807 4202; x_wconf 90' lang='lat' dir='ltr'><strong>multo</strong></span> <span class='ocrx_word' id='word_1_300' title='bbox 830 4150 862 4202; x_wconf 88' lang='lat' dir='ltr'><strong>et</strong></span> <span class='ocrx_word' id='word_1_301' title='bbox 884 4144 983 4204; x_wconf 90' lang='lat' dir='ltr'><strong>maior</strong></span> <span class='ocrx_word' id='word_1_302' title='bbox 1005 4142 1131 4203; x_wconf 84' lang='lat' dir='ltr'><strong>videtur</strong></span> <span class='ocrx_word' id='word_1_303' title='bbox 1152 4147 1184 4201; x_wconf 88' lang='lat' dir='ltr'><strong>et</strong></span> <span class='ocrx_word' id='word_1_304' title='bbox 1205 4140 1330 4201; x_wconf 90' lang='lat' dir='ltr'><strong>certior.</strong></span> <span class='ocrx_word' id='word_1_305' title='bbox 1375 4139 1500 4213; x_wconf 86' lang='lat' dir='ltr'><strong>Quanto</strong></span> <span class='ocrx_word' id='word_1_306' title='bbox 1522 4141 1627 4203; x_wconf 76' lang='lat' dir='ltr'><strong>Aristo</strong></span> <span class='ocrx_word' id='word_1_307' title='bbox 1650 4140 1769 4203; x_wconf 75' lang='lat' dir='ltr'><strong>Ceusao</strong></span> 
     </span>
     <span class='ocr_line' id='line_1_32' title="bbox 408 4232 1732 4317; baseline -0.001 -20"><span class='ocrx_word' id='word_1_308' title='bbox 408 4236 533 4317; x_wconf 85' lang='lat' dir='ltr'><strong>gravius</strong></span> <span class='ocrx_word' id='word_1_309' title='bbox 561 4242 594 4296; x_wconf 89' lang='lat' dir='ltr'><strong>cl</strong></span> <span class='ocrx_word' id='word_1_310' title='bbox 621 4235 725 4295; x_wconf 87' lang='lat' dir='ltr'><strong>verius</strong></span> <span class='ocrx_word' id='word_1_311' title='bbox 750 4251 813 4316; x_wconf 44' lang='lat' dir='ltr'><strong>‚nos</strong></span> <span class='ocrx_word' id='word_1_312' title='bbox 836 4234 1058 4315; x_wconf 88' lang='lat' dir='ltr'><strong>reprehenditl</strong></span> <span class='ocrx_word' id='word_1_313' title='bbox 1089 4234 1143 4315; x_wconf 85' lang='lat' dir='ltr'><strong>qui</strong></span> <span class='ocrx_word' id='word_1_314' title='bbox 1168 4232 1224 4295; x_wconf 89' lang='lat' dir='ltr'><strong>has</strong></span> <span class='ocrx_word' id='word_1_315' title='bbox 1246 4233 1451 4314; x_wconf 89' lang='lat' dir='ltr'><strong>pecuniarum</strong></span> <span class='ocrx_word' id='word_1_316' title='bbox 1474 4234 1645 4296; x_wconf 78' lang='lat' dir='ltr'><strong>effusiones</strong></span> <span class='ocrx_word' id='word_1_317' title='bbox 1667 4254 1732 4296; x_wconf 92' lang='lat' dir='ltr'><strong>non</strong></span> 
     </span>
     <span class='ocr_line' id='line_1_33' title="bbox 408 4322 1731 4410; baseline 0 -20"><span class='ocrx_word' id='word_1_318' title='bbox 408 4328 620 4399; x_wconf 88' lang='lat' dir='ltr'><strong>admiramur,</strong></span> <span class='ocrx_word' id='word_1_319' title='bbox 647 4345 730 4409; x_wconf 87' lang='lat' dir='ltr'><strong>quae</strong></span> <span class='ocrx_word' id='word_1_320' title='bbox 759 4322 837 4388; x_wconf 89' lang='lat' dir='ltr'><strong>liunt</strong></span> <span class='ocrx_word' id='word_1_321' title='bbox 866 4326 905 4389; x_wconf 93' lang='lat' dir='ltr'><strong>ad</strong></span> <span class='ocrx_word' id='word_1_322' title='bbox 936 4326 1169 4389; x_wconf 89' lang='lat' dir='ltr'><strong>multitudinem</strong></span> <span class='ocrx_word' id='word_1_323' title='bbox 1199 4325 1428 4388; x_wconf 88' lang='lat' dir='ltr'><strong>deleniendam.</strong></span> <span class='ocrx_word' id='word_1_324' title='bbox 1480 4328 1581 4399; x_wconf 79' lang='lat' dir='ltr'><strong>titii,</strong></span> <span class='ocrx_word' id='word_1_325' title='bbox 1615 4328 1669 4410; x_wconf 89' lang='lat' dir='ltr'><strong>qui</strong></span> <span class='ocrx_word' id='word_1_326' title='bbox 1692 4327 1731 4390; x_wconf 92' lang='lat' dir='ltr'><strong>ah</strong></span> 
     </span>
     <span class='ocr_line' id='line_1_34' title="bbox 408 4417 1732 4503; baseline -0.001 -19"><span class='ocrx_word' id='word_1_327' title='bbox 408 4422 499 4484; x_wconf 89' lang='lat' dir='ltr'><strong>hoste</strong></span> <span class='ocrx_word' id='word_1_328' title='bbox 522 4417 723 4493; x_wconf 89' lang='lat' dir='ltr'><strong>obsidentur,</strong></span> <span class='ocrx_word' id='word_1_329' title='bbox 752 4421 779 4482; x_wconf 90' lang='lat' dir='ltr'><strong>si</strong></span> <span class='ocrx_word' id='word_1_330' title='bbox 802 4440 906 4483; x_wconf 89' lang='lat' dir='ltr'><strong>emere</strong></span> <span class='ocrx_word' id='word_1_331' title='bbox 929 4440 1029 4503; x_wconf 87' lang='lat' dir='ltr'><strong>aquae</strong></span> <span class='ocrx_word' id='word_1_332' title='bbox 1051 4421 1225 4482; x_wconf 83' lang='lat' dir='ltr'><strong>sextarium</strong></span> <span class='ocrx_word' id='word_1_333' title='bbox 1248 4428 1401 4500; x_wconf 88' lang='lat' dir='ltr'><strong>cogantur</strong></span> <span class='ocrx_word' id='word_1_334' title='bbox 1422 4419 1524 4493; x_wconf 87' lang='lat' dir='ltr'><strong>mins,</strong></span> <span class='ocrx_word' id='word_1_335' title='bbox 1546 4421 1609 4483; x_wconf 93' lang='lat' dir='ltr'><strong>boc</strong></span> <span class='ocrx_word' id='word_1_336' title='bbox 1632 4421 1732 4501; x_wconf 89' lang='lat' dir='ltr'><strong>primo</strong></span> 
     </span>
     <span class='ocr_line' id='line_1_35' title="bbox 409 4510 1732 4599; baseline -0.001 -22"><span class='ocrx_word' id='word_1_337' title='bbox 409 4510 546 4599; x_wconf 87' lang='lat' dir='ltr'><strong>[auditu]</strong></span> <span class='ocrx_word' id='word_1_338' title='bbox 569 4512 757 4575; x_wconf 87' lang='lat' dir='ltr'><strong>incredibile</strong></span> <span class='ocrx_word' id='word_1_339' title='bbox 778 4513 871 4576; x_wconf 91' lang='lat' dir='ltr'><strong>nohis</strong></span> <span class='ocrx_word' id='word_1_340' title='bbox 893 4514 993 4576; x_wconf 86' lang='lat' dir='ltr'><strong>videri</strong></span> <span class='ocrx_word' id='word_1_341' title='bbox 1017 4531 1192 4594; x_wconf 85' lang='lat' dir='ltr'><strong>omnesque</strong></span> <span class='ocrx_word' id='word_1_342' title='bbox 1215 4512 1337 4586; x_wconf 86' lang='lat' dir='ltr'><strong>mirari,</strong></span> <span class='ocrx_word' id='word_1_343' title='bbox 1353 4512 1425 4587; x_wconf 89' lang='lat' dir='ltr'><strong>sed,</strong></span> <span class='ocrx_word' id='word_1_344' title='bbox 1443 4532 1517 4575; x_wconf 87' lang='lat' dir='ltr'><strong>cnm</strong></span> <span class='ocrx_word' id='word_1_345' title='bbox 1531 4514 1732 4587; x_wconf 85' lang='lat' dir='ltr'><strong>attenderint,</strong></span> 
     </span>
     <span class='ocr_line' id='line_1_36' title="bbox 407 4602 1769 4690; baseline -0.001 -21"><span class='ocrx_word' id='word_1_346' title='bbox 407 4609 533 4670; x_wconf 83' lang='lat' dir='ltr'><strong>veniam</strong></span> <span class='ocrx_word' id='word_1_347' title='bbox 555 4609 734 4670; x_wconf 87' lang='lat' dir='ltr'><strong>necessitati</strong></span> <span class='ocrx_word' id='word_1_348' title='bbox 757 4607 843 4681; x_wconf 89' lang='lat' dir='ltr'><strong>dare,</strong></span> <span class='ocrx_word' id='word_1_349' title='bbox 864 4608 898 4670; x_wconf 95' lang='lat' dir='ltr'><strong>in</strong></span> <span class='ocrx_word' id='word_1_350' title='bbox 920 4608 971 4670; x_wconf 89' lang='lat' dir='ltr'><strong>his</strong></span> <span class='ocrx_word' id='word_1_351' title='bbox 993 4605 1174 4670; x_wconf 87' lang='lat' dir='ltr'><strong>inmanibus</strong></span> <span class='ocrx_word' id='word_1_352' title='bbox 1197 4606 1325 4668; x_wconf 88' lang='lat' dir='ltr'><strong>iacturis</strong></span> <span class='ocrx_word' id='word_1_353' title='bbox 1340 4602 1539 4690; x_wconf 77' lang='lat' dir='ltr'><strong>infinitisque</strong></span> <span class='ocrx_word' id='word_1_354' title='bbox 1554 4607 1731 4689; x_wconf 86' lang='lat' dir='ltr'><strong>sumptibus</strong></span> <span class='ocrx_word' id='word_1_355' title='bbox 1740 4620 1769 4667; x_wconf 87' lang='grc' dir='ltr'><strong>ιι</strong></span> 
     </span>
     <span class='ocr_line' id='line_1_37' title="bbox 408 4699 1732 4783; baseline 0.001 -20"><span class='ocrx_word' id='word_1_356' title='bbox 408 4700 488 4764; x_wconf 91' lang='lat' dir='ltr'><strong>nihil</strong></span> <span class='ocrx_word' id='word_1_357' title='bbox 511 4720 569 4763; x_wconf 91' lang='lat' dir='ltr'><strong>nos</strong></span> <span class='ocrx_word' id='word_1_358' title='bbox 593 4719 705 4782; x_wconf 89' lang='lat' dir='ltr'><strong>magno</strong></span> <span class='ocrx_word' id='word_1_359' title='bbox 729 4720 825 4783; x_wconf 88' lang='lat' dir='ltr'><strong>opere</strong></span> <span class='ocrx_word' id='word_1_360' title='bbox 848 4701 969 4775; x_wconf 89' lang='lat' dir='ltr'><strong>mirari,</strong></span> <span class='ocrx_word' id='word_1_361' title='bbox 999 4721 1070 4763; x_wconf 93' lang='lat' dir='ltr'><strong>cum</strong></span> <span class='ocrx_word' id='word_1_362' title='bbox 1100 4699 1286 4783; x_wconf 86' lang='lat' dir='ltr'><strong>praesertim</strong></span> <span class='ocrx_word' id='word_1_363' title='bbox 1315 4717 1420 4783; x_wconf 89' lang='lat' dir='ltr'><strong>neque</strong></span> <span class='ocrx_word' id='word_1_364' title='bbox 1448 4702 1629 4764; x_wconf 86' lang='lat' dir='ltr'><strong>necessitati</strong></span> <span class='ocrx_word' id='word_1_365' title='bbox 1658 4702 1732 4765; x_wconf 88' lang='lat' dir='ltr'><strong>soh-</strong></span> 
     </span>
    </p>
   </div>
   <div class='ocr_carea' id='block_1_3' title="bbox 405 4922 1734 6036">
    <p class='ocr_par' dir='ltr' id='par_1_3' title="bbox 405 4922 1734 6036">
     <span class='ocr_line' id='line_1_38' title="bbox 473 4922 1732 4986; baseline -0.003 -11"><span class='ocrx_word' id='word_1_366' title='bbox 473 4926 496 4975; x_wconf 95' lang='grc'><strong>3.</strong></span> <span class='ocrx_word' id='word_1_367' title='bbox 513 4928 584 4986; x_wconf 88' lang='lat' dir='ltr'><strong>potet</strong></span> <span class='ocrx_word' id='word_1_368' title='bbox 601 4924 622 4974; x_wconf 87' lang='lat' dir='ltr'><strong>tt</strong></span> <span class='ocrx_word' id='word_1_369' title='bbox 642 4950 664 4959; x_wconf 94' lang='lat'><em>-</em></span> <span class='ocrx_word' id='word_1_370' title='bbox 687 4923 712 4974; x_wconf 86' lang='lat' dir='ltr'><strong>l.</strong></span> <span class='ocrx_word' id='word_1_371' title='bbox 725 4936 775 4972; x_wconf 92' lang='lat' dir='ltr'><strong>non</strong></span> <span class='ocrx_word' id='word_1_372' title='bbox 786 4937 923 4985; x_wconf 80' lang='lat' dir='ltr'><strong>nnannom</strong></span> <span class='ocrx_word' id='word_1_373' title='bbox 940 4928 1022 4973; x_wconf 87' lang='lat' dir='ltr'><strong>tomen</strong></span> <span class='ocrx_word' id='word_1_374' title='bbox 1034 4948 1069 4959; x_wconf 93' lang='lat'><strong>--</strong></span> <span class='ocrx_word' id='word_1_375' title='bbox 1083 4922 1221 4972; x_wconf 81' lang='lat' dir='ltr'><strong>hominibus</strong></span> <span class='ocrx_word' id='word_1_376' title='bbox 1232 4922 1356 4984; x_wconf 71' lang='lat' dir='ltr'><strong>egentibus</strong></span> <span class='ocrx_word' id='word_1_377' title='bbox 1368 4948 1380 4959; x_wconf 94' lang='lat'>-</span> <span class='ocrx_word' id='word_1_378' title='bbox 1390 4949 1404 4959; x_wconf 93' lang='lat'>-</span> <span class='ocrx_word' id='word_1_379' title='bbox 1415 4923 1604 4984; x_wconf 71' lang='lat' dir='ltr'><strong>inpertiendtnn</strong></span> <span class='ocrx_word' id='word_1_380' title='bbox 1621 4923 1732 4973; x_wconf 86' lang='lat' dir='ltr'><strong>Laclan-</strong></span> 
     </span>
     <span class='ocr_line' id='line_1_39' title="bbox 408 4997 1733 5061; baseline -0.002 -12"><span class='ocrx_word' id='word_1_381' title='bbox 408 5001 459 5050; x_wconf 88' lang='lat' dir='ltr'><strong>tius</strong></span> <span class='ocrx_word' id='word_1_382' title='bbox 477 5000 540 5050; x_wconf 88' lang='lat' dir='ltr'><strong>lnsl.</strong></span> <span class='ocrx_word' id='word_1_383' title='bbox 560 4998 612 5047; x_wconf 87' lang='lat' dir='ltr'><strong>div.</strong></span> <span class='ocrx_word' id='word_1_384' title='bbox 631 4999 673 5055; x_wconf 84' lang='lat' dir='ltr'><strong>vt,</strong></span> <span class='ocrx_word' id='word_1_385' title='bbox 688 5000 727 5047; x_wconf 85' lang='lat' dir='ltr'><strong>tt.</strong></span> <span class='ocrx_word' id='word_1_386' title='bbox 749 5022 775 5034; x_wconf 92' lang='lat'><em>-</em></span> <span class='ocrx_word' id='word_1_387' title='bbox 796 5001 820 5048; x_wconf 86' lang='lat'><strong>5.</strong></span> <span class='ocrx_word' id='word_1_388' title='bbox 838 4998 1023 5060; x_wconf 80' lang='lat' dir='ltr'><strong>repudiandam</strong></span> <span class='ocrx_word' id='word_1_389' title='bbox 1039 5002 1073 5046; x_wconf 87' lang='lat' dir='ltr'><strong>est</strong></span> <span class='ocrx_word' id='word_1_390' title='bbox 1090 5003 1113 5046; x_wconf 87' lang='lat' dir='ltr'><strong>ei</strong></span> <span class='ocrx_word' id='word_1_391' title='bbox 1131 4998 1164 5047; x_wconf 88' lang='lat' dir='ltr'><strong>C:</strong></span> <span class='ocrx_word' id='word_1_392' title='bbox 1181 4997 1365 5058; x_wconf 74' lang='lat' dir='ltr'><strong>repudiandam</strong></span> <span class='ocrx_word' id='word_1_393' title='bbox 1381 5002 1404 5045; x_wconf 91' lang='lat' dir='ltr'><strong>et</strong></span> <span class='ocrx_word' id='word_1_394' title='bbox 1421 5008 1436 5047; x_wconf 94' lang='lat' dir='ltr'><strong>o</strong></span> <span class='ocrx_word' id='word_1_395' title='bbox 1455 5022 1481 5031; x_wconf 92' lang='lat'>—</span> <span class='ocrx_word' id='word_1_396' title='bbox 1502 4999 1526 5048; x_wconf 83' lang='grc'><strong>6.</strong></span> <span class='ocrx_word' id='word_1_397' title='bbox 1539 5000 1733 5061; x_wconf 78' lang='lat' dir='ltr'><strong>impartiendam</strong></span> 
     </span>
     <span class='ocr_line' id='line_1_40' title="bbox 407 5070 1732 5135; baseline -0.002 -10"><span class='ocrx_word' id='word_1_398' title='bbox 407 5087 423 5125; x_wconf 89' lang='lat' dir='ltr'><strong>o</strong></span> <span class='ocrx_word' id='word_1_399' title='bbox 441 5098 468 5109; x_wconf 94' lang='lat'>-</span> <span class='ocrx_word' id='word_1_400' title='bbox 488 5074 512 5122; x_wconf 78' lang='lat' dir='ltr'><strong>l.</strong></span> <span class='ocrx_word' id='word_1_401' title='bbox 533 5074 598 5135; x_wconf 82' lang='lat' dir='ltr'><strong>Quid</strong></span> <span class='ocrx_word' id='word_1_402' title='bbox 614 5079 698 5122; x_wconf 79' lang='lat' dir='ltr'><strong>ostem</strong></span> <span class='ocrx_word' id='word_1_403' title='bbox 710 5088 808 5122; x_wconf 90' lang='lat' dir='ltr'><strong>--non</strong></span> <span class='ocrx_word' id='word_1_404' title='bbox 823 5072 920 5135; x_wconf 81' lang='lat' dir='ltr'><strong>possis?</strong></span> <span class='ocrx_word' id='word_1_405' title='bbox 938 5074 1088 5122; x_wconf 82' lang='lat' dir='ltr'><strong>lactantius</strong></span> <span class='ocrx_word' id='word_1_406' title='bbox 1105 5072 1168 5120; x_wconf 84' lang='lat' dir='ltr'><strong>insi.</strong></span> <span class='ocrx_word' id='word_1_407' title='bbox 1191 5070 1243 5121; x_wconf 84' lang='lat' dir='ltr'><strong>div.</strong></span> <span class='ocrx_word' id='word_1_408' title='bbox 1263 5072 1305 5127; x_wconf 77' lang='lat' dir='ltr'><strong>Vl.</strong></span> <span class='ocrx_word' id='word_1_409' title='bbox 1319 5072 1358 5119; x_wconf 90' lang='lat' dir='ltr'><strong>it.</strong></span> <span class='ocrx_word' id='word_1_410' title='bbox 1379 5097 1406 5107; x_wconf 89' lang='lat'><em>-</em></span> <span class='ocrx_word' id='word_1_411' title='bbox 1432 5071 1455 5120; x_wconf 82' lang='grc'><strong>3.</strong></span> <span class='ocrx_word' id='word_1_412' title='bbox 1474 5072 1633 5134; x_wconf 74' lang='lat' dir='ltr'><strong>largitionem</strong></span> <span class='ocrx_word' id='word_1_413' title='bbox 1650 5084 1732 5124; x_wconf 89' lang='lat' dir='ltr'><strong>om.o</strong></span> 
     </span>
     <span class='ocr_line' id='line_1_41' title="bbox 410 5144 1733 5210; baseline 0.001 -14"><span class='ocrx_word' id='word_1_414' title='bbox 410 5174 437 5185; x_wconf 97' lang='lat'><em>-</em></span> <span class='ocrx_word' id='word_1_415' title='bbox 455 5151 579 5208; x_wconf 78' lang='lat' dir='ltr'><strong>coeperint</strong></span> <span class='ocrx_word' id='word_1_416' title='bbox 597 5148 627 5205; x_wconf 82' lang='lat' dir='ltr'><strong>tt,</strong></span> <span class='ocrx_word' id='word_1_417' title='bbox 646 5148 754 5207; x_wconf 80' lang='lat' dir='ltr'><strong>ceperint</strong></span> <span class='ocrx_word' id='word_1_418' title='bbox 772 5159 802 5202; x_wconf 73' lang='lat' dir='ltr'><strong>o:</strong></span> <span class='ocrx_word' id='word_1_419' title='bbox 821 5147 869 5197; x_wconf 84' lang='lat' dir='ltr'><strong>sed</strong></span> <span class='ocrx_word' id='word_1_420' title='bbox 888 5146 921 5197; x_wconf 85' lang='lat' dir='ltr'><strong>ot.</strong></span> <span class='ocrx_word' id='word_1_421' title='bbox 942 5148 1044 5210; x_wconf 73' lang='lat' dir='ltr'><strong>iladvig</strong></span> <span class='ocrx_word' id='word_1_422' title='bbox 1062 5147 1095 5196; x_wconf 86' lang='lat' dir='ltr'><strong>ad</strong></span> <span class='ocrx_word' id='word_1_423' title='bbox 1114 5148 1168 5195; x_wconf 83' lang='lat' dir='ltr'><strong>Cic.</strong></span> <span class='ocrx_word' id='word_1_424' title='bbox 1188 5145 1222 5196; x_wconf 91' lang='lat' dir='ltr'><strong>de</strong></span> <span class='ocrx_word' id='word_1_425' title='bbox 1240 5144 1321 5195; x_wconf 73' lang='lat' dir='ltr'><strong>finib.</strong></span> <span class='ocrx_word' id='word_1_426' title='bbox 1343 5147 1436 5209; x_wconf 77' lang='lat' dir='ltr'><strong>pilii.</strong></span> <span class='ocrx_word' id='word_1_427' title='bbox 1456 5172 1483 5183; x_wconf 92' lang='lat'><em>-</em></span> <span class='ocrx_word' id='word_1_428' title='bbox 1506 5149 1546 5196; x_wconf 91' lang='lat' dir='ltr'><strong>to.</strong></span> <span class='ocrx_word' id='word_1_429' title='bbox 1565 5148 1633 5197; x_wconf 83' lang='lat' dir='ltr'><strong>ionis</strong></span> <span class='ocrx_word' id='word_1_430' title='bbox 1650 5160 1733 5198; x_wconf 79' lang='lat' dir='ltr'><strong>oms</strong></span> 
     </span>
     <span class='ocr_line' id='line_1_42' title="bbox 409 5220 1734 5285; baseline -0.001 -14"><span class='ocrx_word' id='word_1_431' title='bbox 409 5248 436 5259; x_wconf 92' lang='lat'><em>-</em></span> <span class='ocrx_word' id='word_1_432' title='bbox 456 5223 534 5285; x_wconf 69' lang='lat' dir='ltr'><strong>offere</strong></span> <span class='ocrx_word' id='word_1_433' title='bbox 551 5223 585 5271; x_wconf 89' lang='lat' dir='ltr'><strong>C:</strong></span> <span class='ocrx_word' id='word_1_434' title='bbox 610 5223 703 5284; x_wconf 64' lang='lat' dir='ltr'><strong>inferre</strong></span> <span class='ocrx_word' id='word_1_435' title='bbox 719 5221 770 5272; x_wconf 89' lang='lat' dir='ltr'><strong>alii.</strong></span> <span class='ocrx_word' id='word_1_436' title='bbox 791 5246 817 5257; x_wconf 91' lang='lat'><em>-</em></span> <span class='ocrx_word' id='word_1_437' title='bbox 844 5224 884 5271; x_wconf 82' lang='lat' dir='ltr'><strong>ts.</strong></span> <span class='ocrx_word' id='word_1_438' title='bbox 903 5236 946 5271; x_wconf 89' lang='lat' dir='ltr'><strong>nec</strong></span> <span class='ocrx_word' id='word_1_439' title='bbox 964 5225 1000 5272; x_wconf 86' lang='lat' dir='ltr'><strong>ito</strong></span> <span class='ocrx_word' id='word_1_440' title='bbox 1016 5222 1155 5271; x_wconf 80' lang='lat' dir='ltr'><strong>claudendo</strong></span> <span class='ocrx_word' id='word_1_441' title='bbox 1173 5225 1207 5269; x_wconf 83' lang='lat' dir='ltr'><strong>est</strong></span> <span class='ocrx_word' id='word_1_442' title='bbox 1223 5233 1263 5270; x_wconf 89' lang='lat' dir='ltr'><strong>res</strong></span> <span class='ocrx_word' id='word_1_443' title='bbox 1278 5220 1414 5283; x_wconf 73' lang='lat' dir='ltr'><strong>somiliosls</strong></span> <span class='ocrx_word' id='word_1_444' title='bbox 1426 5246 1440 5257; x_wconf 92' lang='lat'>·</span> <span class='ocrx_word' id='word_1_445' title='bbox 1453 5250 1467 5260; x_wconf 96' lang='lat'>-</span> <span class='ocrx_word' id='word_1_446' title='bbox 1478 5227 1506 5271; x_wconf 83' lang='lat' dir='ltr'><strong>ni</strong></span> <span class='ocrx_word' id='word_1_447' title='bbox 1520 5228 1606 5285; x_wconf 87' lang='lat' dir='ltr'><strong>poieot</strong></span> <span class='ocrx_word' id='word_1_448' title='bbox 1622 5220 1734 5271; x_wconf 86' lang='lat' dir='ltr'><strong>omnibsss</strong></span> 
     </span>
     <span class='ocr_line' id='line_1_43' title="bbox 409 5295 1734 5362; baseline -0.002 -14"><span class='ocrx_word' id='word_1_449' title='bbox 409 5299 507 5348; x_wconf 83' lang='lat' dir='ltr'><strong>Nonius</strong></span> <span class='ocrx_word' id='word_1_450' title='bbox 525 5296 601 5362; x_wconf 83' lang='lat' dir='ltr'><strong>pli.</strong></span> <span class='ocrx_word' id='word_1_451' title='bbox 623 5323 650 5334; x_wconf 93' lang='lat'><em>-</em></span> <span class='ocrx_word' id='word_1_452' title='bbox 675 5299 714 5348; x_wconf 80' lang='grc'><strong>43.</strong></span> <span class='ocrx_word' id='word_1_453' title='bbox 734 5302 769 5348; x_wconf 87' lang='lat' dir='ltr'><strong>esi</strong></span> <span class='ocrx_word' id='word_1_454' title='bbox 784 5310 855 5348; x_wconf 87' lang='lat' dir='ltr'><strong>reso</strong></span> <span class='ocrx_word' id='word_1_455' title='bbox 875 5324 901 5333; x_wconf 94' lang='lat'><em>-</em></span> <span class='ocrx_word' id='word_1_456' title='bbox 928 5296 967 5348; x_wconf 86' lang='lat' dir='ltr'><strong>il.</strong></span> <span class='ocrx_word' id='word_1_457' title='bbox 987 5296 1063 5360; x_wconf 79' lang='lat' dir='ltr'><strong>isque]</strong></span> <span class='ocrx_word' id='word_1_458' title='bbox 1080 5297 1117 5345; x_wconf 82' lang='lat' dir='ltr'><strong>liis</strong></span> <span class='ocrx_word' id='word_1_459' title='bbox 1135 5296 1177 5357; x_wconf 77' lang='lat' dir='ltr'><strong>qni</strong></span> <span class='ocrx_word' id='word_1_460' title='bbox 1195 5307 1209 5344; x_wconf 92' lang='lat' dir='ltr'><strong>o</strong></span> <span class='ocrx_word' id='word_1_461' title='bbox 1230 5321 1255 5329; x_wconf 95' lang='lat'><em>-</em></span> <span class='ocrx_word' id='word_1_462' title='bbox 1280 5296 1318 5344; x_wconf 81' lang='grc'><strong>43.</strong></span> <span class='ocrx_word' id='word_1_463' title='bbox 1338 5295 1514 5357; x_wconf 77' lang='lat' dir='ltr'><strong>socattotemo</strong></span> <span class='ocrx_word' id='word_1_464' title='bbox 1537 5322 1563 5331; x_wconf 92' lang='lat'>—</span> <span class='ocrx_word' id='word_1_465' title='bbox 1590 5297 1628 5346; x_wconf 81' lang='lat' dir='ltr'><strong>il.</strong></span> <span class='ocrx_word' id='word_1_466' title='bbox 1647 5298 1734 5346; x_wconf 79' lang='lat' dir='ltr'><strong>nwdos</strong></span> 
     </span>
     <span class='ocr_line' id='line_1_44' title="bbox 405 5369 1733 5435; baseline 0.001 -15"><span class='ocrx_word' id='word_1_467' title='bbox 405 5372 521 5434; x_wconf 84' lang='lat' dir='ltr'><strong>potesttl</strong></span> <span class='ocrx_word' id='word_1_468' title='bbox 543 5399 569 5407; x_wconf 97' lang='lat'>-</span> <span class='ocrx_word' id='word_1_469' title='bbox 594 5372 861 5422; x_wconf 66' lang='lat' dir='ltr'><strong>tenemento</strong></span> <span class='ocrx_word' id='word_1_470' title='bbox 886 5398 913 5409; x_wconf 92' lang='lat'>-</span> <span class='ocrx_word' id='word_1_471' title='bbox 939 5374 978 5422; x_wconf 81' lang='grc'><strong>49.</strong></span> <span class='ocrx_word' id='word_1_472' title='bbox 995 5371 1105 5435; x_wconf 72' lang='lat' dir='ltr'><strong>prodigi]</strong></span> <span class='ocrx_word' id='word_1_473' title='bbox 1121 5370 1220 5432; x_wconf 74' lang='lat' dir='ltr'><strong>prodigi</strong></span> <span class='ocrx_word' id='word_1_474' title='bbox 1237 5369 1387 5421; x_wconf 84' lang='lat' dir='ltr'><strong>dicantora</strong></span> <span class='ocrx_word' id='word_1_475' title='bbox 1412 5398 1434 5408; x_wconf 94' lang='lat'>-</span> <span class='ocrx_word' id='word_1_476' title='bbox 1462 5371 1503 5420; x_wconf 81' lang='lat' dir='ltr'><strong>so.</strong></span> <span class='ocrx_word' id='word_1_477' title='bbox 1522 5372 1679 5435; x_wconf 74' lang='lat' dir='ltr'><strong>gladiatoriis</strong></span> <span class='ocrx_word' id='word_1_478' title='bbox 1696 5382 1733 5433; x_wconf 86' lang='lat' dir='ltr'><strong>op</strong></span> 
     </span>
     <span class='ocr_line' id='line_1_45' title="bbox 407 5444 1733 5508; baseline -0.003 -11"><span class='ocrx_word' id='word_1_479' title='bbox 407 5472 441 5483; x_wconf 92' lang='lat'>-</span> <span class='ocrx_word' id='word_1_480' title='bbox 457 5446 497 5497; x_wconf 71' lang='lat' dir='ltr'><strong>ll.</strong></span> <span class='ocrx_word' id='word_1_481' title='bbox 516 5445 678 5497; x_wconf 65' lang='lat' dir='ltr'><strong>concoctioni</strong></span> <span class='ocrx_word' id='word_1_482' title='bbox 696 5448 799 5504; x_wconf 69' lang='lat' dir='ltr'><strong>annin</strong></span> <span class='ocrx_word' id='word_1_483' title='bbox 817 5448 979 5496; x_wconf 76' lang='lat' dir='ltr'><strong>collationes</strong></span> <span class='ocrx_word' id='word_1_484' title='bbox 1000 5475 1022 5483; x_wconf 93' lang='lat'>-</span> <span class='ocrx_word' id='word_1_485' title='bbox 1044 5448 1084 5496; x_wconf 77' lang='grc'><strong>33.</strong></span> <span class='ocrx_word' id='word_1_486' title='bbox 1104 5448 1131 5493; x_wconf 91' lang='lat' dir='ltr'><strong>in</strong></span> <span class='ocrx_word' id='word_1_487' title='bbox 1147 5457 1175 5494; x_wconf 86' lang='lat' dir='ltr'><strong>re</strong></span> <span class='ocrx_word' id='word_1_488' title='bbox 1190 5445 1231 5493; x_wconf 80' lang='lat' dir='ltr'><strong>oei</strong></span> <span class='ocrx_word' id='word_1_489' title='bbox 1247 5456 1276 5492; x_wconf 86' lang='lat' dir='ltr'><strong>o:</strong></span> <span class='ocrx_word' id='word_1_490' title='bbox 1295 5444 1335 5493; x_wconf 83' lang='lat' dir='ltr'><strong>nel</strong></span> <span class='ocrx_word' id='word_1_491' title='bbox 1350 5446 1377 5493; x_wconf 90' lang='lat' dir='ltr'><strong>in</strong></span> <span class='ocrx_word' id='word_1_492' title='bbox 1393 5457 1421 5495; x_wconf 90' lang='lat' dir='ltr'><strong>re</strong></span> <span class='ocrx_word' id='word_1_493' title='bbox 1437 5445 1528 5498; x_wconf 83' lang='lat' dir='ltr'><strong>Riteh</strong></span> <span class='ocrx_word' id='word_1_494' title='bbox 1547 5472 1574 5481; x_wconf 96' lang='lat'>-</span> <span class='ocrx_word' id='word_1_495' title='bbox 1594 5446 1634 5496; x_wconf 71' lang='lat'><strong>28.</strong></span> <span class='ocrx_word' id='word_1_496' title='bbox 1649 5459 1733 5508; x_wconf 87' lang='lat' dir='ltr'><strong>oppo-</strong></span> 
     </span>
     <span class='ocr_line' id='line_1_46' title="bbox 407 5518 1731 5583; baseline 0.001 -13"><span class='ocrx_word' id='word_1_497' title='bbox 407 5522 497 5570; x_wconf 78' lang='lat' dir='ltr'><strong>sitione</strong></span> <span class='ocrx_word' id='word_1_498' title='bbox 514 5522 586 5572; x_wconf 77' lang='lat' dir='ltr'><strong>rtet&gt;</strong></span> <span class='ocrx_word' id='word_1_499' title='bbox 612 5548 636 5556; x_wconf 94' lang='lat'>-</span> <span class='ocrx_word' id='word_1_500' title='bbox 664 5524 731 5571; x_wconf 79' lang='lat' dir='ltr'><strong>Ante</strong></span> <span class='ocrx_word' id='word_1_501' title='bbox 746 5522 856 5583; x_wconf 72' lang='lat' dir='ltr'><strong>inactum</strong></span> <span class='ocrx_word' id='word_1_502' title='bbox 873 5521 999 5572; x_wconf 88' lang='lat' dir='ltr'><strong>desidero</strong></span> <span class='ocrx_word' id='word_1_503' title='bbox 1017 5520 1190 5579; x_wconf 86' lang='lat' dir='ltr'><strong>adiecttvum,</strong></span> <span class='ocrx_word' id='word_1_504' title='bbox 1213 5518 1291 5581; x_wconf 89' lang='lat' dir='ltr'><strong>quale</strong></span> <span class='ocrx_word' id='word_1_505' title='bbox 1312 5520 1454 5569; x_wconf 74' lang='lat' dir='ltr'><strong>monimum</strong></span> <span class='ocrx_word' id='word_1_506' title='bbox 1476 5520 1517 5570; x_wconf 85' lang='lat' dir='ltr'><strong>vet</strong></span> <span class='ocrx_word' id='word_1_507' title='bbox 1535 5522 1662 5583; x_wconf 80' lang='lat' dir='ltr'><strong>optimam.</strong></span> <span class='ocrx_word' id='word_1_508' title='bbox 1691 5519 1731 5571; x_wconf 89' lang='lat' dir='ltr'><strong>Cl.</strong></span> 
     </span>
     <span class='ocr_line' id='line_1_47' title="bbox 408 5593 1734 5659; baseline 0 -15"><span class='ocrx_word' id='word_1_509' title='bbox 408 5608 433 5644; x_wconf 85' lang='lat' dir='ltr'><strong>v.</strong></span> <span class='ocrx_word' id='word_1_510' title='bbox 447 5596 487 5645; x_wconf 85' lang='grc'><strong>30.</strong></span> <span class='ocrx_word' id='word_1_511' title='bbox 508 5610 533 5659; x_wconf 94' lang='lat' dir='ltr'><strong>p.</strong></span> <span class='ocrx_word' id='word_1_512' title='bbox 544 5596 601 5655; x_wconf 76' lang='lat'><strong>702,</strong></span> <span class='ocrx_word' id='word_1_513' title='bbox 612 5598 636 5645; x_wconf 77' lang='grc'><strong>3.</strong></span> <span class='ocrx_word' id='word_1_514' title='bbox 657 5621 683 5631; x_wconf 92' lang='lat'><strong>—-</strong></span> <span class='ocrx_word' id='word_1_515' title='bbox 709 5597 749 5645; x_wconf 91' lang='grc'><strong>30.</strong></span> <span class='ocrx_word' id='word_1_516' title='bbox 768 5598 851 5645; x_wconf 71' lang='lat' dir='ltr'><strong>Aristo</strong></span> <span class='ocrx_word' id='word_1_517' title='bbox 868 5597 930 5646; x_wconf 83' lang='lat' dir='ltr'><strong>Ceos</strong></span> <span class='ocrx_word' id='word_1_518' title='bbox 945 5597 1036 5646; x_wconf 85' lang='lat' dir='ltr'><strong>Beier:</strong></span> <span class='ocrx_word' id='word_1_519' title='bbox 1060 5595 1197 5645; x_wconf 82' lang='lat' dir='ltr'><strong>aristoteles</strong></span> <span class='ocrx_word' id='word_1_520' title='bbox 1214 5595 1233 5644; x_wconf 78' lang='lat' dir='ltr'><strong>t}</strong></span> <span class='ocrx_word' id='word_1_521' title='bbox 1254 5599 1330 5656; x_wconf 79' lang='lat' dir='ltr'><strong>(com.</strong></span> <span class='ocrx_word' id='word_1_522' title='bbox 1345 5596 1377 5644; x_wconf 70' lang='lat' dir='ltr'><strong>eii</strong></span> <span class='ocrx_word' id='word_1_523' title='bbox 1394 5597 1545 5646; x_wconf 83' lang='lat' dir='ltr'><strong>aristotectes</strong></span> <span class='ocrx_word' id='word_1_524' title='bbox 1560 5596 1585 5655; x_wconf 83' lang='lat' dir='ltr'><strong>a)</strong></span> <span class='ocrx_word' id='word_1_525' title='bbox 1605 5620 1631 5630; x_wconf 94' lang='lat'><em>-</em></span> <span class='ocrx_word' id='word_1_526' title='bbox 1651 5593 1691 5643; x_wconf 78' lang='lat' dir='ltr'><strong>tt.</strong></span> <span class='ocrx_word' id='word_1_527' title='bbox 1710 5598 1734 5644; x_wconf 88' lang='lat' dir='ltr'><strong>et</strong></span> 
     </span>
     <span class='ocr_line' id='line_1_48' title="bbox 407 5668 1732 5733; baseline 0.001 -15"><span class='ocrx_word' id='word_1_528' title='bbox 407 5670 548 5733; x_wconf 73' lang='lat' dir='ltr'><strong>prosince</strong></span> <span class='ocrx_word' id='word_1_529' title='bbox 579 5695 606 5706; x_wconf 94' lang='lat'><em>-</em></span> <span class='ocrx_word' id='word_1_530' title='bbox 637 5684 687 5719; x_wconf 91' lang='lat' dir='ltr'><strong>non</strong></span> <span class='ocrx_word' id='word_1_531' title='bbox 703 5670 853 5719; x_wconf 76' lang='lat' dir='ltr'><strong>dentrenur</strong></span> <span class='ocrx_word' id='word_1_532' title='bbox 875 5668 1035 5727; x_wconf 80' lang='lat' dir='ltr'><strong>Lambinus3</strong></span> <span class='ocrx_word' id='word_1_533' title='bbox 1062 5683 1111 5718; x_wconf 92' lang='lat' dir='ltr'><strong>non</strong></span> <span class='ocrx_word' id='word_1_534' title='bbox 1133 5669 1254 5718; x_wconf 84' lang='lat' dir='ltr'><strong>mirernur</strong></span> <span class='ocrx_word' id='word_1_535' title='bbox 1275 5669 1343 5719; x_wconf 77' lang='lat' dir='ltr'><strong>lintre</strong></span> <span class='ocrx_word' id='word_1_536' title='bbox 1366 5668 1401 5719; x_wconf 91' lang='lat' dir='ltr'><strong>do</strong></span> <span class='ocrx_word' id='word_1_537' title='bbox 1424 5669 1530 5719; x_wconf 87' lang='lat' dir='ltr'><strong>emend.</strong></span> <span class='ocrx_word' id='word_1_538' title='bbox 1550 5671 1605 5720; x_wconf 88' lang='lat' dir='ltr'><strong>Cic.</strong></span> <span class='ocrx_word' id='word_1_539' title='bbox 1623 5669 1732 5719; x_wconf 87' lang='lat' dir='ltr'><strong>Oratore</strong></span> 
     </span>
     <span class='ocr_line' id='line_1_49' title="bbox 408 5743 1731 5809; baseline 0.002 -16"><span class='ocrx_word' id='word_1_540' title='bbox 408 5744 484 5808; x_wconf 77' lang='lat' dir='ltr'><strong>pili.</strong></span> <span class='ocrx_word' id='word_1_541' title='bbox 504 5744 541 5792; x_wconf 84' lang='lat' dir='ltr'><strong>ct.</strong></span> <span class='ocrx_word' id='word_1_542' title='bbox 563 5756 586 5791; x_wconf 83' lang='lat' dir='ltr'><strong>v.</strong></span> <span class='ocrx_word' id='word_1_543' title='bbox 598 5743 630 5794; x_wconf 77' lang='lat' dir='ltr'><strong>il</strong></span> <span class='ocrx_word' id='word_1_544' title='bbox 649 5750 675 5794; x_wconf 88' lang='lat' dir='ltr'><strong>et</strong></span> <span class='ocrx_word' id='word_1_545' title='bbox 692 5744 733 5793; x_wconf 90' lang='grc'><strong>36.</strong></span> <span class='ocrx_word' id='word_1_546' title='bbox 755 5768 781 5779; x_wconf 93' lang='grc'>-</span> <span class='ocrx_word' id='word_1_547' title='bbox 801 5744 841 5794; x_wconf 76' lang='lat'><strong>32.</strong></span> <span class='ocrx_word' id='word_1_548' title='bbox 859 5747 955 5809; x_wconf 61' lang='lat' dir='ltr'><strong>msto</strong></span> <span class='ocrx_word' id='word_1_549' title='bbox 976 5771 999 5780; x_wconf 90' lang='lat'><em>-</em></span> <span class='ocrx_word' id='word_1_550' title='bbox 1020 5744 1187 5795; x_wconf 80' lang='lat' dir='ltr'><strong>deliniendam</strong></span> <span class='ocrx_word' id='word_1_551' title='bbox 1203 5745 1240 5796; x_wconf 87' lang='lat' dir='ltr'><strong>ah</strong></span> <span class='ocrx_word' id='word_1_552' title='bbox 1259 5769 1286 5780; x_wconf 92' lang='lat'>-</span> <span class='ocrx_word' id='word_1_553' title='bbox 1306 5750 1334 5794; x_wconf 91' lang='lat' dir='ltr'><strong>ot</strong></span> <span class='ocrx_word' id='word_1_554' title='bbox 1350 5745 1376 5794; x_wconf 83' lang='lat' dir='ltr'><strong>li</strong></span> <span class='ocrx_word' id='word_1_555' title='bbox 1391 5757 1417 5805; x_wconf 82' lang='lat' dir='ltr'><strong>a,</strong></span> <span class='ocrx_word' id='word_1_556' title='bbox 1436 5752 1463 5794; x_wconf 85' lang='lat' dir='ltr'><strong>ot</strong></span> <span class='ocrx_word' id='word_1_557' title='bbox 1478 5745 1513 5794; x_wconf 83' lang='lat' dir='ltr'><strong>lii</strong></span> <span class='ocrx_word' id='word_1_558' title='bbox 1531 5746 1561 5802; x_wconf 82' lang='lat' dir='ltr'><strong>ll.</strong></span> <span class='ocrx_word' id='word_1_559' title='bbox 1581 5750 1607 5793; x_wconf 87' lang='lat' dir='ltr'><strong>ci</strong></span> <span class='ocrx_word' id='word_1_560' title='bbox 1623 5744 1659 5806; x_wconf 86' lang='lat' dir='ltr'><strong>hij</strong></span> <span class='ocrx_word' id='word_1_561' title='bbox 1675 5756 1690 5795; x_wconf 88' lang='lat' dir='ltr'><strong>o</strong></span> <span class='ocrx_word' id='word_1_562' title='bbox 1704 5771 1731 5782; x_wconf 91' lang='lat'><em>-</em></span> 
     </span>
     <span class='ocr_line' id='line_1_50' title="bbox 407 5818 1734 5883; baseline 0.001 -17"><span class='ocrx_word' id='word_1_563' title='bbox 407 5820 451 5880; x_wconf 75' lang='lat' dir='ltr'><strong>qni</strong></span> <span class='ocrx_word' id='word_1_564' title='bbox 466 5831 523 5868; x_wconf 75' lang='lat' dir='ltr'><strong>ciens</strong></span> <span class='ocrx_word' id='word_1_565' title='bbox 540 5818 571 5866; x_wconf 84' lang='lat' dir='ltr'><strong>ab</strong></span> <span class='ocrx_word' id='word_1_566' title='bbox 589 5831 604 5868; x_wconf 92' lang='lat' dir='ltr'><strong>o</strong></span> <span class='ocrx_word' id='word_1_567' title='bbox 623 5846 650 5856; x_wconf 95' lang='lat'>-</span> <span class='ocrx_word' id='word_1_568' title='bbox 669 5819 710 5869; x_wconf 91' lang='grc'><strong>33.</strong></span> <span class='ocrx_word' id='word_1_569' title='bbox 722 5820 854 5869; x_wconf 73' lang='lat' dir='ltr'><strong>nestoriam</strong></span> <span class='ocrx_word' id='word_1_570' title='bbox 870 5820 887 5869; x_wconf 92' lang='lat' dir='ltr'><strong>h</strong></span> <span class='ocrx_word' id='word_1_571' title='bbox 906 5845 933 5856; x_wconf 92' lang='lat'>-</span> <span class='ocrx_word' id='word_1_572' title='bbox 952 5821 1023 5869; x_wconf 85' lang='lat' dir='ltr'><strong>tnino</strong></span> <span class='ocrx_word' id='word_1_573' title='bbox 1039 5819 1138 5883; x_wconf 69' lang='lat' dir='ltr'><strong>arants·</strong></span> <span class='ocrx_word' id='word_1_574' title='bbox 1154 5824 1278 5883; x_wconf 77' lang='lat' dir='ltr'><strong>cogontsr</strong></span> <span class='ocrx_word' id='word_1_575' title='bbox 1293 5831 1311 5882; x_wconf 87' lang='lat' dir='ltr'><strong>p</strong></span> <span class='ocrx_word' id='word_1_576' title='bbox 1329 5844 1357 5855; x_wconf 88' lang='lat'><em>-</em></span> <span class='ocrx_word' id='word_1_577' title='bbox 1376 5824 1500 5883; x_wconf 77' lang='lat' dir='ltr'><strong>copontnr</strong></span> <span class='ocrx_word' id='word_1_578' title='bbox 1516 5832 1567 5882; x_wconf 88' lang='lat' dir='ltr'><strong>op:</strong></span> <span class='ocrx_word' id='word_1_579' title='bbox 1587 5825 1734 5882; x_wconf 73' lang='lat' dir='ltr'><strong>maerentes·</strong></span> 
     </span>
     <span class='ocr_line' id='line_1_51' title="bbox 407 5893 1734 5960; baseline 0.002 -17"><span class='ocrx_word' id='word_1_580' title='bbox 407 5893 515 5950; x_wconf 59' lang='lat' dir='ltr'><strong>arten</strong></span> <span class='ocrx_word' id='word_1_581' title='bbox 533 5900 653 5957; x_wconf 71' lang='lat' dir='ltr'><strong>cogentur</strong></span> <span class='ocrx_word' id='word_1_582' title='bbox 671 5893 796 5944; x_wconf 84' lang='lat' dir='ltr'><strong>Halmius.</strong></span> <span class='ocrx_word' id='word_1_583' title='bbox 816 5920 843 5932; x_wconf 95' lang='lat'><em>-</em></span> <span class='ocrx_word' id='word_1_584' title='bbox 863 5893 903 5944; x_wconf 77' lang='lat' dir='ltr'><strong>il.</strong></span> <span class='ocrx_word' id='word_1_585' title='bbox 922 5895 1012 5944; x_wconf 79' lang='lat' dir='ltr'><strong>ondita</strong></span> <span class='ocrx_word' id='word_1_586' title='bbox 1028 5907 1057 5945; x_wconf 86' lang='lat' dir='ltr'><strong>e:</strong></span> <span class='ocrx_word' id='word_1_587' title='bbox 1077 5907 1131 5946; x_wconf 92' lang='lat' dir='ltr'><strong>om.</strong></span> <span class='ocrx_word' id='word_1_588' title='bbox 1145 5894 1237 5946; x_wconf 83' lang='lat' dir='ltr'><strong>lilisb</strong></span> <span class='ocrx_word' id='word_1_589' title='bbox 1258 5918 1284 5931; x_wconf 93' lang='lat'>-</span> <span class='ocrx_word' id='word_1_590' title='bbox 1303 5893 1375 5944; x_wconf 87' lang='lat' dir='ltr'><strong>nobis</strong></span> <span class='ocrx_word' id='word_1_591' title='bbox 1391 5895 1417 5944; x_wconf 88' lang='lat' dir='ltr'><strong>in</strong></span> <span class='ocrx_word' id='word_1_592' title='bbox 1435 5893 1535 5960; x_wconf 83' lang='lat' dir='ltr'><strong>aliquot</strong></span> <span class='ocrx_word' id='word_1_593' title='bbox 1551 5893 1631 5944; x_wconf 90' lang='lat' dir='ltr'><strong>codd.</strong></span> <span class='ocrx_word' id='word_1_594' title='bbox 1650 5895 1734 5946; x_wconf 88' lang='lat' dir='ltr'><strong>omis-</strong></span> 
     </span>
     <span class='ocr_line' id='line_1_52' title="bbox 406 5953 1731 6036; baseline 0.003 -17"><span class='ocrx_word' id='word_1_595' title='bbox 406 5979 467 6019; x_wconf 76' lang='lat' dir='ltr'><strong>sum</strong></span> <span class='ocrx_word' id='word_1_596' title='bbox 479 5967 609 6033; x_wconf 76' lang='lat' dir='ltr'><strong>Madvigio</strong></span> <span class='ocrx_word' id='word_1_597' title='bbox 626 5972 735 6020; x_wconf 81' lang='lat' dir='ltr'><strong>auctore</strong></span> <span class='ocrx_word' id='word_1_598' title='bbox 753 5966 805 6022; x_wconf 76' lang='lat' dir='ltr'><strong>eet.</strong></span> <span class='ocrx_word' id='word_1_599' title='bbox 816 5967 900 6021; x_wconf 81' lang='lat' dir='ltr'><strong>nune.</strong></span> <span class='ocrx_word' id='word_1_600' title='bbox 912 5993 947 6007; x_wconf 91' lang='grc'>-</span> <span class='ocrx_word' id='word_1_601' title='bbox 962 5968 1027 6035; x_wconf 69' lang='lat' dir='ltr'><strong>cun]</strong></span> <span class='ocrx_word' id='word_1_602' title='bbox 1039 5970 1061 6019; x_wconf 81' lang='lat' dir='ltr'><strong>n</strong></span> <span class='ocrx_word' id='word_1_603' title='bbox 1077 5953 1140 6023; x_wconf 67' lang='lat' dir='ltr'><strong>e·</strong></span> <span class='ocrx_word' id='word_1_604' title='bbox 1158 5967 1200 6024; x_wconf 85' lang='lat' dir='ltr'><strong>ss.</strong></span> <span class='ocrx_word' id='word_1_605' title='bbox 1218 5969 1289 6022; x_wconf 73' lang='lat' dir='ltr'><strong>aare.</strong></span> <span class='ocrx_word' id='word_1_606' title='bbox 1306 5969 1346 6022; x_wconf 86' lang='lat' dir='ltr'><strong>tn</strong></span> <span class='ocrx_word' id='word_1_607' title='bbox 1361 5969 1388 6019; x_wconf 87' lang='lat' dir='ltr'><strong>n</strong></span> <span class='ocrx_word' id='word_1_608' title='bbox 1405 5979 1421 6023; x_wconf 87' lang='lat' dir='ltr'><strong>e</strong></span> <span class='ocrx_word' id='word_1_609' title='bbox 1438 5995 1467 6007; x_wconf 89' lang='lat'><em>-</em></span> <span class='ocrx_word' id='word_1_610' title='bbox 1485 5967 1526 6022; x_wconf 87' lang='grc' dir='ltr'><strong>ιι.</strong></span> <span class='ocrx_word' id='word_1_611' title='bbox 1538 5969 1731 6036; x_wconf 66' lang='lat' dir='ltr'><strong>nomm.</strong></span> 
     </span>
    </p>
   </div>
   <div class='ocr_carea' id='block_1_4' title="bbox 0 0 2176 7459">
    <p class='ocr_par' dir='ltr' id='par_1_4' title="bbox 0 0 2176 7459">
     <span class='ocr_line' id='line_1_53' title="bbox 0 0 2176 7459; baseline 0 0"><span class='ocrx_word' id='word_1_612' title='bbox 0 0 2176 7459; x_wconf 95' lang='lat' dir='ltr'><strong> </strong></span> 
     </span>
    </p>
   </div>
  </div>
 </body>
</html>
