4342 7459
741 1217 810 1282 aa.
824 1216 850 1282 1.
883 1215 1159 1283 mum-xm
1184 1211 1395 1301 ςςιι-ιο.
1668 1208 1732 1277 ιιι

406 1386 588 1463 uenerant,
608 1377 765 1466 Spurium
786 1379 994 1461 Mammium,
1016 1398 1111 1466 quem
1132 1379 1167 1445 in
1189 1379 1304 1464 primis
1324 1378 1504 1468 diligebat,
1523 1379 1559 1444 ei
1579 1376 1617 1444 (i.
1636 1374 1733 1444 Fan·

408 1490 495 1555 niam
523 1489 558 1553 et
589 1482 745 1568 Quintam
773 1476 991 1566 Scaevolam,
1019 1502 1167 1573 generos
1194 1483 1310 1569 Laeli,
1339 1479 1459 1548 doctos
1486 1479 1734 1563 adulescentes,

406 1592 471 1657 tam
501 1592 615 1657 aetate
645 1588 876 1673 quaestorios:
911 1606 996 1670 quos
1017 1604 1090 1651 curn
1114 1587 1219 1651 omnis
1240 1586 1475 1667 salutavisset,
1505 1583 1674 1652 convertit
1694 1599 1733 1647 se

406 1697 441 1759 in
465 1696 596 1780 portica
619 1697 654 1758 et
675 1692 819 1759 coniecit
841 1693 873 1755 in
897 1689 1226 1775 medium-Laelium
1255 1689 1319 1753 fult
1340 1690 1427 1755 enim
1447 1687 1513 1755 hoe
1534 1689 1569 1752 in
1590 1684 1734 1752 amicitia

408 1799 502 1884 quasi
536 1794 710 1883 quoddam.
735 1796 787 1859 lus
819 1794 907 1860 inter
941 1794 1033 1878 illos,
1065 1796 1103 1858 ut
1136 1794 1271 1860 miiitiae
1303 1795 1443 1877 propter
1474 1792 1625 1858 eximiam
1656 1781 1754 1856 laelii⁶

406 1902 547 1991 gloriam
566 1895 573 1975 Ι
590 1897 788 1964 Africanum
809 1894 965 1961 uideam
989 1897 1115 1962 coleret
1138 1895 1291 1978 Laelius,
1318 1893 1403 1961 domi
1426 1895 1573 1962 vicissim
1597 1885 1642 1973 [p.
1659 1883 1733 1952 til.

407 2004 574 2090 Laelium,
596 2000 686 2089 qaod
706 2003 821 2067 aetate
842 1999 1085 2081 antecedebat,
1107 2000 1305 2067 observaret
1328 2003 1361 2065 in
1385 2001 1535 2083 pareatis
1555 1998 1632 2065 loca
1653 1991 1735 2063 Scl-

408 2109 472 2193 plo.
518 2106 603 2172 llein
625 2124 699 2173 eum
722 2108 838 2172 essent
860 2122 1029 2189 perpauca
1051 2107 1141 2171 inter
1161 2122 1199 2172 se
1220 2124 1287 2170 uno
1309 2107 1368 2170 aut
1389 2104 1496 2169 altero
1517 2103 1629 2187 spatio
1650 2118 1737 2168 coo-

406 2210 511 2278 locuti
532 2205 751 2295 Scipionique
776 2207 889 2275 eoram
910 2207 1080 2275 adventus
1102 2206 1327 2294 periucundus
1347 2212 1383 2274 ci
1405 2212 1585 2294 pergratus
1606 2204 1737 2291 luent,

408 2315 567 2398 placitum
588 2316 641 2378 est
670 2316 707 2377 ut
737 2314 771 2377 in
792 2314 909 2397 aprico
932 2313 1071 2377 maxime
1094 2312 1216 2398 pratuli
1238 2312 1329 2394 loco,
1357 2309 1446 2396 quod
1469 2313 1543 2375 erat
1564 2307 1773 2379 hibernumm

408 2423 540 2500 tempus
560 2418 656 2498 anni,
689 2415 923 2483 considerent:
957 2414 1046 2501 quod
1072 2434 1145 2482 oum
1174 2404 1288 2483 iacere
1311 2415 1454 2497 vellent,
1480 2414 1662 2479 intervenit
1683 2411 1738 2475 uir

409 2518 558 2604 prudens
580 2514 801 2605 omnibuslque
823 2520 889 2584 illis
910 2522 946 2585 ct
967 2516 1131 2585 iucundus
1155 2522 1191 2583 et
1212 2537 1328 2598 caras,
1348 2515 1398 2583 Μ.
1411 2501 1583 2603 Manilium,
1605 2514 1649 2595 lp·
1664 2506 1737 2573 498.

410 2624 466 2709 qui
488 2641 509 2688 a
530 2618 691 2708 Scipione
720 2624 911 2709 ceterisque
937 2624 1133 2688 amicissime
1160 2622 1393 2690 comalutatus
1413 2618 1547 2687 adsedit
1569 2618 1740 2706 proxlmm

409 2725 539 2792 Laelio.

495 2827 597 2896 xlii.
622 2824 685 2895 19.
706 2827 934 2896 Tamphilus:
957 2828 1034 2895 Non
1057 2828 1134 2894 milri
1155 2828 1300 2913 videtur,
1321 2829 1443 2914 lnquit,
1465 2826 1554 2914 quod
1574 2826 1609 2892 id
1630 2841 1777 2895 veneco

411 2936 506 3006 runt,
528 2934 614 2998 allus
636 2933 734 2998 nobis
757 2950 865 2998 sermo
887 2950 965 2998 esse
987 2930 1210 3017 quaerendas,
1230 2935 1283 2997 set
1305 2929 1471 3020 agendum
1491 2932 1684 2998 accuratius
1703 2932 1740 2995 et

411 3034 587 3103 dicendam
608 3033 744 3124 dignum
766 3033 891 3119 aliquid
912 3032 1028 3099 horam
1049 3035 1196 3099 auribus.
1231 3034 1297 3100 Hie
1314 3032 1467 3100 Laelius:
1496 3029 1585 3115 Quid
1606 3031 1739 3098 tandem

411 3140 568 3228 agcbmis
595 3144 654 3204 aut
681 3138 735 3204 cul
756 3138 898 3203 sermoni
923 3156 985 3201 nos
1007 3129 1276 3203 intervenisset
1318 3157 1374 3202 ra.
1402 3134 1603 3224 Quaesierat
1623 3153 1667 3201 ex
1689 3152 1740 3201 me

412 3239 529 3328 Scipio
547 3236 555 3320 Ι
573 3242 728 3327 quidnam
751 3244 908 3307 sentirem
931 3233 973 3307 de
995 3239 1070 3314 laoc,
1093 3241 1182 3327 quod
1204 3240 1270 3307 duo
1291 3242 1383 3308 soles
1400 3243 1495 3307 visos
1510 3258 1586 3307 esse
1608 3232 1652 3323 [p.
1666 3231 1740 3300 269.

412 3348 596 3417 constaret.
639 3365 668 3410 ι.
700 3344 770 3410 ΑΙιι
791 3362 894 3425 vero,
921 3343 1036 3428 Phile,
1064 3346 1129 3410 lem
1151 3345 1330 3430 explorata
1350 3344 1449 3411 nobis
1468 3347 1547 3410 sunt
1568 3361 1626 3425 ea,
1653 3358 1779 3428 quaero

413 3446 458 3514 ad
479 3446 595 3513 domos
617 3452 753 3514 nostras
776 3466 926 3534 quaeque
956 3447 999 3514 ad
1026 3468 1096 3516 rem
1127 3450 1293 3534 publicam
1320 3440 1519 3534 pertinenti
1553 3450 1582 3514 sl
1611 3446 1740 3532 quidem

415 3549 494 3637 quid
521 3549 645 3640 agatur
674 3554 708 3616 ln
736 3552 831 3617 caelo
857 3553 1054 3636 quaerimus
1097 3551 1142 3617 lli
1164 3552 1235 3620 ille:
1268 3550 1325 3616 An
1348 3557 1383 3616 tu
1405 3549 1448 3616 ad
1470 3548 1587 3616 domos
1606 3553 1742 3617 nostras

414 3673 482 3719 non
504 3672 625 3721 censes
648 3655 816 3737 pertinere
837 3656 925 3721 scire
947 3652 1024 3740 quid
1046 3658 1170 3744 agatur
1190 3658 1225 3720 et
1247 3653 1325 3739 qaid
1347 3653 1405 3719 liat
1426 3645 1541 3718 domii
1567 3671 1653 3737 quae
1674 3671 1742 3717 non

415 3775 457 3823 co
486 3760 556 3835 cst,
584 3777 680 3842 quam
710 3758 857 3842 parietes
878 3759 984 3823 nostri
1008 3760 1167 3847 cingunt,
1194 3757 1256 3824 sed
1276 3756 1418 3825 mundus
1439 3756 1493 3825 lric
1515 3759 1626 3841 totus,
1654 3753 1743 3840 qaod

415 3859 612 3927 domicilium
635 3878 796 3946 quamque
818 3863 959 3946 patrium
982 3861 1015 3926 di
1038 3854 1140 3940 nuliis
1161 3880 1363 3929 communem
1389 3879 1501 3928 seeum
1523 3859 1588 3927 de·
1611 3853 1655 3941 [p.
1669 3852 1780 3921 27οὥ

416 3961 554 4043 derunt,
582 3980 654 4029 cum
686 3964 899 4045 praesertim,
927 3963 1062 4030 siheec
1084 3967 1291 4054 ignoremus,
1306 3964 1421 4030 multa
1447 3964 1545 4031 nobis
1565 3968 1601 4031 et
1621 3979 1745 4053 magam

415 4065 604 4155 maerenda
630 4068 709 4131 sint.
750 4064 807 4132 Ae
835 4086 887 4132 me
914 4067 1063 4152 quidem,
1093 4070 1131 4131 ut
1152 4066 1289 4134 hercule
1309 4070 1411 4156 etium·
1431 4071 1466 4134 te
1487 4070 1611 4153 ipsum,
1638 4067 1744 4151 Laeli,

417 4170 587 4254 omnisque
613 4168 733 4235 avidos
759 4170 946 4254 sapientiae
967 4171 1118 4258 cognitio
1141 4171 1215 4255 ipsa
1235 4189 1344 4237 reram
1367 4169 1659 4256 consideratioque
1679 4169 1745 4237 do·

416 4274 532 4339 lectat·
583 4268 647 4337 20.
677 4272 759 4337 Tum
782 4273 937 4338 Laelius:
971 4272 1046 4339 Non
1069 4272 1219 4358 inpedio,
1242 4274 1437 4353 praesertim
1459 4275 1611 4359 quoniam
1634 4273 1745 4339 feriati

416 4395 546 4459 sumus,
574 4375 635 4443 sed
667 4397 841 4462 possumus
868 4375 984 4443 audire
1010 4377 1135 4463 aliquid
1157 4397 1202 4444 an
1222 4380 1331 4444 serias
1352 4370 1530 4444 venimus?
1573 4397 1627 4443 ra.
1654 4374 1782 4443 Nilrllto

417 4486 471 4546 est
499 4478 609 4545 adliuc
638 4481 859 4566 disputatum.
888 4474 965 4563 et‚l
992 4481 1146 4566 quoniam
1174 4486 1227 4546 est
1249 4483 1432 4570 integrum,
1462 4482 1605 4546 ilbenter
1634 4472 1677 4561 [p.
1692 4464 1744 4539 43.

418 4584 489 4673 tibi,
512 4584 616 4660 laeli,
636 4588 674 4648 ut
696 4584 739 4649 de
761 4602 801 4650 eo
825 4584 973 4650 disseras
993 4584 1144 4668 equidem
1167 4602 1380 4651 concessero·
1426 4604 1456 4649 r„
1480 4585 1582 4650 Immo
1604 4601 1687 4650 veru
1710 4587 1745 4649 te

418 4685 609 4772 audiamus,
635 4690 699 4753 nisi
728 4688 818 4755 forte
846 4688 1009 4755 Manilius
1036 4687 1248 4757 interdictum
1278 4686 1412 4775 aliquod
1439 4690 1529 4754 inter
1549 4686 1634 4754 duos
1653 4689 1746 4754 solea

484 5008 509 5060 3.
528 4970 716 5067 ouamonosc
746 5035 772 5046 -
802 5010 825 5062 o.
843 5022 937 5061 annau
955 5009 986 5061 Ο
1012 5036 1040 5048 -
1069 5012 1095 5064 8.
1114 5012 1224 5064 mssrc
1247 5024 1310 5064 cam
1330 5011 1442 5077 vestigio
1462 5026 1479 5062 n
1499 5012 1697 5077 suprascriptae
1716 5035 1745 5048 -

419 5135 464 5181 ost
481 5132 581 5182 lloser:
600 5145 633 5181 ιιι
650 5132 680 5193 c,
698 5136 773 5194 atquo
784 5131 885 5191 Ossam
905 5132 939 5183 cl.
953 5134 1057 5197 iladvig
1067 5133 1101 5184 ad
1115 5135 1169 5186 Cic.
1183 5133 1217 5185 de
1229 5133 1293 5185 lino.
1306 5133 1389 5200 pllio
1407 5160 1434 5171 -
1453 5134 1478 5185 3.
1491 5093 1746 5197 scurramqmqiioana

420 5216 455 5277 C,
478 5214 573 5267 deletis
591 5214 683 5267 littoris
701 5218 738 5267 Eo
766 5242 793 5253 -
821 5218 862 5267 ii.
882 5220 958 5271 .n.C
984 5246 1018 5257 -
1043 5233 1150 5271 ausurus
1167 5221 1203 5281 C,
1227 5220 1317 5271 addita
1335 5234 1343 5270 ι
1361 5222 1459 5285 prima.
1482 5224 1513 5271 at
1528 5218 1746 5285 putatltulileu‚

420 5312 502 5350 manu
527 5327 560 5337 -
586 5300 625 5350 43.
643 5301 734 5351 modu
751 5301 771 5351 0
788 5303 893 5351 tacente
912 5303 952 5356 Du
964 5303 1028 5353 Rieu
1056 5330 1084 5341 -
1113 5306 1152 5355 43.
1171 5318 1259 5354 narnus
1277 5305 1310 5366 C,
1334 5304 1384 5355 aad
1401 5306 1542 5368 vestigium
1559 5302 1664 5353 deletae
1682 5316 1698 5352 a
1719 5326 1746 5338 -

421 5402 461 5454 46.
480 5416 626 5460 ousnsaocs
644 5404 663 5453 C
684 5429 708 5440 ·
730 5403 769 5453 ta.
790 5416 855 5453 erus
873 5405 899 5454 ia
917 5406 935 5454 C
954 5408 1014 5468 post
1030 5407 1116 5469 Scipio
1133 5409 1285 5471 repetitum,
1303 5406 1352 5458 sed
1369 5404 1487 5458 deletum
1504 5409 1554 5457 est.
1568 5432 1595 5443 -
1614 5405 1655 5456 to.
1675 5384 1747 5455 ιῖιιιι

1223 5490 1236 5515 ι

422 5527 441 5575 C
462 5551 489 5562 -
509 5525 586 5576 sasC
607 5550 633 5561 —
653 5525 694 5575 tt.
708 5537 822 5574 aruosos
840 5526 859 5575 C
879 5551 905 5561 -
925 5490 1025 5585 ossone
1043 5528 1063 5578 C
1082 5553 1109 5564 -
1129 5529 1300 5581 rsarrnsnrc
1321 5552 1348 5566 -
1369 5530 1410 5582 ii.
1424 5541 1547 5586 ouamuus
1559 5529 1579 5580 C
1593 5554 1621 5565 -
1634 5538 1748 5577 annosos

422 5647 442 5698 c
463 5673 490 5685 -
509 5647 551 5697 28.
570 5606 900 5705 ouarsomsnmxssoinrsc
927 5675 954 5685 -
973 5650 1118 5701 Arusianus
1131 5650 1243 5702 ilesslus
1261 5664 1288 5716 p.
1298 5650 1346 5703 ili
1360 5653 1387 5703 L.
1406 5652 1460 5703 Cic.
1473 5649 1508 5701 de
1520 5663 1579 5715 rep.
1596 5646 1749 5713 ipsocopni-

422 5771 457 5820 tio
473 5784 519 5820 nos
535 5772 676 5821 delectauit.
701 5797 728 5807 -
753 5770 794 5820 29.
813 5782 928 5822 merrom
947 5771 976 5833 C,
995 5772 1078 5823 altera
1096 5788 1111 5823 ιι
1128 5770 1215 5823 deleta
1239 5800 1266 5811 -
1294 5774 1334 5825 34.
1354 5735 1436 5825 uorago
1454 5773 1474 5824 C
1494 5798 1521 5810 -
1545 5769 1620 5823 anal.
1633 5783 1748 5836 gramm.

423 5844 467 5895 ed.
481 5843 623 5896 Endllcher
639 5860 665 5912 p.
678 5847 740 5897 teo:
764 5845 878 5899 misae
893 5848 947 5911 tilii,
964 5849 1047 5911 Laod,
1064 5855 1093 5900 ut
1108 5862 1167 5900 mm
1188 5849 1241 5911 (uti
1255 5861 1313 5900 οιιιιι
1328 5848 1445 5901 ldtcrob.
1464 5848 1499 5899 de
1516 5846 1572 5899 did.
1589 5850 1618 5897 et
1632 5859 1689 5899 soe.
1707 5857 1748 5911 gr.

423 5918 468 5971 lat.
487 5920 570 5986 verbi)
588 5923 713 5976 decim
728 5922 841 5986 equidm
857 5936 1005 5976 mammo.
1029 5948 1057 5960 -
1080 5923 1123 5975 33.
1140 5923 1189 5974 duo
1206 5923 1227 5975 0
1244 5935 1308 5975 eam
1323 5923 1438 5988 liotore,
1456 5923 1487 5975 ut
1501 5923 1546 5975 sat
1559 5920 1592 5988 ii
1604 5922 1646 5975 43.
1658 5921 1699 5974 43.
