4342 7459
729 1258 797 1324 Lrs.
819 1259 844 1321 1.
874 1259 949 1323 Car.
970 1260 1181 1324 xul-xlu
1209 1256 1256 1344 §S
1278 1257 1314 1322 ai
1327 1257 1426 1324 -bl,
1680 1255 1744 1322 489

536 1419 630 1485 Otia
653 1420 718 1502 qai
740 1419 888 1484 stadiis
909 1419 1008 1484 laeti
1032 1427 1207 1484 tenuere
1229 1419 1405 1495 decoris,

461 1511 514 1577 22.
537 1515 660 1598 Inque
681 1512 901 1578 Academia
924 1513 1142 1578 umbrifera
1164 1513 1387 1598 nitidoque
1409 1517 1538 1599 Lyceo

534 1608 741 1673 Fuderunt
762 1609 893 1672 claras
915 1607 1076 1673 fecundi
1099 1609 1280 1692 pectoris
1301 1612 1422 1674 artis:

533 1704 724 1788 liquibus
747 1712 947 1786 ereptum,
969 1703 1099 1786 primo
1121 1704 1194 1766 iam
1215 1723 1235 1766 a
1256 1703 1367 1767 flore
1389 1706 1596 1780 iuventae,

534 1799 584 1860 Ta
607 1799 739 1879 patria
761 1799 798 1861 in
822 1797 951 1862 media
973 1800 1168 1862 virtutum
1190 1799 1294 1862 mole
1316 1799 1480 1863 locavit.
1752 1811 1767 1855 ὅ

534 1894 588 1955 Tu
610 1902 741 1956 tamen
764 1892 973 1959 anxiferas
996 1912 1111 1956 curas
1134 1895 1323 1976 requieta
1347 1894 1539 1958 relaxans

535 1986 647 2061 Quod
670 1986 824 2068 patriae
846 1995 977 2060 vacat,
1000 1986 1039 2050 id
1063 1986 1217 2050 studiis
1239 1977 1442 2072 no'bisque
1465 1989 1636 2052 sacrasti.

406 2083 455 2146 Tu
483 2081 581 2162 igitur
606 2080 748 2146 animum
778 2079 898 2161 poteris
927 2080 1078 2143 inducere
1105 2090 1215 2144 contra
1243 2101 1295 2154 ea,
1325 2102 1408 2164 quae
1430 2099 1449 2144 a
1470 2103 1521 2146 me
1544 2084 1744 2164 disputantur

407 2174 448 2238 de
471 2173 680 2247 divinatione,
709 2173 831 2246 dicere,
860 2174 916 2255 qui
946 2184 978 2236 et
1007 2174 1145 2255 gesseris
1167 2194 1222 2248 ea,
1248 2194 1329 2256 quae
1352 2178 1497 2256 gessisti,
1527 2185 1559 2238 et
1580 2196 1634 2247 ea,
1661 2193 1743 2256 quse

406 2268 620 2351 pronuntiavi,
635 2268 882 2328 accuratissume
898 2268 1089 2349 scripseris?
1125 2265 1176 2329 ⁶23.
1198 2267 1308 2342 Quiri
1331 2269 1468 2350 quaeris,
1485 2268 1675 2341 Carneades,
1689 2280 1781 2331 curto

407 2363 487 2426 baec
509 2362 552 2424 ita
576 2359 652 2424 bant
673 2370 728 2423 aut
749 2381 812 2442 qua
834 2367 902 2423 arte
925 2362 1059 2444 perspici
1081 2362 1230 2445 possint?
1254 2362 1380 2423 Nescire
1404 2382 1453 2426 rua
1476 2364 1591 2435 fatear,
1614 2362 1742 2424 evenire

405 2466 559 2522 autemte
581 2452 908 2537 ipsumdicovidare.
943 2456 1042 2528 Casu,
1064 2456 1180 2537 inquis.
1216 2457 1305 2518 itane
1322 2458 1421 2518 reroi
1445 2457 1623 2538 Quicquam
1639 2463 1744 2537 potest

407 2572 482 2618 casu
505 2568 575 2612 esse
596 2548 731 2621 tactum,
755 2549 840 2631 quod
864 2568 974 2612 omnes
997 2549 1094 2612 babet
1115 2551 1148 2610 iu
1170 2569 1205 2611 se
1229 2569 1376 2612 numeros
1396 2551 1562 2613 veritatis?
1587 2548 1745 2625 Quattuor

406 2647 461 2710 tali
483 2645 554 2709 iacti
577 2663 652 2706 casu
674 2643 845 2705 Venerium
867 2641 1018 2704 efficiunt.
1056 2644 1138 2705 Num
1160 2643 1256 2705 etiam
1276 2651 1404 2705 centum
1423 2642 1592 2716 Venerios,
1614 2644 1642 2706 si
1664 2661 1744 2724 qua·

407 2742 592 2822 driagentos
620 2737 701 2800 talos
729 2737 857 2810 iecoris,
886 2756 961 2799 casu
982 2735 1108 2800 futuros
1137 2740 1251 2817 putas?
1280 2739 1419 2818 Aspersa
1442 2747 1559 2800 tumere
1582 2736 1742 2819 pigmenta
1753 2747 1783 2792 ts

406 2839 440 2901 in
463 2833 570 2900 tabula
593 2831 658 2895 oris
682 2830 866 2894 liniamenta
887 2828 1014 2894 eilieere
1036 2838 1195 2911 possunt·
1216 2832 1298 2892 Num
1321 2831 1415 2894 etiam
1433 2832 1562 2894 Veneris
1579 2829 1660 2892 Coae
1675 2829 1745 2911 pul·

407 2928 598 2994 critudinem
620 2921 702 2988 effici
726 2943 821 3008 posse
843 2925 1029 3005 aspersione
1052 2922 1181 2986 fortuita
1205 2928 1320 3005 putas‘i
1348 2926 1410 2987 Sus
1432 2933 1535 2988 rostro
1557 2923 1584 2986 si
1607 2923 1694 2985 humi
1717 2924 1743 2984 Α

406 3024 545 3090 litteram
569 3020 769 3100 inpresserit,
792 3037 868 3079 num
892 3027 1059 3099 propterea
1076 3017 1230 3099 suspicari
1255 3020 1373 3101 poteris
1387 3017 1639 3081 Andromacham
1660 3017 1743 3078 Enni

407 3118 447 3182 ab
478 3134 515 3179 ea
541 3132 636 3196 posse
659 3110 820 3174 describit
852 3112 1005 3193 Fingebat
1027 3110 1205 3180 Carneades
1234 3112 1267 3173 in
1292 3110 1440 3174 Chiorum
1462 3109 1642 3193 lapicidinis
1664 3129 1742 3174 saxo

408 3208 530 3276 diffisso
560 3214 656 3291 eaput
679 3204 821 3267 extitisse
844 3204 977 3268 Panisci.
1014 3204 1117 3267 Credo
1141 3205 1280 3287 aliquam
1304 3225 1368 3267 non
1391 3205 1579 3268 dissimilem
1601 3201 1782 3285 figuramus

407 3304 464 3370 sed
487 3311 573 3367 certe
597 3319 661 3362 non
683 3298 794 3371 talem,
817 3306 853 3361 ut
874 3318 943 3362 eam
966 3297 1080 3361 metam
1103 3318 1122 3361 a
1144 3299 1249 3380 Scopa
1264 3298 1396 3362 diceres.
1434 3300 1486 3363 Sic
1509 3298 1592 3360 enim
1614 3318 1649 3360 se
1671 3317 1745 3380 pro·

407 3399 492 3464 fecto
516 3415 567 3461 res
587 3393 698 3466 babet,
721 3401 756 3455 ut
776 3412 950 3476 numquam
974 3391 1113 3472 perfecta
1137 3392 1300 3456 veritatem
1323 3413 1415 3456 ausus
1438 3392 1586 3456 imitetur.

492 3491 579 3555 xlv.
595 3484 648 3550 al.
670 3489 710 3550 at
724 3505 790 3549 non
805 3506 978 3569 numquam
996 3507 1048 3559 ea,
1072 3506 1153 3571 quae
1168 3487 1330 3569 praedicta
1346 3497 1436 3560 sunt,
1459 3486 1566 3549 minus
1580 3488 1742 3550 eveniunt.

408 3587 499 3663 Quae
532 3581 658 3648 tandem
687 3581 719 3643 id
748 3600 800 3644 ars
825 3599 890 3643 non
919 3580 1037 3643 babett
1066 3601 1175 3643 earum
1194 3580 1268 3641 'dico
1296 3583 1427 3653 artium,
1458 3600 1542 3663 quae
1563 3580 1745 3644 coniectura

408 3682 611 3745 eontinentur
633 3685 666 3738 et
686 3684 759 3738 sunt
781 3674 965 3757 opinabiles.
997 3680 1044 3737 An
1069 3674 1226 3737 medicina
1247 3694 1298 3736 ars
1320 3695 1383 3737 non
1400 3674 1540 3757 putanda
1558 3679 1625 3738 esti
1648 3685 1782 3756 quernas

409 3783 514 3838 tamen
539 3771 638 3834 multa
660 3770 782 3832 fallunt„
819 3768 930 3843 Quiur
953 3772 1185 3851 gubernatores
1206 3788 1312 3831 nonne
1333 3767 1509 3833 falluntur?
1538 3772 1586 3831 An
1609 3769 1744 3832 Aebiso-

408 3889 478 3932 rum
507 3867 664 3930 exercitus
691 3872 724 3928 et
752 3870 799 3927 tot
829 3863 955 3926 navium
985 3872 1125 3927 rectores
1147 3883 1212 3925 non
1234 3863 1278 3926 ita
1299 3863 1433 3945 proiecti
1456 3865 1590 3928 suntab
1613 3864 1687 3934 llio,
1710 3869 1745 3923 ut

409 3960 664 4044 proiectione
687 3960 788 4022 laeti
811 3959 972 4041 piscium
994 3957 1205 4020 lasciviam
1228 3959 1504 4031 intuerentur,
1527 3968 1560 4021 ut
1582 3960 1626 4021 ait
1645 3958 1744 4020 Pacu·

410 4056 495 4128 vius,
522 4073 595 4116 nec
624 4052 768 4115 tuendi
798 4052 974 4114 satietas
1005 4071 1159 4134 capere
1186 4055 1361 4133 posset?

535 4150 705 4219 Interea,
730 4165 855 4228 prope
878 4147 952 4208 iam
976 4146 1190 4208 occidente
1213 4148 1312 4220 sole,
1335 4149 1583 4211 inhorrescit
1606 4167 1723 4218 mare,
1753 4152 1782 4198 3⁰

535 4241 739 4304 Tenebrae
771 4239 1120 4321 conduplicantur
1151 4243 1371 4325 noctisque
1405 4251 1443 4305 et
1475 4243 1647 4305 nimbum
1677 4243 1744 4304 ob·

1192 4347 1329 4399 caecat
1351 4338 1499 4418 nigror.

408 4432 487 4494 Num
518 4429 615 4511 igitur
644 4437 691 4493 tot
719 4429 964 4492 clarissimorum
988 4429 1104 4491 ducum
1126 4449 1302 4512 regumque
1324 4431 1522 4511 naufragium
1546 4432 1675 4494 sustulit
1696 4450 1745 4491 ar·

474 4767 497 4815 Ξ.
519 4764 661 4825 (imbrifero
673 4766 748 4823 iraque
760 4764 893 4811 ocodmnio
907 4763 1010 4820 Mosen
1030 4768 1056 4813 at
1069 4777 1093 4812 v.
1107 4765 1267 4814 lsaebmuuui
1280 4769 1423 4815 somnient.
1436 4765 1470 4814 ad
1485 4767 1635 4816 Lucretium
1649 4781 1673 4831 p.
1688 4769 1742 4818 ⁴59.

410 4865 436 4878 -
457 4840 623 4890 bretonum
645 4838 711 4899 qaod
728 4837 831 4898 patrios
851 4842 926 4886 vocat
950 4839 975 4885 id
1000 4838 1119 4901 Madvig:
1143 4840 1249 4890 relaxas
1271 4841 1337 4900 quod
1357 4843 1458 4900 patrios
1479 4845 1575 4891 uocatis
1598 4844 1632 4900 C,
1657 4844 1704 4893 sed
1725 4844 1744 4889 V

407 4918 476 4966 accis
493 4929 525 4964 er
544 4917 669 4971 correct,
688 4913 807 4969 relaxas,
827 4913 892 4972 qaod
907 4914 995 4972 porciu
1011 4925 1085 4963 vorot
1103 4915 1140 4963 bis
1157 4917 1245 4965 stadiis
1263 4917 1397 4974 itatisius,
1416 4917 1533 4976 recusas,
1552 4932 1629 4978 quom
1644 4920 1746 4978 patriae

407 4996 474 5040 oecis
495 4992 623 5046 Sciruelz,
651 4988 767 5042 reluces,
797 4988 863 5050 qaod
883 4989 985 5048 patriae
1007 4992 1060 5037 uoci
1081 4991 1190 5037 stodiam
1210 4991 1333 5040 i'oertsub
1352 4992 1377 5040 iu
1399 4998 1596 5054 programmate
1614 4996 1745 5054 gyrrinasii

406 5065 634 5126 Naumburgeusis
652 5076 675 5110 a.
691 5062 769 5118 illiti,
788 5063 905 5123 relos-as,
925 5063 992 5124 qaod
1007 5066 1109 5124 patrina
1127 5066 1192 5113 eoois
1209 5069 1228 5113 υ
1248 5092 1263 5101 ·-
1291 5066 1313 5113 7.
1333 5068 1421 5114 secasti
1440 5068 1460 5116 il
1528 5069 1551 5114 9.
1572 5069 1600 5115 do
1618 5068 1683 5117 dett.
1697 5067 1745 5116 ali-

407 5144 488 5206 quot:
507 5146 530 5190 et
547 5141 577 5188 de
595 5140 613 5186 C
635 5163 659 5171 -
679 5138 775 5199 gessisti
793 5139 830 5185 C:
851 5136 909 5186 lori.
929 5140 1058 5198 scripsisti.
1076 5166 1101 5173 -
1123 5141 1163 5188 til.
1183 5155 1231 5201 qur
1246 5144 1268 5189 Α
1282 5166 1307 5174 -
1330 5142 1369 5189 ll.
1387 5143 1486 5190 euenire
1503 5148 1526 5190 ie
1542 5150 1626 5191 autem
1643 5150 1665 5191 tc
1684 5145 1742 5191 li-

408 5216 447 5268 ts.
466 5228 554 5266 cusum
571 5213 648 5262 Abl'
668 5237 692 5247 -
717 5214 826 5274 efficiant
844 5209 872 5261 8¹
891 5238 916 5247 —
948 5214 975 5261 15
1003 5216 1103 5263 sicceris
1119 5216 1214 5273 ,tum
1240 5217 1326 5263 ciceris
1345 5217 1363 5265 ΙΙ
1388 5243 1410 5251 -
1432 5219 1539 5265 cosusll
1562 5242 1586 5252 -
1610 5220 1648 5267 to.
1667 5219 1745 5266 liuiu-

406 5298 489 5342 mcnio
508 5293 545 5341 C:
565 5291 715 5337 limomcnio
733 5293 752 5336 υ
768 5315 792 5324 -
812 5290 908 5350 efficere
922 5290 961 5336 u:
980 5290 1098 5351 affingere
1116 5288 1174 5337 ΨΟ
1190 5316 1215 5325 -
1232 5291 1304 5350 Coae]
1322 5303 1429 5351 coaequa
1443 5292 1471 5352 V,
1492 5305 1583 5355 coequo
1601 5293 1629 5349 B,
1648 5305 1746 5352 quoquo

406 5371 442 5428 Α,
461 5368 519 5417 coba
538 5367 572 5422 il;
592 5361 696 5415 Cnidios
713 5365 825 5423 Ceaeque
843 5364 954 5412 Morsus.
978 5392 1001 5399 -
1024 5365 1063 5411 ti.
1083 5365 1167 5425 esfiriqi
1186 5364 1245 5413 ΨΟ
1266 5390 1290 5399 -
1311 5366 1330 5413 Λ
1349 5379 1407 5428 sup.
1422 5365 1465 5415 liu.
1484 5368 1501 5414 B
1522 5393 1547 5400 -
1570 5369 1608 5416 ts.
1629 5368 1744 5426 inpraes-

406 5445 504 5494 seritlt
525 5469 549 5477 -
572 5441 646 5488 Erinii
666 5441 696 5485 ΥΞ
705 5443 724 5487 0
747 5465 769 5472 -
794 5439 830 5487 ts.
850 5440 993 5500 lapicidinis
1013 5440 1057 5485 l'·².·
1077 5440 1219 5500 lapidicinis
1238 5444 1255 5488 Α
1269 5440 1337 5498 mv,
1356 5441 1435 5502 lepidi
1451 5442 1501 5489 cini
1521 5443 1558 5495 ll1.
1577 5442 1743 5502 lipidicinisll

408 5544 433 5554 -
455 5517 559 5567 soroll
582 5542 606 5550 -
627 5516 667 5562 ¹20.
687 5515 767 5573 diffisa
784 5513 845 5561 At't
866 5541 892 5549 -
916 5514 957 5562 21.
976 5514 1040 5576 eum]
1059 5527 1109 5562 csse
1127 5514 1146 5562 u
1169 5540 1190 5548 -
1216 5516 1328 5576 prosectu
1346 5528 1371 5564 se
1389 5517 1409 5565 li
1430 5542 1454 5551 -
1483 5519 1522 5565 tt.
1542 5518 1694 5564 irrsimtora
1717 5542 1741 5550 -·

408 5596 448 5644 ii.
466 5595 569 5643 reclines
587 5594 616 5650 Λ,
637 5592 665 5637 ut
680 5589 793 5637 ridetur.
810 5614 835 5623 -
857 5588 896 5637 28.
911 5589 1040 5651 l'ucaoias}
1057 5603 1074 5649 p
1096 5591 1170 5651 quius
1183 5590 1217 5649 (P.
1233 5590 1268 5650 Βῆ
1282 5595 1300 5639 Α
1313 5591 1342 5648 u,
1361 5591 1393 5640 el.
1409 5593 1429 5640 ll
1448 5592 1531 5653 §till
1548 5617 1572 5625 —
1594 5593 1634 5639 lb.
1649 5593 1745 5640 torridis

407 5670 437 5719 Βι
456 5694 481 5704 ·
502 5669 604 5716 satiatos
620 5678 711 5725 capere
725 5664 802 5724 possit
814 5664 848 5721 C,
868 5662 899 5712 ob
916 5664 970 5722 llio,
981 5666 993 5726 ΙΙ
1004 5663 1032 5711 Ut
1048 5663 1200 5724 profectione
1217 5664 1277 5713 laeti
1291 5666 1398 5726 piscium
1416 5668 1547 5715 lasciuiam
1557 5667 1568 5726 Η
1578 5666 1744 5726 Intuerentur,

406 5751 434 5794 st
451 5744 488 5792 oit
505 5742 640 5799 Pacuvius,
661 5753 706 5787 nec
723 5738 806 5786 taeiidi
823 5751 912 5798 capere
930 5740 1130 5799 possetsotietus
1148 5741 1167 5786 0
1185 5752 1245 5788 oum
1266 5740 1387 5798 Dui·isia;
1411 5741 1443 5788 ub
1460 5742 1505 5788 Ilio
1522 5746 1550 5788 ot
1566 5747 1578 5805 ΙΙ
1593 5741 1746 5801 profecimus

407 5819 467 5876 rasti
480 5819 586 5879 piscium
603 5816 735 5863 lasciuiam
749 5819 760 5879 ΙΙ
773 5813 913 5873 iutuemur,
934 5815 1078 5863 aestuandi
1095 5827 1184 5875 cepere
1200 5816 1301 5864 satietas
1315 5822 1394 5877 potest
1412 5814 1530 5866 Ribbeck
1549 5820 1658 5865 auctore
1675 5817 1744 5866 lier-

408 5906 515 5944 mannc.
536 5918 563 5927 -
585 5893 625 5941 30.
643 5904 721 5952 propa
738 5903 796 5952 sup.
817 5888 861 5939 lin.
880 5889 902 5938 ii
922 5914 947 5925 —
972 5890 1103 5939 inorrcscit
1124 5889 1147 5938 u
1173 5914 1198 5924 -
1221 5891 1263 5940 at.
1283 5890 1395 5940 samem
1411 5898 1431 5940 Α
1449 5903 1519 5941 eurr.
1538 5903 1571 5940 er
1587 5890 1692 5940 ciuibus.
1715 5918 1740 5928 -

407 5968 506 6019 obcacot
522 5967 572 6017 ou
585 5966 613 6026 V,
632 5970 730 6016 oceeoot
746 5969 766 6014 A
787 5992 814 6001 -
832 5964 873 6014 32.
892 5965 966 6028 sigor
983 5965 1014 6015 11¹
1034 5991 1061 5999 -
1080 5964 1123 6015 33.
1140 5965 1298 6031 muscoqum
1312 5967 1353 6018 ΑΙ.
