4342 7459
436 1204 498 1271 344
762 1199 1088 1266 Tusculanarum
1107 1193 1438 1273 DISPUTATIONUM

437 1374 602 1441 constans,
624 1363 694 1428 sine
715 1369 817 1436 metu,
839 1361 908 1424 sine
929 1359 1143 1442 aegritudine,
1165 1358 1234 1422 siae
1255 1357 1417 1420 alacritate
1437 1355 1518 1431 alla,
1541 1358 1610 1420 sine
1631 1355 1766 1422 libidine

436 1479 543 1525 nonne
564 1459 698 1522 bearasr
725 1458 767 1518 At
787 1473 914 1538 semper
935 1454 1062 1535 sapiens
1084 1452 1174 1515 talis:
1197 1468 1321 1534 semper
1342 1450 1439 1532 igitar
1456 1450 1578 1513 beatae.
1611 1451 1676 1514 lam
1691 1472 1767 1516 vero

437 1554 494 1639 qai
516 1559 620 1639 potest
641 1547 813 1614 virbonus
835 1568 898 1612 aon
920 1548 960 1611 ad
983 1547 1033 1621 id,
1056 1545 1142 1630 quod
1158 1545 1318 1609 laudabile
1333 1545 1391 1618 sit,
1414 1544 1520 1609 omnia
1534 1545 1663 1623 referre,
1685 1568 1768 1631 qaae

437 1648 503 1731 agit
523 1665 671 1731 quaeqae
685 1646 804 1709 eeatitl
827 1642 933 1708 Refert
948 1649 1053 1706 autera
1070 1640 1177 1704 omnia
1192 1640 1231 1703 ad
1246 1640 1337 1704 beate
1352 1639 1540 1715 vivendum,
1562 1639 1656 1704 beata
1672 1640 1768 1726 igitar

413 1741 502 1814 avita
527 1738 711 1814 laudabilis;
741 1757 800 1801 nec
829 1737 1001 1820 quicquam
1029 1736 1098 1798 siae
1121 1734 1237 1799 virtute
1264 1730 1441 1797 laudabile:
1472 1734 1565 1798 beata
1586 1734 1684 1819 igitur
1704 1735 1769 1801 vita

437 1833 552 1899 virtute
573 1829 746 1896 conficitur.
1196 1912 1199 1919 ⁴

522 1928 620 1994 xv1t
642 1922 693 1989 49.
714 1925 818 2011 Atque
840 1923 902 1988 boc
924 1924 969 1987 sio
991 1924 1086 1987 etiam
1102 1922 1312 1987 concluditur.
1340 1924 1406 1985 Nec
1427 1923 1461 1986 in
1474 1923 1590 1989 misera
1604 1927 1669 1991 vita
1682 1927 1770 2010 quio·

438 2044 533 2110 quarn
562 2030 611 2086 est
631 2018 844 2105 praedicabile
867 2024 922 2081 aut
948 2016 1149 2100 gloriandum
1171 2016 1285 2080 necin
1307 2036 1359 2092 ea,
1389 2037 1472 2101 qaae
1499 2038 1559 2082 nec
1587 2022 1703 2085 misera
1728 2023 1770 2087 eit

437 2137 497 2184 nec
523 2116 625 2180 beata.
663 2113 705 2175 Et
731 2119 779 2174 eet
808 2112 842 2174 in
864 2111 972 2197 eliqua
992 2112 1056 2175 vita
1077 2110 1292 2193 praedicabile
1314 2110 1435 2196 aliqaid
1458 2120 1491 2175 et
1511 2112 1710 2195 gloriandum
1732 2135 1770 2181 ac

401 2233 513 2299 caprae
533 2230 568 2276 ee
589 2207 772 2281 serendam,
793 2214 829 2270 at
848 2204 1104 2289 Epaminondas:

565 2300 764 2368 Consiliis
786 2299 942 2364 nostris
964 2299 1051 2364 laus
1074 2306 1134 2363 est
1155 2307 1318 2363 attonsa
1339 2298 1550 2376 Laconum,

437 2408 472 2468 ut
492 2399 677 2466 Africanae:

562 2492 698 2556 Asole
719 2490 934 2554 exoriente
956 2507 1078 2571 snpra
1099 2487 1269 2551 Maeotis
1290 2486 1467 2571 paludes

647 2586 767 2648 Nemo
791 2590 849 2647 est
870 2582 938 2666 qui
959 2580 1081 2646 lactis
1104 2584 1378 2666 aequiperare
1401 2591 1535 2667 queat
1642 2576 1656 2590 ’

400 2678 488 2752 ⁴550.
511 2678 605 2757 Quod
626 2681 654 2743 si
675 2688 731 2755 cst,
761 2678 853 2742 beata
874 2677 938 2740 vita
960 2677 1124 2759 glorianda
1147 2684 1178 2740 et
1199 2676 1411 2759 praedicanda
1432 2686 1464 2742 et
1485 2699 1560 2762 prae
1582 2701 1617 2744 sa
1639 2680 1770 2747 ferenda

355 2804 359 2809 ·
436 2781 501 2849 est3
530 2773 610 2838 nibil
637 2780 685 2838 est
711 2772 797 2836 enim
823 2770 910 2833 aliud
933 2769 1019 2854 qaod
1042 2769 1288 2853 praedicandum
1313 2780 1345 2834 et
1374 2792 1449 2854 prae
1473 2794 1508 2837 se
1528 2773 1693 2840 ferendum
1718 2777 1770 2840 eit.

436 2867 561 2945 Quibus
592 2868 702 2952 positis
730 2864 889 2947 intellegis
918 2863 996 2949 qaid
1025 2872 1194 2948 sequatur,
1218 2874 1249 2928 et
1271 2865 1414 2947 quidem,
1448 2869 1511 2931 nisi
1533 2888 1570 2931 ea
1592 2870 1657 2932 vita
1677 2869 1771 2935 beata

436 2970 499 3036 est,
527 2980 609 3044 quae
638 2969 687 3025 est
714 2960 826 3023 eadem
855 2959 1004 3031 honesta,
1031 2958 1073 3022 sit
1102 2958 1189 3021 aliud
1220 2979 1352 3024 necesse
1375 2968 1424 3024 est
1445 2961 1559 3025 melias
1580 2963 1646 3026 vita
1667 2965 1770 3028 beata.

438 3055 530 3133 Quod
560 3056 621 3119 erit
646 3055 731 3119 enim
757 3054 942 3126 honestum,
971 3060 1055 3116 certe
1077 3051 1261 3116 fatebuntur
1282 3071 1352 3116 esse
1375 3054 1503 3119 melius:
1530 3056 1573 3120 ita
1596 3057 1657 3121 erit
1678 3060 1771 3125 beata

400 3150 502 3221 assita
515 3149 629 3214 melias
651 3146 791 3233 aliquid,
814 3167 879 3231 quo
894 3146 973 3230 qaid
989 3153 1092 3229 potest
1108 3145 1171 3210 dici
1185 3148 1388 3229 perversius?
1412 3149 1520 3224 Quina
1544 3171 1615 3214 cnm
1629 3151 1772 3219 latentur

436 3246 512 3310 satis
535 3264 680 3326 magnam
703 3243 766 3307 vim
789 3261 860 3306 esse
883 3240 917 3303 in
939 3241 1021 3304 vitiis
1044 3240 1084 3305 ad
1108 3241 1253 3303 miseram
1270 3242 1383 3316 vitam,
1406 3262 1513 3307 noane
1535 3245 1699 3311 latendum
1724 3255 1772 3313 eet

437 3340 569 3405 undem
592 3338 655 3401 vim
685 3337 718 3399 in
740 3336 857 3398 virtute
886 3355 958 3398 esse
980 3336 1020 3396 ad
1043 3334 1167 3398 beatam
1188 3336 1306 3397 vitam?
1337 3337 1565 3402 contrariorum
1588 3344 1673 3406 enim
1696 3362 1771 3406 con·

435 3434 532 3498 traria
553 3440 629 3497 sant
649 3430 884 3515 consequentia.
928 3423 980 3491 5t.
1004 3428 1076 3504 Quo
1099 3428 1169 3493 loco
1194 3449 1323 3512 quaero,
1352 3451 1447 3514 quam
1469 3434 1532 3496 vim
1555 3434 1670 3499 babeat
1690 3435 1771 3500 libra

436 3527 491 3593 illa
514 3526 655 3600 Critolai,
679 3525 733 3608 qai
756 3544 828 3585 cnm
851 3522 883 3585 in
905 3521 1036 3586 alteram
1059 3521 1183 3585 lancem
1202 3523 1297 3586 animi
1312 3524 1396 3587 bona
1411 3526 1566 3609 imponat,
1589 3529 1622 3601 ia
1637 3529 1769 3593 alteram

399 3621 578 3705 :corporis
600 3626 632 3682 et
653 3625 801 3691 externa,
824 3623 946 3679 tantam
969 3616 1168 3699 propendere
1190 3616 1276 3680 illam
1299 3625 1407 3701 patet,
1429 3627 1464 3682 at
1486 3628 1600 3685 terram
1625 3630 1656 3685 et
1670 3623 1769 3687 maria

437 3714 477 3779 de
500 3714 602 3777 rimst.

478 3736 635 3870 pllVlll.
665 3805 751 3881 Quid
777 3824 853 3887 ergo
880 3813 936 3867 aut
962 3804 1046 3867 banc
1076 3805 1224 3887 probibet
1245 3814 1301 3870 aut
1322 3806 1417 3871 etiam
1440 3810 1652 3875 Xenocratem
1676 3812 1767 3877 illam

436 3900 655 3985 gravissimam
686 3899 965 3983 pbilosophorum,
995 3909 1238 3981 exaggerantem
1265 3906 1352 3963 tanto
1374 3922 1471 3983 opere
1493 3904 1659 3981 virtatem,
1682 3916 1771 3972 exte—

437 4002 589 4059 nuantem
610 4001 716 4057 cetera
737 4002 770 4057 et
790 3993 993 4065 abicientem,
1025 3992 1057 4055 in
1081 3993 1195 4056 virtute
1217 4014 1281 4056 non
1304 3994 1428 4058 beamm
1451 3995 1547 4060 modo
1569 3999 1682 4074 vitam,
1714 4002 1772 4065 sed

403 4089 532 4158 seutiam
553 4088 766 4151 beatissimam
790 4090 930 4171 poneret
953 4086 1038 4171 quod
1063 4086 1190 4169 quidem
1213 4088 1274 4151 nisi
1291 4088 1340 4161 tit,
1363 4091 1515 4153 virtutum
1532 4092 1678 4157 interitus
1694 4115 1770 4159 con·

437 4190 599 4266 sequetur.
638 4178 790 4258 52.vNam
821 4182 853 4243 in
877 4200 970 4263 quem
994 4181 1078 4244 cadit
1100 4181 1277 4262 aegritudo,
1300 4183 1332 4245 in
1355 4184 1492 4247 eundem
1515 4194 1634 4250 metam
1657 4187 1771 4252 cadere

437 4297 568 4340 necesse
591 4284 655 4352 est3
677 4282 727 4338 est
747 4276 828 4338 enim
852 4282 955 4337 metas
977 4273 1102 4338 futurae
1122 4275 1329 4356 aegritudinis
1352 4277 1486 4342 sollicita
1501 4283 1714 4363 exspectati03
1737 4284 1770 4345 in

438 4391 534 4455 quem
549 4379 652 4433 autem
669 4377 780 4442 metus,
802 4372 836 4433 in
853 4370 988 4433 eundem
1005 4367 1151 4441 formido,
1167 4367 1326 4443 timiditas,
1349 4390 1457 4452 pavor,
1480 4374 1620 4455 ignaria:
1642 4396 1718 4457 ergo
1736 4385 1773 4439 ut

438 4464 522 4528 idem
540 4466 684 4527 vincatur
705 4464 863 4526 interdum
886 4483 945 4526 nec
968 4470 1057 4545 putet
1072 4460 1111 4525 ad
1128 4482 1162 4524 se
1177 4472 1380 4546 praeceptum
1397 4465 1474 4528 illud
1490 4467 1578 4531 altrei
1594 4470 1771 4551 pertinere:

400 4578 429 4627 ss
565 4557 737 4621 Proinde
759 4558 816 4620 ita
837 4566 981 4640 parent
1003 4577 1042 4620 se
1065 4557 1107 4618 in
1130 4557 1228 4629 vita,
1251 4567 1294 4620 at
1316 4559 1427 4623 vinci
1449 4563 1641 4625 nesciant

437 4652 498 4717 Hic
519 4660 625 4716 autem
647 4652 801 4725 vincetur,
832 4660 868 4714 at
890 4649 973 4725 dixi,
1003 4670 1063 4713 aec
1085 4650 1181 4712 modo
1203 4652 1363 4725 vincetur,
1386 4652 1441 4716 eed
1466 4654 1558 4717 etiam
1581 4657 1713 4721 serviet:
1740 4666 1774 4721 at

438 4767 497 4812 nos
520 4747 666 4810 virtutem
689 4765 814 4828 semper
836 4744 967 4807 liberam
990 4744 1152 4818 volumus,
1176 4763 1302 4828 semper
1324 4746 1489 4821 invictam
1513 4768 1594 4831 quae
1609 4750 1672 4813 nisi
1689 4759 1773 4824 sunt,

439 4841 561 4905 sublata
588 4841 688 4904 virtus
719 4846 776 4903 eet.
821 4834 872 4900 53.
895 4840 997 4922 Atque
1026 4837 1052 4900 si
1083 4837 1117 4899 in
1144 4837 1259 4903 virtute
1281 4840 1356 4903 eatis
1379 4848 1428 4903 est
1453 4842 1604 4922 praesidii
1625 4843 1666 4906 ad
1688 4844 1771 4907 bene

506 5160 529 5211 4.
547 5160 601 5208 sinc
616 5157 786 5221 aegritudine,
806 5158 859 5206 sias
875 5156 1023 5215 alacritate,
1041 5158 1112 5206 nullo
1128 5157 1229 5208 libidine
1246 5158 1336 5209 Herm.
1349 5160 1480 5223 Sauppius
1495 5159 1560 5219 (lud.
1573 5159 1644 5212 lectt.
1659 5165 1771 5228 Gotting.

441 5236 530 5297 l85718
548 5248 573 5302 p.
586 5235 624 5297 bl:
647 5236 700 5285 sinc
716 5233 882 5296 aegritudine,
901 5232 1035 5281 olocmtote
1051 5234 1133 5295 nuda,
1158 5236 1229 5283 nouo
1244 5235 1344 5284 libidine
1362 5235 1390 5285 C.
1410 5236 1457 5285 Pb.
1477 5236 1594 5298 Wagner
1611 5236 1709 5297 (Philol.
1728 5239 1773 5289 llll

440 5324 466 5377 p.
485 5309 551 5373 bbll.
572 5335 598 5345 ·-
617 5307 679 5372 ullo]
697 5308 742 5357 itto
759 5308 902 5358 Nissenius.
926 5335 951 5344 -
971 5309 996 5356 2.
1013 5308 1053 5372 At]
1071 5315 1116 5357 ont
1133 5310 1180 5359 Gli
1200 5335 1225 5347 -
1247 5312 1272 5358 b.
1291 5312 1457 5371 nequicquam
1472 5313 1532 5359 G-
1552 5311 1577 5360 8.
1596 5317 1642 5360 urst
1657 5313 1773 5374 glenon-

439 5389 499 5437 drnn
511 5413 548 5424 --
559 5387 612 5435 aito
625 5383 796 5447 praedicabile
813 5397 866 5434 om.
886 5386 907 5433 G
925 5384 1023 5446 (verbis
1040 5384 1137 5445 aliquid
1153 5390 1190 5445 et,
1212 5398 1281 5448 quae
1299 5387 1403 5449 punctis
1422 5388 1510 5436 notata
1529 5390 1603 5445 sunt,
1622 5390 1773 5450 superscri-

440 5465 515 5527 ptum
534 5462 576 5511 est
592 5461 644 5522 urst)
665 5486 691 5496 -
713 5458 753 5510 tl.
772 5460 846 5522 foetis
861 5473 901 5509 nee
917 5460 1114 5522 monteaureo
1129 5486 1156 5496 -
1175 5461 1215 5509 lb.
1235 5464 1270 5508 ert
1287 5460 1421 5509 Davisius:
1441 5473 1494 5509 orn.
1510 5461 1529 5509 C
1545 5487 1572 5497 -
1587 5461 1627 5509 se.
1640 5462 1706 5509 enim
1717 5474 1771 5512 om.

441 5540 471 5588 tlt
490 5562 519 5575 -
537 5536 579 5586 li.
596 5536 649 5584 uine
665 5536 760 5585 uirtute
776 5536 919 5598 (superscr.
938 5536 999 5585 ead.
1018 5546 1054 5585 m.
1073 5535 1107 5596 iu)
1126 5534 1159 5592 B;
1177 5535 1230 5583 aine
1247 5535 1366 5583 uirtutem
1383 5535 1447 5592 ΟΜ
1465 5536 1518 5583 vim
1533 5536 1655 5585 uirtutem
1672 5535 1723 5588 alii.
1744 5564 1770 5573 -

440 5612 482 5662 ab.
500 5611 572 5661 itiam
589 5622 650 5660 nos:
674 5611 745 5660 ittam
761 5610 818 5659 boni
834 5610 931 5659 bnocm
948 5612 982 5670 ῦς
1005 5612 1077 5660 ittom
1095 5610 1228 5659 mnccmo
1250 5634 1283 5643 —
1305 5609 1345 5658 28.
1365 5612 1495 5670 tantopere
1511 5610 1530 5658 C
1551 5636 1578 5646 —
1598 5609 1637 5659 32.
1657 5612 1684 5661 in
1701 5626 1774 5674 quom

441 5691 525 5737 erstem
540 5692 633 5746 mares,
656 5687 683 5736 in
702 5700 759 5736 carn
778 5687 1049 5750 fumido--ignuaio
1071 5687 1171 5736 Nonius
1189 5698 1214 5749 p.
1231 5682 1287 5734 444.
1307 5709 1339 5719 -
1357 5684 1397 5734 36.
1416 5690 1444 5732 ot
1460 5684 1512 5748 nos]
1530 5689 1558 5733 ot
1573 5699 1619 5735 nos
1634 5693 1718 5737 autem
1736 5689 1771 5745 C;

441 5773 487 5810 nos
505 5767 589 5811 outnn
610 5760 661 5811 alii.
685 5763 761 5812 «Non
785 5763 873 5811 minus
894 5760 968 5811 tacite
986 5768 1071 5811 uatem
1088 5775 1120 5812 er
1137 5762 1276 5825 superiore
1294 5773 1374 5810 versa
1391 5761 1534 5824 repetitum
1551 5773 1612 5811 esse
1630 5765 1718 5825 potest
1735 5762 1773 5825 (at

443 5835 507 5901 flbl
524 5836 587 5886 bono
603 5839 631 5887 et
646 5838 776 5901 suffragiis
790 5835 955 5898 praeteritur)
972 5849 1053 5899 qaam
1071 5842 1099 5885 ot
1116 5849 1149 5885 ex
1166 5841 1205 5885 -rt
1220 5835 1379 5898 geminando
1398 5836 1510 5896 lactum,
1529 5837 1556 5885 et
1572 5836 1700 5900 particula
1717 5837 1773 5887 tor-

443 5912 495 5963 tlas
509 5911 675 5965 adversantis
688 5912 775 5977 aptior
789 5923 849 5962 esse
864 5908 995 5961 videtur.»
1008 5912 1050 5963 W.
1066 5938 1095 5949 -
1114 5909 1154 5962 38.
1167 5915 1242 5974 mque
1253 5909 1378 5976 Bentley:
1396 5911 1468 5975 utqrd
1480 5911 1514 5963 C.
1532 5910 1598 5963 Vide
1610 5911 1645 5963 ad
1656 5913 1689 5963 111
1700 5912 1717 5977 3
1729 5910 1770 5963 44.
