4342 7459
453 1256 516 1325 230
903 1258 957 1330 DE
978 1260 1148 1333 DEORUM
1169 1268 1331 1332 NATURA

453 1424 537 1487 diem
559 1431 746 1509 noctemque
768 1423 893 1489 conticit
913 1435 946 1489 et
966 1426 1060 1490 modo
1083 1426 1254 1502 accedens,
1276 1436 1343 1491 tum
1365 1434 1470 1491 autem
1492 1430 1662 1503 recedens,
1686 1429 1781 1493 binas

452 1521 484 1582 in
508 1519 641 1600 singulis
662 1520 753 1581 anais
775 1522 971 1583 reversiones
994 1521 1033 1582 ab
1055 1527 1198 1584 extremo
1220 1522 1393 1584 contrarias
1416 1522 1502 1597 iacit,
1526 1543 1658 1607 quarum
1682 1522 1716 1584 in
1730 1524 1781 1585 in·

452 1612 585 1675 terrallo
607 1617 672 1674 tum
695 1618 787 1696 quasi
809 1615 933 1677 tristitia
956 1615 1092 1696 quadam
1115 1614 1272 1677 contrahit
1292 1624 1422 1690 terram,
1445 1626 1510 1680 tum
1527 1616 1665 1681 vicissim
1689 1617 1780 1680 lacti·

452 1704 541 1780 licat,
568 1713 604 1769 ut
631 1727 701 1769 cum
725 1707 813 1769 caelo
834 1707 967 1770 hilarata
988 1709 1150 1772 rideatur.¹
1186 1704 1257 1770 tos.
1280 1710 1370 1771 Luna
1391 1720 1512 1785 autem,
1544 1717 1712 1794 quaeest,
1742 1715 1780 1772 ut

427 1798 623 1863 costendunt
650 1800 875 1874 mathematici,
903 1802 1004 1863 maior
1025 1822 1119 1884 quam
1142 1801 1274 1864 dimidia
1302 1823 1373 1885 pars
1396 1811 1512 1878 terrae,
1543 1804 1643 1866 isdem
1666 1804 1777 1888 spatiis

450 1902 593 1975 regatur,
616 1894 731 1975 quihus
754 1895 816 1968 sol,
839 1894 893 1956 sed
917 1904 984 1957 tum
1007 1897 1212 1977 congrediens
1235 1917 1305 1959 curn
1328 1898 1407 1971 sole,
1430 1907 1496 1961 tum
1518 1898 1724 1980 degrediens,
1747 1904 1779 1960 et

450 2002 518 2050 eam
547 1988 665 2062 iucem,
696 2007 791 2070 quam
819 2006 838 2049 a
868 1990 935 2051 sole
962 1991 1099 2074 accepit,
1126 1990 1222 2051 mittit
1250 1991 1281 2051 in
1304 1998 1402 2053 terras
1424 1999 1456 2054 et
1477 1995 1580 2054 varias
1601 1992 1671 2073 ipsa
1693 1990 1775 2054 lucis

449 2083 639 2145 mutationes
664 2081 775 2156 hahet,
803 2091 898 2166 atque
926 2082 1021 2145 etiam
1044 2092 1109 2146 tum
1132 2084 1276 2146 subiecta
1297 2092 1392 2166 atque
1416 2085 1564 2168 opposita
1587 2084 1647 2148 soli
1669 2084 1775 2147 radios

448 2179 517 2241 eins
538 2177 698 2240 etlumen
720 2177 877 2250 obscurat,
901 2183 966 2239 tum
988 2178 1057 2258 ipsa
1078 2177 1221 2240 incidens
1244 2178 1275 2238 in
1298 2181 1439 2241 umbram
1462 2185 1575 2250 terrae,
1597 2195 1667 2240 cum
1689 2185 1775 2240 este

411 2271 578 2353 stregicne
600 2269 692 2343 solis,
714 2270 901 2353 interpositu
924 2270 1155 2351 interiectuque
1178 2278 1280 2334 terrae
1302 2280 1433 2353 repente
1452 2269 1568 2334 delicit.
1604 2271 1773 2355 isdemque

448 2363 557 2447 spatiis
580 2381 636 2425 eae
658 2364 784 2435 stellae,
809 2384 889 2447 quas
911 2383 1006 2446 vagas
1028 2362 1179 2438 dicimus,
1206 2366 1321 2427 circum
1345 2375 1458 2428 terram
1480 2365 1625 2427 feruntur
1647 2364 1775 2427 eodem·

449 2457 627 2541 quemodo
651 2458 795 2519 oriantur
816 2465 848 2519 et
870 2457 1036 2530 occidunt,
1059 2476 1192 2539 quarum
1215 2467 1318 2520 motas
1341 2466 1405 2521 tum
1429 2458 1622 2531 incitantur,
1644 2466 1711 2519 tum
1726 2476 1775 2519 re·

447 2549 625 2624 tardantur,
647 2570 742 2634 saepe
764 2552 858 2613 etiam
880 2552 1041 2613 insistunt.
1078 2545 1149 2611 tot.
1173 2551 1245 2626 Quo
1268 2553 1448 2633 spectaculo
1464 2552 1542 2616 nihil
1558 2560 1662 2633 potest
1675 2550 1774 2614 admi·

446 2646 578 2708 rabilius
606 2661 692 2717 esse,
724 2644 801 2706 nihil
830 2643 1002 2727 pulchrius.
1046 2644 1197 2726 Sequitur
1226 2645 1386 2708 stellarum
1410 2647 1615 2709 inerrantium
1638 2646 1773 2709 maxima

410 2736 630 2813 tsmhltitudo,
653 2756 784 2823 quarum
807 2739 850 2800 ita
873 2737 1032 2820 descripta
1052 2738 1213 2801 distinctio
1236 2747 1295 2813 est,
1318 2748 1354 2801 ut
1370 2759 1410 2801 ex
1433 2748 1577 2803 notarum
1600 2737 1773 2822 figurarum

447 2832 651 2897 similitudine
673 2834 802 2895 nomina
823 2832 1011 2895 invenerint.
1048 2831 1131 2892 XLl.
1153 2834 1257 2914 Atque
1279 2829 1431 2895 hocloco
1453 2854 1503 2896 me
1525 2834 1666 2907 intuens,
1689 2833 1772 2908 Utar,

445 2930 563 3012 in'qttit,
586 2927 775 2991 carminibus
795 2925 932 2998 Arateis,
959 2942 1040 3008 quae
1061 2924 1131 2987 a'te
1157 2925 1328 2988 admodum
1354 2927 1593 2990 adulescentulo
1619 2917 1772 2991 conversa

445 3024 488 3087 lta
517 3037 567 3087 me
593 3022 765 3096 delectant,
793 3019 867 3103 quia
897 3018 1009 3081 Latina
1037 3026 1127 3092 suat,
1156 3028 1192 3081 ut
1219 3020 1317 3081 multa
1340 3039 1378 3081 ex
1402 3022 1440 3084 iis
1462 3022 1614 3084 memoria
1636 3029 1770 3082 teneam.

445 3118 540 3199 Erga,
561 3124 598 3178 ut
618 3115 719 3177 oculis
741 3112 871 3176 adsidue
892 3112 1054 3185 ridemus,
1077 3112 1144 3175 sine
1166 3112 1232 3175 ulla
1254 3114 1427 3176 mutatione
1450 3123 1504 3177 aut
1525 3116 1678 3178 varietate

408 3214 437 3268 st
574 3209 717 3272 Cetera
739 3205 933 3269 labuntur
956 3206 1084 3268 celeri
1107 3207 1306 3270 caelestia
1329 3216 1452 3283 motu,

571 3303 658 3365 Cum
682 3302 867 3383 caeloque
889 3300 1005 3362 simut
1027 3308 1247 3382 noctesque
1271 3300 1435 3385 diesque
1458 3301 1663 3377 feruntur,

444 3390 515 3457 ton.
539 3408 675 3480 quorum
698 3394 963 3476 contemplatione
985 3393 1104 3455 nullius
1125 3394 1247 3474 expleri
1269 3400 1374 3478 potest
1395 3397 1518 3458 animus
1541 3403 1672 3459 naturae
1695 3413 1769 3457 con·

444 3489 588 3554 stantiam
614 3490 719 3552 ridere
741 3488 907 3569 cupientis.

570 3586 869 3664 Extremusque
892 3580 994 3643 adeo
1017 3579 1174 3663 duplici
1196 3582 1244 3644 de
1267 3583 1435 3647 cardine
1457 3590 1598 3647 uertex

406 3690 434 3743 tn
569 3678 730 3741 Dicitur
753 3693 841 3737 esse
864 3672 990 3758 polus.

443 3770 535 3835 Hunc
557 3773 674 3835 circum
696 3778 803 3833 arctoe
825 3768 906 3831 duae
927 3765 1084 3842 teruntur,
1108 3787 1278 3852 numquam
1301 3773 1490 3835 occidentes.

568 3867 622 3929 Ex
643 3865 702 3927 his
724 3863 849 3926 altera
871 3860 969 3943 apud
991 3860 1135 3924 Graios
1158 3860 1370 3947 Cynosura
1392 3873 1573 3939 vocatur,

568 3959 709 4022 Altera
731 3956 881 4019 dicitur
902 3973 990 4017 esse
1012 3954 1168 4029 Helice,

442 4052 533 4117 cuius
555 4051 682 4136 quidem
706 4051 895 4114 clarissimas
917 4049 1023 4112 stellas
1046 4049 1119 4110 totis
1141 4050 1283 4112 noctibus
1306 4052 1476 4127 cernimus,

404 4164 433 4212 tc
569 4148 677 4222 Quas
700 4146 828 4208 nostri
851 4152 1006 4226 septem
1029 4143 1147 4204 soliti
1170 4145 1350 4208 vocitare
1374 4148 1554 4210 Triones.

444 4238 513 4304 too.
536 4241 729 4324 Paribusque
757 4240 857 4302 stellis
879 4238 1022 4302 similiter
1043 4236 1199 4299 distinctis
1222 4239 1357 4301 eundem
1380 4241 1458 4303 caeli
1480 4244 1629 4304 verticem
1653 4241 1764 4306 lustrat

440 4341 536 4421 parva
559 4337 729 4419 Cynosura.

567 4431 645 4493 llac
667 4428 805 4492 fidunt
827 4426 927 4489 duce
950 4434 1149 4489 nocturna
1170 4427 1394 4490 Phoenices
1417 4429 1456 4490 in
1478 4430 1570 4491 alto.

567 4524 641 4587 Sed
665 4523 772 4605 prior
794 4522 868 4583 illa
890 4521 1012 4601 magis
1036 4521 1175 4583 stellis
1199 4522 1388 4598 distincta
1411 4523 1582 4605 refulget

401 4629 430 4680 te
564 4620 611 4680 Et
632 4618 715 4680 late
738 4618 861 4698 prima
883 4615 1096 4678 confestim
1119 4634 1138 4676 a
1161 4625 1275 4676 nocte
1298 4618 1473 4690 videtur,

564 4713 669 4774 llaec
690 4731 783 4773 vero
806 4728 927 4792 parva
950 4718 1026 4782 est,
1050 4710 1119 4770 sed
1141 4712 1274 4772 nautis
1296 4732 1390 4773 usus
1413 4714 1452 4774 iu
1475 4713 1548 4773 hac
1571 4720 1636 4774 est.

564 4808 652 4868 Nam
675 4826 786 4867 cursu
808 4803 1014 4866 interiore
1036 4802 1150 4866 brevi
1173 4807 1430 4866 convertitur
1451 4805 1557 4867 orbe.

438 4900 534 4963 xt11.
556 4901 596 4961 lit
617 4920 681 4981 quo
704 4901 745 4961 sit
767 4917 873 4961 earum
897 4897 1057 4959 stellarum
1080 4897 1293 4960 admirabilior
1315 4907 1477 4979 aspectus,

566 4994 643 5055 Has
666 4994 790 5068 inter,
811 4991 936 5055 veluti
958 4992 1093 5072 rapido
1116 5013 1200 5054 cum
1223 4995 1381 5075 gurgite
1404 4992 1564 5068 flumen,

500 5220 525 5269 ἰ.
543 5219 570 5268 in
588 5219 648 5280 post
665 5228 773 5278 quarum
791 5229 843 5265 om.
864 5216 912 5265 EO
931 5241 957 5250 -
978 5216 1002 5265 3.
1021 5216 1178 5266 contrahitur
1195 5222 1264 5266 terra
1281 5217 1342 5265 C-
1362 5219 1385 5265 5.
1405 5218 1534 5265 ostendunt
1551 5231 1620 5267 corr.
1635 5231 1665 5267 er
1678 5224 1760 5267 ostes-

435 5296 494 5346 dam
506 5296 527 5343 V
541 5321 566 5329 -
587 5294 611 5342 6.
630 5305 686 5341 eum
703 5293 753 5340 sole
769 5297 822 5340 tum
838 5291 981 5354 degrediens
997 5292 1091 5341 eadem
1110 5306 1146 5341 nr.
1166 5293 1277 5354 margini
1294 5290 1425 5353 adscripta
1443 5290 1557 5341 habetV
1575 5318 1600 5327 -
1619 5293 1760 5355 degrediens

435 5372 569 5425 AB¹CV÷
596 5368 736 5432 digrediens
753 5365 838 5417 c²E0
859 5394 883 5402 -
904 5368 928 5417 8.
946 5369 1097 5416 mutationes
1113 5368 1209 5416 tacisO
1230 5392 1256 5401 —
1279 5367 1319 5415 to.
1338 5368 1413 5428 dificit
1431 5371 1450 5414 Α
1471 5393 1496 5402 -
1518 5368 1558 5417 tt.
1577 5376 1671 5418 terram
1688 5382 1757 5420 corr.

434 5462 466 5499 es
484 5454 567 5498 terrae
583 5444 604 5491 V
623 5469 649 5478 -
672 5443 711 5497 l3.
730 5456 780 5490 esse
798 5443 972 5491 admirabilius
989 5443 1008 5491 0
1028 5469 1055 5477 —
1081 5445 1121 5492 ss.
1140 5448 1258 5490 notarem
1274 5439 1312 5491 a:
1336 5448 1395 5490 ncta
1413 5442 1472 5494 elii;
1491 5450 1576 5493 notata
1595 5446 1759 5495 Schaemcn·

434 5538 484 5575 nus
501 5520 568 5580 tcoil.
588 5521 643 5570 Cic.
662 5519 695 5568 de
715 5520 824 5567 Divinat.
843 5518 863 5565 ll
882 5518 896 5579 g
913 5518 969 5567 tto.
989 5518 1021 5567 ed
1041 5520 1156 5568 Herenn.
1172 5520 1202 5566 lll
1221 5517 1235 5578 ἓ
1251 5517 1291 5565 37.
1311 5517 1344 5565 de
1357 5519 1449 5566 Orati
1468 5519 1550 5581 5⁴⁰⁹·
1572 5521 1672 5581 Fragm.
1686 5521 1757 5569 hrat.

434 5599 504 5660 ⁴⁸²t3
532 5611 580 5646 «aa
600 5599 717 5643 notarum
735 5596 877 5658 figurarum
897 5595 1056 5642 similitudine
1078 5594 1207 5654 significat
1229 5592 1269 5652 id,
1293 5594 1363 5655 quod
1388 5597 1469 5643 nostri
1488 5596 1631 5644 Cicerones
1649 5595 1756 5644 dicunt:

430 5677 534 5736 propter
555 5671 739 5719 similitadinem
760 5682 817 5716 eum
838 5669 902 5716 notis
921 5671 1035 5731 figarias
1060 5670 1150 5717 Kcorz.
1171 5695 1197 5704 -
1223 5669 1262 5716 ti.
1281 5669 1378 5717 Arateis
1394 5669 1550 5719 Wallrerus:
1570 5670 1639 5717 arati
1655 5671 1689 5718 eis
1706 5668 1758 5719 tto

434 5747 608 5810 (sedaliex
627 5746 806 5803 correctione,
826 5743 965 5805 inquibus
984 5744 1041 5792 tort.
1061 5744 1264 5804 lucraturateis]
1291 5767 1317 5779 -
1347 5746 1385 5793 ts.
1404 5759 1437 5794 ea
1453 5746 1525 5793 laisB
1550 5771 1573 5779 —
1605 5745 1646 5793 it.
1665 5744 1758 5793 nuttios

434 5835 503 5872 corr.
521 5835 553 5871 cx
570 5821 689 5870 natust
713 5845 740 5855 -
765 5819 804 5867 23.
823 5819 940 5867 sideriis
966 5846 992 5854 -
1017 5817 1057 5868 il.
1077 5818 1210 5879 duplicec
1236 5845 1261 5852 —
1286 5819 1326 5867 bb.
1346 5825 1431 5868 arctoe
1447 5821 1482 5868 E:
1508 5826 1610 5869 arctoae
1627 5819 1755 5881 ΑΒΗ,

434 5889 535 5964 ἄρκτοι
552 5897 572 5946 0
597 5922 621 5933 -
648 5896 689 5945 27.
707 5908 741 5944 ea
758 5894 788 5943 iis
801 5894 926 5944 ACV—
938 5898 999 5954 aput
1016 5890 1045 5941 .t¹
1056 5893 1105 5941 CE
1125 5919 1151 5927 -
1171 5894 1211 5943 28.
1230 5894 1321 5943 beticae
1339 5895 1358 5941 V
1377 5921 1404 5931 —
1424 5894 1464 5944 3⁴.
1483 5895 1599 5946 distincta
1616 5893 1756 5947 Wallserus

434 5967 494 6025 coll.
513 5982 538 6019 v.
551 5967 591 6020 ii.
612 5994 639 6006 -·
658 5968 698 6018 ³³.
716 5968 777 6032 Hac]
796 5968 862 6018 acB
883 5994 909 6004 —
928 5967 969 6017 39.
987 5969 1090 6031 rapidos
1106 5968 1134 6018 Β.
