4342 7459
713 1260 782 1322 nu.
804 1258 842 1320 v.
870 1257 946 1321 cii.
968 1258 1284 1323 xxvu-xxvnr.
1313 1257 1359 1342 §s
1380 1255 1525 1323 m-ai.
1714 1252 1771 1322 sot

451 1429 614 1502 viderunt,
637 1426 866 1498 valetudinem,
896 1418 995 1499 vires,
1026 1434 1192 1501 staturam,
1222 1427 1371 1501 formam,
1392 1428 1602 1510 integritatem
1625 1429 1777 1510 unguicu-

452 1524 553 1586 lorum
576 1522 716 1584 omninm
739 1520 826 1587 hono.
851 1519 1092 1593 deformitatem,
1114 1521 1268 1594 morbum,
1288 1521 1482 1584 debilitatem
1504 1521 1595 1584 mala.
1637 1516 1775 1584 8l.1am

450 1615 506 1678 illa
528 1621 659 1678 externa
681 1634 773 1696 parce
795 1621 829 1677 tu
852 1614 998 1696 quidem,
1020 1614 1075 1676 sed
1099 1614 1176 1676 baec
1198 1634 1270 1676 cnm
1292 1615 1434 1696 corporis
1456 1615 1541 1677 bona
1563 1614 1643 1689 sint,
1667 1635 1776 1678 eorum

450 1708 652 1772 conficientia
674 1717 758 1771 certe
780 1708 812 1770 in
835 1707 928 1770 bonis
953 1707 1141 1780 numerabis,
1163 1707 1293 1783 amicos,
1315 1707 1442 1781 liberos,
1466 1709 1672 1790 propinquos,
1695 1707 1776 1769 divi·

450 1804 527 1876 tias,
549 1801 705 1873 bonores,
727 1821 817 1884 opes.
840 1801 954 1864 Contra
976 1801 1054 1863 haec
1076 1800 1203 1862 attende
1218 1822 1268 1864 me
1283 1802 1362 1864 nihil
1378 1802 1498 1865 dicere:
1523 1802 1598 1864 illud
1615 1802 1726 1876 dicere,
1750 1801 1800 1865 sio

449 1897 512 1959 ista
533 1894 616 1957 mala
638 1905 726 1968 sunt,
749 1897 783 1958 in
805 1915 888 1979 quae
911 1905 1017 1977 potest
1031 1895 1170 1958 incidere
1185 1895 1321 1977 sapiens,
1344 1896 1519 1978 sapientem
1535 1915 1683 1960 essenon
1700 1895 1775 1957 satis

450 2009 521 2052 esse
542 1989 584 2051 ad
608 1988 700 2053 beate
722 1991 902 2052 vivendum.
946 1992 1043 2053 lmmo
1069 2009 1159 2060 vero,
1189 1988 1310 2071 inquit,
1338 1989 1379 2051 ad
1401 1990 1582 2054 beatissime
1605 1988 1775 2054 vivendum

449 2102 562 2166 param
577 2091 640 2156 est,
661 2084 702 2146 ad
717 2084 809 2147 beate
824 2086 911 2147 satis.
936 2083 1169 2155 Animadverti,
1191 2083 1330 2165 inquam,
1349 2090 1381 2144 te
1404 2083 1575 2145 istomodo
1592 2083 1687 2166 paulo
1703 2089 1776 2145 ante

449 2198 569 2261 ponere
590 2187 623 2241 et
644 2180 710 2241 scio
734 2177 773 2240 ab
795 2178 952 2240 Antiocho
974 2184 1083 2239 nostro
1106 2176 1166 2238 dici
1190 2176 1235 2238 sic
1257 2176 1370 2239 solere.
1408 2176 1471 2239 Sed
1494 2177 1570 2260 quid
1587 2178 1690 2240 minus
1706 2197 1776 2260 pro·

450 2270 588 2334 bandum
611 2292 706 2355 quam
728 2291 798 2334 esse
820 2271 958 2353 aliquem
980 2272 1106 2334 beatum
1130 2290 1188 2331 nec
1204 2271 1280 2333 satis
1296 2270 1446 2335 beatum?
1470 2271 1562 2353 Quod
1578 2279 1683 2335 autem
1699 2271 1815 2334 satisio

450 2374 515 2437 est,
545 2385 584 2428 eo
608 2364 762 2448 quicquid
790 2365 971 2437 accesserit,
1001 2364 1133 2426 nimium
1156 2371 1221 2426 estc
1253 2371 1285 2426 ct
1305 2383 1398 2426 nemo
1421 2364 1552 2426 nimiam
1576 2366 1690 2437 beatus
1710 2370 1775 2427 est:

450 2460 474 2540 †
496 2469 527 2523 et
550 2479 644 2522 nemo
666 2459 759 2521 beato
781 2458 911 2520 beatior.
955 2454 1006 2519 82.
1028 2458 1129 2537 Ergo,
1157 2456 1279 2538 inquit,
1311 2456 1368 2519 tibi
1393 2456 1431 2531 Q.
1454 2457 1618 2532 Metellus,
1642 2458 1696 2541 qui
1719 2456 1776 2520 tris

450 2552 532 2617 lilios
555 2552 703 2615 consules
726 2551 816 2625 vidit,
839 2570 856 2612 e
879 2551 992 2632 quibus
1014 2571 1110 2614 unum
1135 2550 1227 2612 etiam
1249 2560 1280 2612 et
1295 2570 1458 2614 censorem
1474 2560 1505 2614 et
1521 2550 1776 2634 triumphantem,

450 2656 598 2733 quartum
620 2654 726 2708 autem
749 2653 941 2728 praetorem,
972 2665 1093 2728 eosque
1120 2644 1224 2708 salvos
1253 2644 1383 2727 reliquit
1412 2653 1443 2708 et
1470 2646 1526 2708 tris
1549 2643 1629 2708 filias
1651 2653 1776 2727 nuptas,

449 2754 520 2805 cnm
542 2741 613 2823 ipse
635 2739 761 2812 consul,
783 2758 909 2811 censor,
931 2758 1032 2821 augur
1045 2737 1157 2801 luisset
1172 2745 1204 2800 et
1218 2737 1457 2819 triumphasset,
1481 2748 1516 2801 at
1530 2740 1657 2821 sapiens
1672 2736 1775 2810 fuerit,
1787 2755 1814 2801 aa

449 2855 557 2899 nonne
585 2834 707 2896 beatior
735 2852 847 2914 quam,
877 2841 913 2895 ut
942 2832 1016 2894 item
1039 2833 1167 2914 sapiens
1190 2831 1302 2904 luerit,
1331 2832 1386 2914 qai
1409 2832 1440 2893 in
1465 2839 1618 2913 potestate
1639 2830 1776 2894 hostium

450 2928 568 3012 vigiliis
590 2935 623 2988 et
645 2926 752 2990 inedia
772 2934 903 2989 necatus
926 2934 990 2999 est,
1012 2926 1173 3009 Regulus?

535 3022 680 3083 xxviii.
703 3018 754 3082 83.
778 3020 860 3096 Quid
877 3040 926 3082 me
942 3021 1037 3092 istud,
1058 3020 1199 3100 inquam,
1221 3021 1337 3099 rogas‘l
1361 3018 1484 3081 Stoicos
1499 3038 1585 3100 roga.
1616 3019 1700 3094 Quid
1719 3020 1777 3101 igi·

434 3127 510 3191 ·tar,
532 3116 655 3199 inquit,
678 3135 732 3177 eos
750 3134 960 3195 responsuros
982 3115 1096 3196 putas?
1119 3111 1218 3174 nihilo
1233 3111 1405 3174 beatiorem
1421 3130 1491 3173 esse
1506 3113 1666 3175 Metellum
1682 3132 1776 3196 quam

451 3210 617 3293 Regulum.
655 3208 731 3270 lnde
753 3209 864 3290 igitur,
896 3209 1013 3290 inquit,
1042 3206 1231 3271 ordiendum
1253 3216 1311 3270 est.
1348 3209 1465 3270 Tamen
1487 3228 1506 3270 a
1528 3206 1707 3290 proposito,
1728 3206 1817 3269 in·so

451 3324 562 3388 quam,
591 3301 790 3376 aberramas;
821 3320 885 3362 non
916 3302 1000 3363 enim
1036 3320 1172 3384 quaero,
1207 3303 1285 3384 quid
1314 3322 1436 3375 verum,
1467 3301 1524 3364 sed
1553 3301 1628 3385 qaid
1660 3301 1776 3383 cuique

451 3396 621 3461 dicendum
643 3396 694 3458 sit
731 3395 854 3458 Utinam
878 3393 1005 3477 quidem
1030 3394 1171 3468 dicerent
1185 3394 1281 3457 alium
1296 3394 1359 3456 alio
1375 3394 1566 3457 beatiorem}
1591 3395 1653 3457 iam
1669 3394 1776 3457 ruinas

451 3492 585 3555 rideres.
630 3488 665 3551 ln
693 3488 808 3550 virtute
838 3488 922 3550 enim
946 3488 1012 3550 sola
1035 3497 1066 3550 et
1093 3490 1125 3551 in
1147 3490 1218 3571 ipso
1240 3489 1376 3551 honesto
1398 3509 1470 3551 cam
1491 3489 1532 3551 sit
1553 3487 1669 3551 bonum
1690 3486 1777 3568 posi·

451 3595 531 3659 tam,
561 3603 698 3667 cumque
727 3603 785 3645 nec
814 3583 928 3655 virtus,
956 3590 991 3643 ut
1018 3582 1123 3665 placet
1145 3583 1222 3655 illis,
1246 3602 1304 3644 nec
1326 3582 1494 3645 honestum
1515 3590 1651 3655 crescat,
1677 3581 1776 3663 idque

450 3679 569 3742 bonum
592 3678 693 3747 solum
724 3678 780 3750 sit,
811 3697 874 3760 qao
898 3676 953 3759 qui
976 3676 1115 3757 potiatur
1136 3694 1266 3737 necesse
1288 3683 1336 3737 est
1357 3674 1469 3737 beatus
1491 3676 1547 3749 sit,
1576 3695 1646 3737 cum
1668 3673 1813 3755 augeriso

451 3773 482 3834 id
511 3793 576 3835 non
607 3771 722 3853 possit,
755 3770 786 3831 in
818 3789 882 3852 quo
911 3788 976 3830 nno
1005 3768 1141 3850 positum
1172 3776 1218 3829 est
1239 3768 1365 3831 beatum
1388 3788 1473 3843 esse,
1503 3770 1557 3852 qai
1579 3774 1776 3851 potestesse

452 3865 619 3948 quisquam
652 3864 733 3926 alius
763 3863 825 3925 alio
849 3862 992 3925 beatior?
1030 3861 1183 3933 Videsne,
1214 3869 1248 3924 ut
1270 3862 1348 3924 baec
1371 3862 1559 3924 concinant?
1589 3863 1629 3923 Et
1649 3860 1776 3923 hercule

397 3938 404 3962 ⁹
451 3957 676 4021 -fatendam
700 3964 748 4019 est
771 3957 854 4019 enim
878 3957 963 4038 quod
986 3956 1146 4018 sentio-
1171 3954 1321 4016 mirabilis
1344 3964 1393 4017 est
1413 3954 1498 4037 apud
1520 3955 1594 4018 illos
1609 3962 1777 4018 contextus

449 4073 562 4115 rerum.
600 4052 803 4133 Respondent
832 4057 974 4112 extrema
1004 4048 1130 4129 primis,
1162 4046 1266 4110 media
1297 4048 1591 4132 utrisque,'omnia
1613 4048 1777 4120 omnibus3

450 4146 525 4229 quid
556 4154 725 4228 sequatur,
756 4144 831 4227 quid
856 4153 1027 4224 repugnet,
1057 4142 1174 4204 vident.
1221 4142 1259 4203 Ut
1283 4143 1312 4203 in
1336 4142 1524 4222 geometria,
1554 4143 1700 4224 primasi
1724 4143 1814 4204 de-ao

450 4240 549 4311 deris,
581 4239 684 4300 danda
716 4246 788 4299 sunt
811 4238 936 4300 omnia:
969 4235 1107 4299 concede
1130 4235 1208 4296 nibil
1232 4256 1301 4297 esse
1325 4235 1459 4310 bonum,
1486 4238 1547 4299 nisi
1570 4238 1657 4319 quod
1678 4237 1778 4299 hone·

450 4341 531 4395 stum
559 4333 620 4403 sit,
652 4332 889 4394 concedendum
914 4339 961 4392 est
984 4332 1015 4390 in
1042 4332 1156 4391 virtute
1178 4350 1238 4390 esse
1260 4330 1395 4412 positam
1418 4332 1510 4393 vitam
1526 4332 1660 4394 beatam.
1698 4330 1776 4391 Vide

449 4448 555 4489 rursus
590 4434 684 4487 retro.
731 4427 811 4487 Dato
845 4426 923 4496 hoc,
956 4424 1095 4485 dandum
1129 4432 1177 4485 est
1214 4424 1314 4486 illud:
1349 4424 1435 4507 quod
1466 4426 1559 4488 vestri
1593 4447 1655 4489 non
1692 4427 1776 4487 item.

449 4517 498 4581 M.
524 4519 616 4581 aTria
640 4538 755 4599 genera
777 4519 979 4580 bonorumii:
1003 4518 1134 4600 proclivi
1157 4519 1254 4579 currit
1276 4519 1391 4581 oratio:
1423 4520 1506 4580 venit
1528 4518 1568 4581 ad
1591 4528 1776 4592 extremum,

448 4615 557 4677 haeret
579 4614 610 4675 in
634 4613 773 4684 salebra;
797 4614 885 4695 capit
907 4613 989 4673 enim
1014 4612 1118 4674 dicere
1151 4612 1227 4673 nihil
1247 4633 1340 4695 posse
1360 4614 1401 4676 ad
1416 4615 1539 4676 beatam
1554 4614 1649 4676 vitam
1666 4613 1775 4674 deesse
1785 4627 1813 4672 aa

449 4709 592 4789 sapienti.
630 4708 770 4769 Honesta
794 4706 908 4777 oratio,
939 4706 1111 4777 Socratica,
1141 4705 1279 4767 Platonis
1303 4707 1406 4769 etiam.
1448 4707 1558 4770 Audeo
1581 4707 1702 4777 dicere,
1728 4705 1775 4766 in·

448 4972 517 5032 agat,
538 4970 655 5018 nescio.»
675 4969 783 5017 Manum.
806 4994 832 5002 -
852 4969 879 5030 ts]
896 4969 928 5027 by
950 4970 980 5025 B;
1000 4981 1052 5017 om.
1070 4970 1089 5016 0
1110 4994 1135 5003 -
1155 4969 1179 5017 Ξ,
1198 4969 1309 5016 omnium
1326 4968 1402 5027 bona,
1420 4969 1600 5029 desomitaicm
1618 4966 1774 5017 Lambinus:

447 5048 556 5093 omnimo
577 5044 758 5105 detorruitotcm
781 5042 875 5096 codd.;
902 5045 1011 5091 omnium
1021 5058 1030 5091 .·
1056 5047 1073 5105 †
1090 5042 1270 5103 desumumcm
1292 5043 1312 5091 0
1340 5069 1366 5077 -
1395 5043 1418 5092 3.
1438 5044 1544 5107 cumen]
1570 5044 1629 5106 quid
1651 5043 1669 5091 Β
1690 5070 1716 5077 -
1736 5042 1777 5090 sed

447 5121 539 5182 ÷bocc
556 5121 576 5168 0
599 5147 623 5154 -
644 5120 667 5166 5.
686 5131 725 5165 mc
741 5118 802 5166 citit
818 5118 913 5166 dicere:
930 5117 992 5166 illud
1009 5119 1105 5176 dicere,
1124 5118 1144 5164 si
1164 5117 1322 5179 Madvigius:
1343 5131 1381 5167 ose
1397 5119 1459 5166 attii
1475 5119 1556 5167 dicere
1572 5120 1593 5167 si
1610 5118 1643 5171 Β;
1661 5130 1701 5165 mc
1717 5116 1779 5165 cibit

447 5196 525 5244 dicere
541 5196 584 5243 sed
600 5195 622 5241 si
639 5195 672 5243 G:
691 5206 730 5241 me
748 5192 824 5255 [noir]
843 5194 939 5241 dicero:
956 5194 1009 5241 siO
1025 5220 1049 5228 -
1070 5193 1093 5239 o.
1107 5190 1172 5253 sont]
1193 5191 1249 5240 lort.
1263 5193 1351 5240 siat-
1371 5194 1432 5241 sctis
1449 5206 1498 5242 csse
1514 5194 1548 5242 ad
1565 5192 1586 5240 b.
1600 5192 1736 5239 uiuendum
1746 5192 1775 5240 ii:

447 5284 495 5319 csse
505 5271 539 5319 od
551 5270 572 5317 h.
587 5283 611 5318 n.
626 5269 688 5317 satis
699 5268 747 5317 ΜΟ
762 5293 788 5303 -
802 5268 825 5315 Β.
840 5267 908 5316 maie
918 5268 952 5315 B:
973 5268 1041 5316 bento
1051 5280 1115 5316 vcro
1123 5265 1201 5315 codd.
1216 5266 1374 5319 deteriores:
1389 5268 1458 5317 beate
1470 5267 1544 5332 [nero]
1557 5269 1577 5317 0
1592 5295 1616 5302 -
1633 5267 1657 5315 9.
1672 5270 1738 5317 Ante
1751 5280 1774 5314 v.

447 5346 493 5394 dici
506 5347 531 5395 io
544 5345 563 5393 Ε
576 5347 638 5392 nota
652 5345 692 5391 est
704 5344 804 5391 incerta
818 5347 880 5401 (non
893 5349 923 5400 et)
940 5368 964 5377 -
982 5343 1048 5402 quod
1064 5343 1146 5390 minus
1158 5342 1204 5390 ΒΕ
1220 5368 1246 5377 -
1264 5343 1302 5390 ld.
1316 5355 1361 5390 occ
1372 5344 1432 5391 sotis
1444 5343 1542 5392 Motum
1554 5357 1607 5393 om.
1622 5343 1640 5391 Β
1656 5369 1682 5378 -
1702 5343 1741 5390 ti.
1755 5346 1778 5390 ct

447 5434 515 5469 nono
532 5419 612 5481 bento]
630 5431 702 5466 nemo
718 5431 778 5480 crgo
795 5417 865 5465 beato
883 5418 1026 5479 Madvigius
1045 5418 1070 5465 in
1090 5418 1296 5472 commonacum
1315 5421 1338 5465 ct
1355 5416 1453 5467 delevit
1470 5419 1590 5468 Kernius.
1609 5417 1697 5466 Mendi
1716 5419 1776 5464 nota

448 5494 523 5544 abest
540 5493 575 5542 ab
594 5494 614 5542 0
634 5520 659 5529 -
680 5495 728 5542 tris
744 5494 805 5542 BE:
826 5499 875 5540 tres
892 5494 911 5540 0
927 5520 953 5528 -
975 5492 1012 5540 ta.
1032 5490 1234 5554 triunspbantem]
1252 5493 1444 5553 triumphantem
1460 5495 1521 5542 vidit
1538 5496 1556 5543 Β
1576 5519 1601 5528 ·-
1624 5493 1662 5540 ⁴5.
1682 5491 1775 5547 consol,

447 5569 539 5632 censor]
561 5582 650 5617 censor
670 5569 755 5617 coenat
775 5572 834 5616 essct
851 5567 870 5615 B
891 5593 917 5602 —
938 5572 1030 5615 stom.
1050 5568 1068 5616 Β
1091 5593 1110 5600 -
1137 5567 1177 5616 ⁴8.
1196 5568 1314 5626 inquom,
1333 5569 1461 5629 rogasti:
1485 5581 1569 5631 rogos,
1588 5566 1728 5626 inquamo
1748 5590 1773 5599 -

447 5644 486 5692 ΒΟ.
505 5644 652 5692 ordiendum
671 5643 815 5704 Madvigius
833 5643 871 5700 tin
891 5643 1113 5700 commentariol:
1137 5641 1289 5689 audiendum
1307 5640 1385 5691 codd.
1405 5644 1432 5690 et
1448 5642 1481 5695 0;
1500 5645 1517 5704 †
1535 5640 1687 5689 audiendum
1704 5640 1727 5688 M
1748 5665 1773 5673 -

447 5718 486 5766 tt.
499 5719 564 5766 enlm
582 5731 678 5778 quaem
690 5718 723 5766 B:
743 5719 816 5776 enim,
835 5718 949 5777 inquom,
970 5731 1064 5778 guono
1080 5717 1132 5765 Mo
1145 5742 1172 5751 -
1192 5719 1310 5777 cuiquam
1328 5719 1346 5767 Β
1361 5744 1385 5753 -
1401 5718 1441 5767 27.
1454 5719 1487 5768 lli
1504 5718 1627 5768 omli·
1647 5716 1687 5765 ΒΒ.
1702 5716 1775 5777 quaa]

447 5798 473 5840 at
490 5792 538 5841 ΒΕ
553 5818 579 5826 -
600 5794 640 5841 30.
661 5794 727 5853 quad
743 5799 862 5853 sequatur
879 5792 927 5840 BE
942 5817 968 5825 —
993 5792 1118 5852 quidam.
1133 5792 1189 5840 Β-
1208 5794 1302 5842 videret
1319 5794 1338 5843 Β
1352 5819 1377 5828 -
1401 5794 1430 5841 ta
1446 5794 1472 5840 in
1490 5792 1522 5840 B:
1541 5793 1570 5840 In
1586 5793 1606 5839 0
1621 5818 1647 5827 -
1667 5792 1707 5841 ΒΞ.
1721 5793 1776 5840 uir-

447 5869 503 5933 m]
521 5871 613 5918 obtuto
629 5869 714 5917 soluo
730 5895 755 5904 -
774 5881 824 5916 esse
838 5869 944 5928 positam
959 5880 1021 5917 nos:
1039 5869 1147 5928 positam
1163 5880 1214 5918 esse
1232 5869 1299 5923 Mo:
1318 5880 1368 5917 esse
1379 5880 1432 5918 om.
1446 5866 1525 5917 codd.
1543 5894 1570 5903 -
1588 5867 1667 5916 otiam
1678 5866 1777 5917 beatam

448 5940 481 5991 ll:
499 5943 598 5994 tentori
613 5943 724 5993 chamo
744 5968 769 5978 —
790 5941 830 5991 33.
843 5942 901 5992 dots
917 5942 936 5991 Β
956 5967 982 5977 -
1002 5946 1037 5991 cst
1053 5942 1086 5991 B:
1106 5942 1153 5992 crit
1169 5943 1223 5993 MO
1238 5968 1265 5978 -
1284 5941 1545 5994 dinooth-dicere
1561 5941 1660 5993 Nonius
1675 5954 1702 6007 p.
1716 5940 1773 5991 tit.
