<?xml version="1.0" encoding="UTF-8"?>
<!DOCTYPE html PUBLIC "-//W3C//DTD XHTML 1.0 Transitional//EN"
    "http://www.w3.org/TR/xhtml1/DTD/xhtml1-transitional.dtd">
<html xmlns="http://www.w3.org/1999/xhtml" xml:lang="en" lang="en">
 <head>
  <title>
</title>
<meta http-equiv="Content-Type" content="text/html;charset=utf-8" />
  <meta name='ocr-system' content='tesseract 3.04.00' />
  <meta name='ocr-capabilities' content='ocr_page ocr_carea ocr_par ocr_line ocrx_word'/>
</head>
<body>
  <div class='ocr_page' id='page_1' title='image "./operaquaesupers00halmgoog/operaquaesupers00halmgoog_0703.png"; bbox 0 0 4342 7459; ppageno 0'>
   <div class='ocr_carea' id='block_1_1' title="bbox 769 1238 1729 1326">
    <p class='ocr_par' dir='ltr' id='par_1_1' title="bbox 769 1238 1729 1326">
     <span class='ocr_line' id='line_1_1' title="bbox 769 1238 1729 1326; baseline 0.004 -23"><span class='ocrx_word' id='word_1_1' title='bbox 769 1241 838 1305; x_wconf 85' lang='lat' dir='ltr'><strong>Lrs.</strong></span> <span class='ocrx_word' id='word_1_2' title='bbox 852 1241 891 1303; x_wconf 90' lang='lat'><strong>11.</strong></span> <span class='ocrx_word' id='word_1_3' title='bbox 923 1239 996 1306; x_wconf 77' lang='lat' dir='ltr'><strong>Ger.</strong></span> <span class='ocrx_word' id='word_1_4' title='bbox 1011 1242 1134 1306; x_wconf 80' lang='lat' dir='ltr'>IV—V.</span> <span class='ocrx_word' id='word_1_5' title='bbox 1162 1238 1208 1326; x_wconf 72' lang='lat' dir='ltr'><strong>§s</strong></span> <span class='ocrx_word' id='word_1_6' title='bbox 1225 1238 1372 1306; x_wconf 82' lang='lat' dir='ltr'><strong>to-te.</strong></span> <span class='ocrx_word' id='word_1_7' title='bbox 1665 1240 1729 1307; x_wconf 66' lang='lat'><strong>68?</strong></span> 
     </span>
    </p>
   </div>
   <div class='ocr_carea' id='block_1_2' title="bbox 406 1398 1769 4766">
    <p class='ocr_par' dir='ltr' id='par_1_2' title="bbox 406 1398 1768 3920">
     <span class='ocr_line' id='line_1_2' title="bbox 414 1398 1728 1479; baseline 0.002 -15"><span class='ocrx_word' id='word_1_8' title='bbox 414 1398 637 1464; x_wconf 74' lang='lat' dir='ltr'><strong>exciderentur</strong></span> <span class='ocrx_word' id='word_1_9' title='bbox 663 1399 703 1462; x_wconf 88' lang='lat' dir='ltr'><strong>ad</strong></span> <span class='ocrx_word' id='word_1_10' title='bbox 730 1417 822 1463; x_wconf 88' lang='lat' dir='ltr'><strong>usum</strong></span> <span class='ocrx_word' id='word_1_11' title='bbox 848 1407 991 1464; x_wconf 89' lang='lat' dir='ltr'><strong>nestrum</strong></span> <span class='ocrx_word' id='word_1_12' title='bbox 1016 1402 1203 1477; x_wconf 85' lang='lat' dir='ltr'><strong>necessarii,</strong></span> <span class='ocrx_word' id='word_1_13' title='bbox 1235 1419 1295 1465; x_wconf 90' lang='lat' dir='ltr'><strong>nee</strong></span> <span class='ocrx_word' id='word_1_14' title='bbox 1323 1402 1482 1477; x_wconf 78' lang='lat' dir='ltr'><strong>«terrum,</strong></span> <span class='ocrx_word' id='word_1_15' title='bbox 1509 1420 1580 1477; x_wconf 82' lang='lat' dir='ltr'><strong>ses,</strong></span> <span class='ocrx_word' id='word_1_16' title='bbox 1608 1421 1728 1479; x_wconf 86' lang='lat' dir='ltr'><strong>summ,</strong></span> 
     </span>
     <span class='ocr_line' id='line_1_3' title="bbox 413 1493 1728 1577; baseline 0.002 -21"><span class='ocrx_word' id='word_1_17' title='bbox 413 1501 596 1576; x_wconf 75' lang='lat' dir='ltr'><strong>arpentum»</strong></span> <span class='ocrx_word' id='word_1_18' title='bbox 619 1493 812 1557; x_wconf 77' lang='lat' dir='ltr'><strong>effoderetur</strong></span> <span class='ocrx_word' id='word_1_19' title='bbox 834 1495 978 1577; x_wconf 70' lang='lat' dir='ltr'><strong>«penitus</strong></span> <span class='ocrx_word' id='word_1_20' title='bbox 993 1495 1152 1559; x_wconf 85' lang='lat' dir='ltr'><strong>abditume</strong></span> <span class='ocrx_word' id='word_1_21' title='bbox 1176 1496 1246 1560; x_wconf 87' lang='lat' dir='ltr'><strong>sine</strong></span> <span class='ocrx_word' id='word_1_22' title='bbox 1266 1494 1428 1560; x_wconf 82' lang='lat' dir='ltr'><strong>bominum</strong></span> <span class='ocrx_word' id='word_1_23' title='bbox 1449 1496 1558 1560; x_wconf 81' lang='lat' dir='ltr'><strong>labore</strong></span> <span class='ocrx_word' id='word_1_24' title='bbox 1573 1504 1605 1560; x_wconf 88' lang='lat' dir='ltr'><strong>et</strong></span> <span class='ocrx_word' id='word_1_25' title='bbox 1623 1516 1728 1560; x_wconf 91' lang='lat' dir='ltr'><strong>manu.</strong></span> 
     </span>
     <span class='ocr_line' id='line_1_4' title="bbox 412 1587 1729 1673; baseline 0.004 -25"><span class='ocrx_word' id='word_1_26' title='bbox 412 1587 465 1648; x_wconf 85' lang='lat' dir='ltr'><strong>lv.</strong></span> <span class='ocrx_word' id='word_1_27' title='bbox 495 1587 590 1650; x_wconf 85' lang='lat' dir='ltr'><strong>Tecta</strong></span> <span class='ocrx_word' id='word_1_28' title='bbox 612 1605 704 1662; x_wconf 83' lang='lat' dir='ltr'><strong>sere,</strong></span> <span class='ocrx_word' id='word_1_29' title='bbox 726 1587 842 1670; x_wconf 87' lang='lat' dir='ltr'><strong>quibus</strong></span> <span class='ocrx_word' id='word_1_30' title='bbox 863 1596 895 1650; x_wconf 92' lang='lat' dir='ltr'><strong>et</strong></span> <span class='ocrx_word' id='word_1_31' title='bbox 915 1588 1066 1672; x_wconf 78' lang='lat' dir='ltr'>frigorum</span> <span class='ocrx_word' id='word_1_32' title='bbox 1089 1590 1138 1654; x_wconf 83' lang='lat' dir='ltr'><strong>ris</strong></span> <span class='ocrx_word' id='word_1_33' title='bbox 1157 1590 1330 1673; x_wconf 81' lang='lat' dir='ltr'><strong>pelleretur</strong></span> <span class='ocrx_word' id='word_1_34' title='bbox 1342 1599 1383 1654; x_wconf 87' lang='lat' dir='ltr'><strong>et</strong></span> <span class='ocrx_word' id='word_1_35' title='bbox 1403 1590 1543 1655; x_wconf 83' lang='lat' dir='ltr'><strong>calorum</strong></span> <span class='ocrx_word' id='word_1_36' title='bbox 1564 1590 1729 1655; x_wconf 75' lang='lat' dir='ltr'><strong>molestiae</strong></span> 
     </span>
     <span class='ocr_line' id='line_1_5' title="bbox 411 1679 1729 1769; baseline 0.005 -27"><span class='ocrx_word' id='word_1_37' title='bbox 411 1679 614 1754; x_wconf 87' lang='lat' dir='ltr'><strong>sedarentur,</strong></span> <span class='ocrx_word' id='word_1_38' title='bbox 640 1680 725 1744; x_wconf 90' lang='lat' dir='ltr'><strong>unde</strong></span> <span class='ocrx_word' id='word_1_39' title='bbox 752 1689 807 1744; x_wconf 86' lang='lat' dir='ltr'><strong>aut</strong></span> <span class='ocrx_word' id='word_1_40' title='bbox 833 1682 921 1745; x_wconf 92' lang='lat' dir='ltr'><strong>initie</strong></span> <span class='ocrx_word' id='word_1_41' title='bbox 950 1685 1057 1765; x_wconf 76' lang='lat' dir='ltr'><strong>generi</strong></span> <span class='ocrx_word' id='word_1_42' title='bbox 1084 1684 1224 1747; x_wconf 91' lang='lat' dir='ltr'><strong>humane</strong></span> <span class='ocrx_word' id='word_1_43' title='bbox 1254 1683 1322 1747; x_wconf 90' lang='lat' dir='ltr'><strong>dari</strong></span> <span class='ocrx_word' id='word_1_44' title='bbox 1343 1685 1521 1767; x_wconf 87' lang='lat' dir='ltr'><strong>potuissent</strong></span> <span class='ocrx_word' id='word_1_45' title='bbox 1543 1690 1598 1749; x_wconf 88' lang='lat' dir='ltr'><strong>aot</strong></span> <span class='ocrx_word' id='word_1_46' title='bbox 1618 1692 1729 1769; x_wconf 78' lang='lat' dir='ltr'><strong>pestes</strong></span> 
     </span>
     <span class='ocr_line' id='line_1_6' title="bbox 410 1774 1753 1858; baseline 0.005 -22"><span class='ocrx_word' id='word_1_47' title='bbox 410 1774 594 1849; x_wconf 80' lang='lat' dir='ltr'><strong>subvenire,</strong></span> <span class='ocrx_word' id='word_1_48' title='bbox 623 1776 651 1838; x_wconf 90' lang='lat' dir='ltr'><strong>si</strong></span> <span class='ocrx_word' id='word_1_49' title='bbox 679 1782 735 1838; x_wconf 90' lang='lat' dir='ltr'><strong>aut</strong></span> <span class='ocrx_word' id='word_1_50' title='bbox 762 1776 793 1838; x_wconf 86' lang='lat' dir='ltr'><strong>si</strong></span> <span class='ocrx_word' id='word_1_51' title='bbox 820 1778 1017 1858; x_wconf 71' lang='lat' dir='ltr'><strong>tempestatis</strong></span> <span class='ocrx_word' id='word_1_52' title='bbox 1037 1784 1215 1841; x_wconf 78' lang='lat' dir='ltr'><strong>auttemas</strong></span> <span class='ocrx_word' id='word_1_53' title='bbox 1237 1786 1324 1842; x_wconf 93' lang='lat' dir='ltr'><strong>metu</strong></span> <span class='ocrx_word' id='word_1_54' title='bbox 1345 1786 1401 1843; x_wconf 91' lang='lat' dir='ltr'><strong>aut</strong></span> <span class='ocrx_word' id='word_1_55' title='bbox 1421 1786 1577 1843; x_wconf 80' lang='lat' dir='ltr'><strong>vetustate</strong></span> <span class='ocrx_word' id='word_1_56' title='bbox 1598 1779 1753 1844; x_wconf 73' lang='lat' dir='ltr'><strong>cecidis-ti</strong></span> 
     </span>
     <span class='ocr_line' id='line_1_7' title="bbox 410 1868 1729 1956; baseline 0.003 -25"><span class='ocrx_word' id='word_1_57' title='bbox 410 1875 502 1942; x_wconf 87' lang='lat' dir='ltr'><strong>seut,</strong></span> <span class='ocrx_word' id='word_1_58' title='bbox 532 1869 595 1932; x_wconf 92' lang='lat' dir='ltr'><strong>nisi</strong></span> <span class='ocrx_word' id='word_1_59' title='bbox 622 1868 799 1938; x_wconf 76' lang='lat' dir='ltr'><strong>eommunis</strong></span> <span class='ocrx_word' id='word_1_60' title='bbox 827 1869 892 1932; x_wconf 81' lang='lat' dir='ltr'><strong>vite</strong></span> <span class='ocrx_word' id='word_1_61' title='bbox 919 1870 959 1932; x_wconf 86' lang='lat' dir='ltr'><strong>ab</strong></span> <span class='ocrx_word' id='word_1_62' title='bbox 986 1869 1170 1934; x_wconf 87' lang='lat' dir='ltr'><strong>homiuibus</strong></span> <span class='ocrx_word' id='word_1_63' title='bbox 1198 1871 1309 1935; x_wconf 87' lang='lat' dir='ltr'><strong>herum</strong></span> <span class='ocrx_word' id='word_1_64' title='bbox 1335 1891 1441 1935; x_wconf 89' lang='lat' dir='ltr'><strong>rerum</strong></span> <span class='ocrx_word' id='word_1_65' title='bbox 1474 1873 1595 1937; x_wconf 77' lang='lat' dir='ltr'><strong>auritis</strong></span> <span class='ocrx_word' id='word_1_66' title='bbox 1621 1880 1729 1956; x_wconf 88' lang='lat' dir='ltr'><strong>petere</strong></span> 
     </span>
     <span class='ocr_line' id='line_1_8' title="bbox 410 1958 1729 2049; baseline 0.004 -24"><span class='ocrx_word' id='word_1_67' title='bbox 410 1961 593 2026; x_wconf 73' lang='lat' dir='ltr'><strong>didicisset?</strong></span> <span class='ocrx_word' id='word_1_68' title='bbox 636 1958 687 2025; x_wconf 78' lang='lat' dir='ltr'><strong>tr.</strong></span> <span class='ocrx_word' id='word_1_69' title='bbox 716 1963 807 2026; x_wconf 80' lang='lat' dir='ltr'><strong>sdes</strong></span> <span class='ocrx_word' id='word_1_70' title='bbox 827 1963 942 2027; x_wconf 75' lang='lat' dir='ltr'><strong>ductm</strong></span> <span class='ocrx_word' id='word_1_71' title='bbox 961 1983 1133 2047; x_wconf 63' lang='lat' dir='ltr'><strong>aquarum</strong></span> <span class='ocrx_word' id='word_1_72' title='bbox 1155 1962 1366 2029; x_wconf 73' lang='lat' dir='ltr'><strong>derivationes</strong></span> <span class='ocrx_word' id='word_1_73' title='bbox 1387 1962 1560 2041; x_wconf 75' lang='lat' dir='ltr'><strong>deminum</strong></span> <span class='ocrx_word' id='word_1_74' title='bbox 1581 1984 1729 2049; x_wconf 74' lang='lat' dir='ltr'><strong>agrorum</strong></span> 
     </span>
     <span class='ocr_line' id='line_1_9' title="bbox 408 2055 1729 2143; baseline 0.003 -26"><span class='ocrx_word' id='word_1_75' title='bbox 408 2055 631 2139; x_wconf 68' lang='lat' dir='ltr'><strong>irrigationes,</strong></span> <span class='ocrx_word' id='word_1_76' title='bbox 660 2056 760 2120; x_wconf 92' lang='lat' dir='ltr'><strong>meles</strong></span> <span class='ocrx_word' id='word_1_77' title='bbox 781 2057 943 2140; x_wconf 89' lang='lat' dir='ltr'><strong>oppositae</strong></span> <span class='ocrx_word' id='word_1_78' title='bbox 964 2058 1127 2133; x_wconf 80' lang='lat' dir='ltr'><strong>fluetibus,</strong></span> <span class='ocrx_word' id='word_1_79' title='bbox 1149 2066 1256 2143; x_wconf 89' lang='lat' dir='ltr'><strong>pertus</strong></span> <span class='ocrx_word' id='word_1_80' title='bbox 1277 2076 1373 2122; x_wconf 87' lang='lat' dir='ltr'><strong>manu</strong></span> <span class='ocrx_word' id='word_1_81' title='bbox 1393 2059 1519 2142; x_wconf 33' lang='lat' dir='ltr'><strong>factost,</strong></span> <span class='ocrx_word' id='word_1_82' title='bbox 1540 2070 1623 2143; x_wconf 88' lang='lat' dir='ltr'><strong>quse</strong></span> <span class='ocrx_word' id='word_1_83' title='bbox 1643 2059 1729 2122; x_wconf 88' lang='lat' dir='ltr'><strong>nude</strong></span> 
     </span>
     <span class='ocr_line' id='line_1_10' title="bbox 410 2146 1731 2240; baseline 0.002 -27"><span class='ocrx_word' id='word_1_84' title='bbox 410 2150 479 2213; x_wconf 84' lang='lat' dir='ltr'><strong>sine</strong></span> <span class='ocrx_word' id='word_1_85' title='bbox 499 2150 664 2214; x_wconf 76' lang='lat' dir='ltr'><strong>hominum</strong></span> <span class='ocrx_word' id='word_1_86' title='bbox 686 2168 784 2233; x_wconf 84' lang='lat' dir='ltr'><strong>epera</strong></span> <span class='ocrx_word' id='word_1_87' title='bbox 804 2146 921 2213; x_wconf 85' lang='lat' dir='ltr'><strong>habere</strong></span> <span class='ocrx_word' id='word_1_88' title='bbox 943 2155 1130 2234; x_wconf 73' lang='lat' dir='ltr'><strong>possemus?</strong></span> <span class='ocrx_word' id='word_1_89' title='bbox 1165 2153 1214 2216; x_wconf 86' lang='lat' dir='ltr'><strong>Ex</strong></span> <span class='ocrx_word' id='word_1_90' title='bbox 1236 2152 1352 2236; x_wconf 73' lang='lat' dir='ltr'><strong>quibus</strong></span> <span class='ocrx_word' id='word_1_91' title='bbox 1373 2152 1546 2236; x_wconf 87' lang='lat' dir='ltr'><strong>multisque</strong></span> <span class='ocrx_word' id='word_1_92' title='bbox 1565 2152 1638 2216; x_wconf 87' lang='lat' dir='ltr'><strong>aiiis</strong></span> <span class='ocrx_word' id='word_1_93' title='bbox 1656 2171 1731 2240; x_wconf 66' lang='lat' dir='ltr'><strong>pen</strong></span> 
     </span>
     <span class='ocr_line' id='line_1_11' title="bbox 409 2243 1767 2329; baseline -0.001 -22"><span class='ocrx_word' id='word_1_94' title='bbox 409 2245 553 2327; x_wconf 88' lang='lat' dir='ltr'><strong>spieuum</strong></span> <span class='ocrx_word' id='word_1_95' title='bbox 575 2252 638 2317; x_wconf 89' lang='lat' dir='ltr'><strong>est,</strong></span> <span class='ocrx_word' id='word_1_96' title='bbox 660 2244 716 2326; x_wconf 88' lang='lat' dir='ltr'><strong>qui</strong></span> <span class='ocrx_word' id='word_1_97' title='bbox 737 2243 859 2307; x_wconf 82' lang='lat' dir='ltr'><strong>fructus</strong></span> <span class='ocrx_word' id='word_1_98' title='bbox 882 2263 1030 2327; x_wconf 88' lang='lat' dir='ltr'><strong>quaeque</strong></span> <span class='ocrx_word' id='word_1_99' title='bbox 1052 2245 1207 2310; x_wconf 87' lang='lat' dir='ltr'><strong>utiiitates</strong></span> <span class='ocrx_word' id='word_1_100' title='bbox 1229 2265 1269 2309; x_wconf 80' lang='lat' dir='ltr'><strong>er</strong></span> <span class='ocrx_word' id='word_1_101' title='bbox 1290 2246 1387 2310; x_wconf 84' lang='lat' dir='ltr'><strong>rebus</strong></span> <span class='ocrx_word' id='word_1_102' title='bbox 1407 2246 1464 2321; x_wconf 89' lang='lat' dir='ltr'><strong>iis,</strong></span> <span class='ocrx_word' id='word_1_103' title='bbox 1492 2265 1576 2329; x_wconf 87' lang='lat' dir='ltr'><strong>qnae</strong></span> <span class='ocrx_word' id='word_1_104' title='bbox 1596 2246 1661 2309; x_wconf 86' lang='lat' dir='ltr'><strong>sint</strong></span> <span class='ocrx_word' id='word_1_105' title='bbox 1680 2247 1767 2309; x_wconf 82' lang='lat' dir='ltr'><strong>iu-ro</strong></span> 
     </span>
     <span class='ocr_line' id='line_1_12' title="bbox 408 2338 1730 2423; baseline 0.002 -23"><span class='ocrx_word' id='word_1_106' title='bbox 408 2340 550 2413; x_wconf 85' lang='lat' dir='ltr'><strong>animae,</strong></span> <span class='ocrx_word' id='word_1_107' title='bbox 577 2338 807 2421; x_wconf 72' lang='lat' dir='ltr'><strong>percipiantur,</strong></span> <span class='ocrx_word' id='word_1_108' title='bbox 836 2357 890 2401; x_wconf 88' lang='lat' dir='ltr'><strong>sas</strong></span> <span class='ocrx_word' id='word_1_109' title='bbox 917 2358 977 2402; x_wconf 90' lang='lat' dir='ltr'><strong>nes</strong></span> <span class='ocrx_word' id='word_1_110' title='bbox 1003 2339 1092 2402; x_wconf 89' lang='lat' dir='ltr'><strong>nuiie</strong></span> <span class='ocrx_word' id='word_1_111' title='bbox 1120 2338 1216 2403; x_wconf 92' lang='lat' dir='ltr'><strong>mede</strong></span> <span class='ocrx_word' id='word_1_112' title='bbox 1239 2342 1306 2404; x_wconf 89' lang='lat' dir='ltr'><strong>sine</strong></span> <span class='ocrx_word' id='word_1_113' title='bbox 1328 2339 1493 2404; x_wconf 80' lang='lat' dir='ltr'><strong>hominum</strong></span> <span class='ocrx_word' id='word_1_114' title='bbox 1515 2347 1730 2423; x_wconf 84' lang='lat' dir='ltr'><strong>maneatque</strong></span> 
     </span>
     <span class='ocr_line' id='line_1_13' title="bbox 409 2430 1730 2517; baseline 0.002 -23"><span class='ocrx_word' id='word_1_115' title='bbox 409 2450 507 2513; x_wconf 84' lang='lat' dir='ltr'><strong>opera</strong></span> <span class='ocrx_word' id='word_1_116' title='bbox 529 2451 642 2514; x_wconf 86' lang='lat' dir='ltr'><strong>capere</strong></span> <span class='ocrx_word' id='word_1_117' title='bbox 664 2433 815 2513; x_wconf 90' lang='lat' dir='ltr'><strong>petuisse.</strong></span> <span class='ocrx_word' id='word_1_118' title='bbox 860 2430 924 2506; x_wconf 87' lang='lat' dir='ltr'><strong>Qui</strong></span> <span class='ocrx_word' id='word_1_119' title='bbox 952 2432 1092 2517; x_wconf 91' lang='lat' dir='ltr'><strong>denique</strong></span> <span class='ocrx_word' id='word_1_120' title='bbox 1120 2452 1161 2496; x_wconf 87' lang='lat' dir='ltr'><strong>ex</strong></span> <span class='ocrx_word' id='word_1_121' title='bbox 1186 2433 1296 2497; x_wconf 89' lang='lat' dir='ltr'><strong>bestiis</strong></span> <span class='ocrx_word' id='word_1_122' title='bbox 1322 2430 1443 2497; x_wconf 75' lang='lat' dir='ltr'><strong>fructus</strong></span> <span class='ocrx_word' id='word_1_123' title='bbox 1465 2441 1520 2497; x_wconf 88' lang='lat' dir='ltr'><strong>aut</strong></span> <span class='ocrx_word' id='word_1_124' title='bbox 1541 2452 1624 2516; x_wconf 85' lang='lat' dir='ltr'><strong>quse</strong></span> <span class='ocrx_word' id='word_1_125' title='bbox 1646 2453 1730 2497; x_wconf 89' lang='lat' dir='ltr'><strong>cem·</strong></span> 
     </span>
     <span class='ocr_line' id='line_1_14' title="bbox 408 2523 1729 2610; baseline 0.002 -24"><span class='ocrx_word' id='word_1_126' title='bbox 408 2524 553 2599; x_wconf 78' lang='lat' dir='ltr'><strong>mediter,</strong></span> <span class='ocrx_word' id='word_1_127' title='bbox 574 2525 635 2588; x_wconf 88' lang='lat' dir='ltr'><strong>nisi</strong></span> <span class='ocrx_word' id='word_1_128' title='bbox 658 2525 803 2588; x_wconf 84' lang='lat' dir='ltr'><strong>hemines</strong></span> <span class='ocrx_word' id='word_1_129' title='bbox 824 2523 1019 2601; x_wconf 83' lang='lat' dir='ltr'><strong>adiuvarent,</strong></span> <span class='ocrx_word' id='word_1_130' title='bbox 1040 2526 1162 2610; x_wconf 83' lang='lat' dir='ltr'><strong>percipi</strong></span> <span class='ocrx_word' id='word_1_131' title='bbox 1183 2530 1313 2610; x_wconf 88' lang='lat' dir='ltr'><strong>posset?</strong></span> <span class='ocrx_word' id='word_1_132' title='bbox 1341 2531 1418 2590; x_wconf 80' lang='lat' dir='ltr'><strong>Nam</strong></span> <span class='ocrx_word' id='word_1_133' title='bbox 1439 2534 1472 2589; x_wconf 91' lang='lat' dir='ltr'><strong>et</strong></span> <span class='ocrx_word' id='word_1_134' title='bbox 1493 2527 1548 2610; x_wconf 90' lang='lat' dir='ltr'><strong>qui</strong></span> <span class='ocrx_word' id='word_1_135' title='bbox 1569 2526 1729 2610; x_wconf 88' lang='lat' dir='ltr'><strong>principes</strong></span> 
     </span>
     <span class='ocr_line' id='line_1_15' title="bbox 408 2618 1730 2704; baseline 0.005 -25"><span class='ocrx_word' id='word_1_136' title='bbox 408 2618 591 2684; x_wconf 84' lang='lat' dir='ltr'><strong>inveniendi</strong></span> <span class='ocrx_word' id='word_1_137' title='bbox 612 2619 755 2691; x_wconf 77' lang='lat' dir='ltr'><strong>suerunt,</strong></span> <span class='ocrx_word' id='word_1_138' title='bbox 777 2638 871 2700; x_wconf 88' lang='lat' dir='ltr'><strong>quem</strong></span> <span class='ocrx_word' id='word_1_139' title='bbox 894 2639 934 2682; x_wconf 83' lang='lat' dir='ltr'><strong>ex</strong></span> <span class='ocrx_word' id='word_1_140' title='bbox 956 2638 1082 2703; x_wconf 86' lang='lat' dir='ltr'><strong>qusque</strong></span> <span class='ocrx_word' id='word_1_141' title='bbox 1104 2619 1199 2684; x_wconf 87' lang='lat' dir='ltr'><strong>heina</strong></span> <span class='ocrx_word' id='word_1_142' title='bbox 1219 2640 1310 2684; x_wconf 89' lang='lat' dir='ltr'><strong>usum</strong></span> <span class='ocrx_word' id='word_1_143' title='bbox 1332 2620 1448 2684; x_wconf 86' lang='lat' dir='ltr'><strong>hahere</strong></span> <span class='ocrx_word' id='word_1_144' title='bbox 1468 2638 1651 2704; x_wconf 88' lang='lat' dir='ltr'><strong>possemus,</strong></span> <span class='ocrx_word' id='word_1_145' title='bbox 1671 2621 1730 2684; x_wconf 71' lang='lat' dir='ltr'><strong>ise</strong></span> 
     </span>
     <span class='ocr_line' id='line_1_16' title="bbox 406 2711 1767 2797; baseline -0.001 -24"><span class='ocrx_word' id='word_1_146' title='bbox 406 2711 509 2774; x_wconf 89' lang='lat' dir='ltr'><strong>mines</strong></span> <span class='ocrx_word' id='word_1_147' title='bbox 531 2719 615 2775; x_wconf 87' lang='lat' dir='ltr'><strong>certe</strong></span> <span class='ocrx_word' id='word_1_148' title='bbox 635 2712 777 2786; x_wconf 81' lang='lat' dir='ltr'><strong>fuerunt,</strong></span> <span class='ocrx_word' id='word_1_149' title='bbox 805 2732 864 2775; x_wconf 91' lang='lat' dir='ltr'><strong>nec</strong></span> <span class='ocrx_word' id='word_1_150' title='bbox 886 2712 947 2776; x_wconf 83' lang='lat' dir='ltr'><strong>hec</strong></span> <span class='ocrx_word' id='word_1_151' title='bbox 968 2721 1111 2797; x_wconf 88' lang='lat' dir='ltr'><strong>tempere</strong></span> <span class='ocrx_word' id='word_1_152' title='bbox 1132 2714 1203 2777; x_wconf 90' lang='lat' dir='ltr'><strong>sine</strong></span> <span class='ocrx_word' id='word_1_153' title='bbox 1222 2714 1385 2778; x_wconf 84' lang='lat' dir='ltr'><strong>hominum</strong></span> <span class='ocrx_word' id='word_1_154' title='bbox 1406 2733 1503 2797; x_wconf 87' lang='lat' dir='ltr'><strong>opera</strong></span> <span class='ocrx_word' id='word_1_155' title='bbox 1524 2722 1579 2777; x_wconf 86' lang='lat' dir='ltr'><strong>ent</strong></span> <span class='ocrx_word' id='word_1_156' title='bbox 1599 2721 1767 2797; x_wconf 79' lang='lat' dir='ltr'><strong>pascerese</strong></span> 
     </span>
     <span class='ocr_line' id='line_1_17' title="bbox 409 2805 1731 2891; baseline 0.003 -23"><span class='ocrx_word' id='word_1_157' title='bbox 409 2824 463 2868; x_wconf 82' lang='lat' dir='ltr'><strong>eas</strong></span> <span class='ocrx_word' id='word_1_158' title='bbox 490 2813 546 2869; x_wconf 79' lang='lat' dir='ltr'><strong>eut</strong></span> <span class='ocrx_word' id='word_1_159' title='bbox 571 2805 701 2869; x_wconf 85' lang='lat' dir='ltr'><strong>demere</strong></span> <span class='ocrx_word' id='word_1_160' title='bbox 731 2812 786 2870; x_wconf 88' lang='lat' dir='ltr'><strong>ant</strong></span> <span class='ocrx_word' id='word_1_161' title='bbox 811 2806 893 2869; x_wconf 89' lang='lat' dir='ltr'><strong>tueri</strong></span> <span class='ocrx_word' id='word_1_162' title='bbox 915 2814 971 2870; x_wconf 83' lang='lat' dir='ltr'><strong>aut</strong></span> <span class='ocrx_word' id='word_1_163' title='bbox 992 2808 1198 2889; x_wconf 85' lang='lat' dir='ltr'><strong>tempestivos</strong></span> <span class='ocrx_word' id='word_1_164' title='bbox 1218 2807 1339 2872; x_wconf 78' lang='lat' dir='ltr'><strong>iunctus</strong></span> <span class='ocrx_word' id='word_1_165' title='bbox 1360 2828 1402 2871; x_wconf 85' lang='lat' dir='ltr'><strong>ex</strong></span> <span class='ocrx_word' id='word_1_166' title='bbox 1422 2809 1462 2871; x_wconf 88' lang='lat' dir='ltr'><strong>iis</strong></span> <span class='ocrx_word' id='word_1_167' title='bbox 1484 2827 1598 2891; x_wconf 77' lang='lat' dir='ltr'><strong>erpere</strong></span> <span class='ocrx_word' id='word_1_168' title='bbox 1619 2827 1731 2891; x_wconf 88' lang='lat' dir='ltr'><strong>pesse-</strong></span> 
     </span>
     <span class='ocr_line' id='line_1_18' title="bbox 408 2898 1729 2984; baseline 0.004 -23"><span class='ocrx_word' id='word_1_169' title='bbox 408 2918 495 2973; x_wconf 84' lang='lat' dir='ltr'><strong>mus,</strong></span> <span class='ocrx_word' id='word_1_170' title='bbox 523 2900 563 2964; x_wconf 85' lang='lat' dir='ltr'><strong>ab</strong></span> <span class='ocrx_word' id='word_1_171' title='bbox 584 2898 769 2983; x_wconf 82' lang='lat' dir='ltr'><strong>eisdemque</strong></span> <span class='ocrx_word' id='word_1_172' title='bbox 797 2908 829 2962; x_wconf 92' lang='lat' dir='ltr'><strong>et</strong></span> <span class='ocrx_word' id='word_1_173' title='bbox 856 2920 930 2974; x_wconf 88' lang='lat' dir='ltr'><strong>eae,</strong></span> <span class='ocrx_word' id='word_1_174' title='bbox 960 2920 1042 2983; x_wconf 90' lang='lat' dir='ltr'><strong>quae</strong></span> <span class='ocrx_word' id='word_1_175' title='bbox 1067 2910 1201 2976; x_wconf 92' lang='lat' dir='ltr'><strong>necent,</strong></span> <span class='ocrx_word' id='word_1_176' title='bbox 1228 2898 1460 2966; x_wconf 82' lang='lat' dir='ltr'><strong>interficiuntur</strong></span> <span class='ocrx_word' id='word_1_177' title='bbox 1485 2909 1519 2966; x_wconf 91' lang='lat' dir='ltr'><strong>et</strong></span> <span class='ocrx_word' id='word_1_178' title='bbox 1546 2921 1628 2984; x_wconf 90' lang='lat' dir='ltr'><strong>quae</strong></span> <span class='ocrx_word' id='word_1_179' title='bbox 1656 2901 1729 2966; x_wconf 72' lang='lat' dir='ltr'><strong>uni</strong></span> 
     </span>
     <span class='ocr_line' id='line_1_19' title="bbox 407 2986 1730 3076; baseline 0.002 -21"><span class='ocrx_word' id='word_1_180' title='bbox 407 3001 542 3075; x_wconf 73' lang='lat' dir='ltr'><strong>pessum</strong></span> <span class='ocrx_word' id='word_1_181' title='bbox 563 3012 633 3057; x_wconf 83' lang='lat' dir='ltr'><strong>esse</strong></span> <span class='ocrx_word' id='word_1_182' title='bbox 655 2993 834 3076; x_wconf 86' lang='lat' dir='ltr'><strong>capiuntur.</strong></span> <span class='ocrx_word' id='word_1_183' title='bbox 878 2986 938 3057; x_wconf 55' lang='lat' dir='ltr'><strong>te,</strong></span> <span class='ocrx_word' id='word_1_184' title='bbox 951 2992 1037 3069; x_wconf 82' lang='lat' dir='ltr'><strong>Quid</strong></span> <span class='ocrx_word' id='word_1_185' title='bbox 1059 3014 1243 3057; x_wconf 83' lang='lat' dir='ltr'><strong>enumerem</strong></span> <span class='ocrx_word' id='word_1_186' title='bbox 1265 2994 1379 3058; x_wconf 70' lang='lat' dir='ltr'><strong>ardum</strong></span> <span class='ocrx_word' id='word_1_187' title='bbox 1394 2994 1642 3068; x_wconf 81' lang='lat' dir='ltr'><strong>multitudinem,</strong></span> <span class='ocrx_word' id='word_1_188' title='bbox 1658 2994 1730 3058; x_wconf 88' lang='lat' dir='ltr'><strong>sine</strong></span> 
     </span>
     <span class='ocr_line' id='line_1_20' title="bbox 408 3085 1729 3170; baseline 0.002 -22"><span class='ocrx_word' id='word_1_189' title='bbox 408 3086 525 3169; x_wconf 83' lang='lat' dir='ltr'><strong>quibus</strong></span> <span class='ocrx_word' id='word_1_190' title='bbox 545 3087 610 3151; x_wconf 82' lang='lat' dir='ltr'><strong>vita</strong></span> <span class='ocrx_word' id='word_1_191' title='bbox 631 3087 761 3151; x_wconf 90' lang='lat' dir='ltr'><strong>omnine</strong></span> <span class='ocrx_word' id='word_1_192' title='bbox 783 3085 869 3150; x_wconf 88' lang='lat' dir='ltr'><strong>neila</strong></span> <span class='ocrx_word' id='word_1_193' title='bbox 891 3101 962 3151; x_wconf 80' lang='lat' dir='ltr'><strong>esse</strong></span> <span class='ocrx_word' id='word_1_194' title='bbox 982 3087 1163 3170; x_wconf 86' lang='lat' dir='ltr'><strong>potuisset?</strong></span> <span class='ocrx_word' id='word_1_195' title='bbox 1193 3086 1254 3163; x_wconf 87' lang='lat' dir='ltr'><strong>Qui</strong></span> <span class='ocrx_word' id='word_1_196' title='bbox 1277 3088 1362 3150; x_wconf 88' lang='lat' dir='ltr'><strong>enim</strong></span> <span class='ocrx_word' id='word_1_197' title='bbox 1380 3088 1483 3169; x_wconf 74' lang='lat' dir='ltr'><strong>aegris</strong></span> <span class='ocrx_word' id='word_1_198' title='bbox 1498 3087 1729 3161; x_wconf 82' lang='lat' dir='ltr'><strong>subveniretur,</strong></span> 
     </span>
     <span class='ocr_line' id='line_1_21' title="bbox 408 3179 1768 3263; baseline -0.001 -20"><span class='ocrx_word' id='word_1_199' title='bbox 408 3199 492 3262; x_wconf 84' lang='lat' dir='ltr'><strong>quae</strong></span> <span class='ocrx_word' id='word_1_200' title='bbox 512 3188 598 3245; x_wconf 86' lang='lat' dir='ltr'><strong>esset</strong></span> <span class='ocrx_word' id='word_1_201' title='bbox 618 3180 788 3246; x_wconf 81' lang='lat' dir='ltr'><strong>obiectatie</strong></span> <span class='ocrx_word' id='word_1_202' title='bbox 812 3182 1000 3254; x_wconf 79' lang='lat' dir='ltr'><strong>veientium,</strong></span> <span class='ocrx_word' id='word_1_203' title='bbox 1028 3181 1084 3263; x_wconf 87' lang='lat' dir='ltr'><strong>qui</strong></span> <span class='ocrx_word' id='word_1_204' title='bbox 1104 3181 1207 3244; x_wconf 81' lang='lat' dir='ltr'><strong>rietus</strong></span> <span class='ocrx_word' id='word_1_205' title='bbox 1226 3188 1283 3244; x_wconf 85' lang='lat' dir='ltr'><strong>eut</strong></span> <span class='ocrx_word' id='word_1_206' title='bbox 1303 3179 1423 3255; x_wconf 86' lang='lat' dir='ltr'><strong>cuitus,</strong></span> <span class='ocrx_word' id='word_1_207' title='bbox 1444 3180 1505 3244; x_wconf 91' lang='lat' dir='ltr'><strong>nisi</strong></span> <span class='ocrx_word' id='word_1_208' title='bbox 1527 3188 1589 3245; x_wconf 87' lang='lat' dir='ltr'><strong>tem</strong></span> <span class='ocrx_word' id='word_1_209' title='bbox 1611 3180 1768 3244; x_wconf 69' lang='lat' dir='ltr'><strong>multasse</strong></span> 
     </span>
     <span class='ocr_line' id='line_1_22' title="bbox 408 3272 1730 3359; baseline 0.002 -24"><span class='ocrx_word' id='word_1_210' title='bbox 408 3272 501 3337; x_wconf 83' lang='lat' dir='ltr'><strong>nobis</strong></span> <span class='ocrx_word' id='word_1_211' title='bbox 527 3280 612 3346; x_wconf 83' lang='lat' dir='ltr'><strong>artes</strong></span> <span class='ocrx_word' id='word_1_212' title='bbox 633 3275 868 3338; x_wconf 69' lang='lat' dir='ltr'><strong>ministrarent?</strong></span> <span class='ocrx_word' id='word_1_213' title='bbox 897 3275 1014 3359; x_wconf 84' lang='lat' dir='ltr'><strong>quibus</strong></span> <span class='ocrx_word' id='word_1_214' title='bbox 1041 3275 1138 3338; x_wconf 86' lang='lat' dir='ltr'><strong>rebus</strong></span> <span class='ocrx_word' id='word_1_215' title='bbox 1166 3274 1293 3338; x_wconf 80' lang='lat' dir='ltr'><strong>exculta</strong></span> <span class='ocrx_word' id='word_1_216' title='bbox 1322 3273 1485 3338; x_wconf 82' lang='lat' dir='ltr'><strong>hominum</strong></span> <span class='ocrx_word' id='word_1_217' title='bbox 1514 3273 1579 3337; x_wconf 82' lang='lat' dir='ltr'><strong>rita</strong></span> <span class='ocrx_word' id='word_1_218' title='bbox 1607 3281 1730 3338; x_wconf 83' lang='lat' dir='ltr'><strong>tantum</strong></span> 
     </span>
     <span class='ocr_line' id='line_1_23' title="bbox 409 3365 1730 3433; baseline 0.002 -5"><span class='ocrx_word' id='word_1_219' title='bbox 409 3365 531 3431; x_wconf 84' lang='lat' dir='ltr'><strong>destitit</strong></span> <span class='ocrx_word' id='word_1_220' title='bbox 557 3388 577 3432; x_wconf 84' lang='lat' dir='ltr'><strong>a</strong></span> <span class='ocrx_word' id='word_1_221' title='bbox 605 3368 691 3432; x_wconf 83' lang='lat' dir='ltr'><strong>rictu</strong></span> <span class='ocrx_word' id='word_1_222' title='bbox 721 3377 754 3431; x_wconf 85' lang='lat' dir='ltr'><strong>ct</strong></span> <span class='ocrx_word' id='word_1_223' title='bbox 778 3367 865 3432; x_wconf 88' lang='lat' dir='ltr'><strong>cuitu</strong></span> <span class='ocrx_word' id='word_1_224' title='bbox 893 3369 1078 3432; x_wconf 87' lang='lat' dir='ltr'><strong>bestiarum.</strong></span> <span class='ocrx_word' id='word_1_225' title='bbox 1122 3367 1220 3432; x_wconf 84' lang='lat' dir='ltr'><strong>Urbes</strong></span> <span class='ocrx_word' id='word_1_226' title='bbox 1248 3387 1323 3433; x_wconf 88' lang='lat' dir='ltr'><strong>rere</strong></span> <span class='ocrx_word' id='word_1_227' title='bbox 1350 3368 1420 3432; x_wconf 87' lang='lat' dir='ltr'><strong>sine</strong></span> <span class='ocrx_word' id='word_1_228' title='bbox 1444 3367 1610 3432; x_wconf 77' lang='lat' dir='ltr'><strong>deminum</strong></span> <span class='ocrx_word' id='word_1_229' title='bbox 1637 3375 1730 3431; x_wconf 78' lang='lat' dir='ltr'><strong>coetu</strong></span> 
     </span>
     <span class='ocr_line' id='line_1_24' title="bbox 409 3459 1729 3545; baseline 0.001 -22"><span class='ocrx_word' id='word_1_230' title='bbox 409 3479 474 3523; x_wconf 88' lang='lat' dir='ltr'><strong>neu</strong></span> <span class='ocrx_word' id='word_1_231' title='bbox 501 3464 680 3543; x_wconf 87' lang='lat' dir='ltr'><strong>potuissent</strong></span> <span class='ocrx_word' id='word_1_232' title='bbox 707 3481 765 3525; x_wconf 88' lang='lat' dir='ltr'><strong>nee</strong></span> <span class='ocrx_word' id='word_1_233' title='bbox 793 3459 953 3526; x_wconf 82' lang='lat' dir='ltr'><strong>aedificari</strong></span> <span class='ocrx_word' id='word_1_234' title='bbox 981 3482 1040 3526; x_wconf 92' lang='lat' dir='ltr'><strong>nec</strong></span> <span class='ocrx_word' id='word_1_235' title='bbox 1061 3461 1274 3545; x_wconf 81' lang='lat' dir='ltr'><strong>frequentari,</strong></span> <span class='ocrx_word' id='word_1_236' title='bbox 1303 3481 1345 3525; x_wconf 85' lang='lat' dir='ltr'><strong>ex</strong></span> <span class='ocrx_word' id='word_1_237' title='bbox 1365 3480 1430 3544; x_wconf 88' lang='lat' dir='ltr'><strong>que</strong></span> <span class='ocrx_word' id='word_1_238' title='bbox 1452 3460 1538 3543; x_wconf 77' lang='lat' dir='ltr'><strong>leges</strong></span> <span class='ocrx_word' id='word_1_239' title='bbox 1559 3479 1729 3544; x_wconf 86' lang='lat' dir='ltr'><strong>moresque</strong></span> 
     </span>
     <span class='ocr_line' id='line_1_25' title="bbox 410 3548 1729 3640; baseline 0.001 -23"><span class='ocrx_word' id='word_1_240' title='bbox 410 3556 589 3631; x_wconf 88' lang='lat' dir='ltr'><strong>constituti,</strong></span> <span class='ocrx_word' id='word_1_241' title='bbox 610 3564 677 3620; x_wconf 83' lang='lat' dir='ltr'><strong>tum</strong></span> <span class='ocrx_word' id='word_1_242' title='bbox 698 3556 779 3619; x_wconf 91' lang='lat' dir='ltr'><strong>iuris</strong></span> <span class='ocrx_word' id='word_1_243' title='bbox 800 3575 902 3640; x_wconf 85' lang='lat' dir='ltr'><strong>aequa</strong></span> <span class='ocrx_word' id='word_1_244' title='bbox 924 3556 1090 3638; x_wconf 80' lang='lat' dir='ltr'><strong>discriptio</strong></span> <span class='ocrx_word' id='word_1_245' title='bbox 1112 3548 1260 3640; x_wconf 79' lang='lat' dir='ltr'><strong>certaque</strong></span> <span class='ocrx_word' id='word_1_246' title='bbox 1281 3553 1410 3618; x_wconf 81' lang='lat' dir='ltr'><strong>risendi</strong></span> <span class='ocrx_word' id='word_1_247' title='bbox 1435 3552 1620 3637; x_wconf 83' lang='lat' dir='ltr'><strong>disciplina:</strong></span> <span class='ocrx_word' id='word_1_248' title='bbox 1647 3572 1729 3638; x_wconf 84' lang='lat' dir='ltr'><strong>quas</strong></span> 
     </span>
     <span class='ocr_line' id='line_1_26' title="bbox 409 3648 1766 3731; baseline 0.001 -21"><span class='ocrx_word' id='word_1_249' title='bbox 409 3668 459 3711; x_wconf 91' lang='lat' dir='ltr'><strong>res</strong></span> <span class='ocrx_word' id='word_1_250' title='bbox 486 3656 521 3711; x_wconf 93' lang='lat' dir='ltr'><strong>et</strong></span> <span class='ocrx_word' id='word_1_251' title='bbox 548 3650 758 3713; x_wconf 83' lang='lat' dir='ltr'><strong>mansuetudo</strong></span> <span class='ocrx_word' id='word_1_252' title='bbox 784 3650 961 3714; x_wconf 88' lang='lat' dir='ltr'><strong>animorum</strong></span> <span class='ocrx_word' id='word_1_253' title='bbox 989 3658 1157 3713; x_wconf 89' lang='lat' dir='ltr'><strong>consecuta</strong></span> <span class='ocrx_word' id='word_1_254' title='bbox 1187 3656 1219 3712; x_wconf 91' lang='lat' dir='ltr'><strong>et</strong></span> <span class='ocrx_word' id='word_1_255' title='bbox 1240 3648 1428 3712; x_wconf 85' lang='lat' dir='ltr'><strong>verecundia</strong></span> <span class='ocrx_word' id='word_1_256' title='bbox 1450 3656 1498 3711; x_wconf 88' lang='lat' dir='ltr'><strong>est</strong></span> <span class='ocrx_word' id='word_1_257' title='bbox 1519 3649 1766 3731; x_wconf 71' lang='lat' dir='ltr'><strong>succumque</strong></span> 
     </span>
     <span class='ocr_line' id='line_1_27' title="bbox 408 3741 1730 3827; baseline -0.001 -21"><span class='ocrx_word' id='word_1_258' title='bbox 408 3751 444 3806; x_wconf 89' lang='lat' dir='ltr'><strong>ut</strong></span> <span class='ocrx_word' id='word_1_259' title='bbox 465 3751 549 3806; x_wconf 89' lang='lat' dir='ltr'><strong>esset</strong></span> <span class='ocrx_word' id='word_1_260' title='bbox 569 3744 632 3806; x_wconf 84' lang='lat' dir='ltr'><strong>rita</strong></span> <span class='ocrx_word' id='word_1_261' title='bbox 653 3743 804 3807; x_wconf 89' lang='lat' dir='ltr'><strong>munitior</strong></span> <span class='ocrx_word' id='word_1_262' title='bbox 824 3751 921 3827; x_wconf 87' lang='lat' dir='ltr'><strong>utque</strong></span> <span class='ocrx_word' id='word_1_263' title='bbox 943 3750 978 3807; x_wconf 90' lang='lat' dir='ltr'><strong>ut</strong></span> <span class='ocrx_word' id='word_1_264' title='bbox 999 3742 1105 3806; x_wconf 91' lang='lat' dir='ltr'><strong>dando</strong></span> <span class='ocrx_word' id='word_1_265' title='bbox 1127 3750 1159 3806; x_wconf 87' lang='lat' dir='ltr'><strong>et</strong></span> <span class='ocrx_word' id='word_1_266' title='bbox 1179 3743 1364 3826; x_wconf 90' lang='lat' dir='ltr'><strong>accipiendo</strong></span> <span class='ocrx_word' id='word_1_267' title='bbox 1385 3741 1610 3826; x_wconf 73' lang='lat' dir='ltr'><strong>mutandisque</strong></span> <span class='ocrx_word' id='word_1_268' title='bbox 1629 3741 1730 3806; x_wconf 79' lang='lat' dir='ltr'><strong>iacui·</strong></span> 
     </span>
     <span class='ocr_line' id='line_1_28' title="bbox 408 3837 1137 3920; baseline 0 -21"><span class='ocrx_word' id='word_1_269' title='bbox 408 3837 525 3906; x_wconf 79' lang='lat' dir='ltr'><strong>tatibrm</strong></span> <span class='ocrx_word' id='word_1_270' title='bbox 545 3846 581 3901; x_wconf 87' lang='lat' dir='ltr'><strong>et</strong></span> <span class='ocrx_word' id='word_1_271' title='bbox 600 3837 775 3900; x_wconf 78' lang='lat' dir='ltr'><strong>conmodis</strong></span> <span class='ocrx_word' id='word_1_272' title='bbox 796 3837 884 3900; x_wconf 83' lang='lat' dir='ltr'><strong>nulia</strong></span> <span class='ocrx_word' id='word_1_273' title='bbox 904 3857 939 3901; x_wconf 89' lang='lat' dir='ltr'><strong>re</strong></span> <span class='ocrx_word' id='word_1_274' title='bbox 961 3856 1137 3920; x_wconf 78' lang='lat' dir='ltr'><strong>egeremus.</strong></span> 
     </span>
    </p>

    <p class='ocr_par' dir='ltr' id='par_1_3' title="bbox 408 3926 1769 4766">
     <span class='ocr_line' id='line_1_29' title="bbox 492 3926 1731 4013; baseline -0.002 -19"><span class='ocrx_word' id='word_1_275' title='bbox 492 3932 530 3994; x_wconf 78' lang='lat' dir='ltr'><strong>V.</strong></span> <span class='ocrx_word' id='word_1_276' title='bbox 563 3926 614 3993; x_wconf 78' lang='lat' dir='ltr'><strong>iti.</strong></span> <span class='ocrx_word' id='word_1_277' title='bbox 648 3932 822 4013; x_wconf 70' lang='lat' dir='ltr'><strong>Longiores</strong></span> <span class='ocrx_word' id='word_1_278' title='bbox 850 3930 910 3994; x_wconf 91' lang='lat' dir='ltr'><strong>hee</strong></span> <span class='ocrx_word' id='word_1_279' title='bbox 940 3931 1011 3995; x_wconf 91' lang='lat' dir='ltr'><strong>loce</strong></span> <span class='ocrx_word' id='word_1_280' title='bbox 1039 3949 1149 3994; x_wconf 87' lang='lat' dir='ltr'><strong>sumus</strong></span> <span class='ocrx_word' id='word_1_281' title='bbox 1179 3950 1273 4013; x_wconf 87' lang='lat' dir='ltr'><strong>quam</strong></span> <span class='ocrx_word' id='word_1_282' title='bbox 1301 3950 1433 3994; x_wconf 86' lang='lat' dir='ltr'><strong>necesse</strong></span> <span class='ocrx_word' id='word_1_283' title='bbox 1463 3938 1520 3994; x_wconf 83' lang='lat' dir='ltr'><strong>est</strong></span> <span class='ocrx_word' id='word_1_284' title='bbox 1575 3929 1656 4005; x_wconf 89' lang='lat' dir='ltr'><strong>Quis</strong></span> <span class='ocrx_word' id='word_1_285' title='bbox 1681 3935 1731 3992; x_wconf 85' lang='lat' dir='ltr'><strong>cst</strong></span> 
     </span>
     <span class='ocr_line' id='line_1_30' title="bbox 409 4023 1730 4108; baseline -0.002 -21"><span class='ocrx_word' id='word_1_286' title='bbox 409 4025 491 4087; x_wconf 90' lang='lat' dir='ltr'><strong>cuim</strong></span> <span class='ocrx_word' id='word_1_287' title='bbox 514 4026 564 4088; x_wconf 90' lang='lat' dir='ltr'><strong>cui</strong></span> <span class='ocrx_word' id='word_1_288' title='bbox 585 4045 649 4088; x_wconf 93' lang='lat' dir='ltr'><strong>nou</strong></span> <span class='ocrx_word' id='word_1_289' title='bbox 672 4027 838 4108; x_wconf 88' lang='lat' dir='ltr'><strong>perspicua</strong></span> <span class='ocrx_word' id='word_1_290' title='bbox 860 4027 924 4088; x_wconf 90' lang='lat' dir='ltr'><strong>sint</strong></span> <span class='ocrx_word' id='word_1_291' title='bbox 943 4024 1012 4097; x_wconf 87' lang='lat' dir='ltr'><strong>iiia,</strong></span> <span class='ocrx_word' id='word_1_292' title='bbox 1035 4043 1118 4107; x_wconf 88' lang='lat' dir='ltr'><strong>quae</strong></span> <span class='ocrx_word' id='word_1_293' title='bbox 1140 4023 1285 4105; x_wconf 69' lang='lat' dir='ltr'><strong>piun‘bus</strong></span> <span class='ocrx_word' id='word_1_294' title='bbox 1304 4024 1410 4087; x_wconf 83' lang='lat' dir='ltr'><strong>verbis</strong></span> <span class='ocrx_word' id='word_1_295' title='bbox 1431 4043 1450 4087; x_wconf 85' lang='lat' dir='ltr'><strong>a</strong></span> <span class='ocrx_word' id='word_1_296' title='bbox 1472 4024 1621 4089; x_wconf 76' lang='lat' dir='ltr'><strong>Peucetio</strong></span> <span class='ocrx_word' id='word_1_297' title='bbox 1643 4041 1730 4086; x_wconf 87' lang='lat' dir='ltr'><strong>eem-</strong></span> 
     </span>
     <span class='ocr_line' id='line_1_31' title="bbox 409 4115 1768 4201; baseline 0.001 -21"><span class='ocrx_word' id='word_1_298' title='bbox 409 4128 637 4192; x_wconf 81' lang='lat' dir='ltr'><strong>memerantnr,</strong></span> <span class='ocrx_word' id='word_1_299' title='bbox 666 4118 825 4181; x_wconf 88' lang='lat' dir='ltr'><strong>neminem</strong></span> <span class='ocrx_word' id='word_1_300' title='bbox 852 4138 955 4201; x_wconf 89' lang='lat' dir='ltr'><strong>neque</strong></span> <span class='ocrx_word' id='word_1_301' title='bbox 983 4119 1094 4181; x_wconf 89' lang='lat' dir='ltr'><strong>ducem</strong></span> <span class='ocrx_word' id='word_1_302' title='bbox 1117 4115 1192 4180; x_wconf 82' lang='lat' dir='ltr'><strong>beili</strong></span> <span class='ocrx_word' id='word_1_303' title='bbox 1213 4137 1273 4181; x_wconf 92' lang='lat' dir='ltr'><strong>uec</strong></span> <span class='ocrx_word' id='word_1_304' title='bbox 1294 4118 1468 4201; x_wconf 90' lang='lat' dir='ltr'><strong>principem</strong></span> <span class='ocrx_word' id='word_1_305' title='bbox 1491 4118 1578 4181; x_wconf 92' lang='lat' dir='ltr'><strong>demi</strong></span> <span class='ocrx_word' id='word_1_306' title='bbox 1599 4129 1768 4200; x_wconf 67' lang='lat' dir='ltr'><strong>magnam</strong></span> 
     </span>
     <span class='ocr_line' id='line_1_32' title="bbox 408 4210 1730 4294; baseline 0.001 -21"><span class='ocrx_word' id='word_1_307' title='bbox 408 4230 461 4274; x_wconf 89' lang='lat' dir='ltr'><strong>res</strong></span> <span class='ocrx_word' id='word_1_308' title='bbox 482 4220 515 4275; x_wconf 88' lang='lat' dir='ltr'><strong>et</strong></span> <span class='ocrx_word' id='word_1_309' title='bbox 535 4212 688 4276; x_wconf 88' lang='lat' dir='ltr'><strong>salutares</strong></span> <span class='ocrx_word' id='word_1_310' title='bbox 710 4213 779 4275; x_wconf 88' lang='lat' dir='ltr'><strong>sine</strong></span> <span class='ocrx_word' id='word_1_311' title='bbox 802 4213 963 4276; x_wconf 88' lang='lat' dir='ltr'><strong>hominum</strong></span> <span class='ocrx_word' id='word_1_312' title='bbox 984 4211 1096 4274; x_wconf 84' lang='lat' dir='ltr'><strong>studiis</strong></span> <span class='ocrx_word' id='word_1_313' title='bbox 1117 4229 1230 4294; x_wconf 74' lang='lat' dir='ltr'><strong>gerere</strong></span> <span class='ocrx_word' id='word_1_314' title='bbox 1250 4212 1416 4294; x_wconf 88' lang='lat' dir='ltr'><strong>petuisse?</strong></span> <span class='ocrx_word' id='word_1_315' title='bbox 1460 4210 1730 4275; x_wconf 74' lang='lat' dir='ltr'><strong>Commemoratur</strong></span> 
     </span>
     <span class='ocr_line' id='line_1_33' title="bbox 409 4302 1730 4387; baseline 0.001 -20"><span class='ocrx_word' id='word_1_316' title='bbox 409 4305 447 4367; x_wconf 87' lang='lat' dir='ltr'><strong>ah</strong></span> <span class='ocrx_word' id='word_1_317' title='bbox 470 4325 509 4369; x_wconf 91' lang='lat' dir='ltr'><strong>ee</strong></span> <span class='ocrx_word' id='word_1_318' title='bbox 531 4306 775 4381; x_wconf 85' lang='lat' dir='ltr'><strong>Themistocles,</strong></span> <span class='ocrx_word' id='word_1_319' title='bbox 796 4306 951 4380; x_wconf 89' lang='lat' dir='ltr'><strong>Pericles,</strong></span> <span class='ocrx_word' id='word_1_320' title='bbox 974 4306 1091 4387; x_wconf 77' lang='lat' dir='ltr'><strong>Cyrus,</strong></span> <span class='ocrx_word' id='word_1_321' title='bbox 1112 4305 1293 4387; x_wconf 68' lang='lat' dir='ltr'><strong>Agesilaus,</strong></span> <span class='ocrx_word' id='word_1_322' title='bbox 1315 4302 1510 4378; x_wconf 76' lang='lat' dir='ltr'><strong>Alexander,</strong></span> <span class='ocrx_word' id='word_1_323' title='bbox 1532 4323 1617 4387; x_wconf 86' lang='lat' dir='ltr'><strong>quos</strong></span> <span class='ocrx_word' id='word_1_324' title='bbox 1634 4312 1730 4387; x_wconf 72' lang='lat' dir='ltr'><strong>negat</strong></span> 
     </span>
     <span class='ocr_line' id='line_1_34' title="bbox 409 4397 1729 4481; baseline -0.002 -18"><span class='ocrx_word' id='word_1_325' title='bbox 409 4400 477 4463; x_wconf 91' lang='lat' dir='ltr'><strong>sine</strong></span> <span class='ocrx_word' id='word_1_326' title='bbox 499 4400 689 4463; x_wconf 86' lang='lat' dir='ltr'><strong>adiumentis</strong></span> <span class='ocrx_word' id='word_1_327' title='bbox 709 4400 876 4462; x_wconf 89' lang='lat' dir='ltr'><strong>hominum</strong></span> <span class='ocrx_word' id='word_1_328' title='bbox 898 4406 1001 4462; x_wconf 69' lang='lat' dir='ltr'><strong>taum</strong></span> <span class='ocrx_word' id='word_1_329' title='bbox 1023 4419 1074 4461; x_wconf 86' lang='lat' dir='ltr'><strong>res</strong></span> <span class='ocrx_word' id='word_1_330' title='bbox 1097 4398 1226 4461; x_wconf 84' lang='lat' dir='ltr'><strong>efficere</strong></span> <span class='ocrx_word' id='word_1_331' title='bbox 1245 4400 1398 4481; x_wconf 87' lang='lat' dir='ltr'><strong>petuisse.</strong></span> <span class='ocrx_word' id='word_1_332' title='bbox 1431 4397 1535 4460; x_wconf 87' lang='lat' dir='ltr'><strong>Utitur</strong></span> <span class='ocrx_word' id='word_1_333' title='bbox 1554 4400 1587 4460; x_wconf 92' lang='lat' dir='ltr'><strong>in</strong></span> <span class='ocrx_word' id='word_1_334' title='bbox 1609 4418 1644 4461; x_wconf 91' lang='lat' dir='ltr'><strong>re</strong></span> <span class='ocrx_word' id='word_1_335' title='bbox 1663 4417 1729 4461; x_wconf 77' lang='lat' dir='ltr'><strong>ne·</strong></span> 
     </span>
     <span class='ocr_line' id='line_1_35' title="bbox 409 4491 1731 4577; baseline 0 -22"><span class='ocrx_word' id='word_1_336' title='bbox 409 4492 507 4556; x_wconf 87' lang='lat' dir='ltr'><strong>dubia</strong></span> <span class='ocrx_word' id='word_1_337' title='bbox 528 4494 662 4557; x_wconf 79' lang='lat' dir='ltr'><strong>testibus</strong></span> <span class='ocrx_word' id='word_1_338' title='bbox 682 4514 748 4557; x_wconf 90' lang='lat' dir='ltr'><strong>uon</strong></span> <span class='ocrx_word' id='word_1_339' title='bbox 770 4494 969 4557; x_wconf 86' lang='lat' dir='ltr'><strong>necessariis.</strong></span> <span class='ocrx_word' id='word_1_340' title='bbox 1020 4496 1123 4577; x_wconf 80' lang='lat' dir='ltr'><strong>Atque</strong></span> <span class='ocrx_word' id='word_1_341' title='bbox 1146 4500 1331 4576; x_wconf 74' lang='lat' dir='ltr'><strong>utmagnus</strong></span> <span class='ocrx_word' id='word_1_342' title='bbox 1352 4491 1505 4555; x_wconf 76' lang='lat' dir='ltr'><strong>utilitates</strong></span> <span class='ocrx_word' id='word_1_343' title='bbox 1525 4492 1731 4576; x_wconf 84' lang='lat' dir='ltr'><strong>adipiscimur</strong></span> 
     </span>
     <span class='ocr_line' id='line_1_36' title="bbox 409 4583 1769 4671; baseline -0.002 -21"><span class='ocrx_word' id='word_1_344' title='bbox 409 4589 641 4671; x_wconf 81' lang='lat' dir='ltr'><strong>censpimtieue</strong></span> <span class='ocrx_word' id='word_1_345' title='bbox 662 4588 826 4651; x_wconf 88' lang='lat' dir='ltr'><strong>homiuum</strong></span> <span class='ocrx_word' id='word_1_346' title='bbox 847 4596 944 4671; x_wconf 87' lang='lat' dir='ltr'><strong>atque</strong></span> <span class='ocrx_word' id='word_1_347' title='bbox 965 4607 1134 4662; x_wconf 86' lang='lat' dir='ltr'><strong>censensu,</strong></span> <span class='ocrx_word' id='word_1_348' title='bbox 1154 4586 1201 4649; x_wconf 90' lang='lat' dir='ltr'><strong>sie</strong></span> <span class='ocrx_word' id='word_1_349' title='bbox 1222 4586 1393 4650; x_wconf 81' lang='lat' dir='ltr'><strong>nullatum</strong></span> <span class='ocrx_word' id='word_1_350' title='bbox 1415 4583 1611 4650; x_wconf 80' lang='lat' dir='ltr'><strong>detestabilis</strong></span> <span class='ocrx_word' id='word_1_351' title='bbox 1630 4586 1769 4671; x_wconf 72' lang='lat' dir='ltr'><strong>pesdett</strong></span> 
     </span>
     <span class='ocr_line' id='line_1_37' title="bbox 410 4677 1728 4766; baseline -0.001 -23"><span class='ocrx_word' id='word_1_352' title='bbox 410 4688 474 4757; x_wconf 89' lang='lat' dir='ltr'><strong>est,</strong></span> <span class='ocrx_word' id='word_1_353' title='bbox 505 4701 587 4766; x_wconf 86' lang='lat' dir='ltr'><strong>quae</strong></span> <span class='ocrx_word' id='word_1_354' title='bbox 617 4702 682 4745; x_wconf 92' lang='lat' dir='ltr'><strong>nen</strong></span> <span class='ocrx_word' id='word_1_355' title='bbox 710 4681 832 4746; x_wconf 84' lang='lat' dir='ltr'><strong>homiui</strong></span> <span class='ocrx_word' id='word_1_356' title='bbox 860 4682 900 4745; x_wconf 88' lang='lat' dir='ltr'><strong>ab</strong></span> <span class='ocrx_word' id='word_1_357' title='bbox 929 4682 1059 4746; x_wconf 87' lang='lat' dir='ltr'><strong>homine</strong></span> <span class='ocrx_word' id='word_1_358' title='bbox 1084 4688 1242 4746; x_wconf 75' lang='lat' dir='ltr'><strong>nusmtur.</strong></span> <span class='ocrx_word' id='word_1_359' title='bbox 1294 4680 1350 4743; x_wconf 87' lang='lat' dir='ltr'><strong>Est</strong></span> <span class='ocrx_word' id='word_1_360' title='bbox 1372 4677 1554 4743; x_wconf 80' lang='lat' dir='ltr'><strong>Dicaearchi</strong></span> <span class='ocrx_word' id='word_1_361' title='bbox 1578 4678 1661 4744; x_wconf 85' lang='lat' dir='ltr'><strong>liber</strong></span> <span class='ocrx_word' id='word_1_362' title='bbox 1688 4680 1728 4743; x_wconf 91' lang='lat' dir='ltr'><strong>dc</strong></span> 
     </span>
    </p>
   </div>
   <div class='ocr_carea' id='block_1_3' title="bbox 407 4956 1732 6000">
    <p class='ocr_par' dir='ltr' id='par_1_4' title="bbox 407 4956 1732 6000">
     <span class='ocr_line' id='line_1_38' title="bbox 474 4956 1731 5026; baseline 0.002 -17"><span class='ocrx_word' id='word_1_363' title='bbox 474 4961 675 5014; x_wconf 56' lang='lat' dir='ltr'><strong>immerseram</strong></span> <span class='ocrx_word' id='word_1_364' title='bbox 690 4962 710 5012; x_wconf 84' lang='lat' dir='ltr'><strong>u</strong></span> <span class='ocrx_word' id='word_1_365' title='bbox 728 4987 756 4998; x_wconf 97' lang='lat'><em>-</em></span> <span class='ocrx_word' id='word_1_366' title='bbox 775 4967 1027 5026; x_wconf 60' lang='lat' dir='ltr'><strong>sumerentur</strong></span> <span class='ocrx_word' id='word_1_367' title='bbox 1042 4962 1148 5014; x_wconf 76' lang='lat' dir='ltr'><strong>Bittio:</strong></span> <span class='ocrx_word' id='word_1_368' title='bbox 1167 4964 1419 5026; x_wconf 59' lang='lat' dir='ltr'><strong>aemesam</strong></span> <span class='ocrx_word' id='word_1_369' title='bbox 1433 4966 1452 5009; x_wconf 79' lang='lat' dir='ltr'><strong>t</strong></span> <span class='ocrx_word' id='word_1_370' title='bbox 1468 4956 1526 5021; x_wconf 86' lang='lat' dir='ltr'><strong>(sed</strong></span> <span class='ocrx_word' id='word_1_371' title='bbox 1541 4958 1628 5023; x_wconf 74' lang='lat' dir='ltr'><strong>etquis</strong></span> <span class='ocrx_word' id='word_1_372' title='bbox 1640 4960 1731 5011; x_wconf 79' lang='lat' dir='ltr'><strong>trans·</strong></span> 
     </span>
     <span class='ocr_line' id='line_1_39' title="bbox 408 5032 1732 5102; baseline -0.003 -15"><span class='ocrx_word' id='word_1_373' title='bbox 408 5037 546 5101; x_wconf 86' lang='lat' dir='ltr'><strong>pesttieuis</strong></span> <span class='ocrx_word' id='word_1_374' title='bbox 563 5039 623 5091; x_wconf 87' lang='lat' dir='ltr'><strong>ead.</strong></span> <span class='ocrx_word' id='word_1_375' title='bbox 636 5052 672 5091; x_wconf 89' lang='lat' dir='ltr'><strong>m.</strong></span> <span class='ocrx_word' id='word_1_376' title='bbox 684 5037 788 5099; x_wconf 88' lang='lat' dir='ltr'><strong>additis)</strong></span> <span class='ocrx_word' id='word_1_377' title='bbox 807 5049 822 5088; x_wconf 90' lang='lat' dir='ltr'><strong>e</strong></span> <span class='ocrx_word' id='word_1_378' title='bbox 844 5065 869 5075; x_wconf 95' lang='lat'><em>-</em></span> <span class='ocrx_word' id='word_1_379' title='bbox 888 5037 1034 5089; x_wconf 70' lang='lat' dir='ltr'><strong>essm</strong></span> <span class='ocrx_word' id='word_1_380' title='bbox 1049 5039 1167 5102; x_wconf 72' lang='lat' dir='ltr'><strong>pmesie</strong></span> <span class='ocrx_word' id='word_1_381' title='bbox 1186 5062 1214 5073; x_wconf 97' lang='lat'>-</span> <span class='ocrx_word' id='word_1_382' title='bbox 1237 5033 1407 5086; x_wconf 69' lang='lat' dir='ltr'><strong>tisubuesire</strong></span> <span class='ocrx_word' id='word_1_383' title='bbox 1421 5032 1528 5084; x_wconf 73' lang='lat' dir='ltr'><strong>Buce:</strong></span> <span class='ocrx_word' id='word_1_384' title='bbox 1547 5032 1674 5085; x_wconf 64' lang='lat' dir='ltr'><strong>memes</strong></span> <span class='ocrx_word' id='word_1_385' title='bbox 1690 5043 1732 5084; x_wconf 76' lang='lat' dir='ltr'><strong>ec</strong></span> 
     </span>
     <span class='ocr_line' id='line_1_40' title="bbox 409 5108 1728 5173; baseline -0.002 -12"><span class='ocrx_word' id='word_1_386' title='bbox 409 5136 438 5148; x_wconf 93' lang='lat'>-</span> <span class='ocrx_word' id='word_1_387' title='bbox 456 5113 580 5165; x_wconf 69' lang='lat' dir='ltr'><strong>edema</strong></span> <span class='ocrx_word' id='word_1_388' title='bbox 599 5140 626 5150; x_wconf 91' lang='lat'>-</span> <span class='ocrx_word' id='word_1_389' title='bbox 646 5114 671 5163; x_wconf 83' lang='grc'><strong>6.</strong></span> <span class='ocrx_word' id='word_1_390' title='bbox 688 5114 1096 5164; x_wconf 69' lang='lat' dir='ltr'><strong>meereexeemst-</strong></span> <span class='ocrx_word' id='word_1_391' title='bbox 1115 5113 1140 5162; x_wconf 88' lang='lat'><strong>?.</strong></span> <span class='ocrx_word' id='word_1_392' title='bbox 1158 5110 1375 5173; x_wconf 65' lang='lat' dir='ltr'><strong>udsdmtcrbp</strong></span> <span class='ocrx_word' id='word_1_393' title='bbox 1392 5134 1420 5146; x_wconf 90' lang='lat'><em>-</em></span> <span class='ocrx_word' id='word_1_394' title='bbox 1438 5108 1728 5170; x_wconf 68' lang='lat' dir='ltr'><strong>aepoeeeseemsus:</strong></span> 
     </span>
     <span class='ocr_line' id='line_1_41' title="bbox 408 5181 1732 5254; baseline -0.004 -15"><span class='ocrx_word' id='word_1_395' title='bbox 408 5199 481 5248; x_wconf 74' lang='lat' dir='ltr'><strong>epm</strong></span> <span class='ocrx_word' id='word_1_396' title='bbox 498 5188 575 5251; x_wconf 83' lang='lat' dir='ltr'><strong>cpe.</strong></span> <span class='ocrx_word' id='word_1_397' title='bbox 593 5189 632 5240; x_wconf 84' lang='lat' dir='ltr'><strong>ct.</strong></span> <span class='ocrx_word' id='word_1_398' title='bbox 646 5188 958 5254; x_wconf 77' lang='lat' dir='ltr'><strong>v.sr.sc.p.ece‚ss.-</strong></span> <span class='ocrx_word' id='word_1_399' title='bbox 974 5188 1014 5237; x_wconf 80' lang='lat' dir='ltr'><strong>tt.</strong></span> <span class='ocrx_word' id='word_1_400' title='bbox 1027 5187 1226 5237; x_wconf 66' lang='lat' dir='ltr'><strong>udwmcerr.</strong></span> <span class='ocrx_word' id='word_1_401' title='bbox 1240 5183 1444 5235; x_wconf 77' lang='lat' dir='ltr'><strong>exutitttssb-</strong></span> <span class='ocrx_word' id='word_1_402' title='bbox 1461 5181 1621 5244; x_wconf 50' lang='lat' dir='ltr'><strong>&amp;addae</strong></span> <span class='ocrx_word' id='word_1_403' title='bbox 1634 5208 1662 5221; x_wconf 93' lang='lat'>-</span> <span class='ocrx_word' id='word_1_404' title='bbox 1679 5183 1732 5234; x_wconf 73' lang='lat' dir='ltr'><strong>sse</strong></span> 
     </span>
     <span class='ocr_line' id='line_1_42' title="bbox 409 5255 1729 5321; baseline -0.005 -8"><span class='ocrx_word' id='word_1_405' title='bbox 409 5262 442 5313; x_wconf 90' lang='lat' dir='ltr'><strong>C:</strong></span> <span class='ocrx_word' id='word_1_406' title='bbox 457 5268 514 5312; x_wconf 77' lang='lat' dir='ltr'><strong>aest</strong></span> <span class='ocrx_word' id='word_1_407' title='bbox 530 5276 546 5314; x_wconf 87' lang='lat' dir='ltr'><strong>e</strong></span> <span class='ocrx_word' id='word_1_408' title='bbox 564 5290 591 5301; x_wconf 96' lang='lat'>-</span> <span class='ocrx_word' id='word_1_409' title='bbox 609 5264 738 5314; x_wconf 67' lang='lat' dir='ltr'><strong>meteres</strong></span> <span class='ocrx_word' id='word_1_410' title='bbox 754 5275 784 5313; x_wconf 80' lang='lat' dir='ltr'><strong>a:</strong></span> <span class='ocrx_word' id='word_1_411' title='bbox 803 5264 917 5313; x_wconf 63' lang='lat' dir='ltr'><strong>mcum</strong></span> <span class='ocrx_word' id='word_1_412' title='bbox 934 5264 1018 5320; x_wconf 59' lang='lat' dir='ltr'><strong>enm</strong></span> <span class='ocrx_word' id='word_1_413' title='bbox 1036 5263 1178 5311; x_wconf 73' lang='lat' dir='ltr'><strong>temtmete</strong></span> <span class='ocrx_word' id='word_1_414' title='bbox 1194 5271 1210 5309; x_wconf 89' lang='lat' dir='ltr'><strong>e</strong></span> <span class='ocrx_word' id='word_1_415' title='bbox 1226 5285 1259 5296; x_wconf 94' lang='lat'>-</span> <span class='ocrx_word' id='word_1_416' title='bbox 1275 5260 1315 5309; x_wconf 85' lang='lat' dir='ltr'><strong>tt.</strong></span> <span class='ocrx_word' id='word_1_417' title='bbox 1328 5255 1729 5321; x_wconf 60' lang='lat' dir='ltr'><strong>eetsedseedmsuperscr.)</strong></span> 
     </span>
     <span class='ocr_line' id='line_1_43' title="bbox 409 5332 1728 5401; baseline -0.004 -14"><span class='ocrx_word' id='word_1_418' title='bbox 409 5335 525 5387; x_wconf 77' lang='lat' dir='ltr'><strong>s-ss</strong></span> <span class='ocrx_word' id='word_1_419' title='bbox 542 5340 784 5400; x_wconf 65' lang='lat' dir='ltr'><strong>perstemus·-</strong></span> <span class='ocrx_word' id='word_1_420' title='bbox 804 5334 1483 5401; x_wconf 70' lang='lat' dir='ltr'><strong>oes&#39;ddses&#39;qaec-ttasetusetqseeesseseditcse</strong></span> <span class='ocrx_word' id='word_1_421' title='bbox 1502 5356 1529 5371; x_wconf 90' lang='lat'>-</span> <span class='ocrx_word' id='word_1_422' title='bbox 1548 5332 1680 5382; x_wconf 73' lang='grc' dir='ltr'><strong>46.οωῦ</strong></span> <span class='ocrx_word' id='word_1_423' title='bbox 1699 5355 1728 5368; x_wconf 92' lang='grc'>-</span> 
     </span>
     <span class='ocr_line' id='line_1_44' title="bbox 408 5404 1730 5476; baseline -0.002 -16"><span class='ocrx_word' id='word_1_424' title='bbox 408 5411 496 5460; x_wconf 68' lang='lat' dir='ltr'><strong>echis</strong></span> <span class='ocrx_word' id='word_1_425' title='bbox 516 5424 546 5473; x_wconf 79' lang='lat' dir='ltr'><strong>a,</strong></span> <span class='ocrx_word' id='word_1_426' title='bbox 568 5413 703 5474; x_wconf 64' lang='lat' dir='ltr'><strong>adipso</strong></span> <span class='ocrx_word' id='word_1_427' title='bbox 731 5437 756 5449; x_wconf 93' lang='lat'>-</span> <span class='ocrx_word' id='word_1_428' title='bbox 785 5414 825 5463; x_wconf 79' lang='lat' dir='ltr'><strong>st.</strong></span> <span class='ocrx_word' id='word_1_429' title='bbox 843 5410 1414 5476; x_wconf 65' lang='lat' dir='ltr'><strong>mucesqesqeeoseusctsserpeteuoe</strong></span> <span class='ocrx_word' id='word_1_430' title='bbox 1429 5407 1529 5458; x_wconf 81' lang='lat' dir='ltr'><strong>Neuius</strong></span> <span class='ocrx_word' id='word_1_431' title='bbox 1546 5404 1639 5471; x_wconf 76' lang='lat' dir='ltr'><strong>paee.</strong></span> <span class='ocrx_word' id='word_1_432' title='bbox 1660 5431 1688 5443; x_wconf 96' lang='lat'><em>-</em></span> <span class='ocrx_word' id='word_1_433' title='bbox 1705 5409 1730 5457; x_wconf 81' lang='lat' dir='ltr'><strong>st</strong></span> 
     </span>
     <span class='ocr_line' id='line_1_45' title="bbox 409 5478 1728 5556; baseline -0.005 -21"><span class='ocrx_word' id='word_1_434' title='bbox 409 5486 541 5552; x_wconf 68' lang='lat' dir='ltr'><strong>(musaei</strong></span> <span class='ocrx_word' id='word_1_435' title='bbox 559 5500 641 5538; x_wconf 82' lang='lat' dir='ltr'><strong>eme</strong></span> <span class='ocrx_word' id='word_1_436' title='bbox 659 5513 686 5524; x_wconf 93' lang='lat'><em>-</em></span> <span class='ocrx_word' id='word_1_437' title='bbox 710 5499 773 5537; x_wconf 82' lang='lat' dir='ltr'><strong>ceo</strong></span> <span class='ocrx_word' id='word_1_438' title='bbox 797 5512 823 5526; x_wconf 89' lang='lat'><strong>··</strong></span> <span class='ocrx_word' id='word_1_439' title='bbox 849 5489 1032 5550; x_wconf 58' lang='lat' dir='ltr'><strong>superesse</strong></span> <span class='ocrx_word' id='word_1_440' title='bbox 1055 5514 1084 5526; x_wconf 89' lang='lat'><em>-</em></span> <span class='ocrx_word' id='word_1_441' title='bbox 1108 5486 1147 5536; x_wconf 77' lang='grc'><strong>49.</strong></span> <span class='ocrx_word' id='word_1_442' title='bbox 1167 5478 1611 5556; x_wconf 69' lang='lat' dir='ltr'><strong>ossi··ssdeesiretssrtiernisnrd:</strong></span> <span class='ocrx_word' id='word_1_443' title='bbox 1631 5479 1728 5541; x_wconf 75' lang='lat' dir='ltr'><strong>Qut·-</strong></span> 
     </span>
     <span class='ocr_line' id='line_1_46' title="bbox 408 5551 1729 5625; baseline -0.007 -14"><span class='ocrx_word' id='word_1_444' title='bbox 408 5559 548 5611; x_wconf 76' lang='lat' dir='ltr'><strong>sssiuess&#39;ret</strong></span> <span class='ocrx_word' id='word_1_445' title='bbox 564 5562 625 5619; x_wconf 79' lang='grc' dir='ltr'><strong>ΒΗς</strong></span> <span class='ocrx_word' id='word_1_446' title='bbox 645 5562 898 5623; x_wconf 71' lang='lat' dir='ltr'><strong>pses--ssesessrst</strong></span> <span class='ocrx_word' id='word_1_447' title='bbox 914 5575 943 5625; x_wconf 87' lang='lat' dir='ltr'><strong>e;</strong></span> <span class='ocrx_word' id='word_1_448' title='bbox 960 5560 1218 5625; x_wconf 61' lang='lat' dir='ltr'><strong>occid-meseum?</strong></span> <span class='ocrx_word' id='word_1_449' title='bbox 1232 5560 1293 5610; x_wconf 78' lang='lat' dir='ltr'><strong>ebe</strong></span> <span class='ocrx_word' id='word_1_450' title='bbox 1307 5584 1335 5597; x_wconf 91' lang='lat'><em>-</em></span> <span class='ocrx_word' id='word_1_451' title='bbox 1352 5556 1488 5609; x_wconf 63' lang='lat' dir='ltr'><strong>tenete</strong></span> <span class='ocrx_word' id='word_1_452' title='bbox 1504 5567 1585 5618; x_wconf 91' lang='lat' dir='ltr'><strong>op-</strong></span> <span class='ocrx_word' id='word_1_453' title='bbox 1601 5551 1729 5604; x_wconf 61' lang='lat' dir='ltr'><strong>Sinuesa</strong></span> 
     </span>
     <span class='ocr_line' id='line_1_47' title="bbox 409 5625 1726 5700; baseline -0.004 -15"><span class='ocrx_word' id='word_1_454' title='bbox 409 5647 491 5685; x_wconf 88' lang='lat' dir='ltr'><strong>em.e</strong></span> <span class='ocrx_word' id='word_1_455' title='bbox 511 5662 537 5671; x_wconf 91' lang='lat'>-</span> <span class='ocrx_word' id='word_1_456' title='bbox 556 5635 597 5685; x_wconf 78' lang='lat' dir='ltr'><strong>tt.</strong></span> <span class='ocrx_word' id='word_1_457' title='bbox 615 5637 828 5687; x_wconf 66' lang='lat' dir='ltr'><strong>deremitat:</strong></span> <span class='ocrx_word' id='word_1_458' title='bbox 847 5638 996 5700; x_wconf 68' lang='lat' dir='ltr'><strong>mapa</strong></span> <span class='ocrx_word' id='word_1_459' title='bbox 1016 5664 1042 5676; x_wconf 96' lang='lat'><em>-</em></span> <span class='ocrx_word' id='word_1_460' title='bbox 1068 5636 1238 5687; x_wconf 67' lang='lat' dir='ltr'><strong>aduttum</strong></span> <span class='ocrx_word' id='word_1_461' title='bbox 1252 5632 1477 5685; x_wconf 54' lang='lat' dir='ltr'><strong>aucum</strong></span> <span class='ocrx_word' id='word_1_462' title='bbox 1499 5656 1528 5668; x_wconf 93' lang='lat'>-</span> <span class='ocrx_word' id='word_1_463' title='bbox 1550 5628 1657 5681; x_wconf 67' lang='lat' dir='ltr'><strong>cesus</strong></span> <span class='ocrx_word' id='word_1_464' title='bbox 1673 5625 1726 5680; x_wconf 86' lang='lat' dir='ltr'><strong>dei.</strong></span> 
     </span>
     <span class='ocr_line' id='line_1_48' title="bbox 409 5702 1730 5776; baseline -0.007 -14"><span class='ocrx_word' id='word_1_465' title='bbox 409 5710 504 5773; x_wconf 74' lang='lat' dir='ltr'><strong>Unger.</strong></span> <span class='ocrx_word' id='word_1_466' title='bbox 523 5735 549 5747; x_wconf 89' lang='lat'><strong>-·</strong></span> <span class='ocrx_word' id='word_1_467' title='bbox 569 5709 609 5762; x_wconf 81' lang='lat' dir='ltr'><strong>tt.</strong></span> <span class='ocrx_word' id='word_1_468' title='bbox 628 5713 755 5774; x_wconf 56' lang='lat' dir='ltr'><strong>eceptio</strong></span> <span class='ocrx_word' id='word_1_469' title='bbox 771 5713 829 5763; x_wconf 78' lang='lat' dir='ltr'><strong>tit:</strong></span> <span class='ocrx_word' id='word_1_470' title='bbox 855 5713 987 5776; x_wconf 64' lang='lat' dir='ltr'><strong>decipite</strong></span> <span class='ocrx_word' id='word_1_471' title='bbox 1002 5715 1093 5765; x_wconf 81' lang='lat' dir='ltr'><strong>Bsee.</strong></span> <span class='ocrx_word' id='word_1_472' title='bbox 1122 5709 1197 5763; x_wconf 86' lang='lat' dir='ltr'><strong>Ceut.</strong></span> <span class='ocrx_word' id='word_1_473' title='bbox 1217 5722 1277 5775; x_wconf 76' lang='lat' dir='ltr'><strong>pag.</strong></span> <span class='ocrx_word' id='word_1_474' title='bbox 1292 5708 1385 5771; x_wconf 58' lang='lat' dir='ltr'><strong>two.</strong></span> <span class='ocrx_word' id='word_1_475' title='bbox 1402 5732 1435 5744; x_wconf 96' lang='lat'>-</span> <span class='ocrx_word' id='word_1_476' title='bbox 1451 5706 1493 5756; x_wconf 80' lang='lat' dir='ltr'><strong>se.</strong></span> <span class='ocrx_word' id='word_1_477' title='bbox 1511 5710 1588 5767; x_wconf 77' lang='lat' dir='ltr'><strong>etque</strong></span> <span class='ocrx_word' id='word_1_478' title='bbox 1601 5707 1630 5754; x_wconf 78' lang='lat' dir='ltr'><strong>st</strong></span> <span class='ocrx_word' id='word_1_479' title='bbox 1645 5702 1730 5753; x_wconf 63' lang='lat' dir='ltr'><strong>dede</strong></span> 
     </span>
     <span class='ocr_line' id='line_1_49' title="bbox 410 5776 1730 5853; baseline -0.005 -19"><span class='ocrx_word' id='word_1_480' title='bbox 410 5788 433 5834; x_wconf 88' lang='lat' dir='ltr'><strong>et</strong></span> <span class='ocrx_word' id='word_1_481' title='bbox 448 5786 762 5847; x_wconf 54' lang='lat' dir='ltr'><strong>meum-mettere</strong></span> <span class='ocrx_word' id='word_1_482' title='bbox 777 5801 903 5851; x_wconf 70' lang='lat' dir='ltr'><strong>operm</strong></span> <span class='ocrx_word' id='word_1_483' title='bbox 918 5789 1016 5839; x_wconf 80' lang='lat' dir='ltr'><strong>Nenlm</strong></span> <span class='ocrx_word' id='word_1_484' title='bbox 1033 5788 1128 5853; x_wconf 73' lang='lat' dir='ltr'><strong>pite.</strong></span> <span class='ocrx_word' id='word_1_485' title='bbox 1149 5812 1177 5824; x_wconf 92' lang='lat'>-</span> <span class='ocrx_word' id='word_1_486' title='bbox 1193 5778 1543 5845; x_wconf 63' lang='lat' dir='ltr'><strong>cmmemores·</strong></span> <span class='ocrx_word' id='word_1_487' title='bbox 1558 5776 1730 5829; x_wconf 70' lang='lat' dir='ltr'><strong>etcmds‘s</strong></span> 
     </span>
     <span class='ocr_line' id='line_1_50' title="bbox 410 5854 1726 5924; baseline -0.006 -14"><span class='ocrx_word' id='word_1_488' title='bbox 410 5859 443 5910; x_wconf 86' lang='lat' dir='ltr'><strong>C:</strong></span> <span class='ocrx_word' id='word_1_489' title='bbox 461 5861 1228 5924; x_wconf 68' lang='lat' dir='ltr'><strong>memeeqeseeecetsemsmeeaseursomum.</strong></span> <span class='ocrx_word' id='word_1_490' title='bbox 1255 5858 1409 5922; x_wconf 58' lang='lat' dir='ltr'><strong>ctist?</strong></span> <span class='ocrx_word' id='word_1_491' title='bbox 1429 5879 1458 5892; x_wconf 90' lang='lat'><em>-</em></span> <span class='ocrx_word' id='word_1_492' title='bbox 1476 5854 1517 5906; x_wconf 71' lang='lat'><strong>28.</strong></span> <span class='ocrx_word' id='word_1_493' title='bbox 1535 5854 1726 5904; x_wconf 66' lang='lat' dir='ltr'><strong>mette-</strong></span> 
     </span>
     <span class='ocr_line' id='line_1_51' title="bbox 407 5926 1565 6000; baseline -0.005 -15"><span class='ocrx_word' id='word_1_494' title='bbox 407 5932 448 5985; x_wconf 76' lang='lat' dir='ltr'><strong>dt.</strong></span> <span class='ocrx_word' id='word_1_495' title='bbox 466 5933 522 5987; x_wconf 79' lang='lat' dir='ltr'><strong>betti</strong></span> <span class='ocrx_word' id='word_1_496' title='bbox 537 5948 588 5999; x_wconf 85' lang='lat' dir='ltr'><strong>ep:</strong></span> <span class='ocrx_word' id='word_1_497' title='bbox 606 5936 667 5989; x_wconf 82' lang='lat' dir='ltr'><strong>detto</strong></span> <span class='ocrx_word' id='word_1_498' title='bbox 683 5938 790 5997; x_wconf 74' lang='lat' dir='ltr'><strong>Bittb3</strong></span> <span class='ocrx_word' id='word_1_499' title='bbox 808 5938 836 5989; x_wconf 83' lang='lat' dir='ltr'><strong>is</strong></span> <span class='ocrx_word' id='word_1_500' title='bbox 851 5937 913 5991; x_wconf 77' lang='lat' dir='ltr'><strong>esse</strong></span> <span class='ocrx_word' id='word_1_501' title='bbox 928 5938 1068 5992; x_wconf 67' lang='lat' dir='ltr'><strong>mentius.</strong></span> <span class='ocrx_word' id='word_1_502' title='bbox 1094 5935 1133 5988; x_wconf 84' lang='lat' dir='ltr'><strong>Ci.</strong></span> <span class='ocrx_word' id='word_1_503' title='bbox 1151 5934 1215 6000; x_wconf 66' lang='lat'><strong>885.</strong></span> <span class='ocrx_word' id='word_1_504' title='bbox 1234 5960 1271 5976; x_wconf 89' lang='lat'><strong>-·</strong></span> <span class='ocrx_word' id='word_1_505' title='bbox 1287 5932 1331 5986; x_wconf 75' lang='grc'><strong>81.</strong></span> <span class='ocrx_word' id='word_1_506' title='bbox 1346 5928 1490 5996; x_wconf 65' lang='lat' dir='ltr'><strong>mutas·</strong></span> <span class='ocrx_word' id='word_1_507' title='bbox 1503 5926 1565 5980; x_wconf 78' lang='lat' dir='ltr'><strong>etl.</strong></span> 
     </span>
    </p>
   </div>
   <div class='ocr_carea' id='block_1_4' title="bbox 0 0 2176 7459">
    <p class='ocr_par' dir='ltr' id='par_1_5' title="bbox 0 0 2176 7459">
     <span class='ocr_line' id='line_1_52' title="bbox 0 0 2176 7459; baseline 0 0"><span class='ocrx_word' id='word_1_508' title='bbox 0 0 2176 7459; x_wconf 95' lang='lat' dir='ltr'><strong> </strong></span> 
     </span>
    </p>
   </div>
  </div>
 </body>
</html>
