4342 7459
439 1231 501 1298 ⁷⁰⁴
976 1232 1030 1294 os
1051 1231 1221 1296 ossrcrrs

441 1392 542 1457 amalo
563 1392 674 1461 virum,
696 1390 751 1472 qui
773 1388 907 1472 pecunia
929 1396 1028 1471 egeat,
1052 1410 1147 1473 quam
1169 1389 1351 1473 pecuniam,
1366 1408 1449 1473 quae
1464 1390 1561 1453 viro.»
1600 1389 1666 1454 Sed
1689 1409 1764 1456 cor·

438 1486 523 1570 rupti
551 1504 656 1547 mores
683 1484 908 1566 depravatique
935 1491 1009 1547 sunt
1029 1484 1236 1546 admiratione
1258 1483 1453 1547 divitiarum:
1483 1503 1614 1567 quarum
1638 1487 1764 1568 mapi-

438 1580 516 1643 tudo
540 1576 615 1660 quid
637 1577 676 1639 ad
698 1596 795 1639 unum
818 1597 978 1660 quemque
1001 1585 1142 1641 nostrum
1166 1577 1320 1660 pertinet?
1353 1576 1444 1639 lllum
1466 1576 1600 1640 fortasse
1622 1576 1763 1653 adiuvat,

439 1673 494 1756 qui
522 1671 626 1733 babet.
669 1672 716 1733 Ne
741 1669 773 1733 id
803 1670 931 1754 quidem
960 1689 1096 1753 semper.
1140 1670 1203 1733 Sed
1224 1669 1273 1732 lac
1296 1671 1420 1734 iurare:
1451 1670 1590 1735 utentior
1610 1691 1688 1736 sane
1711 1671 1763 1747 sit,

417 1763 601 1828 ebonestior
621 1780 697 1826 vero
720 1764 924 1846 quomodo?
954 1760 1046 1840 Quod
1070 1764 1096 1826 si
1120 1764 1219 1826 etiam
1235 1764 1338 1828 bonus
1361 1765 1422 1828 erit
1442 1764 1501 1839 vir,
1523 1782 1564 1827 ne
1587 1765 1765 1849 impediant

439 1856 567 1921 divitiae
596 1875 660 1938 quo
690 1857 796 1921 minus
824 1856 964 1931 iuvetur,
994 1857 1090 1920 modo
1113 1876 1154 1919 ne
1176 1856 1343 1930 adiuvent,
1366 1857 1473 1940 sitque
1495 1876 1589 1921 omne
1609 1859 1763 1924 iudicium

438 1972 521 2024 non,
551 1969 647 2034 quam
675 1949 833 2033 locuples,
863 1949 918 2012 sed
942 1950 1045 2035 qualis
1073 1950 1210 2034 quisque
1232 1952 1291 2013 sitl
1335 1951 1519 2014 Extremum
1542 1960 1649 2016 autem
1669 1973 1764 2038 prae·

438 2053 564 2128 ceptum
593 2045 626 2106 in
652 2039 814 2106 beneflciis
842 2063 1000 2127 operaque
1029 2044 1150 2118 danda,
1178 2063 1219 2107 ue
1241 2045 1318 2126 quid
1341 2052 1448 2107 contra
1470 2045 1664 2130 aequitatem
1687 2065 1766 2109 eon·

437 2138 560 2213 tendas,
582 2158 623 2200 ne
646 2136 722 2220 quid
744 2156 802 2219 pro
825 2137 957 2212 iniuria3
981 2136 1220 2199 tundamentum
1242 2138 1325 2200 enim
1348 2148 1395 2201 est
1416 2146 1589 2221 perpetuae
1603 2158 1764 2204 commen-

402 2250 429 2296 so
438 2231 577 2295 dationis
599 2239 631 2294 et
651 2227 752 2293 lamae
774 2230 909 2303 iustitia,
932 2232 1000 2293 sine
1022 2249 1086 2313 qua
1108 2232 1187 2293 nibil
1209 2238 1405 2313 potestesse
1427 2231 1597 2294 laudabile.

522 2326 609 2387 xxt.
642 2320 693 2385 72.
727 2324 806 2398 Sed,
836 2324 987 2407 quoniam
1017 2323 1057 2387 de
1087 2344 1126 2388 eo
1155 2343 1271 2407 genere
1298 2321 1523 2388 beneficiomm
1553 2322 1673 2389 dictum
1704 2335 1763 2402 est,

438 2437 518 2504 quae
539 2417 579 2480 ad
602 2417 744 2499 singulos
766 2424 924 2500 spectant,
945 2416 1097 2500 deinceps
1120 2418 1159 2480 de
1180 2419 1236 2492 iis,
1259 2437 1341 2501 quae
1363 2417 1402 2479 ad
1426 2418 1592 2482 universos
1613 2437 1763 2503 quaeque

438 2513 477 2577 ad
505 2532 572 2574 rem
600 2510 761 2592 publicam
791 2510 967 2593 pertinent,
996 2509 1223 2592 disputandum
1253 2518 1311 2575 est.
1354 2512 1471 2575 Eorum
1492 2520 1598 2574 autem
1620 2512 1763 2596 ipsorum

438 2606 552 2690 partim
574 2604 644 2672 eius
666 2602 752 2667 modi
775 2611 865 2676 sunt,
886 2611 922 2666 ut
943 2601 983 2666 ad
1007 2604 1171 2667 universos
1194 2605 1278 2667 cives
1300 2606 1487 2688 pertineant,
1509 2604 1634 2688 partim,
1657 2606 1764 2688 siugu-

400 2698 487 2764 relos
514 2707 550 2761 ut
577 2697 748 2779 attingant,
777 2716 860 2780 quae
888 2706 961 2760 sunt
988 2698 1081 2760 etiam
1111 2699 1259 2780 gratiora.
1301 2697 1413 2761 Danda
1433 2717 1530 2780 opera
1552 2707 1600 2761 est
1621 2700 1763 2774 omnino,

438 2794 464 2856 si
486 2793 596 2876 possit,
619 2792 772 2874 utrisque,
794 2810 853 2853 nec
874 2791 990 2864 minus,
1011 2798 1046 2853 ut
1067 2789 1162 2853 etiam
1186 2790 1319 2873 singulis
1342 2791 1544 2866 consulatur,
1566 2791 1623 2856 sed
1646 2793 1707 2868 ita,
1729 2800 1765 2857 ut

439 2905 476 2949 ea
497 2904 548 2948 res
570 2893 624 2947 aut
645 2886 745 2968 prosit
766 2892 821 2947 aut
842 2892 926 2947 certe
948 2903 989 2948 ne
1012 2883 1095 2946 obsit
1116 2883 1162 2946 rei
1184 2884 1340 2967 publicae.
1384 2883 1417 2947 C.
1434 2884 1566 2948 Gracchi
1588 2885 1765 2950 frumenta·

438 2981 486 3043 ria
513 2997 625 3060 magua
654 2977 796 3060 largitio,
827 2977 1033 3041 exhauriebat
1060 2978 1156 3061 igitur
1177 2977 1351 3041 aerarium:
1381 2977 1505 3042 modica
1529 2980 1569 3042 Μ.
1586 2978 1711 3050 Octavii
1733 2987 1766 3044 et

438 3073 485 3137 rei
513 3072 659 3155 publicae
685 3072 859 3135 tolerabilis
888 3080 920 3135 et
949 3071 1033 3156 plebi
1062 3072 1258 3146 necessaria,
1288 3091 1362 3153 ergo
1384 3079 1417 3134 et
1437 3070 1559 3135 civibus
1582 3081 1614 3136 et
1635 3074 1682 3137 rei
1705 3094 1764 3156 pu·

399 3168 537 3236 soblieae
559 3166 713 3229 salutaris.
757 3162 808 3227 73.
832 3167 867 3227 ln
889 3164 997 3249 primis
1020 3173 1125 3228 autem
1148 3163 1319 3227 videndum
1342 3164 1465 3239 arilei,
1489 3165 1544 3248 qui
1567 3183 1633 3228 rem
1656 3165 1765 3249 publi·

438 3280 506 3325 eam
528 3258 780 3332 administrabit,
808 3267 844 3322 ut
865 3279 955 3322 suum
980 3260 1117 3342 quisque
1139 3266 1244 3321 teneat
1264 3278 1370 3341 neque
1392 3258 1432 3321 de
1453 3259 1546 3321 bonis
1567 3259 1762 3341 privatorum

437 3353 565 3438 publice
594 3353 766 3416 deminutio
797 3352 861 3415 bat.
911 3353 1091 3415 Perniciose
1121 3352 1206 3416 enim
1234 3351 1398 3435 Pbilippus
1426 3352 1458 3414 in
1480 3352 1662 3426 tribunatu,
1690 3373 1763 3417 eum

437 3448 539 3531 legem
561 3448 714 3528 agrariam
736 3446 847 3520 ferret,
870 3465 964 3529 quam
987 3452 1092 3508 tamen
1115 3445 1272 3528 antiquari
1292 3444 1386 3508 facile
1407 3463 1521 3528 passus
1542 3452 1591 3508 est
1612 3453 1645 3508 et
1665 3445 1699 3509 in
1722 3465 1762 3510 eo

438 3541 641 3605 vehementer
668 3559 703 3601 se
730 3539 923 3603 moderatum
945 3539 1108 3622 praebuit,
1136 3538 1192 3602 sed
1215 3558 1285 3602 cum
1307 3539 1341 3602 in
1363 3539 1486 3621 agendo
1509 3538 1608 3600 multa
1627 3538 1762 3622 popula·

400 3636 523 3708 aeriter,
546 3642 612 3695 tum
633 3632 711 3696 illud
734 3633 825 3707 male,
846 3652 911 3695 uon
935 3634 1058 3696 esseio
1081 3634 1209 3696 civitate
1232 3632 1295 3694 duo
1318 3632 1404 3695 milia
1426 3631 1600 3704 bominum,
1621 3632 1762 3715 quirem

437 3729 600 3792 baberent.
644 3726 792 3809 Capitalis
814 3727 917 3788 oratio
940 3735 988 3789 est
1010 3725 1049 3789 ad
1072 3729 1293 3810 aequationem
1316 3726 1472 3789 bonorum
1494 3726 1674 3808 pertinens:
1697 3744 1764 3810 qua

437 3829 528 3906 peste
551 3838 634 3903 quae
657 3827 851 3902 potestesse
874 3820 995 3882 maior?
1038 3821 1128 3883 Hanc
1149 3820 1234 3882 enim
1257 3819 1297 3882 ob
1319 3839 1446 3883 causam
1469 3839 1626 3893 maxume,
1648 3827 1685 3882 ut
1706 3837 1765 3883 sua

437 3922 635 3988 tenerentur,
664 3934 715 3976 res
737 3913 882 3998 publicae
904 3914 1112 3998 civitatesque
1134 3914 1323 3977 constitutae
1346 3921 1429 3975 sunt.
1472 3914 1570 3987 Nam,
1597 3913 1658 3976 etsi
1681 3910 1764 3977 duee

438 4018 552 4074 natura
573 4007 843 4089 congregabantur
863 4008 1018 4081 bomines,
1041 4015 1146 4070 tamen
1169 4027 1224 4091 spe
1247 4006 1408 4070 custodiae
1430 4025 1533 4069 rerum
1556 4026 1685 4070 suarum
1708 4027 1765 4071 ur-

399 4104 523 4171 aobium
548 4100 705 4184 praesidia
728 4100 929 4183 quaerebant.
973 4098 1024 4162 74.
1053 4097 1163 4163 Danda
1185 4101 1277 4163 etiam
1301 4120 1398 4182 opera
1420 4108 1467 4162 est
1489 4119 1544 4173 ne,
1567 4100 1653 4182 quod
1676 4102 1763 4184 apud

439 4199 573 4262 maiores
600 4203 725 4258 nostros
753 4215 848 4278 saepe
870 4196 965 4258 tiebat
986 4204 1115 4278 propter
1136 4196 1247 4257 aerarii
1271 4194 1455 4256 tenuitatem
1476 4193 1763 4279 assiduitatemque

437 4292 609 4361 bellorum,
640 4289 789 4352 tributum
820 4287 862 4352 sit
882 4288 1127 4361 conterendum,
1157 4288 1254 4370 idque
1276 4309 1316 4349 ue
1339 4287 1463 4349 eveniat
1486 4288 1584 4350 multo
1607 4296 1680 4351 ante
1702 4291 1764 4353 erit

437 4384 678 4470 providendum.
728 4383 782 4445 Sin
814 4402 895 4466 quae
925 4383 1096 4445 necessitas
1126 4381 1220 4443 buius
1251 4382 1388 4445 muneris
1416 4381 1510 4443 alicui
1539 4382 1584 4444 rei
1614 4383 1762 4465 publicae

438 4479 601 4542 obvenerit
629 4514 670 4526 -
701 4476 783 4538 malo
811 4477 895 4539 enim
922 4475 976 4538 alii
1006 4494 1099 4558 quam
1129 4483 1253 4537 nostrae
1282 4476 1432 4548 ominari,
1465 4495 1569 4559 neque
1591 4482 1697 4538 tamen
1722 4477 1762 4540 de

399 4581 557 4648 aenostra,
579 4571 635 4634 sed
659 4570 698 4633 de
720 4570 806 4632 omni
828 4589 862 4632 re
885 4568 1012 4652 publica
1035 4570 1163 4651 disputo
1187 4603 1245 4642 -,
1268 4568 1371 4631 danda
1393 4570 1451 4630 erit
1473 4589 1570 4652 opera
1592 4577 1628 4631 ut
1650 4589 1762 4634 omnes

437 4666 632 4748 intellegant,
654 4666 680 4726 si
702 4665 780 4726 salvi
803 4682 872 4725 esse
895 4654 1003 4735 velint,
1025 4662 1205 4724 necessitati
1228 4682 1298 4725 esse
1321 4660 1503 4744 parendum.
1547 4664 1650 4746 Atque
1667 4664 1762 4728 etiam
1794 4655 1798 4663 ’

502 4881 526 4933 t.
544 4880 653 4930 utentior
669 4879 725 4940 Cp:
745 4877 871 4940 potentior
887 4873 944 4934 alii;
968 4875 1108 4939 opulentior
1125 4874 1277 4925 Lambinus.
1297 4901 1324 4911 -
1350 4876 1373 4925 6.
1393 4874 1451 4939 quo]
1469 4887 1530 4926 aec
1556 4902 1583 4911 -
1606 4877 1764 4943 luuestrsrp

438 4984 464 4996 -
484 4957 584 5020 siqueb
612 4980 639 4991 -
665 4955 690 5003 i.
703 4957 844 5003 ectrerncm
860 4952 1136 5002 catem--conteodas
1151 4952 1250 5001 Nonius
1268 4965 1292 5015 p.
1305 4952 1353 5001 259
1370 4964 1411 5013 sq.
1438 4977 1465 4986 -
1492 4951 1516 5000 9.
1534 4954 1764 5014 nepeta..00„.

436 5036 523 5086 tendas
539 5044 622 5092 omp
648 5057 674 5065 -
699 5029 739 5079 ⁴0.
758 5042 807 5079 esse
821 5032 900 5089 potest
917 5038 955 5088 op
980 5053 1006 5062 —
1032 5028 1071 5076 tl.
1092 5025 1218 5088 quoniam]
1237 5026 1318 5087 quob
1339 5052 1364 5061 -
1389 5025 1427 5073 te.
1447 5038 1512 5086 quce
1528 5025 1764 5092 cdetegulesspo.

436 5116 504 5162 etant
521 5109 701 5167 dictumestp
729 5129 756 5140 -
783 5103 888 5164 bisep,
910 5101 1011 5160 1ιοῖεῆ,
1033 5101 1112 5162 ttjsc
1140 5128 1166 5137 —
1200 5100 1240 5151 lt.
1257 5102 1354 5162 partlm
1371 5110 1427 5160 op:
1455 5112 1520 5162 qaae
1538 5101 1596 5161 (qus
1613 5101 1765 5164 rippam-m

436 5184 538 5237 BHeb
566 5208 593 5218 -
619 5179 803 5242 occupatore
831 5203 857 5213 -
886 5178 924 5226 ⁴5.
944 5177 1085 5239 attingotp
1106 5202 1131 5212 -
1151 5180 1186 5224 est
1202 5187 1284 5224 omo
1312 5201 1339 5211 -
1367 5175 1406 5223 ld.
1425 5180 1590 5236 utrumquec
1610 5201 1637 5211 -
1656 5179 1765 5241 unguas,

436 5272 518 5313 ome
539 5284 566 5295 -
589 5257 629 5305 ⁴7.
648 5255 678 5304 G.
691 5254 777 5317 procel
793 5265 808 5301 c
827 5277 854 5287 -
880 5251 910 5300 ⁴8
937 5252 1067 5301 cerarium
1083 5261 1167 5311 omp
1187 5276 1211 5284 -
1239 5249 1278 5298 ⁴⁹.
1297 5248 1529 5299 roteraodts--rer'
1543 5248 1659 5310 publicae
1675 5263 1764 5304 oms

438 5366 464 5374 -
479 5348 539 5400 erqo
556 5340 578 5383 et
595 5332 657 5382 ciuis
673 5334 696 5378 et
711 5342 759 5377 ree
774 5327 896 5376 salutans
913 5338 927 5374 c
945 5354 977 5362 -
994 5325 1162 5375 cociomo
1184 5349 1209 5358 -
1228 5324 1386 5373 seminatio
1403 5335 1440 5386 cp
1460 5351 1486 5360 -
1501 5326 1764 5386 perniciosam..

433 5424 522 5476 possus
538 5414 583 5468 est,
600 5409 627 5455 s'e
644 5419 672 5454 eo
683 5430 719 5440 -·
729 5401 845 5464 praebuit
860 5401 960 5449 Nonius
977 5412 1002 5463 p.
1013 5400 1054 5449 to.
1076 5422 1102 5434 -
1127 5397 1262 5460 pernitiose
1278 5400 1316 5448 ab
1339 5427 1371 5435 -
1392 5400 1432 5448 25.
1450 5405 1510 5448 tunc
1524 5399 1595 5447 illum
1611 5401 1677 5450 mete
1693 5414 1709 5464 p
1732 5430 1760 5441 -

434 5490 476 5538 26.
495 5488 579 5536 orello
595 5486 630 5532 est
647 5479 681 5528 ed
698 5477 816 5527 Blleb:
838 5476 921 5524 oratio
937 5475 971 5523 cd
992 5485 1042 5536 cp;
1067 5474 1149 5523 oratio
1165 5477 1188 5521 et
1205 5474 1270 5521 cdo
1296 5499 1328 5509 -
1353 5474 1536 5534 cequltoteorp
1564 5498 1591 5508 -
1617 5487 1669 5534 qua
1684 5482 1764 5537 pagg,

435 5575 500 5624 qace
515 5560 599 5609 emtor
614 5566 664 5605 esse
678 5556 756 5614 potest
773 5562 802 5613 ⁰3
829 5562 906 5611 quam
919 5549 994 5611 pestis
1010 5560 1075 5609 quae
1091 5548 1174 5596 motor
1186 5553 1266 5609 potest
1282 5560 1332 5596 esse
1352 5560 1369 5609 p
1397 5574 1423 5583 —
1450 5547 1491 5597 28.
1510 5552 1651 5598 tenerentur
1668 5549 1716 5600 ΒΗ
1726 5565 1760 5603 a:

435 5634 603 5688 tenereturb;
622 5633 731 5680 tenerent
748 5638 822 5689 opo;
841 5623 1037 5675 tuerenturalii.
1059 5650 1086 5659 -
1106 5623 1145 5672 32.
1164 5623 1196 5672 sit
1212 5622 1300 5671 omit
1320 5647 1347 5657 -
1366 5623 1440 5684 idque
1456 5633 1537 5671 cmc
1558 5649 1582 5660 -
1603 5623 1650 5672 eris
1666 5631 1762 5690 amp

439 5738 464 5747 -
485 5711 524 5759 33.
543 5710 636 5770 Sisque
652 5706 815 5755 necessitate
838 5726 864 5738 -
890 5699 930 5751 at.
949 5700 994 5748 alil
1011 5711 1042 5749 e:
1065 5698 1189 5754 allecem
1214 5709 1267 5745 om.
1281 5698 1300 5746 B
1312 5697 1406 5758 llbpo
1428 5724 1460 5733 -
1483 5702 1571 5745 nostra
1587 5698 1710 5748 comitare
1726 5700 1761 5760 Μ

437 5791 520 5835 nostre
535 5785 573 5832 ret
586 5797 618 5845 p.
632 5780 741 5831 ominari
757 5789 772 5827 o
789 5802 822 5814 -
839 5781 921 5825 taenea
938 5775 971 5825 C:
990 5779 1088 5823 metten
1105 5784 1130 5822 o.
1149 5775 1256 5832 (stamus
1273 5772 1441 5821 verissimum
1460 5773 1515 5821 est:
1534 5771 1598 5822 dicit
1615 5773 1686 5822 enirn
1705 5787 1762 5826 non

437 5873 504 5924 opus
527 5869 587 5907 esse
610 5869 641 5906 ea
663 5853 866 5919 deprecatione,
889 5851 951 5913 quia
973 5847 1115 5913 disputatio
1136 5848 1259 5911 suscepta
1282 5847 1316 5895 stt
1337 5859 1390 5896 non
1408 5844 1576 5895 deltomaoa
1594 5846 1763 5914 republica,

437 5932 530 5984 sedin
547 5932 702 5982 uniuersum
719 5927 754 5979 de
771 5925 844 5977 omul
859 5936 890 5975 re
907 5920 1039 5989 publlca.»
1060 5919 1163 5984 Zosas.)
1179 5945 1212 5959 -
1233 5921 1274 5971 ³5.
1292 5920 1347 5985 erit]
1364 5924 1399 5972 est
1416 5930 1463 5982 cp.
