4342 7459
372 1219 434 1287 308
699 1219 1021 1285 TUSCULANARUM
1042 1218 1372 1289 nlseaalaloallll

374 1382 454 1446 uitio
476 1387 538 1456 est,
559 1386 595 1443 nt
614 1378 780 1463 aegritudo
802 1380 844 1443 sit
864 1380 960 1444 animi
981 1379 1167 1445 adversante
1182 1382 1305 1445 ratione
1320 1378 1504 1444 contractio.
1538 1377 1593 1443 Sic
1605 1386 1700 1463 quat·

374 1485 445 1541 tuor
472 1474 723 1558 perturbationes
751 1480 842 1548 sunt,
875 1481 939 1537 tres
968 1474 1176 1550 constantiae,
1208 1474 1357 1559 quoniam
1390 1472 1592 1558 aegritudini
1610 1472 1702 1537 nulla

373 1568 552 1636 constantia
571 1569 751 1652 opponitur.

457 1664 525 1726 vll.
547 1663 610 1726 Sed
633 1681 743 1726 omnes
764 1660 1016 1745 perturbationes
1038 1660 1156 1724 iudicio
1179 1669 1309 1727 censent
1322 1662 1392 1726 lieri
1407 1670 1439 1728 et
1454 1660 1618 1745 opinione.
1640 1660 1704 1725 lta·

350 1772 438 1844 aque
460 1777 514 1821 eas
536 1754 691 1821 deliniunt
712 1757 868 1840 pressius,
889 1764 925 1820 ut
945 1755 1146 1837 intellegatur
1166 1776 1231 1820 non
1253 1756 1346 1821 modo
1369 1775 1464 1842 quam
1479 1755 1623 1830 vitiosae,
1645 1753 1705 1818 sed

374 1855 467 1918 etiam
496 1870 590 1935 mam
620 1850 654 1913 in
676 1858 785 1913 nostra
806 1849 871 1913 sint
892 1855 1059 1933 potestate.
1094 1849 1151 1913 list
1172 1870 1247 1933 ergo
1269 1850 1436 1933 aegritudo
1459 1849 1569 1933 opinio
1591 1867 1706 1914 recens

373 1946 448 2010 mab
470 1944 660 2029 praesentis,
681 1944 715 2007 in
737 1963 804 2027 quo
819 1941 942 2007 demitti
963 1942 1175 2027 contrahique
1195 1944 1300 2007 anima
1314 1951 1434 2008 rectum
1450 1963 1521 2008 esse
1536 1941 1704 2017 rideatur;

372 2039 493 2104 laetitia
514 2039 625 2122 opinio
647 2056 757 2102 recens
779 2037 855 2099 boni
878 2037 1069 2122 praesentis,
1091 2036 1125 2099 in
1148 2057 1213 2121 quo
1237 2037 1349 2102 ecferri
1371 2039 1490 2102 rectum
1510 2056 1580 2100 esse
1595 2035 1708 2100 videa·

372 2141 440 2207 tur;
467 2139 569 2196 metus
600 2130 709 2216 opinio
737 2130 950 2214 impendentis
977 2129 1064 2205 mali,
1095 2132 1182 2214 quod
1211 2131 1411 2195 intolerabile
1438 2151 1508 2195 esse
1537 2130 1704 2206 videatur;

336 2240 363 2286 aa
372 2224 482 2290 lubido
501 2224 615 2309 opinio
644 2223 767 2288 venturi
796 2223 889 2299 bani,
922 2223 1007 2307 quod
1035 2224 1077 2288 sit
1107 2245 1147 2289 ex
1168 2245 1228 2288 usu
1258 2228 1320 2289 iam
1342 2245 1493 2310 praesens
1514 2245 1585 2289 esse
1606 2232 1706 2310 atqm

372 2319 493 2385 adesse.
528 2314 579 2381 l5.
600 2318 663 2383 Sed
679 2337 762 2402 quae
776 2317 894 2381 iudicia
909 2337 1054 2402 quasque
1069 2318 1237 2403 opiniones
1251 2319 1523 2402 perturbationum
1538 2337 1611 2382 esse
1626 2317 1705 2392 dixi,

371 2435 435 2479 non
460 2415 493 2477 in
523 2412 569 2477 eis
598 2411 854 2496 perturbationes
876 2412 979 2475 solum
1002 2411 1122 2494 positas
1144 2431 1215 2474 esse
1238 2409 1365 2486 dicunt,
1387 2433 1496 2476 verum
1517 2411 1574 2477 illa
1597 2412 1706 2487 etiam,

372 2528 456 2593 quae
485 2503 666 2570 efficiuntur
691 2505 994 2589 perturbationibus,
1022 2513 1059 2569 ut
1086 2505 1251 2589 aegritudo
1281 2506 1374 2590 quasi
1401 2524 1539 2569 morsum
1562 2503 1705 2590 aliquem

373 2601 494 2666 doloris
516 2599 650 2675 efficiat,
678 2606 782 2664 metus
804 2619 963 2662 recessum
986 2600 1146 2682 quendam
1167 2598 1264 2661 animi
1287 2607 1318 2663 et
1339 2598 1461 2684 lugam,
1486 2598 1610 2664 laetitia
1630 2618 1707 2684 pro·

335 2696 474 2761 infusam
502 2695 709 2770 hilaritatem,
738 2694 848 2759 lubido
870 2695 1052 2757 effrenatam
1074 2692 1300 2775 adpetentiam.
1340 2692 1562 2777 Opinationer‘n
1585 2700 1706 2767 autem,

374 2810 469 2874 quam
491 2789 525 2852 in
548 2789 652 2853 omnis
673 2785 873 2852 definitiones
889 2787 1070 2869 superiores
1085 2787 1289 2862 inclusimus,
1311 2788 1421 2852 volunt
1436 2806 1506 2851 ease
1521 2778 1706 2851 inbecillam

372 2882 604 2949 adsensionem.
641 2877 692 2944 46.
716 2882 779 2945 Sed
810 2881 942 2964 singulis
971 2881 1261 2964 perturbationibus
1286 2891 1393 2964 partes
1415 2880 1557 2946 eiusdem
1578 2882 1707 2965 generis

371 2978 480 3064 plures
501 2976 711 3051 subiciuntur,
734 2983 768 3037 ut
789 2974 977 3058 aegritudini
991 2975 1164 3039 invidentia
1179 3009 1220 3022 -
1235 2976 1388 3039 utendum
1404 2982 1452 3040 est
1466 2975 1551 3040 enim
1566 2974 1705 3043 docendi

372 3091 468 3138 causa
491 3071 587 3135 verbo
608 3068 714 3133 minus
736 3069 865 3142 usitato,
887 3069 1037 3151 quoniam
1060 3067 1181 3131 invidia
1202 3088 1265 3131 non
1288 3069 1322 3132 in
1338 3090 1393 3145 eo,
1415 3069 1471 3154 qui
1492 3068 1631 3145 inridet,
1652 3088 1706 3133 aa·

333 3166 438 3230 solum
468 3164 602 3241 dicitur,
629 3162 685 3227 sed
716 3163 810 3226 etiam
833 3162 865 3225 in
888 3183 941 3238 eo,
970 3161 1021 3225 cui
1048 3161 1209 3227 invidetur
1223 3197 1278 3237 —,
1300 3162 1480 3237 aemulatio,
1502 3162 1705 3239 obtrectatio,

372 3257 603 3334 misericordia,
625 3276 733 3341 angor,
755 3256 875 3331 luctus,
897 3275 1032 3330 maeror,
1055 3274 1222 3331 aerumna,
1244 3255 1346 3332 dolor,
1368 3257 1563 3333 lamentatio,
1586 3257 1706 3323 sollici·

370 3352 465 3429 tudo,
487 3353 648 3427 molestia,
670 3350 853 3425 adflictatio,
876 3350 1056 3431 desperatio
1078 3356 1110 3412 et
1132 3352 1159 3414 si
1181 3371 1265 3435 quae
1286 3360 1361 3416 sunt
1382 3351 1422 3416 de
1444 3372 1559 3436 genere
1580 3351 1704 3417 eoderu.

372 3446 438 3511 Sub
452 3454 570 3524 metum
584 3452 689 3509 autem
704 3441 846 3508 subiecta
860 3453 932 3508 sunt
946 3443 1081 3527 pigritia,
1103 3445 1217 3529 pudor,
1238 3454 1350 3520 terror,
1372 3446 1477 3521 timor,
1499 3464 1610 3529 paror,
1625 3464 1703 3509 exa-

370 3540 514 3613 nimatio,
528 3537 739 3611 conturbatio,
750 3536 901 3611 lormid03
916 3537 1069 3619 voluptati
1084 3538 1306 3603 malevolentia
1322 3536 1455 3623 [laetans
1470 3537 1554 3603 malo
1568 3533 1702 3621 alieno]‚

333 3630 549 3707 aodelectatio,
571 3630 698 3695 iactatio
720 3637 752 3693 et
773 3629 901 3705 similia;
924 3630 1060 3693 lubidini
1074 3631 1129 3706 ira,
1152 3633 1430 3708 excandescentia,
1452 3631 1572 3707 odium,
1593 3632 1702 3696 inimi·

371 3729 458 3802 citio,
479 3723 654 3799 discordia,
676 3722 867 3807 indigentia,
889 3724 1081 3788 desiderium
1104 3734 1136 3789 et
1156 3735 1261 3791 cetera
1284 3728 1352 3791 eius
1375 3726 1471 3792 modi.

458 3821 537 3884 lllll.
559 3814 611 3882 l7.
632 3818 717 3881 llaec
739 3824 845 3881 antem
866 3815 1022 3881 deliniunt
1042 3817 1104 3882 boc
1126 3822 1231 3885 modo.
1266 3821 1474 3886 Invidentiam
1498 3840 1570 3885 esse
1592 3817 1703 3885 dicunt

371 3912 599 3997 aegritudinem
621 3918 800 3994 susceptam
823 3919 952 3995 propter
965 3912 1095 3976 alterius
1111 3934 1162 3977 res
1176 3917 1348 3990 secundas,
1370 3935 1453 3999 quae
1468 3914 1549 3978 nibil
1563 3919 1704 3978 noceant

372 4007 535 4072 inridenti.
567 4006 646 4070 Nam
675 4004 701 4069 si
724 3989 782 4088 qui
805 4003 911 4069 doleat
932 4006 1000 4069 eius
1021 4007 1116 4071 rebus
1138 4009 1301 4085 secundis,
1326 4029 1345 4072 a
1366 4030 1433 4094 quo
1455 4010 1523 4093 ipse
1546 4007 1703 4082 laedatur,

335 4118 438 4165 eonon
465 4108 551 4165 recte
580 4098 704 4162 dicatur
731 4097 891 4173 invidere,
919 4109 953 4162 ut
981 4101 1008 4164 si
1035 4101 1164 4166 Hectori
1186 4105 1396 4185 Agamemno:
1426 4103 1481 4186 qui
1502 4110 1626 4178 autem,
1652 4100 1704 4164 eui

373 4195 502 4259 alterius
525 4192 689 4257 commoda
711 4191 790 4255 nibil
812 4203 961 4269 noceant,
991 4204 1097 4259 tamen
1119 4216 1189 4259 eum
1214 4196 1320 4261 doleat
1340 4196 1390 4260 bis
1412 4194 1491 4271 lrui,
1513 4196 1541 4259 is
1564 4194 1706 4259 inrideat

373 4287 526 4372 prolecto.
558 4287 736 4351 Aemulatio
759 4294 864 4351 antem
888 4288 1057 4371 dupliciter
1077 4289 1132 4352 illa
1155 4290 1282 4374 quidem
1304 4290 1430 4365 dicitur,
1452 4296 1488 4353 ut
1509 4295 1541 4353 et
1560 4289 1594 4353 in
1610 4287 1705 4353 lauda

374 4390 407 4445 et
428 4381 461 4444 in
483 4382 560 4446 vitia
583 4401 699 4446 namen
720 4382 782 4445 hoc
805 4384 864 4455 sit;
886 4402 958 4446 nam
981 4392 1012 4446 et
1034 4383 1169 4447 imitatio
1192 4384 1317 4447 virtutis
1340 4383 1510 4447 aemulatio
1533 4382 1704 4447 dicitur-

374 4474 430 4539 sed
453 4495 491 4538 ea
512 4475 590 4539 nibil
612 4475 673 4539 hoc
695 4475 767 4540 loco
789 4478 924 4551 utimum
954 4484 1002 4540 est
1025 4478 1109 4541 enim
1131 4476 1234 4540 landis
1255 4511 1313 4552 -,
1335 4486 1367 4541 et
1388 4484 1437 4541 est
1457 4477 1629 4541 aemulatio
1651 4498 1706 4541 ae·

337 4569 517 4652 aegritudo,
539 4570 566 4631 si
589 4588 637 4645 eo,
660 4568 746 4654 quod
768 4570 979 4653 concupierit,
1002 4572 1083 4635 alius
1105 4572 1260 4656 potiatur,
1283 4574 1351 4655 ipse
1367 4578 1482 4635 careat.
1516 4565 1566 4632 48.
1591 4569 1707 4635 Obtre-

376 4662 470 4726 ctatio
500 4671 604 4726 antem
633 4671 697 4738 est,
727 4683 764 4726 ea
794 4683 888 4748 quarn
912 4665 1052 4747 intellegi
1075 4672 1267 4744 ζηλοτυπίαν
1289 4666 1379 4740 volo,
1401 4663 1567 4748 aegritudo
1591 4684 1633 4729 ex
1655 4685 1706 4742 eo,

376 4754 462 4839 quod
484 4756 565 4820 alter
585 4776 715 4841 quaque
736 4758 875 4841 potiatur
897 4778 944 4834 eo,
969 4759 1053 4842 quod
1076 4761 1145 4844 ipse
1166 4759 1393 4843 concupiverit.
1425 4757 1645 4825 Misericordia
1658 4766 1708 4822 est

441 5015 466 5068 4.
484 5017 616 5080 oppinione
632 5018 653 5067 G
672 5041 699 5053 -
720 5018 745 5067 6.
763 5030 822 5080 ergo
840 5018 874 5067 C:
893 5018 1008 5081 igilaro
1029 5045 1055 5055 -
1074 5022 1206 5085 aspritudo
1223 5033 1276 5070 om.
1296 5021 1326 5069 G¹
1345 5044 1371 5055 -
1391 5019 1416 5069 8.
1435 5018 1708 5068 laetitio-widem

376 5089 497 5155 supplete
515 5093 576 5142 sunl
593 5093 620 5141 in
637 5093 657 5141 G
676 5106 711 5142 m.
731 5104 786 5143 sec.
806 5093 832 5141 in
850 5106 932 5155 marg.
952 5093 1084 5144 interiore.
1105 5122 1132 5130 —
1153 5098 1192 5146 ts.
1211 5098 1335 5158 effrenata
1352 5097 1372 5143 G
1390 5119 1416 5129 -
1437 5094 1477 5143 tt.
1495 5093 1544 5143 Sed
1559 5093 1588 5142 iss
1602 5093 1708 5159 singula

375 5167 579 5230 (praepositione
596 5168 623 5215 io
640 5168 745 5231 punctis
762 5168 859 5230 notata)
877 5170 898 5217 G
918 5196 945 5207 -
966 5170 1004 5219 48.
1024 5168 1188 5233 subluantur]
1205 5168 1265 5218 vide
1282 5168 1316 5218 ad
1333 5168 1400 5231 §it
1416 5194 1443 5204 -
1461 5172 1491 5217 ast
1506 5168 1706 5231 aegritudini--

375 5241 416 5289 coi
432 5239 559 5291 incidetur
574 5242 673 5292 Nonius
691 5256 716 5307 p.
734 5241 792 5293 443.
813 5270 840 5278 -
859 5243 901 5293 ²2.
920 5244 1061 5307 wllectallo
1081 5257 1150 5294 corr.
1169 5245 1194 5293 in
1212 5242 1349 5307 capuam
1365 5244 1385 5292 ll
1404 5269 1431 5278 —
1450 5242 1491 5293 2³.
1511 5241 1670 5293 minatio
1684 5242 1707 5292 0

378 5342 405 5354 -
426 5316 467 5367 34.
485 5316 622 5379 uoluptatis
639 5316 658 5366 C
674 5343 701 5352 -
719 5315 760 5366 tl.
779 5316 949 5368 malivolentia
965 5318 1061 5368 lactans
1072 5345 1086 5355 -
1096 5345 1109 5355 -
1121 5325 1145 5368 st
1160 5317 1253 5367 sinilia
1264 5316 1363 5366 Nonius
1375 5329 1401 5379 p.
1416 5316 1457 5366 40.
1472 5342 1499 5353 -
1514 5316 1611 5367 «Recte
1622 5315 1706 5379 'l'reg-

375 5392 457 5442 derus
475 5405 506 5442 ex
525 5388 634 5441 Bentleii
651 5391 804 5440 coniectura
822 5391 903 5442 verba
922 5392 1018 5443 laetam
1033 5394 1101 5444 malo
1118 5394 1199 5444 alicoa
1216 5392 1291 5443 uncis
1308 5389 1422 5441 inclusit.
1446 5391 1514 5442 Cum
1531 5392 1604 5442 enlm
1616 5404 1650 5442 ex
1660 5392 1703 5452 lll,

375 5469 407 5518 60
424 5468 488 5518 entls
505 5464 707 5529 intelligebatur,
726 5466 789 5529 qnid
808 5470 881 5517 esset
896 5468 1080 5529 malevolentia,
1099 5471 1154 5519 turn
1173 5467 1207 5517 ab
1225 5479 1257 5516 eo
1274 5464 1342 5525 loco,
1361 5478 1415 5529 qno
1426 5468 1551 5528 quattum
1561 5464 1705 5531 pemurba·

376 5544 477 5593 tionum
498 5545 588 5608 partes
612 5541 713 5590 tentum
731 5541 907 5603 nominantur,
927 5544 1004 5595 unias
1020 5543 1208 5594 malevolentias
1225 5541 1342 5591 definitio
1359 5539 1443 5591 aliena
1461 5544 1530 5602 eret,
1552 5554 1622 5605 quae
1639 5540 1655 5604 l
1671 5539 1704 5591 aa

375 5617 485 5667 demum
503 5620 563 5682 post
578 5617 698 5681 priorum
716 5615 896 5667 definitionem
914 5622 986 5669 recte
1005 5620 1202 5683 consequitur.»
1220 5619 1279 5667 W.»
1300 5643 1326 5653 -
1348 5617 1389 5667 25.
1408 5616 1502 5666 ludim
1517 5615 1704 5665 lew-isiari-

374 5693 457 5753 ciliac,
475 5693 601 5742 discordia
618 5692 718 5742 Nonius
735 5704 761 5755 p.
782 5693 837 5743 tae.
859 5721 885 5730 -
909 5694 979 5743 libini
996 5697 1016 5743 G
1036 5722 1062 5731 ·-
1085 5694 1128 5744 09.
1146 5694 1168 5743 si
1185 5693 1228 5752 aui
1246 5692 1309 5741 GB:
1333 5690 1433 5752 sigalid
1449 5692 1469 5740 li
1488 5716 1515 5728 -
1535 5690 1576 5741 30.
1594 5690 1703 5743 baoewri

375 5767 423 5815 Gli
443 5791 469 5801 -
489 5766 529 5817 34.
548 5768 653 5817 cocula
670 5767 720 5817 Gli
740 5794 766 5801 -
789 5768 842 5829 frat
859 5767 889 5831 la]
905 5769 957 5831 frui
974 5782 999 5819 se
1016 5770 1114 5819 GR¹B¹
1133 5770 1167 5831 (in
1186 5770 1205 5817 R
1222 5780 1248 5816 se
1269 5767 1295 5816 in
1311 5766 1333 5816 is
1350 5780 1419 5815 corr.
1438 5778 1474 5816 rn.
1493 5766 1641 5817 admodum
1658 5777 1704 5815 re·

376 5842 461 5902 asoti,
480 5843 505 5891 in
523 5843 542 5892 B
560 5856 585 5893 se
602 5842 720 5893 deletum
738 5843 787 5905 eet)
808 5869 834 5879 -
854 5845 946 5893 incida
963 5845 982 5894 0
998 5870 1024 5879 -
1043 5843 1084 5894 34.
1103 5849 1126 5893 st
1142 5856 1195 5893 om.
1210 5844 1271 5891 G-
1291 5841 1423 5905 aegritudo
1442 5840 1579 5891 marso
1598 5842 1638 5900 Gt,
1658 5851 1704 5889 aa·

375 5917 480 5966 mulatio
496 5914 627 5979 glossema
645 5915 767 5969 redolere
785 5917 890 5971 videtur
907 5918 1017 5970 Halmio.
1040 5945 1065 5955 -
1087 5918 1128 5969 30.
1145 5917 1287 5979 zelotopiae
1305 5918 1341 5967 C.
