4342 7459
833 1787 1311 1884 uaunruenaevis

616 1996 738 2085 nn
815 1970 1102 2088 nano
1172 1999 1524 2088 arnan

694 2228 757 2286 EX
774 2225 1040 2289 sncursstoiti:
1059 2225 1264 2286 (immam
1282 2226 1446 2288 misr.

986 2448 1157 2459 ——

908 2628 1093 2690 NOTARUM
1111 2628 1241 2690 INDEX.

408 2782 428 2831 Α
445 2794 476 2817 =
491 2781 577 2831 codex
594 2780 731 2831 Leideusis
747 2781 888 2830 Vossianus
905 2793 978 2831 uum.
997 2778 1039 2831 st.
1075 2782 1213 2831 Lectiones
1231 2781 1371 2844 exscripsit
1387 2782 1417 2832 C.
1436 2780 1516 2834 fluxu.

407 2866 427 2914 B
446 2882 477 2906 =
493 2864 578 2914 codex
597 2864 730 2915 Leideosis
747 2864 888 2914 Vossianus
906 2877 979 2915 uum.
998 2863 1039 2914 86.
1074 2864 1195 2915 Excussit
1211 2865 1231 2916 1.
1250 2866 1280 2916 ti.
1299 2865 1401 2916 Barrxx.

408 2949 430 2999 V
446 2968 475 2993 =
493 2949 579 2999 codex
596 2947 807 2999 vindobonensis
824 2962 897 2999 uum.
917 2948 958 2997 LV
975 2947 1046 3011 apud
1065 2947 1184 2998 Endiich.
1219 2948 1341 2999 Excussit
1357 2949 1387 2999 c.
1404 2950 1530 2999 Senam.

409 3034 429 3084 C
445 3046 475 3071 =
492 3032 599 3082 codices
616 3033 705 3083 ABV.

409 3118 476 3168 0=
492 3117 645 3181 exemplum
663 3115 832 3168 Oreliiauum.

474 3212 616 3260 Praeterea
636 3208 670 3260 ad
693 3223 787 3260 manus
809 3211 886 3260 erant
906 3207 1033 3260 lectiones
1050 3222 1084 3259 ex
1101 3207 1238 3260 codicibus
1256 3208 1409 3273 Erlangeusi
1431 3213 1459 3261 et
1479 3209 1598 3262 Gudiauo
1618 3210 1737 3263 secundo

411 3296 573 3359 exscriptae,
592 3307 659 3359 quas
677 3306 772 3345 omnes
788 3296 912 3359 repetere
930 3295 1162 3358 operaepretium
1180 3307 1234 3345 nou
1251 3298 1294 3345 est
1309 3295 1404 3346 visum.

976 3446 1179 3460 m

920 3570 938 3609 ί
1215 3572 1233 3611 0

1066 3619 1084 3658 ί

496 3673 521 3734 Ι.
547 3666 576 3733 l.
604 3671 680 3753 quia
702 3669 841 3751 pertinet
862 3667 901 3731 ad
924 3688 1046 3743 mores,
1069 3669 1156 3751 quod
1178 3664 1255 3748 ἦθος
1275 3668 1321 3731 illi
1345 3679 1473 3745 vocant,
1496 3691 1555 3734 nos
1577 3690 1645 3734 eam
1668 3690 1740 3754 pax·

412 3774 475 3830 tem
507 3763 726 3848 philosophiae
757 3765 797 3825 de
827 3759 968 3827 moribus
996 3763 1156 3846 appellare
1186 3762 1340 3835 solemus,
1369 3762 1425 3826 sed
1455 3764 1546 3828 decet
1573 3774 1739 3849 augentem

413 3860 552 3942 linguam
584 3858 727 3919 latinam
759 3858 920 3919 nominare
951 3857 1124 3933 moralem;
1159 3854 1412 3940 explicandaque
1440 3858 1487 3922 vis
1518 3867 1567 3921 est
1594 3860 1740 3942 ratioque

413 3952 667 4015 enuntiationum
697 3970 779 4032 quae
802 3950 913 4012 Graeci
942 3949 1115 4031 ἀξιώματα
1143 3958 1271 4023 vocant,
1300 3969 1383 4033 quae
1410 3951 1449 4013 de
1476 3971 1510 4014 re
1536 3950 1641 4016 lutura
1669 3973 1739 4015 cum

414 4044 534 4127 aliquid
566 4043 675 4105 dieunt
706 4042 811 4125 deque
841 4063 879 4105 eo
907 4044 994 4126 quod
1025 4044 1126 4125 possit
1153 4040 1219 4105 lieri
1248 4051 1302 4106 aut
1329 4063 1392 4106 nou
1415 4047 1533 4125 possit,
1561 4066 1655 4129 quam
1678 4047 1764 4112 virne

414 4139 552 4202 habeant
574 4138 708 4200 obscura
732 4137 877 4219 quaestio
901 4144 964 4209 est,
991 4157 1083 4218 quam
1108 4146 1181 4217 περὶ
1199 4140 1344 4200 δυνατῶν
1367 4136 1550 4220 philosophi
1573 4139 1740 4222 appeliant,

415 4242 543 4315 totaque
566 4241 614 4292 est
638 4230 758 4311 λογική,
786 4249 880 4311 quam
905 4230 1056 4290 rationem
1080 4230 1257 4291 disserendi
1277 4250 1366 4292 voco.
1404 4230 1495 4305 Quod
1511 4240 1615 4294 autem
1631 4233 1662 4295 in
1678 4233 1741 4295 illis

416 4324 508 4388 libris
531 4325 611 4398 feei,
642 4324 794 4406 quisunt
824 4323 869 4383 de
902 4332 1043 4385 natura
1072 4324 1256 4397 Deorum,
1289 4326 1428 4406 itemque
1451 4324 1482 4385 in
1506 4326 1561 4398 iis,
1588 4344 1669 4408 quos
1695 4326 1742 4388 de

414 4419 653 4483 divinatione
676 4417 771 4491 edidi,
794 4426 830 4479 ut
852 4418 884 4477 in
908 4427 1073 4498 utramque
1097 4425 1216 4498 partem
1238 4425 1391 4499 perpetua
1406 4416 1617 4499 explicaretur
1631 4420 1742 4492 oratio,

414 4533 478 4597 quo
508 4512 632 4575 facilius
661 4511 692 4573 id
722 4531 741 4574 a
771 4532 899 4594 quoque
928 4511 1130 4593 probaretur,
1161 4510 1245 4592 quod
1278 4512 1392 4593 cuique
1421 4512 1558 4574 maxime
1580 4506 1779 4594 probabileto

415 4607 592 4679 videretur,
623 4606 654 4666 id
679 4606 712 4666 in
735 4605 794 4667 hac
817 4605 1032 4686 disputatione
1063 4603 1110 4667 de
1138 4603 1225 4666 lato
1256 4624 1348 4666 casus
1377 4603 1506 4687 quidam
1534 4625 1575 4667 ne
1604 4604 1741 4669 lacerem

414 4699 580 4782 inpedivit.
633 4696 664 4760 9.
687 4700 764 4760 Nam
788 4720 858 4760 eum
887 4717 989 4760 essem
1018 4699 1050 4759 in
1073 4698 1244 4761 Puteolano
1266 4699 1453 4780 Hirtiusque
1476 4708 1600 4773 noster,
1629 4700 1741 4763 consul

415 4794 613 4877 designatus,
637 4793 735 4855 isdem
758 4793 791 4854 iu
815 4792 911 4864 locis,
932 4792 981 4854 vir
1002 4792 1094 4853 nobis
1117 4792 1324 4855 amicissimus
1347 4800 1379 4855 et
1399 4792 1450 4854 his
1473 4792 1597 4867 studiis,
1619 4794 1651 4855 iu
1673 4794 1742 4877 qui·

414 4887 474 4950 bus
496 4907 557 4950 nos
578 4907 597 4949 a
619 4886 755 4969 pueritia
777 4885 931 4960 viximus,
954 4885 1096 4959 deditus,
1118 4886 1252 4948 multum
1274 4905 1338 4948 una
1359 4904 1502 4959 eramus,
1525 4886 1660 4949 maxims
1681 4905 1741 4951 nos

481 5116 624 5168 Exordium
643 5117 721 5167 huius
738 5115 812 5175 iibri,
837 5129 890 5178 quo
908 5129 952 5166 res
970 5128 1002 5165 eo
1021 5119 1145 5168 tractatas
1163 5119 1190 5166 et
1206 5116 1239 5166 ad
1257 5110 1363 5181 ἠθικὴν
1380 5114 1457 5166 etad
1474 5112 1741 5183 loyrxqvpertinsre

415 5195 509 5245 Cicero
526 5192 650 5242 docuisse
668 5193 781 5251 videtur,
800 5191 865 5242 Lud.
879 5192 1014 5254 chrysost.
1030 5192 1152 5242 Ferrueci
1165 5193 1190 5242 in
1204 5190 1263 5241 lolio
1276 5190 1449 5256 palimpsesto
1461 5204 1490 5241 se
1503 5193 1635 5242 invenisse
1648 5204 1743 5243 emen·

415 5271 475 5320 titus
493 5271 548 5326 est,
573 5269 647 5318 euius
669 5266 768 5317 iraudis
790 5265 953 5331 impudentia
977 5265 1083 5330 explosa
1110 5270 1149 5316 est
1166 5281 1180 5315 a
1198 5267 1267 5318 Frid.
1286 5266 1427 5317 iiitschelio
1444 5268 1470 5317 in
1489 5269 1570 5318 iiusei
1587 5268 1669 5317 iihen.
1688 5265 1740 5319 vol.

415 5345 448 5394 ix
465 5357 490 5408 p.
502 5344 550 5394 ies
567 5357 626 5406 sqq.
649 5369 674 5377 -
695 5343 718 5390 t.
732 5355 793 5402 quos
809 5344 875 5391 citos
892 5342 1013 5404 liehdig.;
1032 5355 1094 5406 quos
1111 5334 1171 5407 ἢθη
1190 5344 1281 5393 Graeci
1297 5349 1388 5392 uocant
1405 5344 1534 5393 ilanutius
1547 5368 1573 5378 -
1594 5342 1618 5391 2.
1631 5340 1743 5403 speltore

414 5422 482 5469 Α-
509 5418 533 5468 3.
552 5418 673 5466 moralem
690 5416 733 5468 V’:
757 5418 940 5467 moratttemc
966 5445 993 5455 -
1020 5418 1210 5479 sepelientis
1234 5446 1259 5455 -
1287 5420 1312 5468 7.
1331 5419 1409 5482 topice
1426 5418 1456 5476 V,
1480 5418 1542 5467 loics
1558 5417 1620 5477 ΑΒ,
1647 5417 1742 5480 loptcss

416 5494 484 5543 coni.
505 5494 602 5542 liumus
620 5496 646 5541 et
664 5493 794 5546 Davisius:
814 5497 840 5542 at
857 5506 963 5555 graeca,
982 5493 1085 5554 opinor,
1105 5506 1155 5541 non
1174 5492 1251 5543 latina
1269 5491 1461 5543 consuetudine
1479 5492 1630 5554 genetivum
1648 5491 1741 5541 Cicero

417 5565 561 5618 extulisset.
583 5593 609 5602 —
630 5567 653 5617 i.
672 5568 721 5615 iltis
739 5568 841 5617 Ernesti
855 5568 950 5618 Davisii
969 5569 1078 5629 vestigia
1095 5571 1212 5626 secutus,
1232 5569 1276 5630 qui
1294 5569 1324 5616 iis
1340 5569 1531 5630 proposuerat:
1550 5565 1607 5614 otiis
1624 5565 1643 5614 C
1661 5590 1693 5601 -·
1715 5563 1740 5614 8.

416 5643 442 5691 lo
459 5642 497 5692 dis
513 5643 556 5691 AV
575 5668 601 5677 -
628 5642 651 5692 9.
670 5643 793 5691 diuinatio
811 5641 839 5692 iu
859 5670 884 5679 -
909 5644 948 5692 ll.
968 5643 1087 5703 inpediuit
1104 5646 1137 5700 A.
1157 5642 1205 5692 sed
1222 5643 1268 5690 luit
1285 5643 1310 5692 iu
1329 5655 1393 5701 ras.,
1411 5641 1520 5702 inpeditis
1538 5637 1566 5689 D¹
1589 5668 1613 5678 -
1634 5639 1742 5689 hircius·

417 5730 465 5780 qus
482 5717 499 5765 Β
519 5741 545 5750 -
572 5716 610 5765 43.
630 5718 717 5766 iisdem
735 5718 815 5767 3pr
835 5744 861 5753 -
885 5718 923 5767 itis
939 5719 976 5768 C:
996 5717 1026 5764 iis
1043 5717 1063 5765 0
1082 5742 1109 5752 -
1130 5714 1169 5767 il.
1187 5717 1293 5766 multum
1309 5730 1361 5765 uno
1378 5727 1478 5765 numus
1495 5712 1539 5763 V':
1557 5714 1637 5764 multu
1653 5727 1741 5765 own·

416 5804 504 5842 remus
525 5794 563 5851 Α,
594 5792 642 5843 sed
665 5807 681 5841 n
704 5794 730 5841 ct
746 5807 789 5841 um
812 5794 837 5843 in
855 5806 924 5854 ras,
952 5794 1033 5843 matta
1049 5805 1210 5843 muneramus
1227 5792 1271 5854 θ’,
1299 5792 1572 5842 muttomuueraotus
1587 5788 1633 5852 Vi,
1661 5789 1742 5843 multo

417 5869 607 5919 amouimus
623 5866 654 5920 1³²
669 5866 773 5933 Erlaog.
