4342 7459
663 1281 733 1342 ns.
755 1279 809 1342 iv.
840 1278 912 1342 on.
935 1277 1257 1341 xxxv-xxxva.
1285 1275 1331 1361 §a
1353 1274 1486 1341 rt-eo.
1675 1260 1738 1328 32⁹

414 1440 486 1517 Quo
508 1440 605 1523 igitur
625 1438 705 1501 baec
727 1438 862 1520 erumpit
883 1437 1006 1500 molest
1028 1436 1102 1499 audi
1124 1437 1312 1521 Thyestem:

540 1533 658 1616 Ipsus
680 1532 867 1594 bortatur
889 1551 945 1593 me
968 1530 1106 1606 frater,
1128 1538 1168 1593 nt
1188 1551 1292 1594 meos
1314 1530 1431 1595 malis
1454 1531 1575 1595 miser

543 1626 765 1689 blandarcm
788 1633 905 1687 natos
929 1670 1033 1688 .....

415 1723 532 1785 Eorum
555 1720 676 1783 viscera
697 1720 837 1803 apponit.
870 1718 954 1794 Quid
977 1725 1026 1781 est
1047 1718 1131 1781 enim
1153 1738 1216 1802 qno
1238 1738 1299 1781 non
1324 1717 1544 1800 progrediatur
1557 1719 1668 1782 eodem
1691 1719 1737 1781 ira

417 1836 480 1900 quo
501 1813 612 1877 furori
639 1813 748 1896 ltaque
770 1813 867 1875 iratos
890 1813 1014 1897 proprie
1037 1813 1172 1875 dicimus
1194 1812 1298 1874 exisse
1321 1810 1360 1873 de
1382 1819 1550 1896 potestate,
1573 1812 1605 1874 id
1628 1821 1676 1876 est
1697 1812 1762 1875 doe

418 1909 566 1982 consilio,
588 1907 788 1981 donatione,
811 1908 850 1968 de
872 1915 994 1982 mente3
1022 1906 1134 1968 borum
1157 1906 1240 1968 enim
1263 1914 1400 1988 potestas
1422 1906 1455 1968 in
1478 1914 1576 1970 totum
1598 1909 1737 1970 animum

417 2023 486 2067 esse
508 2001 613 2065 debet.
648 1997 699 2061 78.
722 2000 778 2063 llis
795 2009 850 2063 aut
870 1999 1075 2063 subtrahendi
1099 2008 1172 2062 sunt
1193 2001 1241 2075 ei,
1264 2000 1298 2062 in
1317 2020 1398 2083 quos
1418 2001 1569 2083 impetum
1585 2008 1740 2064 conantur

414 2095 536 2171 facem,
559 2094 634 2156 dnm
657 2094 774 2177 seipsi
797 2093 959 2175 conligant
974 2127 1015 2140 -
1031 2094 1106 2177 quid
1130 2100 1178 2156 est
1199 2102 1302 2156 autem
1326 2113 1360 2155 se
1383 2093 1486 2176 ipsum
1509 2093 1657 2177 colligere
1678 2093 1739 2156 nisi

416 2190 595 2273 dissupatas
622 2188 719 2250 animi
749 2188 846 2271 partis
873 2207 998 2249 rursum
1024 2187 1058 2249 in
1079 2206 1172 2250 snum
1192 2186 1298 2251 locum
1320 2191 1456 2270 cogeret
1471 2222 1513 2232 —
1534 2195 1588 2251 ant
1608 2186 1740 2269 rogandi

416 2282 592 2366 orandique
615 2290 702 2354 sunt,
725 2290 774 2355 ut,
797 2283 822 2344 si
847 2301 940 2365 quam
964 2282 1080 2344 babent
1103 2281 1276 2344 ulciscendi
1294 2284 1372 2357 vim,
1395 2282 1541 2345 differant
1561 2283 1593 2345 in
1615 2290 1779 2364 tempnere

415 2376 517 2451 aliud,
539 2377 614 2438 dum
638 2374 832 2438 defervescat
853 2376 909 2437 ira.
943 2374 1163 2437 [refervescere
1186 2385 1289 2439 autem
1313 2383 1397 2439 certe
1421 2373 1576 2459 significat
1596 2374 1739 2437 ardorem

415 2472 511 2536 animi
534 2472 631 2533 invita
653 2471 773 2534 ratione
796 2472 974 2532 excitatum.
1008 2470 1055 2531 Ex
1074 2490 1137 2552 qno
1153 2469 1231 2531 illud
1249 2468 1398 2533 laudatur
1409 2472 1576 2556 Archytae,
1599 2471 1740 2554 quicum

415 2566 508 2631 vilico
536 2565 636 2629 lactus
665 2573 748 2627 esset
774 2564 901 2627 iratior:
935 2564 1032 2638 «Quo
1056 2571 1085 2625 te
1108 2560 1239 2637 modun,
1263 2563 1383 2646 inquit,
1415 2564 1648 2648 «accepissem,
1679 2559 1740 2623 nisi

415 2660 512 2723 iratus
536 2663 685 2721 esscmt»

496 2753 658 2816 xxxvtl.
681 2749 731 2814 79.
761 2753 820 2815 Ubi
849 2762 923 2815 sunt
951 2772 1025 2835 ergo
1047 2753 1115 2825 isti,
1144 2750 1198 2834 qni
1219 2750 1412 2813 iracundiam
1436 2751 1544 2815 utilem
1568 2752 1677 2814 dicunt
1697 2760 1777 2806 -te
1812 2774 1816 2780 ¹

413 2855 515 2932 potest
536 2846 625 2909 utilis
647 2867 716 2909 esse
739 2847 885 2909 insaniat
907 2853 1018 2908 -aut
1036 2845 1234 2909 naturalcm‘t
1256 2848 1303 2908 An
1319 2847 1488 2930 quicquam
1504 2855 1552 2909 est
1566 2846 1738 2909 secundnm

414 2950 569 3014 naturam,
592 2939 677 3023 quod
694 2937 727 3003 tlt
741 2949 938 3022 repugnante
954 2941 1096 3002 ratione?
1119 2960 1183 3022 quo
1199 2939 1293 3003 modo
1309 2949 1423 3012 autem,
1438 2942 1471 3002 si
1489 2939 1639 3002 naturalis
1655 2946 1740 3002 esset

413 3033 471 3107 ira,
493 3042 549 3096 aut
569 3033 649 3096 alius
671 3034 734 3096 alio
759 3034 857 3115 magis
880 3034 1051 3095 iracundus
1075 3042 1173 3107 esset,
1196 3043 1250 3096 ant
1271 3034 1364 3096 linem
1380 3033 1508 3096 baberet
1523 3037 1620 3117 prins,
1644 3052 1738 3116 quam

414 3135 496 3189 esset
518 3128 601 3200 ulta,
623 3127 795 3190 ulciscendi
819 3127 929 3199 libido,
951 3136 1005 3189 ant
1020 3146 1211 3209 quemquam
1237 3129 1413 3211 paeniteret
1428 3128 1512 3211 quod
1534 3126 1661 3189 lecisset
1683 3145 1739 3207 per

412 3222 511 3283 iram‘l
535 3228 570 3283 ut
591 3220 805 3282 Alexandrum
828 3240 933 3302 regem
950 3219 1109 3293 videmus,
1131 3221 1270 3303 quicum
1293 3221 1504 3284 interemisset
1521 3221 1633 3283 Clitum
1649 3219 1776 3282 tamt-so

411 3314 519 3376 liarem
541 3333 648 3398 suum,
672 3315 724 3375 vix
746 3335 764 3375 a
788 3333 821 3374 se
845 3334 956 3374 manus
972 3312 1142 3375 abstinuit:
1166 3322 1249 3375 tanta
1266 3315 1313 3375 vis
1328 3314 1386 3377 luit
1403 3314 1591 3397 paenitendi.
1615 3313 1739 3389 Quibus

413 3410 546 3490 cognitis
569 3409 641 3490 qais
664 3416 712 3468 est
734 3410 788 3490 qui
812 3408 934 3470 dubitet
956 3409 1031 3490 quin
1054 3407 1104 3469 hic
1121 3428 1249 3490 quoque
1273 3417 1377 3471 motus
1399 3411 1493 3471 animi
1515 3409 1555 3472 sit
1569 3416 1654 3471 totus
1669 3406 1739 3488 opi·

411 3502 523 3565 nabilis
553 3520 591 3562 ae
619 3500 839 3563 voluntarius?
874 3500 953 3575 Quis
980 3501 1064 3562 enim
1094 3501 1245 3563 dubitarit
1268 3503 1345 3584 quin
1375 3503 1609 3585 aegrotationes
1630 3500 1738 3571 animi,

411 3595 512 3678 qualis
536 3601 584 3655 est
605 3595 750 3667 avaritia,
773 3593 892 3675 gloriae
915 3594 1088 3676 cupiditas,
1112 3614 1151 3655 ex
1174 3613 1229 3666 eo,
1252 3593 1338 3676 quod
1363 3595 1466 3677 magni
1490 3604 1683 3658 aestumetur
1700 3613 1737 3656 ea

410 3710 475 3762 res,
507 3709 547 3750 ex
571 3708 632 3769 qua
654 3689 776 3749 animus
799 3681 954 3770 aegrotat,
985 3689 1149 3750 oriantnr‘l
1181 3687 1271 3750 Unde
1297 3689 1436 3771 intellegi
1460 3690 1554 3751 debat
1576 3687 1776 3770 perturba-u

412 3783 527 3844 tionem
550 3801 680 3862 quoque
703 3802 827 3844 omnem
851 3781 920 3844 ess'e
943 3783 974 3844 in
991 3783 1153 3864 opinione.
1189 3779 1240 3842 80.
1263 3784 1302 3845 Et
1323 3784 1348 3844 si
1372 3781 1514 3858 fidentia,
1537 3783 1632 3845 idest
1649 3778 1737 3843 firma

410 3878 505 3939 animi
528 3872 670 3947 conlisio,
693 3876 823 3937 scientia
847 3878 1001 3958 quaedam
1025 3886 1072 3937 est
1095 3883 1126 3936 et
1148 3876 1256 3958 opinio
1279 3878 1380 3957 gravis
1402 3898 1464 3939 non
1487 3886 1603 3940 temere
1624 3875 1737 3938 adsen-

410 3971 532 4042 tientis,
562 3976 662 4031 metus
693 3988 821 4051 quoqne
853 3978 901 4031 est
922 3968 1097 4031 diffidentia
1120 3971 1278 4050 expectati
1301 3978 1332 4031 et
1353 3970 1554 4054 inpendentis
1578 3970 1667 4043 mali,
1695 3979 1737 4041 et,

411 4063 436 4125 si
459 4084 532 4146 spes
557 4070 604 4123 est
627 4064 806 4144 expectatio
830 4063 923 4135 boni,
948 4064 1020 4124 mali
1044 4062 1295 4142 expectationem
1319 4083 1388 4125 esse
1404 4085 1533 4126 necesse
1547 4073 1595 4126 est
1610 4072 1736 4125 metum.

413 4152 461 4238 [Ut
485 4157 583 4237 igitur
606 4165 723 4224 metus,
747 4157 791 4217 sic
815 4155 956 4237 reliquae
981 4155 1233 4237 perturbationes
1249 4165 1322 4217 sunt
1338 4158 1368 4217 in
1386 4153 1490 4238 malo]
1516 4158 1598 4237 Ergo
1614 4164 1648 4217 ut
1662 4165 1774 4216 eon-³0

411 4254 523 4313 stantia
547 4251 715 4321 scientiae,
738 4250 782 4311 sic
807 4250 998 4331 perturbatio
1021 4250 1136 4310 erroris
1160 4259 1217 4310 est.
1253 4250 1314 4323 Qui
1338 4259 1442 4312 antem
1468 4260 1577 4312 natura
1592 4251 1739 4311 dicuntur

409 4343 550 4405 iracundi
573 4352 627 4403 aut
649 4344 866 4405 misericordes
889 4354 943 4405 ant
957 4344 1054 4405 invidi
1071 4351 1126 4402 aut
1141 4341 1202 4403 tale
1218 4344 1311 4423 qnid,
1334 4345 1362 4404 ei
1379 4354 1453 4405 sunt
1468 4344 1628 4427 constituti
1645 4344 1736 4424 qnasi

410 4437 488 4497 mala
512 4436 692 4498 valetudine
715 4438 826 4508 animi,
849 4437 1006 4497 sanabiles
1030 4446 1152 4507 tamen,
1177 4445 1211 4496 ut
1234 4436 1377 4498 Socrates
1399 4435 1522 4509 dicitnr,
1545 4456 1615 4498 cum
1639 4434 1736 4497 multa

419 4598 476 4605 —‚-
494 4598 639 4606 Q—--e-
651 4600 691 4604 —-
718 4599 729 4605 -
747 4599 822 4605 ....---
834 4601 837 4603 -
851 4599 937 4605 .»---
950 4597 1074 4605 ——nmw
1091 4597 1245 4604 .-.-...,-->
1287 4599 1289 4602 .
1309 4596 1442 4605 *—--—-—-
1458 4595 1735 4606 ...q-...mmm-

475 4691 495 4736 t.
512 4689 565 4749 Quo
577 4713 590 4722 ·
600 4714 613 4722 -
626 4689 732 4747 erunmtt
745 4687 877 4736 Davisius:
892 4688 945 4746 Ouo
957 4715 969 4723 -
980 4693 1076 4734 -erunt
1089 4689 1122 4739 tl:
1138 4689 1206 4747 Quor
1218 4712 1229 4720 -
1240 4713 1252 4721 -
1265 4688 1311 4734 crit
1323 4686 1372 4735 0-
1387 4688 1502 4747 thyestes
1513 4689 1601 4749 ipsum.
1614 4687 1737 4736 Hortatur

410 4764 442 4812 C:
459 4764 597 4824 Thyestem:
616 4763 708 4822 Impius
718 4763 834 4808 bor-tatur
847 4760 966 4823 Bentley.
976 4763 1003 4809 Ο.
1020 4762 1128 4810 vidend
1143 4763 1196 4811 Cic.
1211 4761 1244 4810 de
1257 4762 1326 4809 Orat.
1342 4763 1372 4810 ΙΙΙ
1391 4763 1473 4824 §ill
1489 4790 1514 4797 -
1528 4762 1551 4810 2.
1565 4764 1736 4809 bortatustme

410 4838 497 4887 botbe.
523 4864 545 4872 -
567 4837 590 4883 3,
611 4838 754 4885 Mondercm
772 4838 806 4885 0:
826 4835 874 4885 sed
894 4837 925 4887 cl.
947 4839 1049 4887 Lueret.
1072 4838 1101 4894 tl,
1115 4836 1175 4885 638:
1195 4836 1232 4884 Ne
1249 4836 1373 4883 Saturnus
1389 4850 1445 4883 cum
1461 4838 1553 4884 motis
1569 4837 1734 4883 mundaret

410 4914 519 4974 adeptus.
539 4939 571 4947 -
588 4910 611 4961 l.
631 4914 725 4959 uterere
743 4913 791 4959 Gli
812 4938 837 4947 -
858 4912 923 4971 quod
940 4925 988 4960 aon
1006 4913 1135 4960 Davisius.
1149 4938 1181 4945 -
1197 4912 1357 4958 eodemGtt:
1376 4924 1462 4959 eorum
1476 4913 1494 4960 B
1509 4937 1535 4948 -
1555 4911 1578 4959 8.
1597 4923 1622 4958 se
1638 4910 1684 4971 ipsi
1701 4908 1733 4956 u:

408 4991 457 5048 ipre
473 4986 520 5048 ipsi
538 4986 603 5040 ea;
623 4987 669 5047 ipat
685 5000 710 5034 se
721 4985 878 5047 Tregderus.
899 5013 921 5021 -
942 4987 952 5035 l
959 4989 981 5035 t.
1001 4990 1030 5035 de
1049 4988 1073 5035 in
1092 4988 1243 5047 deseromot
1260 5000 1312 5034 oui.
1327 4986 1357 5035 G¹
1369 5012 1395 5021 -
1416 4987 1455 5035 to.
1468 4987 1514 5050 Aa]
1531 4987 1596 5034 bunc
1613 4987 1632 5034 t:
1649 5012 1671 5020 -
1693 4982 1736 5047 est]

408 5076 431 5110 ev
447 5063 478 5118 lt;
498 5075 548 5110 esse
566 5062 613 5109 ΟΒ
635 5085 660 5095 -
687 5062 727 5110 t8.
745 5062 787 5109 iro
805 5073 858 5108 om.
878 5062 907 5109 Gt
928 5088 953 5097 -
982 5062 1020 5111 49.
1040 5063 1094 5110 utto
1111 5063 1255 5111 Manutius:
1281 5061 1370 5110 utloC
1392 5089 1416 5097 -
1438 5064 1602 5121 pastoratu
1612 5060 1736 5122 penitendi

408 5138 453 5186 Gil
476 5164 500 5172 -
526 5135 566 5183 25.
586 5137 686 5184 oriatur
702 5137 751 5184 GR
776 5140 802 5183 et
824 5137 906 5191 (corr.
927 5137 951 5183 in
970 5137 1093 5193 moratur)
1113 5137 1130 5184 B
1154 5163 1177 5170 -
1203 5135 1242 5184 28.
1258 5136 1424 5195 derideatioC
1448 5161 1473 5169 -
1499 5137 1538 5185 30.
1563 5137 1591 5185 Ut
1611 5137 1736 5199 igitur--

407 5217 462 5258 verat
478 5213 505 5260 tn
521 5209 598 5273 mmo]
618 5210 786 5265 «Obscurius,
806 5211 963 5271 praesertim
983 5215 1041 5272 post
1057 5211 1119 5259 moti
1137 5208 1212 5258 aliter
1229 5211 1358 5272 positum.
1378 5212 1419 5259 est
1435 5215 1492 5258 suut
1508 5212 1535 5259 ta
1551 5210 1626 5257 moto.
1653 5207 1735 5270 Vulgo

408 5286 557 5349 intelligitur
575 5298 634 5336 esse
658 5284 729 5333 idem
747 5284 818 5348 quod
836 5290 892 5332 runt
909 5286 935 5332 ta
951 5286 1025 5344 vitio,
1043 5288 1159 5341 vitiosam
1188 5283 1220 5333 cl.
1241 5287 1255 5347 5
1274 5283 1314 5334 tt.
1344 5285 1408 5337 Sed.
1428 5291 1457 5334 ut
1474 5286 1525 5334 boc
1542 5287 1576 5333 ite
1594 5286 1643 5343 sit,
1667 5297 1736 5346 quo·

409 5362 486 5410 modo
505 5359 567 5410 illud
587 5374 617 5407 ex
637 5360 680 5415 iis,
700 5372 768 5422 quae
787 5359 960 5421 praecedunt,
980 5359 1103 5408 concludi
1122 5360 1231 5423 potest?
1247 5362 1372 5422 Apparet,
1392 5361 1414 5408 si
1428 5362 1582 5409 or--mato
1594 5360 1734 5417 deleveris,

409 5435 467 5486 nibil
491 5434 646 5484 desiderari.
681 5436 729 5482 Per
751 5434 819 5495 Ergo
843 5434 943 5483 reditus
962 5434 989 5482 tit
1006 5434 1039 5482 ad
1058 5435 1181 5496 superius
1199 5432 1275 5482 illud:
1299 5434 1510 5494 perturbationem
1527 5448 1625 5497 quoque
1641 5449 1737 5484 aaran

409 5523 455 5559 aare
470 5513 504 5558 tn
521 5511 677 5571 opinione.
698 5508 734 5557 Cl.
751 5509 769 5563 l,
786 5509 829 5557 roe
842 5522 899 5571 squ·
920 5509 959 5557 W.
981 5508 1066 5556 Verba
1085 5513 1208 5571 suspecte
1228 5520 1276 5557 nos
1288 5509 1364 5557 uncis
1377 5507 1538 5558 inclusimus.
1555 5536 1579 5544 -
1601 5511 1640 5559 32.
1659 5511 1681 5558 ei
1700 5511 1733 5558 C:

409 5585 440 5632 eir
456 5586 476 5633 0
494 5610 525 5619 -
543 5582 583 5631 33.
602 5582 714 5631 cenobite
730 5588 765 5631 est
782 5589 864 5631 tamea
882 5584 901 5632 C
929 5609 954 5617 —
981 5583 1093 5631 Socratis
1109 5584 1209 5630 dicitur.
1233 5585 1313 5643 Quum
1331 5583 1364 5631 0.
1392 5585 1475 5632 «Cum
1499 5588 1688 5646 agnosceretur
1708 5585 1734 5635 in

411 5657 496 5707 verbis
513 5664 540 5705 ut
557 5659 672 5705 Socrates
688 5658 781 5704 dicitur
798 5671 849 5706 non
868 5656 967 5706 absolvi
986 5657 1156 5717 sententiam,
1176 5670 1225 5706 nec
1238 5657 1359 5707 satisfieri
1372 5660 1569 5716 constructioni,
1584 5658 1644 5707 inde
1658 5660 1734 5707 name

413 5733 531 5782 videntur
548 5730 724 5794 corruptelae,
745 5736 879 5795 tamquam
897 5734 1085 5788 correctiones,
1107 5729 1146 5780 vel
1164 5732 1283 5792 Socratis,
1302 5731 1344 5782 vel
1361 5734 1391 5780 de
1402 5734 1511 5780 Socrate.
1531 5733 1581 5782 Sed
1593 5732 1736 5782 manebant

413 5807 460 5858 duo
478 5811 549 5862 vitia.
569 5814 624 5856 tuni
642 5807 713 5869 quod
732 5809 870 5869 sequentia
889 5808 927 5856 sic
945 5805 1056 5869 abrupte
1075 5819 1090 5853 u
1109 5806 1293 5856 coniunctione
1307 5821 1363 5855 cum
1381 5807 1575 5865 inchoarentur,
1596 5811 1650 5856 turn
1663 5808 1734 5869 quod

413 5884 435 5929 in
450 5897 506 5931 amn
522 5883 665 5940 diceretur,
685 5883 787 5931 etiamsi
806 5884 842 5941 is,
862 5895 914 5944 quo
934 5881 1001 5931 istud
1021 5884 1180 5944 pertineret,
1199 5894 1249 5929 non
1269 5885 1340 5931 esset
1358 5883 1382 5931 in
1398 5882 1492 5930 eadem
1504 5882 1646 5931 verberum
1659 5896 1734 5933 corn-

413 5959 584 6022 prehensione
607 5956 762 6024 appellatus.
791 5959 847 6007 Non
871 5959 988 6008 sensisse
1011 5957 1135 6007 videntur
1156 5956 1286 6019 editores,
1311 5971 1364 6009 non
1387 5955 1487 6007 absolvi
1505 5955 1613 6019 quidem
1630 5957 1689 6017 ista,
1707 5964 1734 6009 ut
