4342 7459
807 1257 921 1325 nni
949 1256 1023 1322 cn.
1043 1258 1100 1320 111.
1129 1254 1174 1340 ss
1196 1254 1324 1321 e-ro.
1698 1253 1739 1318 aa

413 1448 530 1490 munus
552 1426 686 1490 homini.
729 1422 759 1488 8.
782 1426 844 1489 Sed
867 1446 954 1489 meos
976 1427 1110 1500 amicos,
1140 1427 1173 1489 in
1196 1427 1311 1510 quihus
1334 1434 1383 1490 est
1410 1426 1565 1501 studium,
1587 1428 1620 1489 in
1643 1425 1740 1488 Grae·

412 1523 495 1585 ciam
518 1524 608 1584 mitto
632 1517 677 1603 [id
700 1527 762 1594 est,
785 1521 824 1582 ad
848 1519 983 1582 Graecos
1005 1522 1051 1583 ire
1073 1517 1197 1603 iuheo],
1220 1528 1255 1583 nt
1278 1542 1314 1585 ea
1335 1542 1354 1585 a
1375 1522 1514 1585 lontibus
1536 1521 1642 1604 potius
1662 1517 1740 1581 hau·

410 1618 494 1678 riant
518 1635 613 1699 qnam
635 1614 753 1677 rivulos
776 1621 1003 1676 consectentur.
1042 1613 1133 1688 Quae
1155 1624 1257 1677 autem
1274 1635 1365 1678 nemo
1384 1614 1485 1678 adhuc
1502 1614 1661 1686 docuerat,
1682 1630 1740 1673 nec

411 1718 480 1774 erat
501 1710 587 1772 unde
610 1707 743 1770 studiosi
766 1708 846 1770 scire
868 1714 1014 1788 possent,
1037 1727 1075 1770 ea
1096 1716 1247 1791 quantum
1270 1710 1358 1791 potui
1373 1742 1414 1755 -
1429 1708 1507 1771 nihil
1523 1708 1605 1770 enim
1627 1724 1739 1785 magno

410 1822 510 1886 opere
539 1823 681 1866 meorum
710 1802 808 1864 miror
836 1834 879 1848 -
907 1802 967 1864 ieci
995 1811 1031 1864 ut
1056 1810 1161 1865 essent
1188 1810 1260 1866 nota
1287 1803 1412 1864 nostris.
1455 1800 1633 1863 hGraecis
1655 1798 1762 1860 enims

411 1898 476 1980 peti
500 1916 564 1959 non
587 1903 749 1979 poterant,
772 1915 808 1958 ac
831 1902 902 1977 post
923 1896 957 1957 L.
980 1897 1060 1959 helii
1082 1898 1180 1959 nostri
1203 1915 1347 1959 occasum
1369 1915 1408 1957 ne
1431 1894 1583 1958 aLatinis
1600 1891 1739 1975 quidem.

410 1992 450 2053 Et
472 2000 578 2053 tamen
601 1991 634 2052 in
657 1990 720 2053 illis
740 1989 900 2052 veterihns
922 1991 1053 2063 nostris,
1078 2010 1177 2073 quae,
1199 1990 1384 2071 Menippum
1407 1990 1535 2063 imitati,
1558 2008 1621 2051 non
1643 1987 1740 2048 inter·

410 2085 541 2168 prelati,
573 2084 708 2165 quadam
732 2082 890 2144 hilaritate
913 2085 1162 2165 conspersimus,
1191 2083 1289 2145 multa
1312 2082 1452 2145 admixta
1475 2103 1515 2145 ex
1539 2082 1647 2144 intima
1669 2077 1740 2161 phi-

410 2176 573 2260 losophia,
605 2176 703 2239 multa
731 2176 814 2237 dicta
842 2176 1020 2251 dialectice,
1052 2197 1116 2260 quo
1138 2177 1261 2240 facilius
1283 2177 1385 2238 minus
1407 2176 1489 2239 docti
1512 2174 1740 2255 intellegerent,

411 2272 606 2335 iucunditate
629 2270 765 2352 quadam
787 2267 828 2330 ad
851 2268 1017 2350 legendnm
1040 2271 1182 2344 invitati;
1210 2271 1242 2332 in
1264 2269 1514 2343 laudationibus,
1536 2271 1567 2331 in
1589 2267 1639 2329 his
1661 2265 1739 2349 ipsis
1749 2278 1777 2323 4ο

410 2365 637 2447 antiquitatum
660 2362 830 2446 prooemiis
852 2363 1040 2446 philosophe
1061 2364 1199 2427 scrihere
1215 2364 1389 2438 voluimus,
1412 2364 1439 2426 si
1461 2363 1556 2426 modo
1579 2356 1739 2424 consecuti

411 2478 532 2522 sumus.

495 2553 552 2614 lll.
574 2548 604 2613 9.
627 2554 706 2613 Tum
728 2572 805 2632 ego:
835 2552 929 2623 Sunt,
960 2550 1106 2633 inquam,
1134 2550 1210 2625 ista,
1241 2555 1351 2614 Varro.
1393 2553 1471 2613 Nam
1494 2571 1553 2613 nos
1576 2550 1608 2612 in
1631 2555 1740 2611 nostra

410 2646 488 2709 urhe
512 2645 745 2730 peregrinantis
761 2647 975 2727 errantisque,
999 2654 1158 2726 tamquam
1173 2645 1331 2725 hospites,
1354 2645 1398 2708 tui
1414 2645 1485 2707 lihri
1502 2646 1593 2727 quasi
1610 2643 1739 2705 domum

410 2740 625 2812 reduxerunt,
655 2747 689 2800 ut
715 2759 881 2821 possemus
903 2738 1076 2819 aliquando
1099 2738 1154 2820 qui
1177 2747 1209 2800 et
1231 2739 1284 2800 uhi
1308 2758 1447 2801 essemus
1470 2757 1648 2819 agnoscere.
1692 2737 1780 2796 Tute

410 2840 544 2895 aetatem
567 2833 705 2913 patriae,
728 2840 760 2893 tu
786 2833 1013 2916 descriptiones
1036 2839 1226 2913 temporum,
1249 2840 1283 2894 tu
1304 2852 1463 2895 sacrorum
1478 2834 1565 2906 iura,
1588 2842 1621 2893 tn
1637 2849 1741 2893 sacer-

410 2926 536 2997 dotum,
568 2934 601 2985 tu
636 2926 855 2997 domesticam,
888 2935 920 2986 tu
950 2924 1096 2986 bellicam
1126 2925 1344 3006 disciplinam,
1379 2933 1412 2986 tu
1442 2926 1548 2987 sedem
1573 2924 1739 3005 regionum

410 3019 571 3092 locorum,
603 3027 636 3082 tu
661 3019 801 3080 omnium
825 3019 1002 3082 divinarum
1025 3019 1296 3100 humanarumque
1319 3038 1423 3081 rerum
1446 3018 1589 3089 nomina,
1614 3036 1739 3098 genera,

411 3112 532 3187 officia,
564 3132 676 3175 causas
705 3113 875 3193 aperuisti,
904 3113 1142 3193 plurimumque
1172 3110 1255 3174 idem
1283 3113 1384 3193 poetis
1407 3112 1525 3173 nostris
1546 3111 1739 3191 omninoque

410 3207 534 3269 Latinis
557 3215 589 3268 et
611 3206 724 3267 litteris
747 3205 877 3267 luminis
893 3213 924 3267 et
939 3206 1043 3268 verhis
1060 3205 1210 3277 attulisti;
1235 3213 1331 3286 atque
1347 3206 1415 3286 ipse
1431 3206 1550 3268 varium
1567 3212 1597 3265 et
1612 3204 1776 3285 eleganstu

411 3301 498 3364 omni
521 3300 587 3362 fere
610 3318 741 3361 numero
764 3318 878 3380 poema
900 3299 1004 3361 iecisti
1026 3298 1323 3381 philosophiamque
1343 3299 1450 3361 multis
1472 3298 1550 3360 locis
1573 3297 1740 3371 inchoasti,

411 3396 449 3458 ad
478 3392 707 3476 impellendum
736 3393 828 3464 satis,
857 3392 897 3454 ad
921 3392 1118 3454 edocendum
1145 3412 1265 3474 parum.
1310 3389 1360 3455 lli.
1385 3393 1516 3454 Causam
1540 3399 1644 3453 antem
1667 3410 1740 3471 pro-

411 3488 548 3551 habilem
580 3495 614 3549 tu
648 3487 775 3569 quidem
805 3486 927 3560 adlers3
961 3496 1016 3569 aut
1045 3487 1130 3548 enim
1159 3486 1276 3548 Graeca
1303 3487 1408 3568 legere
1431 3486 1549 3548 malent
1571 3486 1624 3568 qui
1648 3492 1741 3548 erunt

411 3582 541 3653 eruditi,
563 3589 618 3643 aut
638 3600 679 3642 ne
701 3581 779 3642 haec
802 3580 930 3663 quidem
953 3582 1006 3663 qui
1032 3581 1085 3643 illa
1107 3581 1266 3642 nescient:
1297 3584 1353 3642 sed
1379 3600 1448 3642 eam
1479 3580 1553 3641 mihi
1577 3599 1641 3641 non
1663 3578 1739 3639 satis

412 3677 542 3759 prohas:
571 3675 668 3737 immo
691 3693 765 3737 vero
788 3674 920 3736 ethaeo
942 3675 995 3756 qui
1020 3673 1073 3735 illa
1097 3693 1160 3735 non
1183 3682 1349 3756 poterunt,
1379 3674 1487 3756 etqui
1510 3673 1628 3737 Graeca
1650 3681 1777 3755 pote-25

411 3779 482 3832 runt
511 3788 577 3831 non
607 3775 810 3829 contemnent
839 3786 905 3829 sua.
952 3766 1039 3841 Quid
1069 3768 1153 3829 enim
1181 3786 1296 3829 causae
1326 3776 1375 3830 est
1397 3789 1453 3830 cnr
1479 3776 1588 3850 poetas
1610 3767 1739 3828 Latinos

412 3863 538 3925 Graecis
561 3861 674 3922 litteris
698 3860 813 3922 eruditi
839 3862 960 3942 legant,
984 3860 1190 3942 philosophos
1212 3880 1278 3922 non
1300 3861 1429 3942 legant?
1452 3881 1492 3924 an
1515 3861 1589 3944 quia
1604 3861 1740 3922 delectat

411 3956 545 4030 Ennius,
568 3955 739 4025 Pacuvius,
762 3954 881 4027 Attius,
905 3954 993 4016 multi
1018 3954 1088 4026 alii,
1112 3956 1166 4035 qui
1183 3974 1246 4016 non
1262 3955 1375 4029 verha,
1397 3955 1452 4017 sed
1468 3956 1531 4017 vim
1547 3954 1738 4017 Graecorum

412 4056 635 4131 expresserunt
657 4052 844 4129 poetarum?
868 4047 995 4122 Quanto
1020 4048 1118 4128 magis
1142 4047 1323 4131 philosophi
1339 4048 1555 4122 delectabunt,
1577 4049 1621 4121 si,
1643 4054 1678 4109 ut
1693 4046 1738 4107 illi

412 4141 617 4225 Aeschylum,
649 4141 855 4222 Sophoclem,
885 4141 1088 4222 Euripidem,
1112 4141 1156 4201 sic
1180 4142 1212 4202 hi
1234 4142 1395 4203 Platonem
1419 4143 1597 4215 imitentur,
1619 4141 1775 4203 Aristo-³0

475 4377 498 4423 t.
518 4375 544 4422 id
564 4378 599 4421 est
620 4374 728 4420 studium
754 4372 874 4427 Dirrand,
900 4373 925 4420 in
945 4385 995 4433 qna
1017 4373 1146 4420 sententia
1165 4374 1260 4422 Cicero
1280 4375 1367 4437 potius
1383 4380 1418 4423 est
1434 4375 1479 4423 hoc
1495 4376 1603 4423 studium
1620 4374 1737 4425 dixisset.

414 4473 438 4484 -
457 4452 481 4497 2.
501 4449 578 4496 idest
595 4449 822 4497 odGr.ireiuheo
841 4446 967 4496 lambino
985 4451 1094 4496 auctore
1113 4447 1266 4497 inclusimus
1286 4474 1313 4483 -
1333 4462 1363 4496 eo
1381 4463 1393 4497 e
1409 4450 1427 4511 t.
1447 4452 1514 4498 coni.
1535 4449 1643 4506 Lamb.;
1663 4451 1739 4512 equi-

411 4526 471 4576 dem
494 4525 597 4574 malim:
627 4531 653 4572 ut
675 4539 708 4572 er
725 4524 833 4584 tontibus
850 4551 882 4559 -
910 4524 933 4572 3.
953 4536 1030 4584 quum
1045 4537 1068 4571 r.
1088 4524 1167 4583 cons]
1184 4524 1277 4571 rivulos
1294 4537 1369 4585 quom
1387 4529 1508 4573 sectentur
1525 4525 1582 4584 PV,
1610 4524 1659 4574 sed
1678 4527 1739 4575 inP

411 4613 484 4659 quom
502 4614 533 4648 er
552 4612 621 4647 corr.
646 4627 670 4634 -
699 4599 722 4648 l.
746 4613 894 4660 mnpnopere
918 4601 960 4647 Cr
979 4625 1000 4633 -
1034 4599 1058 4646 6.
1075 4600 1195 4658 peteret
1219 4624 1246 4632 -
1275 4599 1301 4645 l..
1321 4599 1382 4646 Aelii
1400 4600 1544 4649 htanntius:
1563 4600 1630 4647 icelii
1648 4601 1690 4648 Cr
1710 4626 1736 4636 -

410 4676 432 4723 4.
456 4678 600 4735 menippum
624 4674 721 4733 quidem
744 4675 834 4720 imitati
857 4688 915 4721 r-
942 4674 965 4720 9.
985 4686 1049 4733 quoe
1066 4686 1114 4732 quo
1133 4674 1219 4726 COr;
1245 4686 1293 4721 nos
1311 4687 1376 4733 quoe
1393 4674 1553 4731 delevimus,
1579 4678 1604 4723 Ρ.
1625 4674 1738 4723 labrum

410 4754 434 4798 et
452 4750 656 4809 Bernhardyum
675 4751 757 4797 secuti
776 4756 810 4807 (v.
831 4749 941 4797 Grundr.
962 4750 1005 4795 der·
1022 4755 1086 4796 rtim.
1107 4750 1243 4796 litterator
1261 4760 1286 4809 p.
1307 4748 1354 4795 630
1373 4748 1414 4796 ed.
1434 4751 1469 4810 0.]
1490 4776 1515 4783 -
1537 4751 1576 4797 to.
1595 4750 1739 4797 inuitauit}

412 4852 436 4860 -
456 4826 482 4871 iu
499 4825 530 4870 iii
547 4836 560 4870 r
579 4848 604 4856 -
626 4825 667 4872 44,
685 4826 786 4883 premiis
804 4827 847 4871 Gr
863 4852 885 4858 -
904 4825 1047 4884 philosophe
1063 4824 1175 4885 scripsi:
1193 4823 1343 4884 philosophie
1356 4824 1374 4871 C
1386 4836 1412 4875 r;
1429 4824 1593 4886 philosophice
1611 4826 1740 4874 Manutius

409 4902 434 4946 et
451 4900 485 4953 03
510 4898 542 4946 cl.
562 4898 596 4945 de
614 4897 745 4946 adiectivo
766 4899 924 4958 philosophus
940 4898 973 4946 ad
992 4898 1097 4947 Tuscul.
1117 4899 1147 4952 V,
1167 4897 1181 4959 5
1201 4899 1255 4945 rat.
1278 4924 1304 4934 -
1330 4898 1477 4947 troiumusl’
1499 4923 1525 4934 -
1550 4900 1590 4948 43.
1608 4906 1665 4948 sunt
1681 4913 1741 4947 uero

408 4975 454 5020 isto
472 4974 577 5032 inquom
595 4975 614 5019 G
634 4999 661 5007 -
681 4988 725 5021 nor
742 4975 766 5019 in
786 4981 870 5021 nostro
882 4988 1020 5021 --cuusos
1037 4975 1157 5033 operuisti
1175 4973 1252 5021 alleri
1269 4974 1428 5032 Augustinus
1447 4974 1480 5023 de
1498 4976 1546 5023 civ.
1561 4975 1602 5022 dci
1615 4976 1656 5032 Vl,
1669 4974 1694 5022 0.
1710 4998 1736 5009 -

410 5048 447 5096 tt.
466 5054 590 5107 munuum
608 5051 626 5098 P
647 5075 671 5082 ·-
693 5052 732 5097 45.
752 5051 906 5096 reducerent
923 5052 1099 5109 augustinns,
1120 5052 1146 5095 nt
1165 5047 1255 5096 lauth.
1275 5047 1372 5095 voluit:
1393 5050 1548 5098 deduxerunt
1566 5051 1644 5098 COr.
1669 5052 1739 5100 Bene

409 5124 529 5172 Durand:
551 5125 708 5170 «deducinuis
726 5124 833 5172 horroris
851 5137 945 5180 cansa,
965 5123 1012 5172 sed
1032 5126 1153 5172 errantes
1170 5124 1310 5171 reducimus
1323 5123 1519 5175 humanitatisr.
1548 5125 1620 5174 ldcm
1633 5126 1741 5176 contulit

409 5200 507 5247 incur.
527 5212 583 5246 sec.
604 5199 657 5245 Cic.
678 5197 746 5246 hart.
767 5213 789 5245 c.
810 5200 833 5245 3.
855 5201 924 5246 licut.
944 5214 965 5246 c.
987 5199 1026 5247 22.
1048 5201 1102 5245 Cat.
1124 5212 1158 5246 m.
1181 5213 1204 5245 c.
1225 5200 1265 5247 ⁴8.
1287 5226 1313 5233 -
1340 5200 1380 5247 46.
1399 5202 1550 5249 sacerdotem
1574 5203 1635 5261 t’v,
1656 5216 1739 5251 socer-

408 5273 491 5319 dotum
507 5286 614 5319 munero
634 5273 723 5321 Lanrh.
746 5297 770 5307 -
794 5275 832 5319 it.
852 5274 972 5335 bellicum]
989 5273 1115 5333 pubiicum
1136 5275 1328 5334 Augustinus-
1353 5275 1391 5324 48,
1412 5277 1522 5324 iocorum
1539 5279 1667 5340 reqionum
1684 5292 1736 5326 r-

408 5353 429 5394 et
446 5347 558 5393 mcomm
578 5346 667 5394 lamb.
689 5373 715 5381 -
741 5347 910 5394 humanorum
932 5349 1125 5407 divinorumque
1149 5348 1170 5394 V
1195 5375 1221 5382 —
1247 5351 1286 5399 49.
1304 5351 1489 5412 plurimumque
1510 5352 1573 5400 idem
1594 5355 1738 5400 Gruterus:

406 5422 544 5481 pturimum
561 5422 659 5480 quidam
678 5423 734 5472 Cr:
760 5423 981 5483 plurimumqueO
1008 5437 1068 5471 cunr
1089 5425 1147 5471 Bas.
1170 5450 1195 5459 -
1220 5438 1236 5471 u
1257 5427 1335 5485 poetis
1351 5426 1431 5474 APV
1451 5453 1477 5461 —
1505 5428 1545 5475 20.
1565 5425 1740 5487 cernicinum

409 5497 539 5545 llanutius
556 5496 613 5543 sine
632 5493 681 5542 ulla
701 5500 859 5545 necessitate
874 5524 899 5531 —
921 5500 960 5546 22.
981 5499 1132 5559 implendum
1150 5500 1266 5546 Gl'r—
1285 5501 1420 5549 docendum
1438 5503 1497 5547 V-
1518 5502 1556 5550 23.
1577 5502 1677 5548 mallent
1694 5503 1739 5550 GP

409 5571 451 5617 l'r
471 5597 496 5604 -
517 5571 558 5618 et.
578 5571 623 5616 hoc
640 5573 713 5618 Gar
732 5597 757 5606 —
777 5573 882 5619 nescient
901 5575 933 5620 G:
954 5576 1064 5621 nesciunt
1082 5574 1164 5621 hGl'
1175 5574 1217 5621 Or
1238 5602 1262 5608 —
1282 5576 1323 5622 sed
1340 5589 1395 5623 eam
1412 5578 1471 5623 mihi
1489 5591 1538 5624 nou
1554 5578 1614 5624 satis
1628 5590 1668 5636 pr.
1686 5578 1739 5626 Du-

409 5645 472 5693 rand
493 5646 548 5697 tsed
568 5646 609 5692 hic
628 5648 689 5692 sotis
705 5651 778 5704 nont:
803 5650 843 5695 sect
860 5662 890 5694 eo
908 5649 967 5696 mihi
985 5664 1034 5695 non
1053 5661 1114 5695 sono
1129 5662 1169 5707 pr.
1190 5651 1223 5701 G:
1243 5651 1333 5697 sedda
1351 5652 1410 5698 mihi
1427 5666 1505 5709 nunc,
1525 5653 1615 5700 satisne
1629 5651 1740 5711 probos?

409 5721 540 5769 attor
558 5723 585 5770 {P
602 5734 668 5767 nunc
685 5722 709 5769 in
729 5735 819 5769 rasura
840 5723 935 5780 hahet,
955 5737 968 5770 r
986 5724 1047 5770 sutis
1064 5722 1132 5782 nec),
1153 5725 1237 5785 possis
1255 5724 1333 5773 etiarn
1351 5727 1392 5774 ced
1410 5741 1464 5774 eom
1480 5727 1540 5773 mihi
1557 5741 1606 5773 non
1623 5740 1737 5787 sarie-pr.

411 5821 435 5829 -
456 5797 496 5843 25.
516 5809 564 5842 non
580 5802 714 5855 potuerunt
733 5799 776 5844 Cr
791 5821 815 5831 -
837 5804 859 5845 et
878 5799 920 5857 qui
938 5799 983 5846 Gr.
1001 5803 1117 5857 poterunt
1130 5812 1182 5847 ont.
1197 5800 1216 5845 V
1232 5827 1257 5835 -
1276 5808 1408 5862 potuerunt
1426 5805 1508 5850 Gr-
1528 5802 1570 5850 00.
1588 5809 1740 5853 contemnent

409 5870 552 5919 Victorius:
571 5875 728 5919 contemnunt
747 5873 790 5920 Cr
809 5900 835 5907 -
856 5874 895 5920 27.
916 5874 975 5932 quio
992 5886 1073 5921 om.r
1092 5899 1118 5907 —
1138 5876 1178 5923 ⁶28.
1198 5877 1281 5923 accius
1298 5875 1338 5924 vel
1357 5878 1436 5924 actius
1454 5878 1536 5925 Cr-
1555 5877 1604 5941 sed]
1623 5882 1668 5927 aut
1684 5892 1736 5927 r-

408 5944 448 5992 te.
467 5952 495 5994 ut
511 5946 556 6010 itti]
573 5946 667 6008 fuerint
685 5950 705 5995 G
727 5974 748 5983 -
772 5946 812 5995 30.
832 5948 968 5997 aeschinem
986 5950 1041 6005 Ρη
1060 5949 1168 5998 echinem
1184 5951 1236 5999 AV
1256 5977 1282 5986 -
1302 5951 1364 6000 sihi
1382 5953 1411 6000 (3¹
1432 5978 1457 5986 -
1476 5951 1599 6001 mirentur
1615 5955 1645 6002 G.
