4342 7459
445 1218 506 1285 itt
729 1229 784 1293 14Ε
804 1229 961 1295 alamus
981 1229 1179 1296 3044034444
1198 1230 1251 1293 ΕΤ
1271 1227 1472 1295 4444034444

526 1395 565 1458 44.
587 1392 617 1460 3.
638 1397 793 1460 Existimo
814 1399 925 1481 igitur,
952 1399 1097 1483 inquam,
1121 1400 1214 1475 Cato,
1236 1404 1359 1462 veteres
1379 1397 1452 1462 illos
1474 1398 1613 1461 Platonis
1635 1398 1759 1462 audito·

441 1508 509 1564 res,
539 1490 767 1575 Speusippum,
789 1493 1004 1566 Aristotelem,
1029 1494 1254 1566 Xenocratem,
1278 1493 1393 1555 deinde
1416 1512 1522 1555 eorum
1546 1492 1759 1566 Polemonem,

441 1581 693 1666 Theophrastum
715 1585 791 1648 sutis
813 1587 990 1670 etcopiose
1012 1594 1043 1649 et
1065 1586 1224 1668 eleganter
1240 1586 1388 1648 habuisse
1404 1586 1606 1650 constitutam
1621 1585 1761 1670 discipli·

441 1693 528 1750 nam,
550 1684 673 1741 utnon
695 1686 780 1741 esset
807 1698 901 1742 causa
923 1680 1059 1753 Zenoni,
1090 1698 1160 1742 cum
1183 1680 1382 1744 Polemonem
1404 1679 1561 1755 audisset,
1591 1700 1646 1744 cur
1668 1687 1699 1742 et
1720 1680 1760 1742 ab

418 1776 479 1830 teo
500 1769 568 1853 ipso
590 1779 621 1834 et
642 1791 661 1836 a
683 1774 897 1855 superioribus
920 1773 1107 1837 dissideret:
1129 1793 1263 1856 quorum
1286 1772 1346 1835 luit
1366 1773 1445 1835 haec
1460 1774 1626 1848 institutio,
1648 1775 1762 1858 inqua

439 1860 669 1930 animadvertas
690 1866 784 1930 velim
807 1866 883 1951 quid
905 1866 1090 1930 mutandum
1111 1874 1205 1948 putes
1226 1885 1285 1928 nee
1305 1873 1485 1950 exspectes,
1509 1868 1582 1930 dum
1598 1867 1638 1930 ad
1654 1869 1762 1931 omnia

439 1953 558 2031 dicam,
587 1977 669 2041 quae
696 1980 716 2023 a
743 1969 774 2024 te
803 1961 886 2024 dicta
911 1969 1001 2024 sunt:
1030 1960 1178 2023 universa
1201 1959 1285 2023 enim
1306 1959 1431 2022 illorum
1455 1960 1579 2024 ratione
1601 1981 1673 2023 cum
1695 1967 1760 2024 tota

438 2056 543 2111 vestra
563 2052 795 2136 confligendum
817 2062 904 2137 puto.
946 2050 976 2116 i.
1002 2054 1065 2129 Qui
1088 2074 1157 2117 cnm
1180 2054 1324 2116 viderent
1353 2054 1396 2116 ita
1418 2074 1477 2117 nos
1499 2075 1570 2118 esse
1592 2062 1700 2130 natos,
1726 2062 1762 2118 ut

439 2148 473 2204 et
499 2147 708 2211 communiter
734 2148 774 2210 ad
806 2167 859 2212 eas
886 2147 1016 2212 virtutes
1046 2149 1111 2232 apti
1134 2168 1289 2222 essemus,
1323 2167 1402 2231 qnae
1432 2157 1525 2211 notae
1557 2148 1760 2230 illustresque

404 2245 528 2311 tusunt,
558 2237 707 2305 iustitiam
735 2241 824 2317 dico,
854 2242 1109 2326 temperantiam,
1137 2250 1257 2306 ceteras
1286 2241 1412 2324 generis
1439 2242 1582 2305 eiusdem
1609 2274 1652 2285 -
1679 2259 1761 2323 quae

440 2351 550 2395 omnes
578 2335 697 2398 similes
724 2336 838 2399 artium
860 2336 1053 2421 reliquarum
1089 2335 1221 2398 materia
1249 2343 1369 2399 tantum
1396 2336 1435 2397 ad
1458 2335 1619 2398 meliorem
1641 2342 1761 2416 partem

440 2432 472 2488 et
494 2428 678 2493 tractatione
709 2431 857 2493 dilierunt
879 2466 935 2505 -,
964 2450 1081 2513 easque
1111 2429 1196 2512 ipsas
1217 2429 1349 2492 virtutes
1371 2429 1517 2492 viderent
1538 2448 1597 2491 nos
1619 2425 1762 2510 magnili-

440 2519 562 2584 centius
585 2532 733 2606 appetere
756 2532 787 2587 et
809 2523 985 2598 ardentius,
1005 2524 1123 2586 habere
1145 2523 1237 2585 etiam
1259 2521 1386 2585 insitam
1407 2523 1564 2605 quandam
1581 2523 1630 2585 vel
1652 2523 1761 2604 potius

439 2612 578 2678 innatam
608 2618 811 2701 cupiditatem
837 2619 1003 2692 scientiae,
1032 2626 1186 2700 natosque
1209 2636 1279 2679 esse
1302 2615 1342 2678 ad
1365 2615 1638 2698 congregationem
1660 2615 1763 2679 homi-

403 2718 515 2770 ttnum
537 2712 629 2774 etad
652 2714 832 2777 societatem
854 2713 1173 2792 communitatemque
1195 2710 1319 2791 generis
1340 2710 1487 2783 humani,
1519 2729 1621 2792 eaque
1643 2712 1676 2772 in
1697 2730 1763 2774 mu·

439 2802 534 2866 ximis
559 2805 695 2887 ingeniis
723 2807 860 2871 maxime
882 2806 1023 2879 elucere,
1051 2811 1150 2868 totam
1171 2804 1405 2886 philosophiam
1428 2804 1485 2866 tris
1507 2804 1541 2865 in
1563 2806 1662 2885 partis
1685 2806 1763 2869 divi·

439 2904 564 2972 serunt,
586 2918 679 2983 qnam
701 2900 900 2983 partitionem
922 2919 941 2962 a
961 2903 1089 2963 Zenone
1112 2918 1181 2961 esse
1202 2905 1354 2961 retentam
1369 2896 1522 2961 videmus.
1567 2895 1596 2958 5.
1621 2896 1762 2973 Quarum

438 3009 507 3053 cum
530 3012 593 3056 una
614 2993 671 3068 sit,
693 3014 758 3078 qua
779 3014 883 3058 mores
906 2993 1096 3058 conformari
1118 3000 1283 3076 putantur,
1306 2992 1416 3055 differo
1433 3011 1501 3054 eam
1525 2998 1659 3076 partem,
1682 3015 1762 3077 quae

439 3083 529 3164 quasi
560 3086 654 3170 stirps
682 3095 730 3150 est
759 3088 855 3152 huius
877 3087 1081 3173 quaestionis.
1126 3085 1189 3161 Qui
1212 3087 1253 3150 sit
1275 3085 1358 3147 enim
1382 3081 1452 3147 finis
1475 3085 1644 3160 honorum,
1671 3107 1762 3151 mox:

401 3176 499 3239 adhoc
525 3178 594 3244 loco
623 3188 743 3245 tantum
771 3182 859 3258 dieo,
884 3203 903 3246 a
924 3182 1084 3245 veteribus
1106 3179 1322 3264 Peripateticis
1344 3178 1620 3261 academicisque,
1651 3181 1706 3263 qui
1728 3201 1763 3244 re

438 3274 672 3338 consentientes
695 3275 855 3339 vocabulis
878 3276 1081 3348 differebant,
1104 3294 1176 3337 enm
1199 3274 1314 3347 locum,
1337 3292 1431 3357 quem
1454 3271 1579 3337 civilem
1601 3282 1685 3337 recte
1708 3294 1764 3357 ap·

437 3365 583 3447 pellatnri
605 3368 764 3444 videmur,
787 3370 897 3434 Graeci
920 3361 1102 3441 πολιτικόν,
1130 3367 1267 3449 graviter
1289 3374 1320 3429 et
1342 3366 1470 3448 copiose
1493 3385 1563 3429 esse
1585 3373 1763 3433 tractatum.

522 3460 575 3522 lII.
599 3462 702 3538 Quam
724 3464 822 3526 multa
844 3463 890 3525 illi
914 3463 952 3526 de
975 3482 1008 3525 re
1031 3461 1157 3545 publica
1174 3459 1383 3544 scripserunt,
1406 3479 1501 3544 quum
1517 3459 1616 3523 multa
1630 3460 1670 3525 de
1686 3462 1764 3547 legi·

436 3552 513 3616 husi
544 3575 636 3639 quam
665 3557 763 3621 multa
791 3578 854 3622 non
876 3556 980 3620 solum
1010 3562 1179 3639 praecepta
1201 3556 1234 3617 in
1257 3555 1391 3630 artibus,
1422 3554 1477 3617 sed
1500 3555 1595 3639 etiam
1618 3558 1763 3641 exempla

399 3646 470 3710 isin
500 3650 694 3716 orationibus
720 3651 802 3714 hene
831 3650 956 3714 dicendi
979 3650 1190 3735 reliquerunt!
1225 3648 1362 3711 Primum
1386 3648 1469 3711 enim
1492 3648 1563 3731 ipsa
1584 3647 1657 3724 illa,
1680 3671 1763 3734 quae

438 3742 593 3807 subtiliter
610 3744 793 3809 disserenda
808 3753 913 3820 erant,
935 3744 1033 3829 polite
1048 3752 1186 3828 apteque
1201 3742 1362 3817 dixerunt,
1386 3751 1451 3806 tum
1469 3740 1672 3820 definientes,
1697 3753 1762 3808 tum

437 3836 620 3917 partientes,
643 3846 678 3903 nt
698 3840 794 3903 vestri
817 3840 921 3915 etiam,
943 3838 1000 3903 sed
1022 3859 1078 3902 vos
1101 3836 1288 3922 squalidius,
1310 3837 1437 3900 illorum
1453 3836 1541 3900 vides
1558 3858 1652 3921 qnam
1666 3838 1764 3902 niteat

438 3930 549 3992 oratio.
593 3929 622 3995 6.
644 3933 767 3997 Deinde
789 3955 842 4008 ea,
872 3953 953 4017 quae
984 3932 1188 4017 requirebant
1209 3932 1382 3995 orationem
1406 3938 1548 3994 ornatam
1571 3940 1603 3994 et
1624 3950 1763 4014 marem,

438 4042 530 4106 qnam
552 4023 718 4108 magnifice
741 4037 815 4091 snnt
837 4028 919 4090 dicta
942 4028 980 4090 ab
1003 4027 1080 4100 illis,
1103 4046 1197 4110 qnam
1213 4024 1395 4108 splendide!
1419 4024 1458 4087 de
1473 4025 1607 4099 iustitia,
1629 4025 1669 4088 de
1685 4034 1764 4089 tem-

399 4125 429 4175 40
437 4118 592 4199 perantia,
614 4120 654 4183 de
675 4119 874 4196 fortitudine,
897 4120 936 4182 de
958 4120 1112 4195 amicitia,
1135 4120 1174 4182 de
1195 4128 1298 4183 aetate
1314 4119 1476 4201 degenda,
1498 4118 1537 4182 de
1553 4117 1763 4202 philosophia,

437 4210 477 4273 de
499 4214 696 4294 capessenda
718 4236 751 4278 re
773 4215 917 4299 publica,
939 4214 1142 4297 †hominum
1164 4215 1271 4296 spinas
1287 4212 1488 4287 vellentium,
1511 4222 1547 4276 ut
1568 4212 1682 4287 Stoici,
1704 4234 1762 4277 nec

438 4322 512 4367 ossa
533 4307 735 4382 nudantium,
764 4308 819 4371 sed
842 4330 968 4382 eorum,
998 4308 1053 4392 qui
1076 4308 1208 4390 grandia
1230 4318 1339 4372 ornate
1364 4309 1496 4384 vellent,
1519 4307 1684 4372 enucleate
1707 4309 1764 4371 mi-

438 4398 654 4467 noradicere.
691 4403 800 4484 ltaque
822 4421 904 4487 quae
926 4410 1001 4466 sunt
1023 4421 1133 4465 eornm
1151 4402 1397 4477 consolationes,
1421 4422 1503 4486 quae
1519 4403 1763 4478 cohortationes,

438 4511 521 4575 quae
544 4494 637 4557 etiam
660 4497 778 4559 monita
802 4505 833 4560 et
855 4497 988 4560 consilia
1009 4496 1126 4578 scripta
1149 4495 1189 4558 ad
1211 4516 1349 4558 summos
1365 4497 1466 4559 virosi
1490 4497 1565 4560 Erat
1579 4497 1662 4558 enim
1679 4497 1763 4580 apud

400 4595 507 4660 socos,
530 4595 565 4650 ut
587 4597 635 4653 est
656 4609 759 4652 rerum
782 4591 919 4673 ipsarum
942 4597 1069 4664 natura,
1097 4590 1143 4653 sic
1166 4588 1292 4652 dicendi
1315 4590 1497 4652 exercitatio
1521 4589 1649 4672 duplex.
1685 4590 1763 4653 Nam

439 4679 592 4764 quicquid
616 4685 791 4766 quaeritur,
821 4684 853 4747 id
882 4684 977 4747 habet
1005 4691 1059 4747 aut
1088 4684 1211 4766 generis
1234 4684 1332 4766 ipsius
1355 4684 1423 4747 sine
1447 4684 1591 4767 personis
1615 4685 1764 4767 tempori-

438 4773 562 4859 busque
584 4785 640 4841 aut
661 4777 700 4840 iis
722 4778 877 4841 adiunctis
898 4776 974 4840 iacti
995 4786 1050 4839 aut
1070 4778 1147 4840 iuris
1169 4786 1224 4839 aut
1237 4777 1375 4840 nominis
1390 4777 1645 4840 controversiam.
1677 4777 1762 4859 llrgo

438 4870 471 4934 in
493 4878 628 4956 utroque
650 4873 893 4948 exercebantur,
916 4892 1017 4955 eaque
1039 4871 1209 4956 disciplina
1230 4872 1334 4935 eliecit
1349 4878 1469 4934 tantam
1485 4869 1613 4933 illorum
1627 4877 1762 4953 utroque

504 5164 527 5212 4.
545 5162 672 5212 auditores
685 5162 823 5224 piotonisli
837 5188 864 5198 ·-
884 5162 909 5211 6.
922 5161 990 5226 quid]
1003 5162 1069 5223 quod
1079 5161 1100 5210 B
1112 5189 1144 5198 —
1161 5163 1309 5211 0404004004
1322 5166 1394 5223 puter
1405 5163 1439 5210 A:
1458 5160 1608 5210 imitandum
1621 5164 1692 5222 pates
1703 5161 1762 5219 BE,

433 5244 504 5303 putes
520 5239 667 5287 mumadam
683 5237 703 5286 Ο
725 5263 750 5272 -
770 5237 794 5285 7.
813 5250 830 5285 0
847 5241 870 5285 te
887 5236 930 5286 ed.
947 5238 1077 5288 Romana:
1097 5243 1155 5286 ante
1172 5236 1250 5287 codd.
1271 5238 1313 5297 (od
1329 5242 1350 5286 tc
1363 5237 1391 5296 G)
1407 5264 1433 5272 -
1453 5236 1492 5285 43.
1511 5242 1627 5298 oppetere
1643 5249 1695 5285 non
1708 5248 1762 5285 om.

437 5312 890 5376 E-iositomqucquoadamd133
909 5313 1010 5361 iontem
1026 5313 1099 5374 quasi
1115 5313 1244 5372 quondam
1262 5313 1281 5360 G
1298 5336 1321 5347 ·-
1341 5311 1387 5373 vel]
1405 5310 1479 5359 uelud
1495 5311 1514 5359 B
1528 5336 1556 5346 -
1575 5311 1615 5360 46.
1635 5311 1680 5359 tris
1697 5311 1761 5359 AB:

436 5390 522 5439 traso
541 5412 569 5425 -
590 5387 630 5437 47.
647 5400 699 5437 asse
719 5391 842 5436 retsotom
859 5388 919 5437 AB:
943 5393 1064 5437 retentam
1080 5388 1166 5437 esssO
1186 5413 1212 5423 -
1239 5385 1278 5437 48.
1297 5386 1328 5435 rit
1345 5398 1421 5445 quom
1437 5386 1489 5434 oris
1505 5386 1553 5435 BE
1573 5410 1599 5419 -
1618 5386 1765 5447 confimari

436 5466 515 5515 llic
534 5490 561 5500 -
584 5463 624 5512 43.
643 5463 686 5524 qui
703 5464 738 5511 A:
757 5462 812 5522 quis
828 5462 882 5512 Bll
898 5488 922 5498 -
942 5463 982 5511 44.
996 5464 1100 5511 sumit:
1119 5462 1189 5510 444004
1206 5463 1259 5512 4444
1274 5487 1300 5496 -
1319 5460 1360 5509 43.
1377 5460 1541 5522 poblicoom.
1555 5462 1574 5510 44
1587 5486 1620 5496 -
1636 5460 1677 5509 46.
1691 5465 1764 5521 opte-

436 5540 491 5605 qus]
508 5545 584 5601 atquc
599 5540 618 5588 B
633 5565 660 5575 -
679 5538 719 5587 49.
734 5538 763 5587 ds
779 5538 953 5599 temperentia,
972 5538 1002 5587 dc
1016 5538 1161 5599 tortitudine
1172 5563 1209 5574 -·
1220 5538 1250 5586 dc
1265 5537 1414 5597 capessendo
1430 5548 1459 5583 rs
1473 5534 1573 5596 publico
1590 5537 1649 5584 Get
1661 5534 1765 5598 iladvig

437 5615 471 5675 (in
489 5614 588 5674 adnot.)
598 5628 604 5662 :
627 5614 657 5662 de
674 5613 834 5675 tortitudine,
851 5639 865 5650 -
875 5638 889 5650 -
906 5613 935 5662 de
951 5615 1101 5674 capessenda
1117 5627 1145 5662 rs
1158 5627 1197 5675 p.,
1215 5613 1245 5661 de
1261 5612 1441 5673 temperantia,
1459 5611 1489 5660 ds
1503 5610 1650 5672 fortitudine
1666 5610 1686 5658 Α
1697 5611 1716 5659 Β
1726 5611 1762 5666 D;

437 5690 466 5739 ds
482 5690 625 5742 tortitudine
635 5714 672 5725 ·-
683 5689 713 5739 dc
729 5689 879 5750 capessendo
895 5700 922 5736 rs
938 5688 1052 5749 publico,
1070 5691 1100 5738 ds
1117 5689 1281 5751 tenperontia
1299 5689 1352 5738 niu
1366 5717 1391 5724 —
1412 5687 1452 5737 3⁰.
1471 5687 1501 5736 dc
1517 5685 1631 5734 amicitia
1648 5698 1701 5735 om.
1715 5686 1765 5735 ΒΕ

439 5788 466 5798 -
484 5764 524 5813 34.
542 5766 668 5814 hominum
683 5765 746 5815 AB:
766 5764 858 5813 bomini
875 5764 908 5820 Ε;
927 5777 971 5812 aec
987 5778 1057 5815 mors
1072 5765 1199 5813 hominum
1216 5776 1277 5814 cum
1295 5765 1381 5813 Marso
1393 5763 1425 5820 03
1444 5776 1513 5811 mors
1523 5761 1651 5810 bominum
1661 5774 1711 5809 ooo
1722 5758 1764 5809 olii

438 5838 510 5901 apud
522 5840 689 5889 Lambinum.
702 5838 741 5889 ct.
753 5851 780 5902 p.
790 5838 880 5888 4444-
892 5836 987 5899 404004]
999 5839 1028 5888 ds
1038 5838 1124 5899 spinos
1135 5838 1222 5895 ABC;
1242 5839 1270 5888 ds
1280 5838 1357 5899 spinis
1368 5838 1404 5895 4);
1422 5849 1467 5886 osc
1477 5837 1562 5898 spicas
1573 5839 1608 5895 G,
1621 5850 1670 5885 oca
1680 5838 1766 5897 spinos

440 5925 502 5963 cum
514 5913 665 5965 Heinriehio
677 5915 697 5964 0
711 5940 739 5952 -
757 5912 798 5966 33.
812 5925 877 5978 quos
888 5925 941 5963 om.
954 5913 974 5962 44
985 5938 1019 5950 -
1034 5913 1074 5963 34.
1087 5912 1128 5975 iis]
1145 5912 1183 5962 iis
1201 5912 1273 5963 4440
1288 5938 1314 5948 -
1329 5910 1406 5976 Erpo]
1424 5913 1501 5975 apoll
1515 5937 1543 5948 -
1562 5910 1602 5961 38.
1615 5910 1691 5976 smmi
1707 5910 1763 5961 444.
