4342 7459
666 1288 735 1353 Lus.
757 1287 812 1351 III.
841 1286 917 1352 Car.
939 1286 1259 1355 XXXV-XXXVI.
1287 1285 1334 1373 §5
1356 1285 1501 1354 tit-88.
1686 1285 1749 1354 tia

421 1470 516 1539 quam
538 1449 608 1534 ipse
630 1468 688 1535 por
708 1446 812 1513 scelus
834 1456 902 1512 erai
922 1454 1071 1525 nuncius,
1095 1451 1186 1534 qnasi
1202 1451 1316 1516 iustam
1333 1456 1364 1514 et
1377 1450 1549 1535 legitimam
1564 1450 1749 1515 hereditatis

420 1548 491 1613 loco
513 1544 581 1609 filio
603 1543 742 1609 inditia
785 1539 837 1606 85.
860 1544 961 1606 luviia
982 1545 1014 1607 in
1036 1545 1099 1608 hoc
1121 1545 1191 1607 loco
1214 1552 1357 1608 versatur
1378 1545 1499 1622 oratio;
1522 1544 1649 1609 ridetur
1664 1546 1749 1608 enim

419 1644 637 1706 auctoritatem
657 1637 781 1703 adferre
802 1637 972 1722 peccandi:
993 1646 1080 1701 recte
1096 1637 1272 1715 videretur,
1295 1640 1355 1703 nisi
1371 1647 1402 1704 ei
1417 1641 1541 1704 virtutis
1557 1639 1750 1703 elvitiorum

419 1740 488 1802 siue
510 1735 575 1799 ulla
597 1733 703 1797 diviua
725 1731 847 1797 ratione
869 1751 963 1815 grave
985 1732 1087 1815 ipsius
1103 1733 1317 1798 conscientiae
1338 1735 1462 1817 pondus
1477 1742 1575 1809 esset,
1591 1751 1662 1816 qua
1677 1732 1751 1794 suli-

417 1832 482 1895 laia
503 1831 608 1894 iacent
630 1827 746 1890 omnia.
779 1826 820 1890 lli
844 1826 928 1890 enim
950 1845 1010 1890 uec
1032 1827 1143 1889 domus
1166 1846 1225 1889 nec
1247 1846 1297 1891 res
1318 1828 1447 1911 publica
1468 1827 1590 1890 ratione
1613 1826 1774 1910 quadams

418 1932 450 1989 ei
472 1923 641 2006 disciplina
664 1922 829 2004 designata
852 1918 1014 1994 videatur,
1037 1921 1063 1983 si
1088 1920 1119 1981 in
1143 1940 1180 1983 ea
1201 1941 1261 1984 nec
1279 1931 1365 1985 recte
1380 1922 1471 1985 iactis
1486 1921 1626 2004 praemia
1641 1926 1751 1982 extent

417 2017 482 2083 ulla
510 2035 569 2080 uec
599 2015 757 2098 supplicia
787 2015 941 2096 peccatis,
970 2014 1021 2076 sic
1049 2013 1158 2077 mnndi
1189 2015 1296 2078 divina
1329 2012 1372 2099 [in
1394 2010 1551 2097 homines]
1576 2012 1749 2076 moderatio

417 2112 561 2198 profecto
583 2110 672 2173 nulla
694 2116 758 2183 eat,
781 2109 807 2171 si
829 2107 862 2170 in
884 2127 922 2171 ea
945 2106 1114 2171 discrimen
1138 2108 1259 2172 nullum
1282 2117 1331 2171 esi
1355 2109 1507 2172 bonorum
1531 2109 1749 2172 etmalorum.

503 2202 555 2267 86.
577 2207 619 2267 At
641 2203 724 2265 enim
747 2202 867 2264 minora
889 2200 922 2262 di
943 2202 1117 2284 neglegunt
1137 2221 1243 2286 neque
1258 2202 1377 2287 agellos
1393 2204 1590 2285 singulorum
1606 2221 1664 2264 nec
1679 2201 1751 2263 riti-

417 2299 505 2365 cuias
527 2305 737 2382 persecuntur
757 2316 835 2368 nec,
857 2296 883 2359 si
907 2295 1006 2358 uredo
1029 2304 1083 2359 aut
1106 2297 1225 2380 grando
1249 2298 1383 2379 cuipiam
1403 2298 1529 2370 nocuit,
1551 2297 1583 2358 id
1599 2297 1667 2360 lovi
1682 2295 1788 2357 aui-io

417 2391 678 2459 madvertendnm
707 2390 786 2464 fnii;
816 2409 856 2452 ne
884 2389 916 2451 in
945 2392 1052 2473 regnis
1074 2392 1201 2475 quidem
1224 2410 1314 2474 reges
1337 2393 1445 2456 omnia
1467 2392 1596 2454 minima
1619 2395 1749 2452 curant:

416 2491 462 2553 sic
485 2488 569 2551 enim
593 2485 717 2549 dicitis:
741 2484 830 2568 qnasi
853 2503 913 2567 ego
937 2484 1034 2565 paulo
1056 2495 1129 2549 anie
1152 2488 1191 2550 de
1214 2486 1313 2549 fundo
1333 2488 1500 2550 Formiano
1516 2488 1547 2549 P.
1564 2484 1673 2547 Rutilii
1689 2482 1749 2545 sim

416 2592 563 2669 questus,
586 2601 650 2643 nou
673 2578 713 2642 de
735 2579 850 2642 amissa
872 2578 983 2642 salute.
1022 2580 1167 2643 xxxvi.
1190 2585 1294 2664 Atque
1307 2580 1370 2644 hoo
1388 2580 1517 2664 quidem
1540 2596 1650 2641 ornnes
1666 2594 1750 2638 mor·

415 2678 495 2743 iales
517 2672 711 2747 eishabent,
740 2681 887 2736 exiemus
910 2672 1166 2748 commoditates,
1190 2676 1311 2749 vineta,
1341 2682 1477 2756 segetes,
1501 2674 1632 2746 oliveta,
1656 2671 1749 2733 uber·

415 2780 512 2837 tatem
534 2767 657 2852 frugum
678 2775 710 2831 et
725 2761 901 2840 fructuum,
924 2787 1050 2830 omnem
1066 2768 1205 2854 denique
1221 2770 1474 2852 commoditatem
1491 2768 1786 2852 prosperitatem-tc

417 2887 480 2953 que
504 2862 585 2928 ritae
609 2881 627 2927 a
650 2862 699 2925 dis
722 2881 756 2924 se
778 2858 915 2935 habere;
940 2862 1087 2926 virtutem
1110 2872 1214 2927 autem
1232 2884 1327 2928 nemo
1343 2882 1495 2947 nmquam
1511 2869 1671 2945 acceptam
1686 2858 1748 2921 deo

415 2957 546 3024 rettulit.
590 2951 643 3019 87.
666 2958 821 3019 Nimirum
845 2963 950 3030 recte;
973 2967 1104 3040 propter
1125 2960 1272 3022 virtutem
1295 2960 1377 3021 enim
1401 2958 1469 3021 inre
1492 2957 1657 3019 laudamur
1672 2954 1747 3016 etin

414 3052 529 3116 virtute
551 3058 634 3114 reete
658 3051 847 3134 gloriamur:
871 3050 956 3133 quod
980 3072 1043 3115 non
1066 3054 1277 3134 contingeret,
1301 3053 1327 3115 si
1350 3051 1381 3115 id
1406 3053 1522 3115 donum
1546 3050 1659 3121 adeo,
1682 3067 1746 3111 non

415 3147 547 3213 anelis
569 3146 767 3209 haberemus.
804 3147 942 3233 At'vero
964 3152 1018 3207 aui
1046 3144 1217 3209 honoribus
1240 3147 1321 3210 aucti
1344 3155 1452 3210 autre
1475 3144 1620 3208 familiari
1643 3142 1746 3204 anisi

414 3242 500 3308 aliud
524 3240 688 3326 quippiam
716 3238 800 3301 nacti
827 3258 935 3302 snmus
963 3237 1084 3302 fortuiti
1114 3240 1189 3303 boni
1211 3249 1266 3304 aut
1287 3241 1467 3323 depulimus
1491 3240 1579 3311 mali,
1608 3245 1675 3301 tum
1697 3235 1785 3297 disto

414 3336 530 3419 gratias
560 3335 697 3417 agimus,
726 3341 791 3395 ium
823 3331 901 3394 nihil
932 3341 1060 3395 nostrae
1090 3331 1176 3396 laudi
1207 3336 1409 3416 adsumptum
1432 3333 1627 3397 arbitramur.
1665 3331 1745 3393 Num

414 3430 501 3514 quis,
529 3427 616 3511 quod
640 3429 743 3490 bonus
766 3428 812 3490 vir
834 3436 933 3501 esset,
964 3430 1080 3509 gratias
1102 3428 1152 3489 dis
1174 3430 1238 3510 egit
1265 3432 1441 3513 umquam?
1475 3432 1515 3491 At
1537 3425 1622 3511 quod
1647 3425 1745 3499 dives,

414 3522 498 3609 quod
527 3521 716 3595 honoratus,
746 3519 833 3605 quod
855 3521 1033 3583 incolumis.
1067 3521 1236 3606 lovemque
1259 3528 1422 3605 optumum
1447 3529 1478 3584 et
1500 3539 1681 3583 maxumum
1705 3518 1745 3580 ob

413 3639 467 3683 eas
497 3637 548 3682 res
570 3616 750 3699 appellant,
777 3635 841 3678 non
865 3616 952 3699 quod
975 3635 1034 3679 nos
1057 3617 1175 3691 iustos,
1203 3624 1409 3699 temperatos,
1439 3617 1598 3699 sapientes
1620 3610 1744 3687 eficiat,

413 3711 468 3778 aed
498 3709 585 3795 quod
615 3709 735 3783 salvos,
768 3710 954 3783 incolumis,
987 3710 1173 3793 opulentos,
1208 3714 1364 3794 copiosos.
1405 3708 1456 3774 88.
1482 3712 1593 3794 Neque
1615 3707 1781 3770 Herculis

412 3806 582 3891 quisquam
606 3806 769 3867 (lacrimam
792 3804 878 3867 vovit
900 3824 1067 3887 umquam,
1098 3806 1123 3867 si
1147 3807 1274 3888 sapiens
1297 3805 1397 3869 factus
1420 3813 1523 3868 esset:
1553 3822 1743 3887 quamquam

411 3899 620 3985 Pythagoras,
650 3919 720 3960 cum
750 3898 783 3959 iu
813 3898 985 3980 geometria
1016 3897 1166 3981 quiddam
1195 3900 1269 3961 novi
1293 3900 1481 3973 invenisset,
1510 3898 1609 3961 illusis
1630 3896 1743 3957 bovem

411 3991 625 4056 immolavisse
648 3990 778 4065 dicitnr;
802 3990 857 4053 sed
881 3992 911 4054 id
936 3992 1065 4075 quidem
1090 4013 1151 4055 non
1175 3994 1287 4068 eredo,
1310 3995 1459 4077 qnoniam
1479 3992 1533 4055 ille
1549 4014 1589 4055 ne
1603 3989 1743 4072 Apollini

412 4087 542 4172 quidem
571 4085 662 4149 Delio
692 4085 829 4148 hostiam
859 4084 1023 4147 immolare
1054 4088 1169 4162 voluit,
1200 4106 1239 4150 ue
1266 4108 1352 4150 aram
1375 4089 1529 4171 sangnine
1552 4092 1742 4170 aspergeret.

410 4180 459 4244 Ad
482 4200 547 4243 rem
570 4188 675 4243 autem
699 4190 734 4242 nt
755 4177 898 4254 redeam,
928 4179 1081 4242 indicium
1105 4181 1164 4243 hoc
1188 4184 1328 4245 omnium
1352 4183 1530 4246 mortalium
1554 4192 1616 4255 est,
1644 4182 1781 4243 forta-⁸⁰

412 4296 484 4338 nam
507 4295 524 4336 a
548 4275 608 4338 deo
632 4275 817 4357 petendam,
848 4294 866 4336 a
895 4295 928 4336 se
958 4276 1029 4357 ipso
1054 4276 1239 4339 sumendam
1263 4296 1332 4339 esse
1355 4278 1553 4359 sapientiam.
1592 4276 1743 4352 Quamvis

412 4370 485 4432 licei
506 4368 605 4431 liienii
629 4369 758 4431 delubra
782 4378 812 4431 et
832 4370 945 4432 Virtuti
968 4379 999 4432 et
1021 4369 1109 4433 Fidei
1131 4390 1366 4443 consecremus,
1391 4381 1493 4434 tamen
1510 4371 1588 4434 haec
1603 4373 1635 4433 in
1652 4372 1743 4433 nobis

412 4464 490 4547 ipsis
513 4466 573 4526 sita
597 4463 762 4526 videmus:
795 4464 887 4546 Spei,
919 4463 1052 4538 Salutis,
1082 4464 1175 4548 Opis,
1199 4465 1355 4528 Victoriae
1377 4466 1509 4529 facultas
1533 4487 1550 4529 a
1573 4466 1623 4529 dis
1646 4487 1743 4548 expe·

1559 4594 1740 4603 ——--

410 4671 491 4721 quem
509 4661 597 4707 tamen
614 4658 740 4706 Timaeum
752 4656 886 4718 quendam
900 4658 1060 4707 exstruxisse
1074 4660 1185 4707 testatur
1196 4659 1331 4709 Moschion
1343 4672 1384 4723 ap.
1399 4661 1563 4710 Athenaeum
1576 4661 1598 4706 V
1610 4674 1635 4725 p.
1649 4662 1697 4711 206
1710 4675 1739 4711 e:

411 4729 532 4797 Τὶμωος
549 4730 579 4782 δὲ
596 4727 772 4797 θαυμάζεται
791 4733 836 4782 ἐπὶ
855 4730 889 4800 τῇ
908 4731 985 4801 πυρᾷ.
1002 4732 1037 4803 τῇ
1055 4735 1325 4804 κατασκευασθεΙσῃ
1338 4735 1479 4801 Διονυσίῳ
1496 4734 1535 4801 τῷ
1547 4734 1676 4798 Σικελίας
1692 4750 1741 4786 τυ-

409 4805 518 4880 ράννῳ,
542 4822 610 4872 quae
629 4810 709 4858 verba
728 4812 787 4871 quis
805 4809 896 4858 credat
914 4810 994 4859 tuisse
1017 4812 1061 4871 qui
1084 4811 1324 4872 interpretarentur
1347 4811 1484 4860 «Timaeus
1501 4812 1660 4871 (historicus)
1679 4825 1739 4860 cnm

410 4884 585 4933 admiratione
604 4882 720 4946 loquitur
737 4885 770 4931 dir
789 4896 852 4944 rogo
865 4910 900 4920 --
913 4886 1085 4933 exstructo-‘i
1104 4909 1130 4918 -
1151 4885 1173 4932 3.
1192 4891 1258 4935 recte
1275 4884 1314 4935 il:
1333 4892 1356 4935 ei
1372 4893 1437 4935 recte
1454 4889 1473 4934 0
1491 4912 1516 4921 —
1537 4889 1559 4935 5.
1580 4893 1607 4934 ut
1625 4899 1692 4935 corr.
1707 4899 1739 4935 ex

408 4966 432 5010 et
450 4959 469 5006 V
490 4986 516 4995 -
535 4961 633 5009 ratione
650 4973 718 5007 corr.
739 4973 769 5007 ex
788 4962 911 5008 rationem
928 4960 980 5008 AV
1001 4986 1025 4995 —
1047 4960 1069 5008 6.
1090 4961 1230 5023 dissignata
1248 4963 1335 5010 Ali-
1356 4963 1429 5022 iactis
1446 4976 1515 5012 corr.
1530 4976 1560 5011 cs
1578 4964 1662 5023 facitis
1676 4964 1697 5009 V
1711 4988 1737 4996 -

408 5037 433 5085 7.
452 5036 479 5083 io
501 5034 609 5083 homines
631 5033 683 5083 del.
703 5036 825 5083 Bouhier.
855 5038 967 5097 uaeque
990 5035 1129 5096 moderatio
1145 5037 1230 5084 maadi
1250 5036 1401 5085 inlumines
1419 5037 1507 5086 Latine
1526 5036 1622 5087 dicitur
1639 5043 1664 5087 ei
1682 5040 1741 5087 uni-

408 5123 487 5160 verse
504 5110 602 5171 agitur,
622 5111 690 5159 sitne
708 5110 794 5158 divina
814 5109 903 5159 mundi
922 5109 1114 5159 administratio
1128 5126 1227 5170 necne,
1246 5112 1279 5161 ad
1293 5126 1352 5161 earn
1366 5127 1422 5163 rem
1436 5120 1622 5176 argumentum
1636 5114 1742 5163 ducitur

409 5200 440 5236 ea
460 5185 592 5233 bonorum
610 5184 783 5234 etmalorum
802 5184 982 5234 discrimine.»
1000 5186 1109 5235 lisama.
1131 5214 1157 5223 —
1179 5189 1217 5236 it).
1236 5188 1329 5250 plaudo
1347 5187 1377 5235 V¹
1398 5217 1421 5224 —
1443 5191 1554 5251 cuipiam
1572 5192 1608 5239 C:
1628 5191 1741 5250 quipiam

407 5258 485 5316 A¹B;
511 5262 641 5322 quippiam
658 5258 734 5317 A²V,
756 5261 885 5321 quidpiam
903 5259 922 5307 0
943 5286 968 5295 -
989 5263 1169 5311 aduerieadum
1187 5267 1204 5314 Ρ
1225 5290 1251 5302 -
1272 5266 1310 5313 ti.
1329 5265 1455 5325 formiano
1470 5267 1627 5326 protulissem
1644 5271 1741 5326 questus

409 5336 458 5386 ΟΕ
478 5363 503 5371 -
524 5338 595 5385 rutili
614 5336 663 5384 BV
687 5364 709 5373 -
734 5337 780 5382 sim
798 5335 822 5382 in
841 5348 893 5383 ras.
914 5348 948 5383 m.
969 5349 1023 5385 sec.
1044 5342 1065 5387 A
1085 5365 1110 5372 —
1133 5338 1171 5387 i3.
1191 5346 1305 5401 quaestus
1322 5341 1370 5388 AB
1391 5367 1416 5376 -
1437 5343 1508 5401 atqui
1526 5354 1594 5390 corr.
1615 5356 1645 5389 ei
1665 5347 1740 5401 atquc

408 5410 427 5460 B
449 5434 474 5445 -
496 5413 536 5462 t5.
555 5412 682 5471 inscissum
699 5423 767 5459 corr.
788 5423 819 5457 ex
837 5409 947 5469 irus-ium
965 5412 1016 5460 AV
1034 5440 1055 5447 -
1078 5414 1116 5461 ii.
1136 5415 1161 5461 in
1179 5426 1305 5477 superscr
1334 5416 1358 5462 in
1378 5415 1395 5463 ll
1418 5441 1440 5448 —
1465 5416 1502 5464 ra.
1522 5416 1693 5465 icbereniusA
1708 5442 1735 5450 -

408 5485 463 5532 cuii
481 5489 499 5535 A
519 5513 551 5522 -
574 5487 614 5534 20.
633 5487 739 5545 soriuiiu
757 5486 775 5533 C
795 5511 821 5520 -
849 5490 900 5534 ium
918 5487 955 5534 dis
973 5489 1128 5538 ABCPV:
1153 5504 1209 5538 enm
1227 5491 1324 5554 (paam)
1342 5492 1389 5538 diis
1407 5491 1454 5541 EO
1474 5517 1499 5525 -
1520 5492 1560 5541 it.
1579 5494 1738 5554 adsumptum

408 5561 478 5610 laudi
497 5562 514 5608 P
535 5586 560 5595 -
580 5560 650 5609 laudi
668 5573 720 5609 om.
740 5560 769 5608 A¹
790 5585 816 5594 -
836 5561 978 5609 adsumtum
995 5565 1015 5611 A
1035 5588 1061 5597 -
1082 5565 1121 5612 22.
1142 5570 1168 5612 ai
1186 5566 1219 5627 (in
1240 5579 1322 5628 risarg.
1342 5566 1401 5615 ead.
1422 5580 1456 5615 m.
1475 5570 1510 5626 ati
1530 5569 1550 5614 V
1570 5595 1595 5603 -
1615 5569 1654 5617 23.
1675 5582 1738 5616 ono-

406 5642 479 5684 ratur
491 5638 509 5684 A
523 5662 554 5671 -
571 5642 594 5684 et
612 5632 650 5685 ti:
671 5647 722 5684 om.
743 5635 777 5688 0;
797 5636 824 5683 at
842 5635 974 5686 «hicnon
993 5642 1046 5686 iam
1065 5639 1120 5701 ipsa
1140 5638 1250 5688 termula
1269 5644 1417 5705 spectatur,
1437 5640 1484 5690 sed
1504 5643 1541 5691 vis
1559 5656 1590 5691 ae
1607 5645 1735 5692 sententia

407 5709 511 5762 illorum
527 5710 687 5771 verborum,
713 5722 782 5772 quae
805 5712 889 5772 magis
911 5715 1014 5762 exstant
1038 5713 1138 5777 singula
1157 5715 1310 5779 interposita
1329 5717 1512 5766 coniunctione
1531 5725 1579 5767 ei..
1598 5720 1687 5769 Krorz.
1709 5748 1734 5756 -

407 5783 438 5835 oi
458 5799 500 5834 aas
517 5799 585 5835 corr.
605 5800 636 5833 er
655 5785 729 5835 obem
747 5783 767 5829 V
793 5809 820 5819 —
843 5786 883 5834 25.
902 5789 1067 5839 incotomisA
1089 5814 1115 5824 —
1141 5790 1180 5839 26.
1201 5792 1332 5853 quisquam
1349 5804 1402 5840 om.
1423 5794 1441 5842 B
1464 5820 1487 5828 —
1512 5793 1550 5841 28.
1570 5794 1738 5845 immolavisse

408 5859 534 5909 ABCE:
553 5860 693 5911 immolasse
711 5861 789 5912 PVO
809 5887 836 5897 -
856 5863 976 5924 appollini
994 5869 1013 5914 A
1033 5891 1059 5900 -
1080 5866 1121 5915 29.
1141 5865 1188 5914 deii
1206 5879 1275 5915 corr.
1294 5880 1329 5915 m.
1343 5878 1398 5916 sec.
1412 5867 1438 5917 in
1456 5867 1520 5917 detio
1537 5868 1556 5916 B
1576 5894 1602 5904 -
1623 5869 1662 5918 32.
1682 5871 1737 5919 licei

407 5938 569 6062 qapqqqigqr
580 5939 628 6061 {st
646 5937 671 5987 in
688 5937 725 5997 V,
744 5938 792 5989 sed
810 5937 843 5990 ci.
862 5938 939 5989 Tusa.
959 5939 991 5988 tv
1008 5938 1023 6005 g
1040 5940 1081 5992 iii.
1097 5967 1124 5978 -
1144 5939 1184 5994 ³3.
1202 5943 1263 6006 ipsis
1278 5944 1327 5993 sita
1345 5944 1420 6008 (corr.
1438 5957 1469 5994 ea
1487 5946 1535 6008 ipsi
1551 5944 1606 6008 sita]
1624 5946 1658 5997 A:
1678 5947 1737 6010 ipsis

428 6022 446 6057 a
603 6049 608 6062 .
