4342 7459
758 1269 825 1331 us.
848 1269 901 1332 ru.
930 1269 1004 1334 a».
1025 1270 1162 1334 u-ur.
1189 1267 1235 1353 §a
1257 1264 1385 1345 s-ro
1667 1264 1728 1333 raa

410 1439 492 1501 ditas
520 1434 653 1518 legendi
674 1455 733 1499 nec
760 1438 868 1500 satiari
894 1446 1032 1524 poterat,
1060 1440 1181 1524 quippe
1202 1439 1258 1522 qui
1279 1459 1320 1501 ne
1341 1439 1576 1522 reprensionem
1599 1441 1729 1524 quidem

409 1532 496 1614 vulgi
519 1533 644 1595 inanem
667 1530 873 1595 reformidans
895 1534 928 1595 in
948 1534 1017 1616 ipsa
1031 1534 1117 1596 curia
1131 1533 1248 1595 soleret
1263 1532 1367 1614 legere
1382 1552 1487 1615 saepe,
1510 1534 1584 1597 dum
1603 1543 1730 1599 senatus

410 1632 589 1709 cogeretur,
611 1624 692 1688 nihil
714 1644 829 1708 operae
850 1628 896 1690 rei
915 1626 1060 1709 publicae
1076 1626 1263 1690 detrahens:
1287 1646 1351 1709 quo
1366 1626 1466 1707 magis
1481 1633 1547 1690 tum
1560 1628 1594 1690 in
1609 1649 1730 1693 summo

409 1722 475 1785 otio
502 1720 703 1802 maximaque
733 1722 822 1804 copia
849 1723 939 1805 quasi
969 1720 1102 1785 helluari
1125 1720 1228 1794 libris,
1258 1720 1284 1783 si
1306 1720 1366 1782 boc
1388 1720 1485 1783 verbo
1506 1722 1540 1782 in
1562 1728 1625 1783 tam
1646 1722 1730 1786 clara

408 1834 444 1876 re
466 1814 619 1877 utendum
646 1820 711 1887 est,
741 1814 916 1878 videbatur.
960 1813 989 1877 8.
1013 1815 1107 1890 Quod
1135 1835 1205 1877 cum
1227 1813 1408 1888 accidisset,
1437 1819 1472 1876 ut
1498 1814 1576 1877 alter
1597 1814 1754 1879 alterum⁵

411 1927 470 1970 nec
492 1907 620 1990 opinato
642 1907 839 1982 videremus,
861 1910 998 1972 surrexit
1017 1909 1134 1972 statim.
1168 1908 1291 1970 Deinde
1305 1907 1407 1990 prima
1421 1906 1491 1981 illa,
1513 1926 1594 1990 quae
1608 1909 1641 1970 in
1655 1928 1732 1972 eon-

410 2020 520 2084 gressu
543 1999 702 2077 solemus,
732 2001 818 2076 Quid
841 2012 891 2075 tu,
914 2002 1035 2086 inquit,
1056 2002 1142 2065 buci
1171 2022 1189 2064 n
1212 2000 1288 2063 villa
1309 2001 1410 2076 euim,
1432 2001 1544 2075 credo,
1567 2008 1614 2075 et,
1637 2003 1664 2065 si
1685 2002 1730 2064 ibi

408 2103 442 2157 te
470 2114 539 2158 esse
560 2096 707 2170 scissem,
740 2096 780 2157 ad
803 2102 832 2157 te
859 2095 927 2177 ipse
949 2097 1117 2159 venissem.
1153 2095 1246 2169 lieri,
1274 2095 1420 2178 inquam,
1448 2094 1533 2157 ludis
1555 2096 1730 2159 commissis

409 2210 452 2254 ex
472 2190 550 2251 urbe
571 2189 731 2274 profectus
754 2190 826 2252 veni
848 2191 888 2251 ad
907 2209 1091 2273 vesperum3
1115 2209 1208 2253 causa
1229 2197 1334 2252 autem
1355 2188 1674 2265 frithuwardi,
1695 2198 1732 2253 ut

410 2284 567 2368 quosdam
588 2283 663 2346 binc
685 2282 782 2345 libros
805 2303 992 2367 promerem.
1028 2285 1067 2347 Et
1089 2284 1234 2366 quidem,
1265 2283 1358 2356 Cato,
1383 2282 1464 2345 banc
1485 2288 1584 2347 totam
1605 2283 1729 2365 copiam
1742 2304 1768 2347 ro

408 2379 472 2442 iam
494 2375 627 2439 Lucullo
650 2385 758 2440 nostro
780 2384 887 2440 notam
910 2397 980 2441 esse
999 2377 1172 2459 oportebit;
1194 2396 1264 2439 nam
1280 2376 1330 2439 his
1345 2376 1434 2438 libris
1449 2398 1521 2440 eum
1536 2377 1729 2460 malequam

408 2473 534 2556 reliquo
559 2478 669 2535 ornatu
691 2472 786 2535 villae
808 2471 966 2535 delectari.
1002 2471 1059 2535 Est
1080 2472 1163 2534 euim
1190 2470 1266 2534 mibi
1289 2489 1420 2553 magnae
1443 2489 1599 2533 curae-
1621 2490 1730 2552 quam·

409 2585 504 2650 quam
526 2565 586 2629 boc
609 2566 739 2648 quidem
761 2566 922 2648 proprium
945 2573 1033 2627 tuum
1056 2585 1172 2628 munus
1195 2572 1304 2627 est-
1322 2570 1358 2626 ut
1379 2563 1423 2626 ita
1445 2564 1620 2639 erudiatur,
1641 2572 1677 2627 ut
1699 2569 1732 2626 et

407 2660 490 2743 patri
512 2668 544 2722 et
567 2659 718 2742 Caepioni
740 2667 847 2721 nostro
870 2668 902 2721 et
923 2659 979 2721 tibi
1002 2668 1064 2722 iam
1092 2659 1271 2742 propinquo
1293 2658 1494 2742 respondeat
1529 2657 1653 2720 Laboro
1674 2676 1731 2720 au·

409 2762 472 2817 tem
503 2772 568 2815 non
599 2752 667 2813 sine
696 2772 805 2827 causa;
838 2772 910 2815 nam
942 2760 972 2814 et
999 2754 1048 2815 avi
1080 2752 1149 2815 eius
1177 2752 1327 2815 memoria
1353 2771 1544 2815 moveor-
1565 2771 1623 2814 nec
1646 2752 1769 2819 enimse

409 2848 552 2930 ignoras,
576 2845 686 2929 quanti
708 2844 835 2908 fecerim
859 2846 1064 2930 Caepionem,
1095 2848 1164 2928 qui,
1187 2852 1222 2907 ut
1243 2846 1350 2929 opinio
1372 2865 1442 2908 mea
1463 2843 1537 2919 tert,
1558 2845 1593 2907 in
1613 2845 1732 2929 priuci-

408 2940 501 3025 pibus
528 2940 590 3002 iam
621 2945 721 3013 esset,
751 2940 777 3001 si
803 2940 922 3002 viveret
944 2974 984 2984 —
1007 2947 1038 3002 et
1066 2939 1214 3002 Lucullus
1244 2940 1321 3002 mibi
1350 2947 1492 3002 versatur
1513 2946 1587 3002 ante
1609 2940 1730 3014 oculos,

410 3033 458 3095 vir
485 3053 556 3095 cum
585 3032 730 3094 omuibus
753 3032 928 3105 excellens,
959 3042 1024 3095 ium
1049 3053 1172 3096 mecum
1195 3040 1226 3095 et
1248 3032 1385 3095 amicitia
1407 3039 1439 3095 et
1460 3032 1546 3095 omni
1568 3032 1731 3096 voluntate

408 3127 629 3210 sententiaque
651 3127 846 3190 coniunctus.
890 3124 919 3188 9.
942 3127 1118 3199 Praeclare,
1141 3127 1260 3207 inquit,
1283 3125 1377 3199 facis,
1400 3146 1471 3189 cum
1486 3134 1518 3189 et
1541 3145 1651 3188 eorum
1666 3148 1731 3189 me·

408 3220 541 3285 moriam
562 3227 669 3295 tenes,
692 3241 827 3303 quorum
849 3228 984 3304 uterque
1007 3222 1064 3284 tibi
1086 3228 1272 3283 testamento
1296 3219 1412 3282 liberos
1435 3240 1509 3283 suos
1533 3220 1771 3288 commenda-so

408 3315 468 3388 vit,
498 3322 529 3375 et
550 3333 682 3395 puerum
707 3314 823 3395 diligis.
860 3315 954 3389 Quod
979 3324 1084 3378 autem
1107 3333 1210 3376 meum
1234 3333 1347 3376 munus
1371 3313 1466 3386 dieis,
1496 3333 1559 3376 non
1582 3313 1731 3396 equidem

407 3426 538 3479 recuso,
561 3406 616 3469 sed
639 3415 670 3469 te
692 3408 831 3490 adiungo
853 3410 983 3471 socium.
1020 3407 1110 3470 sado
1134 3408 1228 3471 eiiam
1250 3407 1345 3482 illud,
1367 3406 1467 3469 multa
1487 3408 1549 3471 iam
1563 3406 1641 3469 mibi
1657 3406 1731 3471 darc

408 3505 496 3587 rigna
519 3521 652 3585 puerum
674 3509 705 3563 et
726 3502 854 3585 pudoris
877 3507 909 3564 et
930 3503 1067 3585 ingenii,
1090 3502 1147 3566 sed
1169 3508 1302 3564 aetatem
1320 3500 1419 3564 vides.
1453 3501 1554 3565 Video
1571 3501 1730 3585 equidem,

408 3599 554 3681 inquam,
577 3596 633 3658 sed
656 3604 760 3657 nmen
783 3595 845 3659 iam
868 3596 953 3659 infici
976 3596 1070 3660 debet
1091 3596 1130 3659 iis
1152 3596 1280 3670 artibus,
1303 3615 1381 3679 quas
1397 3594 1442 3671 si,
1466 3596 1540 3658 dum
1563 3602 1612 3659 est
1633 3603 1730 3671 tener,

409 3691 607 3764 combiberit,
637 3688 676 3751 ad
699 3688 818 3751 maiora
839 3692 944 3752 veniet
965 3690 1112 3773 paratior.
1159 3689 1225 3763 Sic,
1255 3697 1286 3752 et
1308 3688 1437 3773 quidem
1459 3688 1640 3771 diligentius
1663 3709 1768 3757 sae-sn

407 3786 544 3870 piusque
564 3786 624 3847 ista
646 3783 813 3865 loquemur
833 3784 915 3846 inter
936 3803 994 3845 nos
1016 3804 1208 3866 agemusque
1229 3784 1451 3847 communiter:
1474 3783 1530 3845 sed
1545 3784 1730 3859 residamus,

408 3879 530 3963 inquit,
552 3878 579 3940 si
602 3877 723 3960 placet;
746 3877 854 3960 itaque
875 3877 1017 3941 fecimus.

491 3972 547 4033 111.
570 3966 620 4032 l0.
651 3972 730 4033 Tum
759 3971 832 4034 iliez
862 3974 910 4035 Tu
938 3982 1058 4047 autem,
1089 3993 1161 4036 cnm
1188 3973 1256 4056 ipse
1287 3980 1408 4037 tantm
1429 3974 1582 4036 librorum
1603 3974 1731 4047 babeas,

409 4085 490 4151 qnos
513 4066 565 4128 bic
587 4063 715 4127 tandem
737 4065 898 4148 requiris?
933 4066 1180 4130 Commentarios
1204 4067 1376 4150 quosdam,
1406 4069 1551 4150 inquam,
1579 4067 1732 4130 Aristote-

408 4162 483 4233 lian,
507 4179 587 4242 quos
609 4158 661 4220 bic
676 4159 812 4220 sciebam
829 4180 913 4232 esse,
936 4161 1007 4222 veni
1023 4170 1058 4222 ut
1072 4160 1244 4234 auferrem,
1269 4182 1349 4245 quos
1366 4163 1517 4244 legerem,
1539 4162 1613 4224 dum
1629 4182 1768 4229 essemsn

408 4256 545 4316 otiosus:
569 4252 657 4335 quod
680 4252 807 4334 quidem
830 4254 922 4316 nobis
944 4274 1006 4315 non
1029 4275 1123 4337 saepe
1147 4257 1308 4337 contingit.
1348 4256 1449 4331 Quam
1470 4255 1593 4328 vellem,
1616 4256 1730 4338 iuquit,

410 4348 498 4411 lead
523 4348 645 4409 Stoicos
668 4345 902 4408 inclinavissesl
927 4349 1115 4422 eratenim,
1139 4352 1164 4411 si
1188 4350 1391 4431 cuiusquam,
1415 4357 1498 4412 certe
1521 4357 1628 4422 tuum,
1651 4348 1731 4411 nihil

409 4452 533 4527 praeter
554 4442 701 4502 virtutem
724 4441 757 4501 in
779 4440 870 4502 bonis
893 4442 1016 4503 ducere.
1052 4442 1133 4504 Vide
1156 4463 1195 4503 ne
1217 4444 1331 4524 magis,
1355 4443 1500 4524 inquam,
1523 4451 1608 4505 tuum
1625 4442 1730 4517 fuerit,

410 4559 477 4600 curn
501 4557 535 4598 re
558 4534 643 4596 idem
666 4535 722 4596 tibi
745 4534 830 4616 quod
852 4534 928 4597 mibi
952 4535 1127 4608 videretur,
1157 4556 1219 4597 non
1250 4543 1384 4598 novate
1406 4537 1500 4598 rebus
1522 4536 1650 4599 nomina
1672 4537 1731 4597 im·

410 4650 544 4713 ponere3
567 4630 647 4691 ratio
670 4629 753 4691 enim
769 4637 875 4692 nostra
891 4629 1063 4701 consentit,
1085 4637 1205 4710 pugnat
1220 4631 1329 4692 oratio.
1366 4630 1493 4691 Minime
1509 4649 1601 4703 vero,
1624 4629 1768 4712 inquitas

410 4726 478 4798 ille,
501 4724 676 4796 consentit3
709 4723 862 4806 quicquid
885 4725 968 4785 enim
991 4732 1115 4805 praeter
1137 4724 1184 4795 id,
1207 4723 1292 4805 quod
1314 4723 1480 4786 honestum
1503 4724 1555 4797 sit,
1579 4732 1731 4806 expeten-

410 4819 484 4881 dum
513 4839 582 4880 esse
612 4818 730 4880 dixeris
757 4818 790 4879 in
819 4818 975 4901 bonisque
1005 4817 1234 4890 numeraveris,
1265 4825 1296 4879 et
1323 4818 1490 4880 honestum
1512 4818 1614 4899 ipsum
1638 4818 1729 4900 quasi

409 5072 582 5131 indicativum,
607 5069 678 5133 quod
697 5070 816 5119 Ciceroni
835 5071 882 5132 ipsi
901 5068 1010 5132 placuit,
1033 5070 1136 5132 hocque
1155 5068 1324 5133 (ioaebausia)
1344 5083 1404 5119 esse
1422 5083 1436 5119 o
1455 5069 1665 5134 supplemento·
1684 5071 1729 5121 On.

410 5147 572 5196 Adiectivnm
596 5149 703 5208 propter
723 5147 775 5194 vim
792 5148 864 5194 vocis
881 5146 988 5192 aviditas
1006 5146 1186 5194 necessarium
1205 5160 1263 5195 esse
1282 5145 1394 5195 Klotzius
1411 5150 1483 5195 recte
1502 5158 1597 5206 negare
1615 5144 1728 5194 videtur.

411 5247 437 5257 -
458 5226 481 5270 i.
500 5235 530 5269 nc
548 5222 704 5283 provisionem
721 5221 795 5269 ABE
816 5247 842 5256 ·-
867 5220 890 5270 l.
911 5220 1016 5268 helluari
1036 5221 1132 5269 HCD:
1157 5220 1262 5268 belluori
1282 5224 1316 5279 A,
1337 5221 1434 5269 ieiunii
1455 5221 1505 5270 sio
1528 5246 1555 5256 -
1578 5222 1603 5268 in
1625 5224 1677 5269 tom
1694 5224 1728 5269 A:

408 5301 485 5350 eiiam
503 5299 534 5354 ss;
553 5303 605 5345 tom
622 5299 648 5344 iu
665 5297 743 5346 codd.
757 5297 821 5345 dett.
841 5323 866 5331 —
886 5297 966 5357 claro]
983 5296 1120 5356 pruccluro
1137 5295 1288 5345 Lambinus.
1301 5322 1328 5332 -
1347 5297 1370 5345 7.
1389 5298 1410 5344 si
1428 5309 1481 5346 om.
1495 5296 1514 5345 B
1528 5318 1555 5331 -
1575 5295 1615 5344 ⁴0.
1627 5294 1683 5342 binc
1695 5294 1727 5343 B:

408 5375 447 5423 bic
464 5378 481 5424 Α
498 5400 524 5409 -
543 5374 780 5423 armiclausa:
799 5372 1042 5421 lotombooco-
1060 5371 1100 5419 u.
1118 5371 1211 5433 nolam]
1230 5371 1368 5420 lolamBE
1389 5397 1414 5405 -
1435 5371 1474 5420 43.
1493 5377 1519 5418 ui
1536 5376 1558 5419 ct
1575 5371 1608 5419 B:
1626 5374 1650 5418 ct
1665 5374 1692 5416 ut
1709 5371 1730 5418 Α

414 5477 438 5486 -
458 5449 497 5498 tt.
510 5455 532 5498 et
550 5450 609 5512 post
624 5451 693 5510 patri
705 5463 756 5498 om.
772 5450 789 5498 ll
804 5451 864 5506 [non
878 5449 904 5508 E)
919 5474 944 5483 -
964 5447 1059 5508 cepioni
1073 5451 1106 5499 Α;
1125 5447 1227 5507 scipioni
1245 5447 1263 5494 B
1277 5472 1303 5481 -
1323 5448 1362 5495 lb.
1381 5445 1432 5509 occ]
1450 5446 1492 5495 bac
1508 5446 1526 5494 B
1541 5473 1568 5482 -
1589 5445 1627 5493 46.
1647 5444 1729 5503 cepio-

410 5540 464 5573 nem
481 5525 529 5574 AB
549 5551 575 5560 -
598 5524 654 5587 [ert]
673 5526 747 5585 refert
765 5525 813 5573 ΑΒ
834 5550 860 5559 -
881 5524 920 5572 ti.
939 5529 961 5572 el
978 5524 1005 5573 l.
1025 5523 1139 5572 lucullus
1157 5521 1273 5571 Halmius
1292 5547 1319 5559 -
1339 5522 1378 5571 48.
1397 5522 1515 5583 omnibus]
1533 5522 1604 5569 rebus
1620 5519 1731 5569 amnibus

411 5613 500 5661 margo
513 5599 583 5648 editt.
600 5600 844 5656 Lambinianarnm;
864 5598 975 5649 omnibus
989 5599 1077 5661 [rebus]
1090 5598 1212 5648 Klotzius.
1226 5624 1252 5633 -
1272 5597 1310 5645 49.
1324 5598 1445 5645 munorio
1457 5600 1476 5645 Α
1489 5623 1515 5632 κ
1534 5596 1575 5644 20.
1588 5598 1731 5644 tutamento

410 5676 497 5724 liberos
513 5688 569 5723 suos
586 5675 628 5723 tibi
646 5676 664 5723 B
685 5703 710 5711 -
730 5678 771 5725 23.
788 5690 894 5737 puerum
911 5681 933 5723 el
951 5688 1003 5723 cnr.
1022 5675 1041 5723 B
1061 5700 1088 5710 -
1108 5673 1148 5722 ll.
1168 5674 1220 5720 iam
1236 5684 1289 5721 om.
1309 5672 1328 5720 B
1348 5697 1374 5707 -
1395 5672 1434 5721 25.
1453 5672 1547 5720 ucncrii
1564 5670 1582 5719 B
1603 5697 1629 5705 -
1646 5682 1730 5731 pora·

410 5753 467 5798 lior.
486 5751 535 5814 Sic]
549 5752 667 5812 paratior
678 5752 708 5799 iit
720 5754 804 5808 ΑΒΕς
821 5754 946 5813 paratior.
965 5751 1006 5798 Sia
1018 5755 1051 5798 cu
1063 5747 1207 5798 Lambinus
1222 5774 1246 5782 -
1261 5748 1301 5796 id.
1316 5761 1416 5811 agurius
1427 5760 1515 5796 comm.
1529 5746 1574 5795 BE
1589 5772 1614 5781 -
1633 5746 1730 5794 resido-

410 5839 464 5874 mus
481 5827 542 5875 AB:
566 5826 752 5874 resideamusO
774 5854 797 5863 -
824 5829 864 5876 27.
884 5826 975 5887 itaque]
998 5826 1033 5872 itu
1051 5824 1069 5873 B
1089 5850 1114 5857 -
1139 5823 1179 5871 29.
1199 5835 1259 5883 quos
1276 5834 1329 5871 om.
1348 5823 1367 5871 B
1388 5849 1414 5859 -
1432 5821 1478 5883 bic]
1496 5821 1532 5868 bis
1549 5825 1582 5879 Α,
1600 5819 1644 5879 bgr
1662 5821 1679 5869 B
1700 5846 1727 5857 -

409 5901 560 5950 Ariuorclios
576 5903 610 5949 A:
631 5902 758 5950 amsloiiiis
775 5903 794 5951 B
814 5929 840 5939 -
860 5902 899 5951 30.
919 5902 1053 5962 aufferrem
1071 5901 1103 5956 B;
1123 5901 1239 5960 afferrem
1257 5897 1276 5946 E
1296 5921 1322 5932 -
1342 5896 1382 5946 34.
1401 5896 1468 5946 rrobis
1485 5896 1549 5945 AB:
1567 5894 1649 5957 nobis,
1668 5895 1730 5943 noui

409 5978 456 6025 sais
473 5977 511 6036 n,
530 5975 610 6036 mon,
629 5978 719 6026 ulicis
736 5977 755 6026 0
775 6000 802 6012 -
822 5976 861 6026 32.
880 5976 981 6041 Stoicos]
999 5976 1045 6025 siai
1061 5975 1082 6024 l
1101 5999 1127 6009 -
1148 5973 1188 6023 37.
1207 5984 1254 6033 que
1270 5984 1324 6022 orn.
1342 5972 1370 6022 Β,
