<?xml version="1.0" encoding="UTF-8"?>
<!DOCTYPE html PUBLIC "-//W3C//DTD XHTML 1.0 Transitional//EN"
    "http://www.w3.org/TR/xhtml1/DTD/xhtml1-transitional.dtd">
<html xmlns="http://www.w3.org/1999/xhtml" xml:lang="en" lang="en">
 <head>
  <title>
</title>
<meta http-equiv="Content-Type" content="text/html;charset=utf-8" />
  <meta name='ocr-system' content='tesseract 3.04.00' />
  <meta name='ocr-capabilities' content='ocr_page ocr_carea ocr_par ocr_line ocrx_word'/>
</head>
<body>
  <div class='ocr_page' id='page_1' title='image "./operaquaesupers00halmgoog/operaquaesupers00halmgoog_0668.png"; bbox 0 0 4342 7459; ppageno 0'>
   <div class='ocr_carea' id='block_1_1' title="bbox 438 1222 1223 1292">
    <p class='ocr_par' dir='ltr' id='par_1_1' title="bbox 438 1222 1223 1292">
     <span class='ocr_line' id='line_1_1' title="bbox 438 1222 1223 1292; baseline 0.001 -2"><span class='ocrx_word' id='word_1_1' title='bbox 438 1222 501 1291; x_wconf 75' lang='lat' dir='ltr'>boa</span> <span class='ocrx_word' id='word_1_2' title='bbox 976 1225 1030 1291; x_wconf 81' lang='lat' dir='ltr'>DE</span> <span class='ocrx_word' id='word_1_3' title='bbox 1053 1225 1223 1292; x_wconf 75' lang='lat' dir='ltr'>orslcus</span> 
     </span>
    </p>
   </div>
   <div class='ocr_carea' id='block_1_2' title="bbox 400 1386 1771 4852">
    <p class='ocr_par' dir='ltr' id='par_1_2' title="bbox 400 1386 1771 4852">
     <span class='ocr_line' id='line_1_2' title="bbox 437 1386 1763 1469; baseline -0.002 -18"><span class='ocrx_word' id='word_1_4' title='bbox 437 1388 540 1463; x_wconf 88' lang='lat' dir='ltr'>beris,</span> <span class='ocrx_word' id='word_1_5' title='bbox 563 1408 633 1453; x_wconf 91' lang='lat' dir='ltr'>cnm</span> <span class='ocrx_word' id='word_1_6' title='bbox 657 1387 790 1451; x_wconf 79' lang='lat' dir='ltr'>Cimbris</span> <span class='ocrx_word' id='word_1_7' title='bbox 812 1386 930 1451; x_wconf 89' lang='lat' dir='ltr'>bellum</span> <span class='ocrx_word' id='word_1_8' title='bbox 952 1394 987 1451; x_wconf 89' lang='lat' dir='ltr'>nt</span> <span class='ocrx_word' id='word_1_9' title='bbox 1008 1408 1076 1450; x_wconf 89' lang='lat' dir='ltr'>cum</span> <span class='ocrx_word' id='word_1_10' title='bbox 1100 1386 1239 1450; x_wconf 90' lang='lat' dir='ltr'>inimicis</span> <span class='ocrx_word' id='word_1_11' title='bbox 1260 1387 1446 1469; x_wconf 85' lang='lat' dir='ltr'>gerebatur,</span> <span class='ocrx_word' id='word_1_12' title='bbox 1476 1393 1547 1450; x_wconf 90' lang='lat' dir='ltr'>nter</span> <span class='ocrx_word' id='word_1_13' title='bbox 1566 1392 1667 1461; x_wconf 86' lang='lat' dir='ltr'>esset,</span> <span class='ocrx_word' id='word_1_14' title='bbox 1696 1405 1763 1450; x_wconf 90' lang='lat' dir='ltr'>non</span> 
     </span>
     <span class='ocr_line' id='line_1_3' title="bbox 438 1478 1765 1565; baseline -0.001 -21"><span class='ocrx_word' id='word_1_15' title='bbox 438 1491 510 1546; x_wconf 88' lang='lat' dir='ltr'>uter</span> <span class='ocrx_word' id='word_1_16' title='bbox 530 1484 715 1565; x_wconf 77' lang='lat' dir='ltr'>imperaret,</span> <span class='ocrx_word' id='word_1_17' title='bbox 746 1503 818 1546; x_wconf 92' lang='lat' dir='ltr'>cum</span> <span class='ocrx_word' id='word_1_18' title='bbox 840 1481 979 1556; x_wconf 88' lang='lat' dir='ltr'>Latinis,</span> <span class='ocrx_word' id='word_1_19' title='bbox 1011 1482 1153 1556; x_wconf 80' lang='lat' dir='ltr'>Sabinis,</span> <span class='ocrx_word' id='word_1_20' title='bbox 1183 1481 1392 1556; x_wconf 90' lang='lat' dir='ltr'>Samnitibus,</span> <span class='ocrx_word' id='word_1_21' title='bbox 1419 1481 1551 1554; x_wconf 91' lang='lat' dir='ltr'>Poenis,</span> <span class='ocrx_word' id='word_1_22' title='bbox 1581 1478 1700 1563; x_wconf 66' lang='grc' dir='ltr'><strong>Ργπὴο</strong></span> <span class='ocrx_word' id='word_1_23' title='bbox 1722 1478 1765 1543; x_wconf 89' lang='lat' dir='ltr'>de</span> 
     </span>
     <span class='ocr_line' id='line_1_4' title="bbox 438 1573 1767 1659; baseline 0.002 -22"><span class='ocrx_word' id='word_1_24' title='bbox 438 1574 572 1659; x_wconf 90' lang='lat' dir='ltr'>imperio</span> <span class='ocrx_word' id='word_1_25' title='bbox 595 1576 811 1640; x_wconf 71' lang='lat' dir='ltr'>dimicabatur.</span> <span class='ocrx_word' id='word_1_26' title='bbox 853 1576 952 1640; x_wconf 84' lang='lat' dir='ltr'>Poeni</span> <span class='ocrx_word' id='word_1_27' title='bbox 972 1573 1150 1659; x_wconf 76' lang='lat' dir='ltr'>foedifragi,</span> <span class='ocrx_word' id='word_1_28' title='bbox 1172 1574 1309 1638; x_wconf 91' lang='lat' dir='ltr'>crudelis</span> <span class='ocrx_word' id='word_1_29' title='bbox 1324 1574 1494 1649; x_wconf 85' lang='lat' dir='ltr'>llanuibal,</span> <span class='ocrx_word' id='word_1_30' title='bbox 1513 1574 1628 1658; x_wconf 77' lang='lat' dir='ltr'>reliqui</span> <span class='ocrx_word' id='word_1_31' title='bbox 1651 1573 1767 1639; x_wconf 77' lang='lat' dir='ltr'>iustio-</span> 
     </span>
     <span class='ocr_line' id='line_1_5' title="bbox 437 1668 1494 1753; baseline 0 -21"><span class='ocrx_word' id='word_1_32' title='bbox 437 1688 500 1733; x_wconf 90' lang='lat' dir='ltr'>res.</span> <span class='ocrx_word' id='word_1_33' title='bbox 542 1669 654 1753; x_wconf 80' lang='lat' dir='ltr'>Pyrrhi</span> <span class='ocrx_word' id='word_1_34' title='bbox 676 1670 807 1753; x_wconf 90' lang='lat' dir='ltr'>quidem</span> <span class='ocrx_word' id='word_1_35' title='bbox 829 1668 869 1733; x_wconf 91' lang='lat' dir='ltr'>de</span> <span class='ocrx_word' id='word_1_36' title='bbox 891 1670 1022 1753; x_wconf 85' lang='lat' dir='ltr'>captivis</span> <span class='ocrx_word' id='word_1_37' title='bbox 1046 1669 1215 1733; x_wconf 83' lang='lat' dir='ltr'>reddendis</span> <span class='ocrx_word' id='word_1_38' title='bbox 1237 1670 1292 1733; x_wconf 90' lang='lat' dir='ltr'>illa</span> <span class='ocrx_word' id='word_1_39' title='bbox 1314 1670 1494 1752; x_wconf 81' lang='lat' dir='ltr'>praeclara:</span> 
     </span>
     <span class='ocr_line' id='line_1_6' title="bbox 563 1762 1622 1847; baseline 0 -21"><span class='ocrx_word' id='word_1_40' title='bbox 563 1766 638 1827; x_wconf 90' lang='lat' dir='ltr'>Nec</span> <span class='ocrx_word' id='word_1_41' title='bbox 667 1764 713 1826; x_wconf 93' lang='lat' dir='ltr'>mi</span> <span class='ocrx_word' id='word_1_42' title='bbox 742 1782 870 1827; x_wconf 88' lang='lat' dir='ltr'>aarum</span> <span class='ocrx_word' id='word_1_43' title='bbox 898 1783 1015 1846; x_wconf 89' lang='lat' dir='ltr'>poseo</span> <span class='ocrx_word' id='word_1_44' title='bbox 1045 1783 1115 1826; x_wconf 90' lang='lat' dir='ltr'>nec</span> <span class='ocrx_word' id='word_1_45' title='bbox 1143 1765 1189 1826; x_wconf 93' lang='lat' dir='ltr'>mi</span> <span class='ocrx_word' id='word_1_46' title='bbox 1219 1765 1381 1847; x_wconf 89' lang='lat' dir='ltr'>pretium</span> <span class='ocrx_word' id='word_1_47' title='bbox 1412 1762 1622 1827; x_wconf 81' lang='lat' dir='ltr'>dederitis:</span> 
     </span>
     <span class='ocr_line' id='line_1_7' title="bbox 564 1858 1542 1940; baseline 0 -19"><span class='ocrx_word' id='word_1_48' title='bbox 564 1861 641 1921; x_wconf 89' lang='lat' dir='ltr'>Nou</span> <span class='ocrx_word' id='word_1_49' title='bbox 672 1865 930 1940; x_wconf 73' lang='lat' dir='ltr'>cauponantes</span> <span class='ocrx_word' id='word_1_50' title='bbox 957 1858 1120 1931; x_wconf 90' lang='lat' dir='ltr'>bellum,</span> <span class='ocrx_word' id='word_1_51' title='bbox 1153 1858 1219 1920; x_wconf 93' lang='lat' dir='ltr'>sed</span> <span class='ocrx_word' id='word_1_52' title='bbox 1247 1858 1542 1940; x_wconf 76' lang='lat' dir='ltr'>belligerantes,</span> 
     </span>
     <span class='ocr_line' id='line_1_8' title="bbox 565 1952 1492 2035; baseline 0.002 -21"><span class='ocrx_word' id='word_1_53' title='bbox 565 1953 697 2027; x_wconf 82' lang='lat' dir='ltr'>Ferro,</span> <span class='ocrx_word' id='word_1_54' title='bbox 726 1972 802 2015; x_wconf 91' lang='lat' dir='ltr'>non</span> <span class='ocrx_word' id='word_1_55' title='bbox 831 1971 923 2014; x_wconf 92' lang='lat' dir='ltr'>auro</span> <span class='ocrx_word' id='word_1_56' title='bbox 953 1952 1067 2014; x_wconf 88' lang='lat' dir='ltr'>vitam</span> <span class='ocrx_word' id='word_1_57' title='bbox 1099 1971 1293 2015; x_wconf 87' lang='lat' dir='ltr'>cernamus</span> <span class='ocrx_word' id='word_1_58' title='bbox 1323 1953 1492 2035; x_wconf 89' lang='lat' dir='ltr'>utrique.</span> 
     </span>
     <span class='ocr_line' id='line_1_9' title="bbox 565 2045 1636 2130; baseline 0.002 -23"><span class='ocrx_word' id='word_1_59' title='bbox 565 2047 688 2109; x_wconf 84' lang='lat' dir='ltr'>Vosne</span> <span class='ocrx_word' id='word_1_60' title='bbox 712 2047 807 2109; x_wconf 83' lang='lat' dir='ltr'>velit</span> <span class='ocrx_word' id='word_1_61' title='bbox 834 2066 879 2109; x_wconf 88' lang='lat' dir='ltr'>an</span> <span class='ocrx_word' id='word_1_62' title='bbox 902 2065 1137 2127; x_wconf 81' lang='lat' dir='ltr'>meregnano</span> <span class='ocrx_word' id='word_1_63' title='bbox 1162 2064 1225 2108; x_wconf 90' lang='lat' dir='ltr'>era</span> <span class='ocrx_word' id='word_1_64' title='bbox 1248 2045 1386 2130; x_wconf 84' lang='lat' dir='ltr'>quidne</span> <span class='ocrx_word' id='word_1_65' title='bbox 1407 2045 1508 2109; x_wconf 84' lang='lat' dir='ltr'>ierat</span> <span class='ocrx_word' id='word_1_66' title='bbox 1528 2045 1636 2121; x_wconf 81' lang='lat' dir='ltr'>Fors,</span> 
     </span>
     <span class='ocr_line' id='line_1_10' title="bbox 564 2138 1671 2225; baseline 0.001 -23"><span class='ocrx_word' id='word_1_67' title='bbox 564 2142 716 2206; x_wconf 91' lang='lat' dir='ltr'>Virtute</span> <span class='ocrx_word' id='word_1_68' title='bbox 746 2141 1000 2225; x_wconf 84' lang='lat' dir='ltr'>experiamur.</span> <span class='ocrx_word' id='word_1_69' title='bbox 1045 2142 1092 2203; x_wconf 88' lang='lat' dir='ltr'>Et</span> <span class='ocrx_word' id='word_1_70' title='bbox 1118 2140 1189 2203; x_wconf 91' lang='lat' dir='ltr'>boc</span> <span class='ocrx_word' id='word_1_71' title='bbox 1216 2141 1326 2203; x_wconf 91' lang='lat' dir='ltr'>simul</span> <span class='ocrx_word' id='word_1_72' title='bbox 1354 2140 1487 2223; x_wconf 90' lang='lat' dir='ltr'>accipe</span> <span class='ocrx_word' id='word_1_73' title='bbox 1509 2138 1671 2206; x_wconf 77' lang='lat' dir='ltr'>dictums</span> 
     </span>
     <span class='ocr_line' id='line_1_11' title="bbox 565 2234 1418 2317; baseline 0.001 -20"><span class='ocrx_word' id='word_1_74' title='bbox 565 2235 729 2309; x_wconf 86' lang='lat' dir='ltr'>Quorum</span> <span class='ocrx_word' id='word_1_75' title='bbox 759 2236 893 2300; x_wconf 83' lang='lat' dir='ltr'>virtuti</span> <span class='ocrx_word' id='word_1_76' title='bbox 925 2234 1019 2297; x_wconf 91' lang='lat' dir='ltr'>belli</span> <span class='ocrx_word' id='word_1_77' title='bbox 1049 2234 1201 2297; x_wconf 81' lang='lat' dir='ltr'>fortuna</span> <span class='ocrx_word' id='word_1_78' title='bbox 1228 2235 1418 2317; x_wconf 89' lang='lat' dir='ltr'>pepercit,</span> 
     </span>
     <span class='ocr_line' id='line_1_12' title="bbox 563 2329 1528 2410; baseline 0 -19"><span class='ocrx_word' id='word_1_79' title='bbox 563 2330 776 2393; x_wconf 89' lang='lat' dir='ltr'>Eorundem</span> <span class='ocrx_word' id='word_1_80' title='bbox 806 2329 979 2392; x_wconf 90' lang='lat' dir='ltr'>libertati</span> <span class='ocrx_word' id='word_1_81' title='bbox 1008 2349 1063 2391; x_wconf 89' lang='lat' dir='ltr'>me</span> <span class='ocrx_word' id='word_1_82' title='bbox 1092 2348 1249 2410; x_wconf 86' lang='lat' dir='ltr'>parcere</span> <span class='ocrx_word' id='word_1_83' title='bbox 1280 2335 1421 2392; x_wconf 91' lang='lat' dir='ltr'>certum</span> <span class='ocrx_word' id='word_1_84' title='bbox 1450 2335 1528 2391; x_wconf 85' lang='lat' dir='ltr'>est:</span> 
     </span>
     <span class='ocr_line' id='line_1_13' title="bbox 562 2422 1629 2507; baseline -0.001 -21"><span class='ocrx_word' id='word_1_85' title='bbox 562 2425 668 2488; x_wconf 86' lang='lat' dir='ltr'>Dono</span> <span class='ocrx_word' id='word_1_86' title='bbox 700 2425 830 2488; x_wconf 88' lang='lat' dir='ltr'>ducite</span> <span class='ocrx_word' id='word_1_87' title='bbox 860 2425 987 2507; x_wconf 91' lang='lat' dir='ltr'>doque</span> <span class='ocrx_word' id='word_1_88' title='bbox 1017 2422 1240 2486; x_wconf 83' lang='lat' dir='ltr'>volentibus</span> <span class='ocrx_word' id='word_1_89' title='bbox 1271 2444 1350 2485; x_wconf 90' lang='lat' dir='ltr'>cum</span> <span class='ocrx_word' id='word_1_90' title='bbox 1380 2424 1531 2507; x_wconf 86' lang='lat' dir='ltr'>maguis</span> <span class='ocrx_word' id='word_1_91' title='bbox 1561 2423 1629 2485; x_wconf 85' lang='lat' dir='ltr'>dis.</span> 
     </span>
     <span class='ocr_line' id='line_1_14' title="bbox 438 2517 1392 2601; baseline -0.001 -21"><span class='ocrx_word' id='word_1_92' title='bbox 438 2517 564 2601; x_wconf 83' lang='lat' dir='ltr'>liegalis</span> <span class='ocrx_word' id='word_1_93' title='bbox 587 2537 662 2581; x_wconf 91' lang='lat' dir='ltr'>sane</span> <span class='ocrx_word' id='word_1_94' title='bbox 686 2526 717 2581; x_wconf 92' lang='lat' dir='ltr'>et</span> <span class='ocrx_word' id='word_1_95' title='bbox 739 2518 834 2601; x_wconf 89' lang='lat' dir='ltr'>digna</span> <span class='ocrx_word' id='word_1_96' title='bbox 855 2518 1063 2581; x_wconf 77' lang='lat' dir='ltr'>Aeacidarum</span> <span class='ocrx_word' id='word_1_97' title='bbox 1087 2537 1203 2599; x_wconf 85' lang='lat' dir='ltr'>genere</span> <span class='ocrx_word' id='word_1_98' title='bbox 1226 2518 1392 2581; x_wconf 89' lang='lat' dir='ltr'>sententia.</span> 
     </span>
     <span class='ocr_line' id='line_1_15' title="bbox 522 2609 1767 2695; baseline 0.004 -23"><span class='ocrx_word' id='word_1_99' title='bbox 522 2612 608 2674; x_wconf 83' lang='lat' dir='ltr'>lllll.</span> <span class='ocrx_word' id='word_1_100' title='bbox 637 2609 688 2674; x_wconf 83' lang='lat'>39.</span> <span class='ocrx_word' id='word_1_101' title='bbox 717 2613 823 2695; x_wconf 75' lang='lat' dir='ltr'>Atque</span> <span class='ocrx_word' id='word_1_102' title='bbox 853 2612 966 2685; x_wconf 90' lang='lat' dir='ltr'>etiam,</span> <span class='ocrx_word' id='word_1_103' title='bbox 995 2613 1020 2673; x_wconf 91' lang='lat' dir='ltr'>si</span> <span class='ocrx_word' id='word_1_104' title='bbox 1050 2611 1127 2693; x_wconf 93' lang='lat' dir='ltr'>quid</span> <span class='ocrx_word' id='word_1_105' title='bbox 1160 2610 1276 2691; x_wconf 86' lang='lat' dir='ltr'>singuli</span> <span class='ocrx_word' id='word_1_106' title='bbox 1306 2611 1501 2694; x_wconf 90' lang='lat' dir='ltr'>temporibus</span> <span class='ocrx_word' id='word_1_107' title='bbox 1529 2610 1658 2675; x_wconf 86' lang='lat' dir='ltr'>adducti</span> <span class='ocrx_word' id='word_1_108' title='bbox 1679 2612 1767 2678; x_wconf 88' lang='lat' dir='ltr'>hosti</span> 
     </span>
     <span class='ocr_line' id='line_1_16' title="bbox 401 2702 1765 2789; baseline 0.007 -28"><span class='ocrx_word' id='word_1_109' title='bbox 401 2707 667 2787; x_wconf 76' lang='lat' dir='ltr'>repromiserunt,</span> <span class='ocrx_word' id='word_1_110' title='bbox 696 2714 745 2769; x_wconf 87' lang='lat' dir='ltr'>est</span> <span class='ocrx_word' id='word_1_111' title='bbox 771 2707 804 2769; x_wconf 90' lang='lat' dir='ltr'>in</span> <span class='ocrx_word' id='word_1_112' title='bbox 833 2726 870 2769; x_wconf 91' lang='lat' dir='ltr'>eo</span> <span class='ocrx_word' id='word_1_113' title='bbox 891 2707 961 2789; x_wconf 89' lang='lat' dir='ltr'>ipso</span> <span class='ocrx_word' id='word_1_114' title='bbox 985 2702 1062 2768; x_wconf 88' lang='lat' dir='ltr'>fides</span> <span class='ocrx_word' id='word_1_115' title='bbox 1086 2705 1320 2777; x_wconf 87' lang='lat' dir='ltr'>conservanda,</span> <span class='ocrx_word' id='word_1_116' title='bbox 1350 2713 1386 2767; x_wconf 90' lang='lat' dir='ltr'>ut</span> <span class='ocrx_word' id='word_1_117' title='bbox 1408 2706 1510 2787; x_wconf 91' lang='lat' dir='ltr'>primo</span> <span class='ocrx_word' id='word_1_118' title='bbox 1533 2706 1655 2770; x_wconf 91' lang='lat' dir='ltr'>Punico</span> <span class='ocrx_word' id='word_1_119' title='bbox 1677 2706 1765 2771; x_wconf 86' lang='lat' dir='ltr'>bello</span> 
     </span>
     <span class='ocr_line' id='line_1_17' title="bbox 438 2798 1767 2884; baseline 0.004 -25"><span class='ocrx_word' id='word_1_120' title='bbox 438 2798 578 2881; x_wconf 80' lang='lat' dir='ltr'>Regulus</span> <span class='ocrx_word' id='word_1_121' title='bbox 601 2809 710 2884; x_wconf 90' lang='lat' dir='ltr'>captus</span> <span class='ocrx_word' id='word_1_122' title='bbox 733 2819 751 2862; x_wconf 90' lang='lat' dir='ltr'>a</span> <span class='ocrx_word' id='word_1_123' title='bbox 773 2800 904 2873; x_wconf 87' lang='lat' dir='ltr'>Poenis,</span> <span class='ocrx_word' id='word_1_124' title='bbox 933 2819 1003 2862; x_wconf 90' lang='lat' dir='ltr'>cum</span> <span class='ocrx_word' id='word_1_125' title='bbox 1027 2799 1066 2862; x_wconf 92' lang='lat' dir='ltr'>de</span> <span class='ocrx_word' id='word_1_126' title='bbox 1089 2800 1219 2882; x_wconf 88' lang='lat' dir='ltr'>captivis</span> <span class='ocrx_word' id='word_1_127' title='bbox 1243 2799 1473 2862; x_wconf 88' lang='lat' dir='ltr'>commutandis</span> <span class='ocrx_word' id='word_1_128' title='bbox 1496 2802 1627 2863; x_wconf 85' lang='lat' dir='ltr'>Romam</span> <span class='ocrx_word' id='word_1_129' title='bbox 1649 2802 1767 2865; x_wconf 85' lang='lat' dir='ltr'>missus</span> 
     </span>
     <span class='ocr_line' id='line_1_18' title="bbox 438 2893 1767 2976; baseline 0.003 -23"><span class='ocrx_word' id='word_1_130' title='bbox 438 2899 522 2955; x_wconf 90' lang='lat' dir='ltr'>esset</span> <span class='ocrx_word' id='word_1_131' title='bbox 544 2893 742 2975; x_wconf 90' lang='lat' dir='ltr'>iurassetque</span> <span class='ocrx_word' id='word_1_132' title='bbox 764 2914 799 2956; x_wconf 92' lang='lat' dir='ltr'>se</span> <span class='ocrx_word' id='word_1_133' title='bbox 821 2894 1011 2965; x_wconf 92' lang='lat' dir='ltr'>rediturum,</span> <span class='ocrx_word' id='word_1_134' title='bbox 1039 2893 1192 2976; x_wconf 90' lang='lat' dir='ltr'>primum,</span> <span class='ocrx_word' id='word_1_135' title='bbox 1222 2900 1258 2955; x_wconf 93' lang='lat' dir='ltr'>ut</span> <span class='ocrx_word' id='word_1_136' title='bbox 1278 2894 1383 2966; x_wconf 83' lang='lat' dir='ltr'>venit,</span> <span class='ocrx_word' id='word_1_137' title='bbox 1414 2894 1554 2975; x_wconf 88' lang='lat' dir='ltr'>captivos</span> <span class='ocrx_word' id='word_1_138' title='bbox 1583 2893 1767 2957; x_wconf 83' lang='lat' dir='ltr'>reddendos</span> 
     </span>
     <span class='ocr_line' id='line_1_19' title="bbox 438 2984 1767 3071; baseline 0.005 -26"><span class='ocrx_word' id='word_1_139' title='bbox 438 2984 472 3046; x_wconf 91' lang='lat' dir='ltr'>in</span> <span class='ocrx_word' id='word_1_140' title='bbox 501 2993 612 3049; x_wconf 83' lang='lat' dir='ltr'>senatu</span> <span class='ocrx_word' id='word_1_141' title='bbox 643 3006 707 3050; x_wconf 92' lang='lat' dir='ltr'>non</span> <span class='ocrx_word' id='word_1_142' title='bbox 737 2988 878 3061; x_wconf 89' lang='lat' dir='ltr'>censuit,</span> <span class='ocrx_word' id='word_1_143' title='bbox 913 2986 1047 3060; x_wconf 89' lang='lat' dir='ltr'>deinde,</span> <span class='ocrx_word' id='word_1_144' title='bbox 1078 3007 1149 3048; x_wconf 91' lang='lat' dir='ltr'>cum</span> <span class='ocrx_word' id='word_1_145' title='bbox 1182 2987 1373 3049; x_wconf 85' lang='lat' dir='ltr'>retineretur</span> <span class='ocrx_word' id='word_1_146' title='bbox 1400 3006 1419 3049; x_wconf 92' lang='lat' dir='ltr'>a</span> <span class='ocrx_word' id='word_1_147' title='bbox 1446 2988 1635 3071; x_wconf 89' lang='lat' dir='ltr'>propinquis</span> <span class='ocrx_word' id='word_1_148' title='bbox 1665 2994 1699 3050; x_wconf 85' lang='lat' dir='ltr'>et</span> <span class='ocrx_word' id='word_1_149' title='bbox 1727 2987 1767 3052; x_wconf 74' lang='lat' dir='ltr'>ab</span> 
     </span>
     <span class='ocr_line' id='line_1_20' title="bbox 438 3076 1767 3164; baseline 0.002 -23"><span class='ocrx_word' id='word_1_150' title='bbox 438 3078 564 3153; x_wconf 89' lang='lat' dir='ltr'>amicis,</span> <span class='ocrx_word' id='word_1_151' title='bbox 595 3081 635 3143; x_wconf 91' lang='lat' dir='ltr'>ad</span> <span class='ocrx_word' id='word_1_152' title='bbox 663 3081 854 3164; x_wconf 90' lang='lat' dir='ltr'>supplicium</span> <span class='ocrx_word' id='word_1_153' title='bbox 883 3081 987 3143; x_wconf 92' lang='lat' dir='ltr'>redire</span> <span class='ocrx_word' id='word_1_154' title='bbox 1016 3080 1127 3142; x_wconf 88' lang='lat' dir='ltr'>maluit</span> <span class='ocrx_word' id='word_1_155' title='bbox 1156 3100 1251 3163; x_wconf 91' lang='lat' dir='ltr'>quam</span> <span class='ocrx_word' id='word_1_156' title='bbox 1281 3076 1375 3143; x_wconf 87' lang='lat' dir='ltr'>fidem</span> <span class='ocrx_word' id='word_1_157' title='bbox 1406 3080 1488 3143; x_wconf 90' lang='lat' dir='ltr'>hosti</span> <span class='ocrx_word' id='word_1_158' title='bbox 1518 3080 1621 3142; x_wconf 89' lang='lat' dir='ltr'>datam</span> <span class='ocrx_word' id='word_1_159' title='bbox 1642 3078 1767 3145; x_wconf 78' lang='lat' dir='ltr'>fallere.</span> 
     </span>
     <span class='ocr_line' id='line_1_21' title="bbox 400 3167 1767 3257; baseline 0.005 -26"><span class='ocrx_word' id='word_1_160' title='bbox 400 3167 503 3255; x_wconf 68' lang='lat' dir='ltr'>nub</span> <span class='ocrx_word' id='word_1_161' title='bbox 526 3173 671 3238; x_wconf 90' lang='lat' dir='ltr'>Secundo</span> <span class='ocrx_word' id='word_1_162' title='bbox 693 3183 798 3237; x_wconf 90' lang='lat' dir='ltr'>autem</span> <span class='ocrx_word' id='word_1_163' title='bbox 822 3176 941 3237; x_wconf 92' lang='lat' dir='ltr'>Punico</span> <span class='ocrx_word' id='word_1_164' title='bbox 965 3174 1048 3237; x_wconf 92' lang='lat' dir='ltr'>bello</span> <span class='ocrx_word' id='word_1_165' title='bbox 1071 3182 1145 3256; x_wconf 91' lang='lat' dir='ltr'>post</span> <span class='ocrx_word' id='word_1_166' title='bbox 1167 3173 1365 3237; x_wconf 89' lang='lat' dir='ltr'>Cannensem</span> <span class='ocrx_word' id='word_1_167' title='bbox 1387 3193 1525 3257; x_wconf 89' lang='lat' dir='ltr'>pugnam</span> <span class='ocrx_word' id='word_1_168' title='bbox 1549 3194 1631 3257; x_wconf 92' lang='lat' dir='ltr'>quos</span> <span class='ocrx_word' id='word_1_169' title='bbox 1653 3174 1767 3238; x_wconf 87' lang='lat' dir='ltr'>decem</span> 
     </span>
     <span class='ocr_line' id='line_1_22' title="bbox 438 3265 1766 3340; baseline 0.002 -11"><span class='ocrx_word' id='word_1_170' title='bbox 438 3265 595 3331; x_wconf 84' lang='lat' dir='ltr'>Hannibal</span> <span class='ocrx_word' id='word_1_171' title='bbox 619 3270 746 3332; x_wconf 82' lang='lat' dir='ltr'>Romam</span> <span class='ocrx_word' id='word_1_172' title='bbox 769 3270 914 3332; x_wconf 87' lang='lat' dir='ltr'>astrictos</span> <span class='ocrx_word' id='word_1_173' title='bbox 937 3269 1021 3330; x_wconf 86' lang='lat' dir='ltr'>misit</span> <span class='ocrx_word' id='word_1_174' title='bbox 1041 3268 1111 3330; x_wconf 93' lang='lat' dir='ltr'>iure</span> <span class='ocrx_word' id='word_1_175' title='bbox 1133 3267 1265 3330; x_wconf 89' lang='lat' dir='ltr'>iurando</span> <span class='ocrx_word' id='word_1_176' title='bbox 1288 3287 1322 3330; x_wconf 87' lang='lat' dir='ltr'>se</span> <span class='ocrx_word' id='word_1_177' title='bbox 1344 3269 1503 3331; x_wconf 91' lang='lat' dir='ltr'>redituros</span> <span class='ocrx_word' id='word_1_178' title='bbox 1525 3288 1611 3340; x_wconf 91' lang='lat' dir='ltr'>esse,</span> <span class='ocrx_word' id='word_1_179' title='bbox 1638 3268 1702 3331; x_wconf 89' lang='lat' dir='ltr'>nisi</span> <span class='ocrx_word' id='word_1_180' title='bbox 1725 3268 1766 3332; x_wconf 87' lang='lat' dir='ltr'>dc</span> 
     </span>
     <span class='ocr_line' id='line_1_23' title="bbox 438 3358 1767 3447; baseline 0.004 -27"><span class='ocrx_word' id='word_1_181' title='bbox 438 3358 631 3424; x_wconf 89' lang='lat' dir='ltr'>redimendis</span> <span class='ocrx_word' id='word_1_182' title='bbox 654 3364 702 3438; x_wconf 91' lang='lat' dir='ltr'>iis,</span> <span class='ocrx_word' id='word_1_183' title='bbox 725 3365 780 3447; x_wconf 94' lang='lat' dir='ltr'>qui</span> <span class='ocrx_word' id='word_1_184' title='bbox 804 3363 886 3445; x_wconf 90' lang='lat' dir='ltr'>capti</span> <span class='ocrx_word' id='word_1_185' title='bbox 909 3369 1012 3435; x_wconf 77' lang='lat' dir='ltr'>erant,</span> <span class='ocrx_word' id='word_1_186' title='bbox 1030 3362 1265 3443; x_wconf 86' lang='lat' dir='ltr'>impetrassent,</span> <span class='ocrx_word' id='word_1_187' title='bbox 1288 3382 1343 3425; x_wconf 92' lang='lat' dir='ltr'>eos</span> <span class='ocrx_word' id='word_1_188' title='bbox 1358 3381 1470 3424; x_wconf 89' lang='lat' dir='ltr'>omnes</span> <span class='ocrx_word' id='word_1_189' title='bbox 1485 3381 1643 3435; x_wconf 88' lang='lat' dir='ltr'>censores,</span> <span class='ocrx_word' id='word_1_190' title='bbox 1658 3361 1767 3445; x_wconf 86' lang='lat' dir='ltr'>quoad</span> 
     </span>
     <span class='ocr_line' id='line_1_24' title="bbox 439 3455 1769 3541; baseline 0.002 -25"><span class='ocrx_word' id='word_1_191' title='bbox 439 3455 576 3536; x_wconf 89' lang='lat' dir='ltr'>quisque</span> <span class='ocrx_word' id='word_1_192' title='bbox 599 3476 708 3519; x_wconf 91' lang='lat' dir='ltr'>eorum</span> <span class='ocrx_word' id='word_1_193' title='bbox 731 3459 825 3531; x_wconf 86' lang='lat' dir='ltr'>vixit,</span> <span class='ocrx_word' id='word_1_194' title='bbox 848 3458 923 3541; x_wconf 91' lang='lat' dir='ltr'>qnia</span> <span class='ocrx_word' id='word_1_195' title='bbox 945 3458 1158 3538; x_wconf 89' lang='lat' dir='ltr'>peierassent,</span> <span class='ocrx_word' id='word_1_196' title='bbox 1182 3458 1214 3517; x_wconf 91' lang='lat' dir='ltr'>in</span> <span class='ocrx_word' id='word_1_197' title='bbox 1237 3456 1367 3519; x_wconf 90' lang='lat' dir='ltr'>aerariis</span> <span class='ocrx_word' id='word_1_198' title='bbox 1389 3456 1604 3539; x_wconf 90' lang='lat' dir='ltr'>reliquerunt,</span> <span class='ocrx_word' id='word_1_199' title='bbox 1628 3475 1688 3519; x_wconf 90' lang='lat' dir='ltr'>uec</span> <span class='ocrx_word' id='word_1_200' title='bbox 1708 3455 1769 3519; x_wconf 89' lang='lat' dir='ltr'>mi-</span> 
     </span>
     <span class='ocr_line' id='line_1_25' title="bbox 440 3549 1768 3632; baseline 0.002 -22"><span class='ocrx_word' id='word_1_201' title='bbox 440 3568 500 3611; x_wconf 91' lang='lat' dir='ltr'>nus</span> <span class='ocrx_word' id='word_1_202' title='bbox 522 3549 628 3623; x_wconf 91' lang='lat' dir='ltr'>illum,</span> <span class='ocrx_word' id='word_1_203' title='bbox 652 3552 709 3632; x_wconf 91' lang='lat' dir='ltr'>qni</span> <span class='ocrx_word' id='word_1_204' title='bbox 731 3552 807 3613; x_wconf 90' lang='lat' dir='ltr'>iuris</span> <span class='ocrx_word' id='word_1_205' title='bbox 830 3550 954 3614; x_wconf 91' lang='lat' dir='ltr'>iurandi</span> <span class='ocrx_word' id='word_1_206' title='bbox 978 3550 1087 3612; x_wconf 85' lang='lat' dir='ltr'>fraude</span> <span class='ocrx_word' id='word_1_207' title='bbox 1111 3550 1234 3632; x_wconf 90' lang='lat' dir='ltr'>culpam</span> <span class='ocrx_word' id='word_1_208' title='bbox 1256 3551 1429 3613; x_wconf 82' lang='lat' dir='ltr'>invenerat.</span> <span class='ocrx_word' id='word_1_209' title='bbox 1473 3550 1551 3613; x_wconf 86' lang='lat' dir='ltr'>Cum</span> <span class='ocrx_word' id='word_1_210' title='bbox 1574 3552 1658 3613; x_wconf 91' lang='lat' dir='ltr'>enim</span> <span class='ocrx_word' id='word_1_211' title='bbox 1681 3549 1768 3613; x_wconf 84' lang='lat' dir='ltr'>llan-</span> 
     </span>
     <span class='ocr_line' id='line_1_26' title="bbox 401 3642 1767 3728; baseline 0.005 -28"><span class='ocrx_word' id='word_1_212' title='bbox 401 3642 554 3706; x_wconf 80' lang='lat' dir='ltr'>sanibalis</span> <span class='ocrx_word' id='word_1_213' title='bbox 576 3644 732 3725; x_wconf 88' lang='lat' dir='ltr'>permissu</span> <span class='ocrx_word' id='word_1_214' title='bbox 754 3646 873 3707; x_wconf 80' lang='lat' dir='ltr'>exisset</span> <span class='ocrx_word' id='word_1_215' title='bbox 894 3644 934 3706; x_wconf 94' lang='lat' dir='ltr'>de</span> <span class='ocrx_word' id='word_1_216' title='bbox 957 3644 1084 3716; x_wconf 86' lang='lat' dir='ltr'>castris,</span> <span class='ocrx_word' id='word_1_217' title='bbox 1116 3642 1210 3705; x_wconf 89' lang='lat' dir='ltr'>rediit</span> <span class='ocrx_word' id='word_1_218' title='bbox 1232 3644 1327 3725; x_wconf 92' lang='lat' dir='ltr'>paulo</span> <span class='ocrx_word' id='word_1_219' title='bbox 1349 3651 1438 3727; x_wconf 87' lang='lat' dir='ltr'>post,</span> <span class='ocrx_word' id='word_1_220' title='bbox 1466 3645 1551 3728; x_wconf 91' lang='lat' dir='ltr'>quod</span> <span class='ocrx_word' id='word_1_221' title='bbox 1574 3665 1608 3707; x_wconf 88' lang='lat' dir='ltr'>se</span> <span class='ocrx_word' id='word_1_222' title='bbox 1631 3645 1767 3707; x_wconf 89' lang='lat' dir='ltr'>oblitum</span> 
     </span>
     <span class='ocr_line' id='line_1_27' title="bbox 439 3737 1768 3820; baseline 0.002 -22"><span class='ocrx_word' id='word_1_223' title='bbox 439 3737 547 3798; x_wconf 89' lang='lat' dir='ltr'>nescio</span> <span class='ocrx_word' id='word_1_224' title='bbox 570 3737 647 3820; x_wconf 94' lang='lat' dir='ltr'>quid</span> <span class='ocrx_word' id='word_1_225' title='bbox 671 3739 800 3800; x_wconf 90' lang='lat' dir='ltr'>diceret.</span> <span class='ocrx_word' id='word_1_226' title='bbox 843 3738 965 3800; x_wconf 85' lang='lat' dir='ltr'>Deinde</span> <span class='ocrx_word' id='word_1_227' title='bbox 988 3756 1134 3817; x_wconf 86' lang='lat' dir='ltr'>egressus</span> <span class='ocrx_word' id='word_1_228' title='bbox 1158 3757 1174 3798; x_wconf 91' lang='lat' dir='ltr'>e</span> <span class='ocrx_word' id='word_1_229' title='bbox 1198 3738 1309 3800; x_wconf 85' lang='lat' dir='ltr'>eastris</span> <span class='ocrx_word' id='word_1_230' title='bbox 1331 3740 1399 3800; x_wconf 91' lang='lat' dir='ltr'>inre</span> <span class='ocrx_word' id='word_1_231' title='bbox 1421 3737 1555 3801; x_wconf 90' lang='lat' dir='ltr'>iurando</span> <span class='ocrx_word' id='word_1_232' title='bbox 1577 3759 1612 3801; x_wconf 92' lang='lat' dir='ltr'>se</span> <span class='ocrx_word' id='word_1_233' title='bbox 1627 3739 1768 3801; x_wconf 91' lang='lat' dir='ltr'>solutum</span> 
     </span>
     <span class='ocr_line' id='line_1_28' title="bbox 441 3829 1771 3915; baseline 0.002 -23"><span class='ocrx_word' id='word_1_234' title='bbox 441 3831 585 3912; x_wconf 90' lang='lat' dir='ltr'>putabat,</span> <span class='ocrx_word' id='word_1_235' title='bbox 607 3840 639 3895; x_wconf 91' lang='lat' dir='ltr'>et</span> <span class='ocrx_word' id='word_1_236' title='bbox 661 3839 727 3895; x_wconf 87' lang='lat' dir='ltr'>erat</span> <span class='ocrx_word' id='word_1_237' title='bbox 749 3833 868 3905; x_wconf 85' lang='lat' dir='ltr'>verbis,</span> <span class='ocrx_word' id='word_1_238' title='bbox 892 3851 925 3893; x_wconf 94' lang='lat' dir='ltr'>re</span> <span class='ocrx_word' id='word_1_239' title='bbox 948 3851 1011 3893; x_wconf 91' lang='lat' dir='ltr'>nou</span> <span class='ocrx_word' id='word_1_240' title='bbox 1035 3839 1113 3893; x_wconf 92' lang='lat' dir='ltr'>erat.</span> <span class='ocrx_word' id='word_1_241' title='bbox 1160 3832 1291 3912; x_wconf 86' lang='lat' dir='ltr'>Semper</span> <span class='ocrx_word' id='word_1_242' title='bbox 1312 3841 1416 3894; x_wconf 87' lang='lat' dir='ltr'>antem</span> <span class='ocrx_word' id='word_1_243' title='bbox 1439 3832 1472 3893; x_wconf 92' lang='lat' dir='ltr'>in</span> <span class='ocrx_word' id='word_1_244' title='bbox 1496 3829 1572 3906; x_wconf 82' lang='lat' dir='ltr'>lide,</span> <span class='ocrx_word' id='word_1_245' title='bbox 1596 3829 1672 3915; x_wconf 92' lang='lat' dir='ltr'>quid</span> <span class='ocrx_word' id='word_1_246' title='bbox 1695 3851 1771 3895; x_wconf 89' lang='lat' dir='ltr'>sen·</span> 
     </span>
     <span class='ocr_line' id='line_1_29' title="bbox 439 3924 1770 4008; baseline 0.005 -23"><span class='ocrx_word' id='word_1_247' title='bbox 439 3924 532 3999; x_wconf 90' lang='lat' dir='ltr'>seris,</span> <span class='ocrx_word' id='word_1_248' title='bbox 561 3945 642 3999; x_wconf 91' lang='lat' dir='ltr'>non,</span> <span class='ocrx_word' id='word_1_249' title='bbox 672 3927 747 4008; x_wconf 90' lang='lat' dir='ltr'>quid</span> <span class='ocrx_word' id='word_1_250' title='bbox 770 3924 906 3997; x_wconf 79' lang='lat' dir='ltr'>dixeris,</span> <span class='ocrx_word' id='word_1_251' title='bbox 934 3924 1147 4005; x_wconf 86' lang='lat' dir='ltr'>cogitandum.</span> <span class='ocrx_word' id='word_1_252' title='bbox 1191 3926 1362 3987; x_wconf 86' lang='lat' dir='ltr'>Maximum</span> <span class='ocrx_word' id='word_1_253' title='bbox 1386 3933 1492 3989; x_wconf 90' lang='lat' dir='ltr'>antem</span> <span class='ocrx_word' id='word_1_254' title='bbox 1515 3925 1696 4007; x_wconf 85' lang='lat' dir='ltr'>exemplum</span> <span class='ocrx_word' id='word_1_255' title='bbox 1720 3933 1770 3991; x_wconf 84' lang='lat' dir='ltr'>est</span> 
     </span>
     <span class='ocr_line' id='line_1_30' title="bbox 438 4015 1770 4103; baseline 0.003 -24"><span class='ocrx_word' id='word_1_256' title='bbox 438 4018 576 4082; x_wconf 86' lang='lat' dir='ltr'>institiae</span> <span class='ocrx_word' id='word_1_257' title='bbox 600 4020 632 4081; x_wconf 93' lang='lat' dir='ltr'>in</span> <span class='ocrx_word' id='word_1_258' title='bbox 656 4020 778 4082; x_wconf 91' lang='lat' dir='ltr'>bostem</span> <span class='ocrx_word' id='word_1_259' title='bbox 801 4038 819 4081; x_wconf 90' lang='lat' dir='ltr'>a</span> <span class='ocrx_word' id='word_1_260' title='bbox 843 4015 1013 4082; x_wconf 88' lang='lat' dir='ltr'>maioribus</span> <span class='ocrx_word' id='word_1_261' title='bbox 1038 4022 1154 4081; x_wconf 91' lang='lat' dir='ltr'>nostris</span> <span class='ocrx_word' id='word_1_262' title='bbox 1177 4021 1396 4092; x_wconf 88' lang='lat' dir='ltr'>constitutum,</span> <span class='ocrx_word' id='word_1_263' title='bbox 1419 4040 1489 4081; x_wconf 92' lang='lat' dir='ltr'>cum</span> <span class='ocrx_word' id='word_1_264' title='bbox 1513 4038 1532 4081; x_wconf 91' lang='lat' dir='ltr'>a</span> <span class='ocrx_word' id='word_1_265' title='bbox 1554 4019 1674 4103; x_wconf 84' lang='lat' dir='ltr'>Pyrrho</span> <span class='ocrx_word' id='word_1_266' title='bbox 1697 4041 1770 4102; x_wconf 90' lang='lat' dir='ltr'>per·</span> 
     </span>
     <span class='ocr_line' id='line_1_31' title="bbox 402 4110 1767 4195; baseline 0.004 -24"><span class='ocrx_word' id='word_1_267' title='bbox 402 4110 513 4195; x_wconf 78' lang='lat' dir='ltr'>soluga</span> <span class='ocrx_word' id='word_1_268' title='bbox 536 4114 659 4175; x_wconf 89' lang='lat' dir='ltr'>senatui</span> <span class='ocrx_word' id='word_1_269' title='bbox 683 4122 731 4175; x_wconf 88' lang='lat' dir='ltr'>est</span> <span class='ocrx_word' id='word_1_270' title='bbox 754 4114 924 4194; x_wconf 88' lang='lat' dir='ltr'>pollicitus,</span> <span class='ocrx_word' id='word_1_271' title='bbox 948 4133 982 4175; x_wconf 88' lang='lat' dir='ltr'>se</span> <span class='ocrx_word' id='word_1_272' title='bbox 1005 4132 1160 4174; x_wconf 89' lang='lat' dir='ltr'>venenum</span> <span class='ocrx_word' id='word_1_273' title='bbox 1183 4114 1250 4194; x_wconf 88' lang='lat' dir='ltr'>regi</span> <span class='ocrx_word' id='word_1_274' title='bbox 1274 4114 1418 4175; x_wconf 88' lang='lat' dir='ltr'>daturum</span> <span class='ocrx_word' id='word_1_275' title='bbox 1434 4122 1465 4175; x_wconf 89' lang='lat' dir='ltr'>et</span> <span class='ocrx_word' id='word_1_276' title='bbox 1482 4134 1551 4180; x_wconf 87' lang='lat' dir='ltr'>eum</span> <span class='ocrx_word' id='word_1_277' title='bbox 1569 4124 1767 4176; x_wconf 85' lang='lat' dir='ltr'>necaturum:</span> 
     </span>
     <span class='ocr_line' id='line_1_32' title="bbox 440 4206 1768 4289; baseline 0.002 -21"><span class='ocrx_word' id='word_1_278' title='bbox 440 4216 567 4269; x_wconf 90' lang='lat' dir='ltr'>senatus</span> <span class='ocrx_word' id='word_1_279' title='bbox 592 4214 625 4269; x_wconf 92' lang='lat' dir='ltr'>et</span> <span class='ocrx_word' id='word_1_280' title='bbox 647 4207 679 4269; x_wconf 82' lang='lat' dir='ltr'>C.</span> <span class='ocrx_word' id='word_1_281' title='bbox 695 4208 856 4269; x_wconf 90' lang='lat' dir='ltr'>Fabricius</span> <span class='ocrx_word' id='word_1_282' title='bbox 880 4206 1041 4288; x_wconf 83' lang='lat' dir='ltr'>perfugam</span> <span class='ocrx_word' id='word_1_283' title='bbox 1065 4207 1183 4288; x_wconf 82' lang='lat' dir='ltr'>Pyrrho</span> <span class='ocrx_word' id='word_1_284' title='bbox 1206 4206 1336 4269; x_wconf 87' lang='lat' dir='ltr'>dedidit.</span> <span class='ocrx_word' id='word_1_285' title='bbox 1381 4208 1427 4268; x_wconf 89' lang='lat' dir='ltr'>lta</span> <span class='ocrx_word' id='word_1_286' title='bbox 1450 4226 1490 4268; x_wconf 93' lang='lat' dir='ltr'>ne</span> <span class='ocrx_word' id='word_1_287' title='bbox 1513 4208 1614 4269; x_wconf 90' lang='lat' dir='ltr'>bostis</span> <span class='ocrx_word' id='word_1_288' title='bbox 1637 4208 1768 4289; x_wconf 88' lang='lat' dir='ltr'>quidem</span> 
     </span>
     <span class='ocr_line' id='line_1_33' title="bbox 440 4296 1766 4384; baseline 0.001 -23"><span class='ocrx_word' id='word_1_289' title='bbox 440 4308 471 4363; x_wconf 89' lang='lat' dir='ltr'>et</span> <span class='ocrx_word' id='word_1_290' title='bbox 494 4302 631 4383; x_wconf 89' lang='lat' dir='ltr'>potentis</span> <span class='ocrx_word' id='word_1_291' title='bbox 653 4310 684 4363; x_wconf 89' lang='lat' dir='ltr'>et</span> <span class='ocrx_word' id='word_1_292' title='bbox 706 4301 821 4364; x_wconf 90' lang='lat' dir='ltr'>bellum</span> <span class='ocrx_word' id='word_1_293' title='bbox 845 4301 927 4363; x_wconf 90' lang='lat' dir='ltr'>ultro</span> <span class='ocrx_word' id='word_1_294' title='bbox 950 4301 1112 4362; x_wconf 80' lang='lat' dir='ltr'>inserentis</span> <span class='ocrx_word' id='word_1_295' title='bbox 1134 4301 1291 4362; x_wconf 89' lang='lat' dir='ltr'>interitum</span> <span class='ocrx_word' id='word_1_296' title='bbox 1320 4322 1390 4362; x_wconf 91' lang='lat' dir='ltr'>cum</span> <span class='ocrx_word' id='word_1_297' title='bbox 1414 4301 1532 4363; x_wconf 90' lang='lat' dir='ltr'>scelere</span> <span class='ocrx_word' id='word_1_298' title='bbox 1555 4296 1766 4384; x_wconf 77' lang='lat' dir='ltr'>approbavit]</span> 
     </span>
     <span class='ocr_line' id='line_1_34' title="bbox 440 4389 1770 4479; baseline 0.002 -24"><span class='ocrx_word' id='word_1_299' title='bbox 440 4389 491 4456; x_wconf 86' lang='lat' dir='ltr'>ll.</span> <span class='ocrx_word' id='word_1_300' title='bbox 515 4398 557 4456; x_wconf 83' lang='lat' dir='ltr'>hc</span> <span class='ocrx_word' id='word_1_301' title='bbox 580 4398 618 4456; x_wconf 91' lang='lat' dir='ltr'>de</span> <span class='ocrx_word' id='word_1_302' title='bbox 641 4395 763 4457; x_wconf 88' lang='lat' dir='ltr'>bellicis</span> <span class='ocrx_word' id='word_1_303' title='bbox 788 4395 915 4479; x_wconf 93' lang='lat' dir='ltr'>quidem</span> <span class='ocrx_word' id='word_1_304' title='bbox 939 4394 1052 4456; x_wconf 84' lang='lat' dir='ltr'>ciliciis</span> <span class='ocrx_word' id='word_1_305' title='bbox 1076 4395 1151 4456; x_wconf 87' lang='lat' dir='ltr'>satis</span> <span class='ocrx_word' id='word_1_306' title='bbox 1175 4393 1369 4456; x_wconf 87' lang='lat' dir='ltr'>dictumest.</span> <span class='ocrx_word' id='word_1_307' title='bbox 1405 4394 1643 4456; x_wconf 88' lang='lat' dir='ltr'>Meminerimus</span> <span class='ocrx_word' id='word_1_308' title='bbox 1659 4403 1770 4458; x_wconf 86' lang='lat' dir='ltr'>autem</span> 
     </span>
     <span class='ocr_line' id='line_1_35' title="bbox 440 4485 1770 4552; baseline -0.002 0"><span class='ocrx_word' id='word_1_309' title='bbox 440 4491 534 4552; x_wconf 88' lang='lat' dir='ltr'>etiam</span> <span class='ocrx_word' id='word_1_310' title='bbox 557 4488 705 4551; x_wconf 89' lang='lat' dir='ltr'>adversus</span> <span class='ocrx_word' id='word_1_311' title='bbox 729 4486 853 4551; x_wconf 85' lang='lat' dir='ltr'>intimos</span> <span class='ocrx_word' id='word_1_312' title='bbox 877 4489 1026 4551; x_wconf 88' lang='lat' dir='ltr'>iustitiam</span> <span class='ocrx_word' id='word_1_313' title='bbox 1048 4508 1118 4550; x_wconf 89' lang='lat' dir='ltr'>esse</span> <span class='ocrx_word' id='word_1_314' title='bbox 1141 4488 1337 4549; x_wconf 87' lang='lat' dir='ltr'>servandam.</span> <span class='ocrx_word' id='word_1_315' title='bbox 1375 4489 1431 4549; x_wconf 88' lang='lat' dir='ltr'>Est</span> <span class='ocrx_word' id='word_1_316' title='bbox 1447 4496 1553 4550; x_wconf 89' lang='lat' dir='ltr'>autem</span> <span class='ocrx_word' id='word_1_317' title='bbox 1569 4485 1676 4550; x_wconf 87' lang='lat' dir='ltr'>infima</span> <span class='ocrx_word' id='word_1_318' title='bbox 1692 4508 1770 4550; x_wconf 88' lang='lat' dir='ltr'>eon·</span> 
     </span>
     <span class='ocr_line' id='line_1_36' title="bbox 402 4581 1771 4666; baseline 0.002 -25"><span class='ocrx_word' id='word_1_319' title='bbox 402 4583 520 4646; x_wconf 78' lang='lat' dir='ltr'>seditio</span> <span class='ocrx_word' id='word_1_320' title='bbox 544 4591 575 4644; x_wconf 92' lang='lat' dir='ltr'>et</span> <span class='ocrx_word' id='word_1_321' title='bbox 597 4583 722 4646; x_wconf 85' lang='lat' dir='ltr'>fortuna</span> <span class='ocrx_word' id='word_1_322' title='bbox 746 4603 932 4657; x_wconf 73' lang='lat' dir='ltr'>servorum„</span> <span class='ocrx_word' id='word_1_323' title='bbox 955 4582 1070 4666; x_wconf 90' lang='lat' dir='ltr'>quibus</span> <span class='ocrx_word' id='word_1_324' title='bbox 1100 4602 1164 4643; x_wconf 90' lang='lat' dir='ltr'>non</span> <span class='ocrx_word' id='word_1_325' title='bbox 1189 4581 1268 4642; x_wconf 90' lang='lat' dir='ltr'>male</span> <span class='ocrx_word' id='word_1_326' title='bbox 1291 4582 1490 4664; x_wconf 89' lang='lat' dir='ltr'>praecipiunt</span> <span class='ocrx_word' id='word_1_327' title='bbox 1512 4583 1567 4665; x_wconf 92' lang='lat' dir='ltr'>qui</span> <span class='ocrx_word' id='word_1_328' title='bbox 1590 4583 1634 4643; x_wconf 92' lang='lat' dir='ltr'>ita</span> <span class='ocrx_word' id='word_1_329' title='bbox 1657 4582 1771 4644; x_wconf 91' lang='lat' dir='ltr'>iubent</span> 
     </span>
     <span class='ocr_line' id='line_1_37' title="bbox 440 4675 1768 4758; baseline -0.002 -19"><span class='ocrx_word' id='word_1_330' title='bbox 440 4677 485 4739; x_wconf 96' lang='lat' dir='ltr'>uti</span> <span class='ocrx_word' id='word_1_331' title='bbox 510 4684 544 4739; x_wconf 91' lang='lat' dir='ltr'>ut</span> <span class='ocrx_word' id='word_1_332' title='bbox 566 4677 809 4751; x_wconf 89' lang='lat' dir='ltr'>mercennariis,</span> <span class='ocrx_word' id='word_1_333' title='bbox 839 4696 966 4758; x_wconf 89' lang='lat' dir='ltr'>operam</span> <span class='ocrx_word' id='word_1_334' title='bbox 991 4675 1196 4756; x_wconf 88' lang='lat' dir='ltr'>exigendam,</span> <span class='ocrx_word' id='word_1_335' title='bbox 1221 4676 1303 4736; x_wconf 91' lang='lat' dir='ltr'>insta</span> <span class='ocrx_word' id='word_1_336' title='bbox 1326 4675 1515 4756; x_wconf 89' lang='lat' dir='ltr'>praebenda.</span> <span class='ocrx_word' id='word_1_337' title='bbox 1560 4676 1638 4738; x_wconf 89' lang='lat' dir='ltr'>Cum</span> <span class='ocrx_word' id='word_1_338' title='bbox 1660 4684 1768 4738; x_wconf 89' lang='lat' dir='ltr'>antem</span> 
     </span>
     <span class='ocr_line' id='line_1_38' title="bbox 441 4767 1770 4852; baseline -0.002 -19"><span class='ocrx_word' id='word_1_339' title='bbox 441 4770 562 4833; x_wconf 92' lang='lat' dir='ltr'>duobus</span> <span class='ocrx_word' id='word_1_340' title='bbox 585 4771 706 4845; x_wconf 89' lang='lat' dir='ltr'>modis,</span> <span class='ocrx_word' id='word_1_341' title='bbox 729 4771 759 4832; x_wconf 93' lang='lat' dir='ltr'>id</span> <span class='ocrx_word' id='word_1_342' title='bbox 785 4780 832 4832; x_wconf 90' lang='lat' dir='ltr'>est</span> <span class='ocrx_word' id='word_1_343' title='bbox 854 4780 908 4832; x_wconf 88' lang='lat' dir='ltr'>aut</span> <span class='ocrx_word' id='word_1_344' title='bbox 930 4772 959 4832; x_wconf 87' lang='lat' dir='ltr'>vi</span> <span class='ocrx_word' id='word_1_345' title='bbox 982 4780 1037 4832; x_wconf 87' lang='lat' dir='ltr'>ant</span> <span class='ocrx_word' id='word_1_346' title='bbox 1059 4769 1180 4843; x_wconf 86' lang='lat' dir='ltr'>fraude,</span> <span class='ocrx_word' id='word_1_347' title='bbox 1204 4767 1257 4832; x_wconf 84' lang='lat' dir='ltr'>fiat</span> <span class='ocrx_word' id='word_1_348' title='bbox 1279 4769 1411 4842; x_wconf 90' lang='lat' dir='ltr'>iniuria,</span> <span class='ocrx_word' id='word_1_349' title='bbox 1434 4767 1520 4831; x_wconf 85' lang='lat' dir='ltr'>fraus</span> <span class='ocrx_word' id='word_1_350' title='bbox 1543 4770 1633 4852; x_wconf 88' lang='lat' dir='ltr'>quasi</span> <span class='ocrx_word' id='word_1_351' title='bbox 1657 4769 1770 4850; x_wconf 86' lang='lat' dir='ltr'>vulpe·</span> 
     </span>
    </p>
   </div>
   <div class='ocr_carea' id='block_1_3' title="bbox 438 4966 1771 5934">
    <p class='ocr_par' dir='ltr' id='par_1_3' title="bbox 438 4966 1771 5934">
     <span class='ocr_line' id='line_1_39' title="bbox 506 4966 1767 5030; baseline 0 -16"><span class='ocrx_word' id='word_1_352' title='bbox 506 4968 689 5030; x_wconf 65' lang='lat' dir='ltr'>hymniculi</span> <span class='ocrx_word' id='word_1_353' title='bbox 718 4991 745 5003; x_wconf 93' lang='lat'>-</span> <span class='ocrx_word' id='word_1_354' title='bbox 773 4967 796 5016; x_wconf 84' lang='lat'>3.</span> <span class='ocrx_word' id='word_1_355' title='bbox 815 4968 934 5016; x_wconf 83' lang='lat' dir='ltr'>hannibal</span> <span class='ocrx_word' id='word_1_356' title='bbox 952 4968 987 5015; x_wconf 88' lang='lat' dir='ltr'>C:</span> <span class='ocrx_word' id='word_1_357' title='bbox 1013 4968 1153 5016; x_wconf 74' lang='lat' dir='ltr'>Annibale</span> <span class='ocrx_word' id='word_1_358' title='bbox 1183 4995 1208 5003; x_wconf 90' lang='lat'><em>-</em></span> <span class='ocrx_word' id='word_1_359' title='bbox 1238 4966 1260 5016; x_wconf 86' lang='lat' dir='ltr'>l.</span> <span class='ocrx_word' id='word_1_360' title='bbox 1278 4967 1551 5026; x_wconf 76' lang='lat' dir='ltr'>praeclarasententia</span> <span class='ocrx_word' id='word_1_361' title='bbox 1568 4970 1610 5015; x_wconf 85' lang='lat' dir='ltr'>est.</span> <span class='ocrx_word' id='word_1_362' title='bbox 1630 4966 1714 5015; x_wconf 82' lang='lat' dir='ltr'>Nero</span> <span class='ocrx_word' id='word_1_363' title='bbox 1740 4991 1767 5002; x_wconf 93' lang='lat'>-</span> 
     </span>
     <span class='ocr_line' id='line_1_40' title="bbox 438 5038 1770 5105; baseline -0.002 -13"><span class='ocrx_word' id='word_1_364' title='bbox 438 5044 462 5092; x_wconf 82' lang='lat' dir='ltr'>b.</span> <span class='ocrx_word' id='word_1_365' title='bbox 480 5045 674 5103; x_wconf 84' lang='lat' dir='ltr'>preriamcorr.</span> <span class='ocrx_word' id='word_1_366' title='bbox 694 5057 728 5092; x_wconf 92' lang='lat' dir='ltr'>rn.</span> <span class='ocrx_word' id='word_1_367' title='bbox 747 5056 802 5091; x_wconf 89' lang='lat' dir='ltr'>sec.</span> <span class='ocrx_word' id='word_1_368' title='bbox 822 5044 1000 5092; x_wconf 82' lang='lat' dir='ltr'>exauramss</span> <span class='ocrx_word' id='word_1_369' title='bbox 1027 5067 1060 5078; x_wconf 92' lang='lat'><em>-</em></span> <span class='ocrx_word' id='word_1_370' title='bbox 1089 5043 1112 5090; x_wconf 81' lang='grc'>6.</span> <span class='ocrx_word' id='word_1_371' title='bbox 1131 5044 1186 5090; x_wconf 82' lang='grc' dir='ltr'>Νοη</span> <span class='ocrx_word' id='word_1_372' title='bbox 1204 5056 1234 5105; x_wconf 83' lang='lat' dir='ltr'>p,</span> <span class='ocrx_word' id='word_1_373' title='bbox 1262 5039 1380 5090; x_wconf 87' lang='lat' dir='ltr'>Vahlen:</span> <span class='ocrx_word' id='word_1_374' title='bbox 1410 5042 1460 5089; x_wconf 81' lang='lat' dir='ltr'>Nec</span> <span class='ocrx_word' id='word_1_375' title='bbox 1478 5043 1522 5090; x_wconf 89' lang='lat' dir='ltr'>Co</span> <span class='ocrx_word' id='word_1_376' title='bbox 1554 5066 1580 5076; x_wconf 92' lang='lat'><em>-</em></span> <span class='ocrx_word' id='word_1_377' title='bbox 1617 5038 1640 5087; x_wconf 88' lang='lat'>8.</span> <span class='ocrx_word' id='word_1_378' title='bbox 1660 5052 1770 5102; x_wconf 80' lang='lat' dir='ltr'>regnare</span> 
     </span>
     <span class='ocr_line' id='line_1_41' title="bbox 438 5111 1767 5176; baseline -0.003 -10"><span class='ocrx_word' id='word_1_379' title='bbox 438 5117 634 5166; x_wconf 81' lang='lat' dir='ltr'>oetiianmco</span> <span class='ocrx_word' id='word_1_380' title='bbox 662 5143 688 5152; x_wconf 80' lang='grc'><strong>-</strong></span> <span class='ocrx_word' id='word_1_381' title='bbox 715 5131 760 5166; x_wconf 87' lang='lat' dir='ltr'>era</span> <span class='ocrx_word' id='word_1_382' title='bbox 778 5117 883 5167; x_wconf 75' lang='lat' dir='ltr'>h¹Bllz</span> <span class='ocrx_word' id='word_1_383' title='bbox 906 5118 1011 5170; x_wconf 80' lang='lat' dir='ltr'>erarb;</span> <span class='ocrx_word' id='word_1_384' title='bbox 1037 5115 1220 5166; x_wconf 70' lang='lat' dir='ltr'>her-as2eoo</span> <span class='ocrx_word' id='word_1_385' title='bbox 1249 5143 1275 5151; x_wconf 96' lang='lat'><em>-</em></span> <span class='ocrx_word' id='word_1_386' title='bbox 1303 5127 1389 5164; x_wconf 82' lang='lat' dir='ltr'>corso</span> <span class='ocrx_word' id='word_1_387' title='bbox 1418 5142 1444 5151; x_wconf 96' lang='lat'>-</span> <span class='ocrx_word' id='word_1_388' title='bbox 1474 5116 1512 5164; x_wconf 86' lang='grc'>40.</span> <span class='ocrx_word' id='word_1_389' title='bbox 1532 5127 1638 5176; x_wconf 72' lang='lat' dir='ltr'>qaenam</span> <span class='ocrx_word' id='word_1_390' title='bbox 1656 5111 1767 5164; x_wconf 79' lang='lat' dir='ltr'>h²B²o:</span> 
     </span>
     <span class='ocr_line' id='line_1_42' title="bbox 439 5188 1770 5255; baseline -0.003 -13"><span class='ocrx_word' id='word_1_391' title='bbox 439 5205 578 5255; x_wconf 71' lang='lat' dir='ltr'>ottomanus</span> <span class='ocrx_word' id='word_1_392' title='bbox 594 5191 743 5244; x_wconf 79' lang='lat' dir='ltr'>a¹u¹rteb</span> <span class='ocrx_word' id='word_1_393' title='bbox 763 5219 789 5227; x_wconf 93' lang='lat'><em>-</em></span> <span class='ocrx_word' id='word_1_394' title='bbox 809 5195 897 5242; x_wconf 80' lang='lat' dir='ltr'>uirtuti</span> <span class='ocrx_word' id='word_1_395' title='bbox 915 5190 1013 5242; x_wconf 67' lang='lat' dir='ltr'>hll&#39;2c:</span> <span class='ocrx_word' id='word_1_396' title='bbox 1033 5195 1126 5241; x_wconf 84' lang='lat' dir='ltr'>uirtute</span> <span class='ocrx_word' id='word_1_397' title='bbox 1144 5191 1270 5251; x_wconf 81' lang='lat' dir='ltr'>ll¹llab;</span> <span class='ocrx_word' id='word_1_398' title='bbox 1296 5193 1395 5239; x_wconf 75' lang='lat' dir='ltr'>oirlrdei</span> <span class='ocrx_word' id='word_1_399' title='bbox 1415 5189 1523 5239; x_wconf 89' lang='lat' dir='ltr'>Vahlen.</span> <span class='ocrx_word' id='word_1_400' title='bbox 1545 5215 1571 5225; x_wconf 92' lang='lat'>-</span> <span class='ocrx_word' id='word_1_401' title='bbox 1598 5191 1638 5237; x_wconf 87' lang='lat' dir='ltr'>ll.</span> <span class='ocrx_word' id='word_1_402' title='bbox 1658 5188 1770 5238; x_wconf 81' lang='lat' dir='ltr'>libertati</span> 
     </span>
     <span class='ocr_line' id='line_1_43' title="bbox 438 5265 1770 5329; baseline -0.003 -13"><span class='ocrx_word' id='word_1_403' title='bbox 438 5282 477 5317; x_wconf 78' lang='lat' dir='ltr'>ine</span> <span class='ocrx_word' id='word_1_404' title='bbox 495 5268 679 5318; x_wconf 84' lang='lat' dir='ltr'>Lachmannus</span> <span class='ocrx_word' id='word_1_405' title='bbox 698 5269 738 5328; x_wconf 82' lang='lat' dir='ltr'>(ad</span> <span class='ocrx_word' id='word_1_406' title='bbox 759 5270 860 5317; x_wconf 78' lang='lat' dir='ltr'>lueret.</span> <span class='ocrx_word' id='word_1_407' title='bbox 882 5270 923 5326; x_wconf 84' lang='lat' dir='ltr'>Vl,</span> <span class='ocrx_word' id='word_1_408' title='bbox 938 5268 1006 5328; x_wconf 70' lang='lat' dir='ltr'>tabl:</span> <span class='ocrx_word' id='word_1_409' title='bbox 1026 5283 1064 5316; x_wconf 81' lang='lat' dir='ltr'>arc</span> <span class='ocrx_word' id='word_1_410' title='bbox 1081 5268 1190 5316; x_wconf 81' lang='lat' dir='ltr'>libertati</span> <span class='ocrx_word' id='word_1_411' title='bbox 1209 5269 1253 5317; x_wconf 89' lang='lat' dir='ltr'>Co</span> <span class='ocrx_word' id='word_1_412' title='bbox 1274 5296 1300 5302; x_wconf 93' lang='lat'><em>-</em></span> <span class='ocrx_word' id='word_1_413' title='bbox 1321 5268 1360 5316; x_wconf 77' lang='lat' dir='ltr'>tl.</span> <span class='ocrx_word' id='word_1_414' title='bbox 1379 5280 1474 5329; x_wconf 76' lang='lat' dir='ltr'>magna</span> <span class='ocrx_word' id='word_1_415' title='bbox 1491 5267 1540 5326; x_wconf 72' lang='lat' dir='ltr'>alys</span> <span class='ocrx_word' id='word_1_416' title='bbox 1558 5265 1590 5327; x_wconf 82' lang='lat' dir='ltr'>(in</span> <span class='ocrx_word' id='word_1_417' title='bbox 1610 5277 1693 5326; x_wconf 81' lang='lat' dir='ltr'>marg.</span> <span class='ocrx_word' id='word_1_418' title='bbox 1712 5278 1770 5313; x_wconf 85' lang='lat' dir='ltr'>cnm</span> 
     </span>
     <span class='ocr_line' id='line_1_44' title="bbox 438 5341 1770 5407; baseline -0.003 -14"><span class='ocrx_word' id='word_1_419' title='bbox 438 5345 577 5407; x_wconf 69' lang='lat' dir='ltr'>magnino</span> <span class='ocrx_word' id='word_1_420' title='bbox 604 5370 629 5378; x_wconf 90' lang='lat'><em>-</em></span> <span class='ocrx_word' id='word_1_421' title='bbox 655 5343 693 5393; x_wconf 79' lang='lat' dir='ltr'>ll.</span> <span class='ocrx_word' id='word_1_422' title='bbox 713 5344 818 5405; x_wconf 77' lang='lat' dir='ltr'>singulis</span> <span class='ocrx_word' id='word_1_423' title='bbox 836 5345 880 5393; x_wconf 80' lang='lat' dir='ltr'>hb</span> <span class='ocrx_word' id='word_1_424' title='bbox 905 5368 931 5378; x_wconf 92' lang='lat'>-</span> <span class='ocrx_word' id='word_1_425' title='bbox 958 5343 1221 5404; x_wconf 55' lang='lat' dir='ltr'>tabennensibus</span> <span class='ocrx_word' id='word_1_426' title='bbox 1244 5369 1269 5378; x_wconf 94' lang='lat'><em>-</em></span> <span class='ocrx_word' id='word_1_427' title='bbox 1291 5343 1330 5391; x_wconf 82' lang='grc'>47.</span> <span class='ocrx_word' id='word_1_428' title='bbox 1350 5343 1485 5390; x_wconf 84' lang='lat' dir='ltr'>reddendos</span> <span class='ocrx_word' id='word_1_429' title='bbox 1501 5356 1551 5390; x_wconf 87' lang='lat' dir='ltr'>noa</span> <span class='ocrx_word' id='word_1_430' title='bbox 1569 5352 1618 5388; x_wconf 83' lang='lat' dir='ltr'>csse</span> <span class='ocrx_word' id='word_1_431' title='bbox 1634 5341 1662 5387; x_wconf 87' lang='lat' dir='ltr'>in</span> <span class='ocrx_word' id='word_1_432' title='bbox 1678 5345 1770 5389; x_wconf 71' lang='lat' dir='ltr'>mars</span> 
     </span>
     <span class='ocr_line' id='line_1_45' title="bbox 438 5416 1770 5481; baseline -0.004 -14"><span class='ocrx_word' id='word_1_433' title='bbox 438 5419 530 5469; x_wconf 82' lang='lat' dir='ltr'>censuit</span> <span class='ocrx_word' id='word_1_434' title='bbox 547 5432 564 5481; x_wconf 94' lang='lat' dir='ltr'>p</span> <span class='ocrx_word' id='word_1_435' title='bbox 585 5444 610 5453; x_wconf 95' lang='lat'><em>-</em></span> <span class='ocrx_word' id='word_1_436' title='bbox 630 5418 670 5466; x_wconf 86' lang='grc'>48,</span> <span class='ocrx_word' id='word_1_437' title='bbox 689 5419 721 5467; x_wconf 90' lang='lat' dir='ltr'>ab</span> <span class='ocrx_word' id='word_1_438' title='bbox 738 5419 825 5466; x_wconf 85' lang='lat' dir='ltr'>anricis</span> <span class='ocrx_word' id='word_1_439' title='bbox 842 5425 865 5467; x_wconf 85' lang='lat' dir='ltr'>et</span> <span class='ocrx_word' id='word_1_440' title='bbox 879 5420 1027 5480; x_wconf 82' lang='lat' dir='ltr'>propinquis</span> <span class='ocrx_word' id='word_1_441' title='bbox 1043 5433 1059 5481; x_wconf 94' lang='lat' dir='ltr'>p</span> <span class='ocrx_word' id='word_1_442' title='bbox 1078 5446 1110 5455; x_wconf 92' lang='lat'><strong>—</strong></span> <span class='ocrx_word' id='word_1_443' title='bbox 1129 5420 1166 5467; x_wconf 81' lang='grc'>49,</span> <span class='ocrx_word' id='word_1_444' title='bbox 1182 5419 1267 5466; x_wconf 86' lang='lat' dir='ltr'>datam</span> <span class='ocrx_word' id='word_1_445' title='bbox 1284 5419 1346 5465; x_wconf 78' lang='lat' dir='ltr'>hosti</span> <span class='ocrx_word' id='word_1_446' title='bbox 1364 5430 1378 5465; x_wconf 94' lang='lat' dir='ltr'>o</span> <span class='ocrx_word' id='word_1_447' title='bbox 1398 5444 1424 5452; x_wconf 94' lang='lat'><em>-</em></span> <span class='ocrx_word' id='word_1_448' title='bbox 1445 5418 1484 5465; x_wconf 74' lang='lat'>20.</span> <span class='ocrx_word' id='word_1_449' title='bbox 1499 5416 1612 5465; x_wconf 85' lang='lat' dir='ltr'>Secundo</span> <span class='ocrx_word' id='word_1_450' title='bbox 1623 5440 1660 5450; x_wconf 94' lang='lat'>--</span> <span class='ocrx_word' id='word_1_451' title='bbox 1673 5427 1770 5475; x_wconf 81' lang='lat' dir='ltr'>appro-</span> 
     </span>
     <span class='ocr_line' id='line_1_46' title="bbox 439 5489 1766 5556; baseline -0.002 -14"><span class='ocrx_word' id='word_1_452' title='bbox 439 5494 508 5543; x_wconf 84' lang='lat' dir='ltr'>bavit</span> <span class='ocrx_word' id='word_1_453' title='bbox 525 5493 559 5556; x_wconf 88' lang='lat' dir='ltr'>(v.</span> <span class='ocrx_word' id='word_1_454' title='bbox 572 5494 611 5552; x_wconf 75' lang='lat'>32)</span> <span class='ocrx_word' id='word_1_455' title='bbox 630 5507 683 5544; x_wconf 89' lang='lat' dir='ltr'>orn.</span> <span class='ocrx_word' id='word_1_456' title='bbox 697 5494 870 5555; x_wconf 77' lang='lat' dir='ltr'>hitllabp;</span> <span class='ocrx_word' id='word_1_457' title='bbox 898 5495 1010 5543; x_wconf 86' lang='lat' dir='ltr'>Secunda</span> <span class='ocrx_word' id='word_1_458' title='bbox 1027 5520 1066 5530; x_wconf 89' lang='lat'>·-</span> <span class='ocrx_word' id='word_1_459' title='bbox 1084 5508 1112 5542; x_wconf 87' lang='lat' dir='ltr'>re</span> <span class='ocrx_word' id='word_1_460' title='bbox 1128 5508 1177 5542; x_wconf 86' lang='lat' dir='ltr'>non</span> <span class='ocrx_word' id='word_1_461' title='bbox 1195 5499 1250 5541; x_wconf 86' lang='lat' dir='ltr'>erat</span> <span class='ocrx_word' id='word_1_462' title='bbox 1269 5493 1352 5554; x_wconf 58' lang='lat' dir='ltr'>(ruffi</span> <span class='ocrx_word' id='word_1_463' title='bbox 1372 5505 1424 5540; x_wconf 90' lang='lat' dir='ltr'>orn.</span> <span class='ocrx_word' id='word_1_464' title='bbox 1445 5505 1468 5540; x_wconf 92' lang='lat' dir='ltr'>o.</span> <span class='ocrx_word' id='word_1_465' title='bbox 1500 5489 1538 5539; x_wconf 83' lang='lat' dir='ltr'>Ci.</span> <span class='ocrx_word' id='word_1_466' title='bbox 1559 5491 1591 5539; x_wconf 89' lang='lat'>111</span> <span class='ocrx_word' id='word_1_467' title='bbox 1610 5489 1640 5551; x_wconf 71' lang='lat' dir='ltr'>§S</span> <span class='ocrx_word' id='word_1_468' title='bbox 1652 5489 1695 5539; x_wconf 82' lang='lat'>86.</span> <span class='ocrx_word' id='word_1_469' title='bbox 1710 5490 1766 5539; x_wconf 79' lang='grc'><strong>407.</strong></span> 
     </span>
     <span class='ocr_line' id='line_1_47' title="bbox 440 5564 1770 5629; baseline -0.004 -11"><span class='ocrx_word' id='word_1_470' title='bbox 440 5569 495 5619; x_wconf 88' lang='grc'><strong>443.</strong></span> <span class='ocrx_word' id='word_1_471' title='bbox 519 5596 544 5605; x_wconf 93' lang='lat'>-</span> <span class='ocrx_word' id='word_1_472' title='bbox 563 5571 604 5618; x_wconf 71' lang='lat'>2⁴.</span> <span class='ocrx_word' id='word_1_473' title='bbox 618 5570 758 5619; x_wconf 77' lang='lat' dir='ltr'>Annibale</span> <span class='ocrx_word' id='word_1_474' title='bbox 778 5595 804 5603; x_wconf 92' lang='lat'><em>-</em></span> <span class='ocrx_word' id='word_1_475' title='bbox 825 5568 864 5617; x_wconf 69' lang='lat'>23.</span> <span class='ocrx_word' id='word_1_476' title='bbox 885 5571 945 5629; x_wconf 85' lang='lat' dir='ltr'>qnia</span> <span class='ocrx_word' id='word_1_477' title='bbox 963 5571 987 5617; x_wconf 87' lang='lat' dir='ltr'>S.</span> <span class='ocrx_word' id='word_1_478' title='bbox 1003 5570 1021 5618; x_wconf 94' lang='lat' dir='ltr'>l.</span> <span class='ocrx_word' id='word_1_479' title='bbox 1037 5567 1124 5617; x_wconf 87' lang='lat' dir='ltr'>Heller</span> <span class='ocrx_word' id='word_1_480' title='bbox 1142 5566 1240 5629; x_wconf 78' lang='lat' dir='ltr'>(Philol.</span> <span class='ocrx_word' id='word_1_481' title='bbox 1252 5567 1415 5616; x_wconf 77' lang='lat' dir='ltr'>Sclrneiderr.</span> <span class='ocrx_word' id='word_1_482' title='bbox 1434 5567 1477 5615; x_wconf 87' lang='lat' dir='ltr'>Xll</span> <span class='ocrx_word' id='word_1_483' title='bbox 1496 5580 1521 5629; x_wconf 95' lang='lat' dir='ltr'>p.</span> <span class='ocrx_word' id='word_1_484' title='bbox 1534 5565 1581 5614; x_wconf 75' lang='lat'>302</span> <span class='ocrx_word' id='word_1_485' title='bbox 1599 5578 1648 5628; x_wconf 86' lang='lat' dir='ltr'>sqq</span> <span class='ocrx_word' id='word_1_486' title='bbox 1661 5565 1684 5625; x_wconf 73' lang='lat' dir='ltr'>l:</span> <span class='ocrx_word' id='word_1_487' title='bbox 1704 5564 1770 5626; x_wconf 80' lang='lat' dir='ltr'>quod</span> 
     </span>
     <span class='ocr_line' id='line_1_48' title="bbox 439 5638 1769 5708; baseline -0.005 -14"><span class='ocrx_word' id='word_1_488' title='bbox 439 5642 598 5694; x_wconf 80' lang='lat' dir='ltr'>Lambinus:</span> <span class='ocrx_word' id='word_1_489' title='bbox 618 5646 694 5705; x_wconf 84' lang='lat' dir='ltr'>quio</span> <span class='ocrx_word' id='word_1_490' title='bbox 719 5671 744 5679; x_wconf 91' lang='lat'>-</span> <span class='ocrx_word' id='word_1_491' title='bbox 772 5642 812 5692; x_wconf 68' lang='lat' dir='ltr'>ii.</span> <span class='ocrx_word' id='word_1_492' title='bbox 833 5645 970 5708; x_wconf 72' lang='lat' dir='ltr'>invenerat]</span> <span class='ocrx_word' id='word_1_493' title='bbox 983 5644 1103 5691; x_wconf 82' lang='lat' dir='ltr'>lenirerat</span> <span class='ocrx_word' id='word_1_494' title='bbox 1121 5640 1222 5697; x_wconf 85' lang='lat' dir='ltr'>llellcr;</span> <span class='ocrx_word' id='word_1_495' title='bbox 1243 5643 1301 5692; x_wconf 85' lang='lat' dir='ltr'>tort.</span> <span class='ocrx_word' id='word_1_496' title='bbox 1314 5645 1439 5690; x_wconf 80' lang='lat' dir='ltr'>minuerat</span> <span class='ocrx_word' id='word_1_497' title='bbox 1457 5643 1481 5703; x_wconf 88' lang='lat' dir='ltr'>(i.</span> <span class='ocrx_word' id='word_1_498' title='bbox 1496 5655 1520 5690; x_wconf 90' lang='lat' dir='ltr'>e.</span> <span class='ocrx_word' id='word_1_499' title='bbox 1535 5641 1654 5689; x_wconf 89' lang='lat' dir='ltr'>minuere</span> <span class='ocrx_word' id='word_1_500' title='bbox 1673 5638 1769 5689; x_wconf 87' lang='lat' dir='ltr'>studu-</span> 
     </span>
     <span class='ocr_line' id='line_1_49' title="bbox 440 5714 1771 5780; baseline -0.004 -12"><span class='ocrx_word' id='word_1_501' title='bbox 440 5723 514 5780; x_wconf 70' lang='lat' dir='ltr'>erat).</span> <span class='ocrx_word' id='word_1_502' title='bbox 535 5748 562 5756; x_wconf 95' lang='lat'><em>-</em></span> <span class='ocrx_word' id='word_1_503' title='bbox 581 5720 710 5770; x_wconf 76' lang='lat' dir='ltr'>Annibalis</span> <span class='ocrx_word' id='word_1_504' title='bbox 727 5730 742 5768; x_wconf 94' lang='lat' dir='ltr'>o</span> <span class='ocrx_word' id='word_1_505' title='bbox 760 5745 791 5754; x_wconf 89' lang='lat'><em>-</em></span> <span class='ocrx_word' id='word_1_506' title='bbox 818 5719 858 5768; x_wconf 76' lang='lat'>28.</span> <span class='ocrx_word' id='word_1_507' title='bbox 877 5720 1037 5780; x_wconf 75' lang='lat' dir='ltr'>cogitandam</span> <span class='ocrx_word' id='word_1_508' title='bbox 1054 5723 1120 5766; x_wconf 84' lang='lat' dir='ltr'>esto</span> <span class='ocrx_word' id='word_1_509' title='bbox 1142 5744 1166 5751; x_wconf 94' lang='lat'>—</span> <span class='ocrx_word' id='word_1_510' title='bbox 1191 5719 1231 5765; x_wconf 77' lang='lat'>30.</span> <span class='ocrx_word' id='word_1_511' title='bbox 1251 5730 1411 5766; x_wconf 78' lang='lat' dir='ltr'>canarno</span> <span class='ocrx_word' id='word_1_512' title='bbox 1438 5743 1464 5751; x_wconf 92' lang='lat'><em>-</em></span> <span class='ocrx_word' id='word_1_513' title='bbox 1493 5716 1534 5765; x_wconf 82' lang='grc'>34.</span> <span class='ocrx_word' id='word_1_514' title='bbox 1552 5714 1695 5779; x_wconf 70' lang='lat' dir='ltr'>perfugam]</span> <span class='ocrx_word' id='word_1_515' title='bbox 1714 5726 1771 5764; x_wconf 81' lang='lat' dir='ltr'>oran</span> 
     </span>
     <span class='ocr_line' id='line_1_50' title="bbox 439 5790 1771 5845; baseline -0.005 -2"><span class='ocrx_word' id='word_1_516' title='bbox 439 5806 454 5843; x_wconf 90' lang='lat' dir='ltr'>o</span> <span class='ocrx_word' id='word_1_517' title='bbox 474 5821 500 5830; x_wconf 84' lang='lat'>-</span> <span class='ocrx_word' id='word_1_518' title='bbox 519 5796 617 5845; x_wconf 81' lang='lat' dir='ltr'>dedito</span> <span class='ocrx_word' id='word_1_519' title='bbox 643 5823 669 5831; x_wconf 92' lang='lat'>-</span> <span class='ocrx_word' id='word_1_520' title='bbox 694 5794 734 5844; x_wconf 75' lang='grc'>34.</span> <span class='ocrx_word' id='word_1_521' title='bbox 753 5795 906 5843; x_wconf 74' lang='lat' dir='ltr'>remeandum</span> <span class='ocrx_word' id='word_1_522' title='bbox 924 5793 954 5843; x_wconf 88' lang='lat' dir='ltr'>ll¹</span> <span class='ocrx_word' id='word_1_523' title='bbox 974 5822 1000 5830; x_wconf 92' lang='lat'><em>-</em></span> <span class='ocrx_word' id='word_1_524' title='bbox 1025 5795 1136 5844; x_wconf 86' lang='lat' dir='ltr'>condicio</span> <span class='ocrx_word' id='word_1_525' title='bbox 1154 5795 1199 5843; x_wconf 83' lang='lat' dir='ltr'>hb</span> <span class='ocrx_word' id='word_1_526' title='bbox 1223 5820 1250 5829; x_wconf 93' lang='lat'><em>-</em></span> <span class='ocrx_word' id='word_1_527' title='bbox 1274 5794 1313 5842; x_wconf 84' lang='lat'>36.</span> <span class='ocrx_word' id='word_1_528' title='bbox 1332 5794 1511 5842; x_wconf 83' lang='lat' dir='ltr'>mercennariis</span> <span class='ocrx_word' id='word_1_529' title='bbox 1527 5790 1677 5841; x_wconf 80' lang='lat' dir='ltr'>hbllbc:</span> <span class='ocrx_word' id='word_1_530' title='bbox 1702 5802 1771 5838; x_wconf 72' lang='grc' dir='ltr'>Μ·</span> 
     </span>
     <span class='ocr_line' id='line_1_51' title="bbox 439 5864 1768 5934; baseline -0.002 -16"><span class='ocrx_word' id='word_1_531' title='bbox 439 5870 548 5918; x_wconf 69' lang='lat' dir='ltr'>mariis</span> <span class='ocrx_word' id='word_1_532' title='bbox 564 5883 606 5921; x_wconf 79' lang='lat' dir='ltr'>so</span> <span class='ocrx_word' id='word_1_533' title='bbox 635 5898 662 5906; x_wconf 96' lang='lat'><em>-</em></span> <span class='ocrx_word' id='word_1_534' title='bbox 690 5883 767 5934; x_wconf 84' lang='lat' dir='ltr'>opera</span> <span class='ocrx_word' id='word_1_535' title='bbox 784 5870 907 5934; x_wconf 69' lang='lat' dir='ltr'>erigenda</span> <span class='ocrx_word' id='word_1_536' title='bbox 926 5872 1003 5931; x_wconf 89' lang='lat' dir='ltr'>(corr.</span> <span class='ocrx_word' id='word_1_537' title='bbox 1023 5884 1056 5921; x_wconf 86' lang='lat' dir='ltr'>ex</span> <span class='ocrx_word' id='word_1_538' title='bbox 1073 5882 1176 5932; x_wconf 87' lang='lat' dir='ltr'>operam</span> <span class='ocrx_word' id='word_1_539' title='bbox 1192 5868 1350 5932; x_wconf 68' lang='lat' dir='ltr'>exigendam)</span> <span class='ocrx_word' id='word_1_540' title='bbox 1368 5868 1387 5917; x_wconf 89' lang='lat' dir='ltr'>B</span> <span class='ocrx_word' id='word_1_541' title='bbox 1408 5894 1435 5905; x_wconf 92' lang='lat'><em>-</em></span> <span class='ocrx_word' id='word_1_542' title='bbox 1459 5880 1516 5917; x_wconf 82' lang='lat' dir='ltr'>cunr</span> <span class='ocrx_word' id='word_1_543' title='bbox 1532 5871 1578 5916; x_wconf 86' lang='lat' dir='ltr'>ant</span> <span class='ocrx_word' id='word_1_544' title='bbox 1593 5864 1721 5916; x_wconf 77' lang='lat' dir='ltr'>dnobueb</span> <span class='ocrx_word' id='word_1_545' title='bbox 1740 5887 1768 5900; x_wconf 91' lang='lat'>-</span> 
     </span>
    </p>
   </div>
   <div class='ocr_carea' id='block_1_4' title="bbox 440 5943 690 6007">
    <p class='ocr_par' dir='ltr' id='par_1_4' title="bbox 440 5943 690 6007">
     <span class='ocr_line' id='line_1_52' title="bbox 440 5943 690 6007; baseline 0.012 -14"><span class='ocrx_word' id='word_1_546' title='bbox 440 5943 481 5993; x_wconf 82' lang='lat' dir='ltr'>ar.</span> <span class='ocrx_word' id='word_1_547' title='bbox 499 5945 641 6007; x_wconf 61' lang='lat' dir='ltr'>aermnae</span> <span class='ocrx_word' id='word_1_548' title='bbox 658 5947 690 5998; x_wconf 84' lang='lat' dir='ltr'>a.</span> 
     </span>
    </p>
   </div>
   <div class='ocr_carea' id='block_1_5' title="bbox 0 0 2188 7459">
    <p class='ocr_par' dir='ltr' id='par_1_5' title="bbox 0 0 2188 7459">
     <span class='ocr_line' id='line_1_53' title="bbox 0 0 2188 7459; baseline 0 0"><span class='ocrx_word' id='word_1_549' title='bbox 0 0 2188 7459; x_wconf 95' lang='lat' dir='ltr'> </span> 
     </span>
    </p>
   </div>
  </div>
 </body>
</html>
