4342 7459
686 1250 755 1312 um.
775 1247 812 1310 v.
842 1244 917 1310 css.
938 1243 1211 1309 xxm-xxiv.
1238 1240 1286 1327 ss
1303 1238 1452 1306 stass.
1673 1233 1736 1300 sss

406 1411 440 1475 io
461 1429 499 1474 ea
521 1410 616 1474 eitum
638 1429 709 1473 esse
730 1427 861 1472 necesse
882 1412 932 1471 est
952 1404 1050 1481 illud,
1080 1404 1168 1489 quod
1190 1404 1334 1488 quaeris,
1363 1412 1539 1488 optumum.
1580 1404 1666 1481 Quid
1688 1416 1737 1472 est

406 1514 511 1568 autem
533 1506 567 1567 in
587 1504 717 1567 homine
739 1503 844 1585 sagaci
866 1521 902 1564 ac
924 1501 1008 1564 bona
1029 1506 1135 1563 mente
1157 1499 1293 1563 meliust
1315 1499 1391 1562 Eius
1405 1499 1490 1563 bono
1504 1499 1673 1564 fruendum
1688 1509 1738 1566 est

406 1598 521 1680 igitur,
543 1599 570 1661 si
593 1598 676 1660 beati
698 1617 768 1660 esse
790 1596 953 1669 volomus3
975 1594 1092 1658 bonum
1115 1601 1220 1657 autem
1242 1594 1356 1657 mentis
1379 1599 1427 1657 est
1440 1596 1556 1659 virtus:
1578 1614 1655 1677 ergo
1675 1596 1736 1659 hae

406 1692 530 1756 beatam
552 1692 648 1754 vitam
669 1690 826 1755 contineri
848 1709 977 1754 necesse
999 1697 1057 1751 est
1085 1689 1167 1751 llinc
1180 1686 1300 1761 omnia,
1321 1706 1403 1771 quae
1425 1688 1570 1772 pulchra,
1592 1688 1737 1767 honesta,

408 1786 567 1870 praeclara
596 1794 684 1859 sunt,
712 1792 748 1848 ut
776 1804 870 1867 supra
900 1783 981 1857 dixi,
1011 1782 1068 1846 sed
1091 1781 1260 1856 dicendum
1282 1780 1368 1843 idem
1389 1781 1469 1846 illud
1490 1783 1587 1866 paulo
1608 1783 1762 1848 uberiust

408 1879 546 1955 ridetur,
573 1878 669 1962 plena
696 1878 885 1961 gaudiorum
916 1886 997 1941 sunt
1034 1879 1082 1939 Ex
1109 1874 1272 1958 perpetuis
1292 1880 1399 1937 autem
1425 1875 1593 1959 plenisque
1615 1878 1738 1961 gaudiis

408 1994 477 2039 eum
507 1972 711 2056 perspicuum
741 1974 783 2037 sit
811 1972 907 2037 sitam
936 1968 1059 2035 beatam
1090 1970 1244 2043 existere,
1276 1968 1422 2052 sequitur
1442 1977 1479 2034 ut
1499 1989 1538 2035 ea
1560 1972 1677 2037 existet
1697 1991 1739 2037 ex

408 2066 583 2132 honestate.
867 2080 873 2090 ·

491 2162 607 2226 xxiv.
631 2159 683 2224 68.
705 2160 768 2224 Sed
790 2180 830 2224 ne
852 2159 956 2224 serbis
977 2159 1081 2222 solum
1096 2156 1287 2239 attingamus
1300 2176 1349 2230 ea,
1371 2176 1455 2242 quae
1469 2158 1617 2225 volumus
1632 2168 1740 2226 osteu-

408 2256 497 2331 dere,
528 2254 737 2340 proponenda
767 2253 923 2339 quaedam
951 2251 1043 2336 quasi
1075 2250 1235 2314 moventia
1263 2258 1350 2325 sunt,
1383 2271 1466 2336 quaa
1494 2271 1556 2318 noe
1576 2256 1678 2339 magis
1697 2256 1778 2319 adro

408 2350 620 2434 cognitionem
649 2347 965 2430 intellegentiamque
991 2352 1184 2409 convertant.
1217 2344 1367 2408 Sumatur
1385 2346 1472 2409 enim
1494 2346 1587 2411 nobie
1608 2348 1740 2433 quidam

409 2451 573 2525 praestans
584 2442 633 2505 vir
643 2442 781 2525 optumis
795 2440 917 2504 artibus
932 2442 1026 2523 isque
1040 2439 1147 2502 animo
1161 2457 1333 2523 parumper
1346 2448 1378 2503 et
1391 2440 1583 2523 cogitatione
1591 2442 1739 2526 tingatur.

410 2538 547 2601 Primum
570 2536 698 2618 ingenio
720 2535 837 2597 eximio
860 2534 902 2597 sit
922 2553 1052 2597 necesse
1073 2541 1138 2606 est3
1162 2532 1259 2596 tardis
1282 2533 1366 2596 euim
1387 2534 1546 2598 montibus
1559 2537 1742 2602 virtusrmn

409 2630 502 2695 facile
524 2631 713 2703 comitatur3
737 2627 853 2690 deiude
875 2625 916 2689 ad
937 2625 1191 2708 investigandam
1214 2627 1378 2690 veritatem
1400 2628 1507 2691 studio
1528 2631 1670 2696 incitato.
1691 2634 1742 2698 Ex

410 2744 474 2809 quo
496 2724 614 2806 triplex
634 2722 690 2785 ille
711 2722 809 2784 animi
831 2720 915 2784 tetus
938 2720 1069 2782 existet:
1092 2739 1175 2782 uuus
1195 2720 1230 2782 in
1246 2721 1425 2803 cognitione
1447 2741 1551 2786 rerum
1572 2726 1695 2807 poribus
1709 2732 1781 2790 4444

410 2820 442 2881 in
455 2818 668 2901 explicatione
682 2822 825 2887 naturae,
846 2814 927 2877 alter
945 2814 978 2876 in
997 2812 1204 2897 discriptione
1220 2815 1468 2896 expetendarum
1481 2814 1742 2899 fugiendarumve

411 2932 514 2976 rerum
536 2920 562 2973 et
584 2912 618 2972 444
637 2911 759 2972 ratione
781 2908 927 2981 vivendi,
948 2908 1060 2971 tertius
1082 2909 1118 2970 iu
1136 2908 1308 2972 iudicando
1323 2909 1402 2992 qnid
1415 2911 1534 2995 cuique
1549 2911 1596 2974 rei
1610 2913 1653 2976 sit
1667 2933 1743 2977 con·

410 3024 563 3090 sequens,
593 3003 670 3088 quid
692 3022 890 3085 repugnans,
920 3003 952 3065 in
974 3021 1038 3087 quo
1064 3002 1148 3065 inest
1169 3004 1271 3065 omnis
1293 3021 1365 3066 cum
1386 3003 1545 3068 subtilitas
1567 3004 1744 3070 disserendi

412 3108 476 3162 tum
500 3098 619 3161 veritas
641 3096 814 3160 iudicandi.
849 3093 902 3157 69.
925 3095 997 3170 Quo
1021 3096 1148 3159 taudem
1169 3096 1267 3179 igitur
1287 3095 1405 3179 gaudio
1426 3093 1519 3161 adfici
1540 3118 1673 3164 necesse
1695 3106 1744 3164 est

412 3192 564 3276 sapientis
591 3190 731 3254 animum
762 3209 832 3253 cum
861 3188 912 3253 his
937 3189 1133 3252 habitantem
1156 3198 1459 3275 pernoctantemque
1480 3193 1583 3256 curisl
1614 3199 1651 3256 ut
1671 3207 1782 3258 cumst

412 3287 506 3350 totius
529 3286 637 3349 muudi
660 3292 762 3347 motus
784 3284 1074 3367 conversionesque
1105 3284 1302 3368 perspexerit
1323 3283 1492 3369 sideraque
1513 3285 1630 3349 viderit
1650 3287 1744 3351 inuu-

414 3378 578 3443 merahilia
600 3378 688 3441 caelo
711 3378 909 3441 inhaerentia
931 3384 1003 3441 cum
1027 3380 1094 3441 eius
1115 3378 1218 3460 ipsius
1240 3385 1327 3442 motu
1341 3395 1516 3461 congruere
1531 3381 1625 3444 cortis
1646 3377 1744 3444 iulixa

413 3474 559 3546 sedibus,
586 3479 708 3555 septem
736 3473 798 3535 alia
827 3491 903 3535 suos
934 3491 1082 3556 quaeque
1112 3479 1220 3535 tenere
1241 3491 1353 3535 corsus
1375 3466 1508 3536 multum
1530 3474 1613 3538 iuter
1632 3493 1668 3537 se
1689 3479 1745 3537 aut

412 3568 578 3631 altitudine
607 3571 662 3630 aut
689 3566 869 3630 humilitate
898 3565 1061 3639 distantia,
1092 3584 1228 3650 quorum
1257 3566 1330 3647 vagi
1359 3574 1464 3630 motus
1491 3574 1559 3631 rata
1584 3574 1690 3632 tamen
1711 3573 1745 3630 et

479 3850 503 3899 0.
523 3862 602 3911 eoque
617 3848 733 3898 4444444444
748 3849 769 3899 lt
789 3873 815 3882 -
836 3848 875 3896 44.
892 3846 975 3910 [oetier
992 3848 1011 3895 G
1028 3871 1061 3883 -
1078 3845 1118 3896 46.
1136 3845 1295 3908 4044444444
1311 3846 1373 3897 ott:
1391 3846 1555 3911 dmers'ptioee
1570 3849 1604 3901 0.
1626 3850 1693 3902 Vide
1710 3852 1745 3903 ad

416 3938 441 3988 p.
459 3924 518 3986 003,
536 3927 561 3976 e.
582 3952 609 3963 -
627 3924 835 3988 tupimdorueroe
850 3935 936 3973 reram
951 3926 976 3972 et
990 3922 1018 3969 04
1034 3922 1133 3971 rottoee
1148 3922 1248 3972 4444444·
1259 3922 1307 3972 W:
1324 3921 1551 3989 mpudentesque
1565 3937 1598 3975 ree
1612 3939 1700 3977 rerem
1714 3940 1747 3979 ese

414 4000 515 4050 4444444444
532 4002 552 4048 G
571 4002 598 4049 et
615 4000 706 4061 (erasis
723 4012 755 4047 ase
772 4000 799 4048 et
814 4011 845 4047 ue
860 3998 970 4058 4444444444
988 3998 1021 4055 lt;
1038 3996 1266 4060 taptmdonertcse
1280 4008 1367 4045 reraett
1381 3996 1416 4056 B;
1438 3997 1646 4062 tsptmdorartsoe
1660 4014 1748 4053 renen

415 4074 449 4132 03
466 4073 675 4137 [444444444444
690 4087 777 4123 renen
788 4078 891 4134 arteque
902 4071 1202 4134 memoriosae.
1215 4072 1239 4120 44.
1259 4070 1332 4132 «uic,
1345 4068 1401 4133 ubl,
1414 4070 1534 4122 4444444.
1545 4073 1576 4135 44,
1591 4074 1646 4127 itt.
1665 4077 1745 4141 legg.

417 4150 436 4209 Ι,
454 4150 561 4199 tto-62.
586 4149 620 4199 de
639 4150 749 4199 0444444.
769 4150 800 4207 44,
820 4148 927 4209 40-44,
950 4144 1114 4209 significatur
1134 4146 1262 4210 tripertita
1285 4145 1326 4196 iila
1348 4145 1530 4212 philosophiae
1552 4149 1645 4201 divisio
1662 4153 1746 4206 44444.

416 4224 439 4283 4,
457 4224 498 4273 ts.
517 4225 551 4283 44,
571 4224 628 4273 446.
650 4224 702 4273 444.
722 4224 765 4283 lv,
783 4222 808 4272 4.
827 4223 858 4281 44,
877 4222 902 4271 0.
921 4220 956 4271 de
973 4222 1043 4271 orat.
1061 4222 1086 4280 l,
1105 4221 1137 4270 044
1155 4220 1253 4288 diserte
1271 4226 1497 4281 commemorata,
1515 4222 1550 4273 de
1567 4224 1654 4283 ethica
1667 4225 1746 4290 vulgo

416 4298 480 4349 haec
499 4302 600 4348 tantum
617 4297 755 4361 leguntur:
780 4298 844 4346 otter
865 4299 892 4346 in
909 4295 1073 4358 descriptione
1091 4297 1289 4357 expetendorum
1302 4297 1512 4360 sopieedorseereee
1526 4311 1626 4360 renen,
1649 4300 1747 4364 quihus

415 4372 562 4436 dogmatica
579 4372 681 4422 ethicae
700 4386 762 4436 pars
779 4371 912 4430 definitur,
930 4368 986 4419 scil.
999 4370 1033 4419 de
1052 4369 1148 4421 fluibus
1167 4370 1298 4422 bonorum
1317 4370 1501 4422 etmalorum.
1529 4374 1583 4437 Ego
1600 4390 1632 4426 er
1645 4378 1747 4427 arche·

416 4452 477 4513 typo
495 4448 585 4497 scribo
602 4461 688 4497 remen
705 4450 723 4508 ἦ
739 4461 771 4496 ee
787 4452 811 4497 et
825 4446 932 4496 vivendi.
959 4448 1001 4495 Sic
1020 4446 1092 4495 euim
1110 4444 1202 4509 [immo
1219 4460 1306 4496 rerem
1321 4460 1353 4497 ee
1363 4447 1473 4511 uiuendi]
1486 4446 1524 4508 ll¹,
1542 4449 1594 4500 alii.
1614 4452 1685 4501 llaec
1697 4465 1748 4502 au-

416 4528 469 4575 tem
486 4526 612 4587 quoniam
630 4526 655 4573 44
673 4523 824 4586 Archetypo
843 4534 931 4584 neque
949 4534 1041 4571 errore
1059 4519 1111 4570 ullo
1129 4534 1217 4583 neque
1235 4520 1437 4586 interpolatione
1448 4522 1510 4573 addi
1527 4529 1679 4589 potuerunt,
1698 4541 1748 4579 ne-

417 4613 492 4650 cesse
511 4603 552 4650 est
573 4599 599 4649 in
617 4599 764 4660 antiquiore
782 4596 870 4659 aliquo
887 4596 980 4646 codice
998 4596 1089 4656 tuisse¹
1108 4610 1190 4659 quae,
1214 4602 1243 4647 ut
1260 4600 1363 4662 opinor,
1382 4597 1452 4649 lectu
1468 4598 1584 4649 difficilia
1601 4602 1748 4654 omittendo

417 4678 443 4722 et
459 4673 659 4738 transponendo
677 4675 716 4723 sic
734 4674 952 4737 depravarentur.
975 4670 1093 4732 Scilicet,
1112 4684 1276 4735 quamquam
1294 4674 1450 4735 quaestione
1468 4671 1510 4722 illa
1527 4673 1562 4723 de
1574 4672 1671 4725 tinibus
1683 4674 1709 4726 b.
1722 4679 1750 4727 et

417 4761 451 4797 m.
471 4749 546 4811 quasi
564 4747 737 4797 lundameuto
755 4747 871 4810 quodam
890 4748 942 4796 tota
961 4747 1046 4796 ethica
1065 4747 1155 4795 nititur
1173 4746 1214 4809 (cl.
1235 4748 1288 4797 lin.
1301 4748 1345 4808 lv,
1361 4750 1385 4799 t.
1404 4748 1444 4799 44.
1463 4749 1495 4809 V,
1509 4750 1549 4799 tt.
1569 4751 1653 4801 Diviu.
1668 4752 1699 4812 44,
1711 4753 1747 4815 4),

417 4828 504 4874 tamen
522 4836 618 4887 parum
636 4828 697 4887 apte
714 4823 741 4872 h.
755 4822 771 4873 l.
785 4823 884 4873 omissa
902 4826 973 4872 esset
991 4823 1159 4887 paraenetica
1178 4823 1235 4871 eius
1252 4836 1324 4886 pars,
1343 4836 1412 4887 quae
1430 4826 1472 4875 est
1482 4824 1517 4875 de
1528 4823 1622 4875 ciliciis
1632 4837 1655 4875 4.
1669 4839 1749 4890 prae-

417 4901 512 4963 ceptis,
532 4898 630 4961 quibus
648 4899 673 4948 in
692 4910 787 4948 omues
804 4901 894 4962 partes
912 4910 977 4948 usus
993 4901 1060 4947 vitoe
1077 4896 1237 4947 conformari
1255 4899 1338 4961 possit
1355 4897 1437 4961 (04444.
1451 4899 1470 4958 4,
1484 4900 1518 4961 ll.
1537 4899 1576 4950 Cl.
1590 4901 1702 4951 Divinat.
1715 4903 1747 4964 ll,

417 4973 431 5036 S
449 4974 495 5023 4οι
516 4974 577 5036 quid
594 4974 685 5023 bouum
700 4975 745 5034 444,
763 4975 823 5033 quid
839 4974 949 5033 moisen,
969 4974 1030 5036 quid
1046 4977 1172 5022 neutrum.
1199 4972 1214 5035 fi
1234 4973 1278 5020 tt:
1300 4973 1330 5022 de
1346 4974 1448 5037 41444444,
1461 4987 1583 5037 --qreem
1598 4976 1633 5024 od
1648 4976 1749 5026 medoen

418 5052 448 5100 444
464 5052 606 5101 uisendam.
634 5048 715 5099 Acad.
735 5050 756 5097 ll
774 5047 864 5110 Stil:
882 5054 911 5098 ret
922 5061 1051 5098 --mores
1066 5051 1149 5111 {topos
1161 5047 1201 5109 (cl.
1216 5047 1269 5096 Flu.
1284 5047 1325 5108 lV,
1338 5049 1377 5110 44),
1394 5050 1456 5112 fleres
1471 5049 1593 5100 4444444444
1608 5050 1749 5100 4444444444-

417 5138 462 5186 qae
478 5128 630 5184 4444444444,
649 5125 732 5187 officio
749 5122 887 5182 4444444044,
906 5136 983 5184 quom
999 5126 1079 5174 eitum
1094 5125 1228 5188 iepredior
1244 5125 1356 5187 4444444444.
1380 5125 1453 5175 Brut.
1472 5125 1487 5188 g
1505 5124 1552 5174 at:
1574 5127 1635 5175 boec
1651 5124 1750 5190 (philo-

417 5203 531 5266 sophie),
551 5202 577 5249 io
595 5213 647 5261 quo
664 5201 693 5249 de
710 5199 779 5247 horris
794 5199 868 5247 rebus
884 5203 908 5248 et
924 5202 998 5248 motis
1015 5201 1091 5259 deque
1107 5200 1235 5249 hominem
1251 5200 1306 5248 otto
1322 5204 1345 5249 et
1361 5200 1633 5262 moribusdiepretotrr.
1653 5202 1706 5251 Fin.
1718 5202 1749 5264 v,

417 5279 521 5327 44-44.
541 5276 647 5326 44-46.
662 5276 740 5337 legg.
754 5276 774 5333 4,
787 5275 827 5323 60.
848 5274 879 5323 Et
890 5274 999 5337 quidem
1015 5279 1068 5324 tota
1080 5277 1168 5326 ethica
1181 5277 1235 5325 liu.
1250 5275 1280 5335 V,
1294 5275 1421 5325 0444444444
1435 5287 1498 5338 porr
1509 5275 1614 5334 dicitur,
1632 5274 1714 5326 head.
1728 5278 1749 5337 4,

418 5351 448 5399 re
465 5353 494 5401 de
509 5352 564 5401 cito
580 5356 603 5402 et
619 5351 730 5399 4444440444
747 5353 773 5398 44
788 5362 851 5412 porr
868 5348 926 5398 berte
941 5352 1053 5410 44444444,
1073 5351 1108 5400 de
1126 5351 1197 5400 0444.
1211 5352 1231 5410 4,
1245 5351 1277 5401 00
1293 5349 1632 5407 44444044444444444404444
1652 5351 1750 5413 quihus

418 5425 481 5477 locis
504 5430 559 5477 tres
583 5424 641 5476 illue
663 5429 752 5489 partes
776 5424 884 5474 brevius
906 5423 1082 5482 definiuntur;
1109 5425 1160 5474 hoc
1181 5428 1272 5474 autem
1288 5423 1357 5484 loco,
1379 5424 1413 5475 de
1431 5438 1484 5490 quo
1501 5428 1597 5489 agitur,
1615 5426 1750 5489 aliquanto

418 5500 525 5551 uberior
542 5504 693 5552 ceterarum
712 5500 825 5550 duarum
843 5500 999 5561 significatio
1017 5504 1066 5551 est.
1093 5499 1203 5550 Accedit
1220 5500 1292 5563 quod
1309 5502 1324 5564 5
1341 5501 1382 5562 44,
1403 5499 1449 5551 ubi
1466 5502 1555 5552 ethica
1572 5502 1686 5565 cognitio
1704 5514 1751 5552 ac-

419 5579 534 5627 curatius
556 5574 715 5639 4444444444,
739 5574 772 5623 de
791 5580 904 5638 utraque
922 5578 979 5627 eius
999 5580 1075 5639 parte
1093 5577 1240 5640 exponitur.
1269 5577 1342 5636 Quae
1360 5588 1422 5626 cum
1439 5577 1474 5626 ita
1491 5577 1545 5627 slot
1561 5587 1611 5637 ego
1628 5576 1751 5638 suspicor

420 5653 446 5701 io
462 5651 510 5701 44444
528 5651 619 5702 verbis
634 5650 677 5712 (oe
691 5651 803 5713 uiuendi)
822 5649 905 5701 latere
922 5658 945 5701 et
960 5655 988 5701 ie
1004 5652 1104 5703 44444444
1119 5652 1219 5702 4444444
1234 5653 1280 5700 444
1295 5655 1319 5701 et
1335 5652 1362 5700 444
1377 5652 1475 5701 ratione
1489 5649 1588 5699 otoeedi
1606 5647 1647 5709 (cl.
1666 5648 1749 5700 acad.

421 5726 455 5784 44,
474 5726 521 5775 rsa
545 5726 625 5775 omnis
646 5728 714 5774 ratio
729 5727 797 5775 vitoe
813 5730 866 5777 cet.
892 5727 945 5777 lin.
966 5728 996 5788 v,
1017 5730 1055 5778 tt.
1075 5729 1115 5777 te.
1135 5728 1175 5777 46.
1194 5726 1229 5777 de
1246 5727 1318 5776 Orat.
1336 5727 1368 5787 44,
1385 5727 1457 5787 stat:
1482 5724 1541 5775 0444
1557 5722 1619 5773 addi
1637 5734 1750 5776 necesse

422 5812 472 5848 444
490 5800 545 5850 luit.
573 5801 601 5850 44
618 5801 637 5850 lt
656 5813 763 5850 erasum
780 5813 812 5849 ee
828 5802 930 5852 4444444444
948 5814 1021 5862 esse,
1040 5802 1113 5864 quod
1130 5799 1237 5865 intelligi
1255 5814 1307 5852 oon
1319 5804 1420 5865 posset,
1439 5812 1492 5849 nou
1504 5799 1586 5860 megla
1599 5797 1751 5851 mirandum

421 5876 461 5923 est
478 5887 559 5936 quem
576 5875 619 5934 144,
637 5875 670 5925 tl
687 5877 712 5924 44
732 5875 792 5925 cod.
806 5876 959 5941 Gryphiano
971 5880 1099 5929 omissum
1119 5875 1180 5926 illud
1192 5876 1388 5940 Archetypioet
1398 5872 1631 5937 4444444444--44444
1643 5879 1750 5936 potest..

422 5948 463 5998 W.
485 5950 931 6015 -tttaetcooeoeeqoios-
952 5948 1583 6015 ⁴8.crenGlt:tteebo-ti.ttt]estttC·
