4342 7459
806 1261 1332 1349 mummmmm
1689 1262 1730 1329 m

406 1436 520 1501 cimilia
542 1433 753 1500 efficientibus
774 1436 962 1520 voluptates.
994 1438 1071 1500 Eam
1094 1438 1121 1502 si
1142 1439 1326 1501 varietatem
1350 1435 1480 1512 diceres,
1502 1436 1730 1519 intellegerem,

407 1538 443 1593 ut
464 1530 559 1593 οῐίιω
580 1549 647 1594 non
669 1530 795 1593 dicente
816 1538 847 1593 te
868 1530 1028 1613 intellego.
1065 1532 1128 1594 lsta
1150 1534 1285 1595 varietas
1307 1551 1390 1616 quae
1411 1532 1469 1606 sit,
1489 1551 1556 1595 non
1571 1533 1647 1597 satis
1661 1552 1732 1615 per-

408 1625 523 1707 spicio,
553 1624 641 1708 quod
669 1625 731 1699 ais,
761 1645 832 1688 cum
861 1625 972 1687 dolore
994 1645 1174 1701 careamus,
1205 1633 1271 1689 tum
1293 1627 1326 1688 in
1349 1646 1471 1689 summa
1492 1628 1651 1709 voluptate
1673 1646 1732 1688 nos

409 1738 495 1804 erse,
516 1738 589 1782 cum
610 1730 716 1782 autem
737 1738 903 1781 vescamur
922 1720 963 1781 iis
985 1720 1095 1794 rebus,
1117 1739 1198 1804 quae
1221 1720 1345 1783 dulcem
1366 1728 1486 1784 motum
1507 1722 1641 1784 aflerant
1661 1739 1733 1782 sen-

410 1812 514 1887 sibus,
542 1819 610 1875 tum
632 1833 703 1876 esse
725 1814 760 1874 iu
782 1820 870 1875 motu
893 1813 1103 1895 voluptatem,
1129 1815 1185 1897 qui
1207 1814 1302 1876 iaciat
1324 1815 1506 1877 varietatem
1527 1815 1757 1897 voluptatume

410 1905 467 1970 sed
493 1927 559 1970 non
582 1907 692 1990 augeri
721 1906 808 1970 illam
837 1927 900 1969 non
927 1906 1056 1970 dolendi
1084 1909 1294 1991 voluptatem,
1329 1927 1425 1991 quam
1456 1928 1511 1972 cur
1538 1907 1733 1989 voluptatem

409 2000 551 2085 appelles
572 2002 691 2065 nescio.

493 2096 546 2158 tv.
569 2091 620 2157 ll.
641 2097 692 2157 An
718 2103 841 2178 potest,
869 2095 975 2177 inquit
1005 2093 1073 2168 ille,
1103 2096 1273 2178 quicquam
1295 2116 1367 2159 esse
1387 2096 1516 2159 ruavius
1539 2115 1634 2179 quam
1655 2093 1733 2157 nihil

411 2187 541 2252 doleret
556 2189 656 2252 Immo
671 2188 714 2251 sit
728 2209 805 2251 sane
819 2190 898 2252 nihil
914 2190 1037 2263 melius,
1052 2190 1193 2272 inquam,
1207 2222 1250 2237 —
1262 2192 1403 2254 nondum
1418 2191 1501 2253 enim
1516 2189 1548 2252 id
1563 2209 1682 2273 quaero
1693 2221 1736 2235 -

410 2303 485 2347 num
507 2290 674 2367 propterea
695 2284 781 2346 idem
801 2284 947 2366 voluptas
970 2289 1036 2355 est,
1058 2282 1159 2366 quod,
1182 2291 1217 2345 ut
1232 2284 1276 2346 ita
1291 2284 1403 2359 dicam,
1424 2284 1617 2347 indolentia?
1638 2284 1773 2347 Plancio

410 2376 510 2451 idern,
538 2376 659 2459 inquit,
690 2384 724 2440 et
752 2378 891 2439 maxima
911 2376 1058 2459 quidem,
1091 2396 1155 2459 qua
1181 2373 1249 2441 fieri
1270 2377 1358 2441 nulla
1379 2380 1478 2441 maior
1498 2384 1614 2460 potest.
1651 2376 1736 2452 Quid

410 2470 536 2533 dubitas
565 2470 679 2551 igitur,
709 2471 858 2553 inquam,
889 2470 1126 2556 summobono
1148 2490 1167 2534 a
1188 2479 1220 2534 te
1242 2471 1287 2534 itu
1309 2472 1497 2545 constituto,
1525 2479 1561 2534 ut
1581 2472 1614 2533 id
1636 2478 1736 2534 totum

330 2563 333 2568 ’
410 2565 443 2626 in
465 2583 529 2626 non
551 2564 688 2627 dolendo
712 2565 770 2638 sit,
792 2564 824 2627 id
849 2574 955 2627 tenere
977 2584 1092 2639 unum,
1115 2565 1147 2626 id
1171 2566 1266 2640 tueri,
1290 2565 1322 2627 id
1346 2564 1539 2629 defenderet
1579 2561 1630 2628 li.
1653 2562 1737 2640 Quid

410 2658 495 2721 enim
515 2677 648 2722 necesse
668 2667 733 2734 est,
760 2666 921 2741 tamquam
943 2658 1140 2721 meretricem
1163 2659 1195 2721 in
1217 2667 1431 2722 matronarum
1453 2666 1594 2735 coetum,
1615 2660 1661 2723 sic
1682 2678 1738 2722 vo-

409 2751 566 2834 luptatem
584 2753 618 2815 in
634 2753 785 2815 virtutum
801 2752 970 2815 concilium
986 2751 1165 2815 adducere?
1187 2752 1380 2817 Invidiosum
1396 2771 1510 2816 nomen
1525 2762 1593 2828 est,
1607 2752 1737 2826 infame,
1748 2770 1776 2816 io

410 2854 604 2928 suspectum.
647 2847 759 2929 ltaque
787 2846 850 2908 boc
878 2844 1065 2929 frequenter
1093 2846 1157 2909 dici
1185 2847 1267 2909 solet
1293 2847 1440 2921 avobis,
1466 2867 1531 2910 non
1552 2847 1739 2928 intellegere

410 2958 471 3002 nos
501 2959 597 3023 quam
628 2939 712 3002 dicat
742 2941 896 3022 Epicurus
924 2939 1130 3021 voluptatem.
1167 2940 1259 3014 Quod
1289 2940 1420 3023 quidem
1450 2939 1527 3002 mihi
1554 2941 1582 3003 si
1611 2940 1738 3025 quando

409 3032 530 3097 dietum
552 3040 665 3096 est-
686 3039 735 3096 eet
756 3042 861 3096 autem
885 3034 1003 3096 dictum
1027 3052 1091 3094 non
1113 3051 1224 3114 parum
1246 3052 1343 3115 saepe
1356 3066 1415 3108 -,
1437 3034 1496 3096 etsi
1511 3034 1586 3096 satis
1601 3032 1739 3096 clemens

409 3146 480 3191 sum
502 3126 537 3189 in
558 3126 759 3209 disputando,
780 3134 886 3189 tamen
905 3125 1063 3188 interdum
1078 3126 1166 3189 soleo
1181 3124 1342 3188 subirasci.
1372 3128 1482 3207 Egone
1497 3145 1562 3189 non
1576 3126 1739 3208 intellego,

409 3220 487 3301 qnid
508 3221 552 3283 sit
571 3213 677 3302 ἡδονή
695 3221 824 3292 Graece,
839 3220 950 3281 Latine
965 3218 1171 3301 voluptas?
1194 3227 1296 3281 utram
1311 3219 1439 3281 tandem
1453 3219 1593 3300 linguam
1608 3220 1776 3286 nesciolso

410 3311 529 3376 deinde
550 3315 607 3396 qui
627 3313 682 3388 fit,
706 3323 741 3376 ut
763 3333 822 3396 ego
844 3314 998 3386 nesciam,
1021 3314 1124 3375 sciant
1145 3332 1271 3385 omnes,
1293 3313 1486 3397 quicumque
1503 3313 1651 3394 Epicurei
1670 3332 1740 3375 esse

411 3405 603 3470 voluerunt?
638 3406 734 3482 Quod
763 3407 859 3469 vestri
889 3407 1017 3489 quidem
1039 3405 1089 3468 vel
1118 3409 1237 3488 optime
1259 3406 1438 3489 disputant,
1466 3406 1547 3468 nibil
1568 3427 1648 3489 opus
1670 3425 1740 3470 esse

410 3518 503 3575 mm,
525 3500 736 3584 philosophus
760 3501 815 3584 qui
837 3500 962 3562 futurus
977 3500 1034 3573 sit,
1057 3500 1139 3562 seire
1153 3500 1283 3563 litteras.
1314 3500 1426 3583 ltaque
1440 3508 1477 3563 ut
1491 3500 1624 3563 maiores
1640 3500 1740 3564 nostri

411 3593 452 3656 ab
482 3602 587 3659 aratm
609 3594 811 3657 adduxerunt
832 3593 1054 3656 Cincinnatum
1075 3592 1181 3667 illum,
1211 3600 1248 3656 ut
1268 3592 1403 3657 dictator
1423 3601 1524 3669 esset,
1554 3595 1600 3658 sic
1620 3614 1677 3657 ros
1699 3594 1740 3657 de

412 3687 503 3769 pagis
525 3686 672 3750 omnibus
694 3686 845 3768 colligitis
866 3687 968 3749 bonos
990 3686 1061 3751 illos
1076 3687 1207 3770 quidem
1222 3687 1318 3761 viros,
1338 3687 1395 3750 sed
1417 3695 1501 3751 cente
1523 3708 1588 3751 non
1610 3707 1777 3771 peram-ao

412 3779 508 3844 ditos.
552 3775 605 3844 i3.
625 3782 709 3862 Ergo
730 3781 777 3844 illi
799 3781 1004 3861 intellegunt,
1027 3781 1103 3863 quid
1119 3782 1270 3863 Epicurus
1293 3781 1392 3856 dicat,
1414 3800 1472 3863 ego
1488 3801 1552 3845 non
1567 3782 1739 3864 intellego?

412 3872 450 3935 llt
478 3873 563 3937 seiae
590 3894 641 3937 me
667 3874 870 3956 intellegere,
897 3874 1035 3955 primum
1063 3874 1149 3938 idem
1171 3894 1241 3938 esse
1263 3875 1334 3939 dico
1358 3875 1626 3958 voluptatem,
1653 3877 1740 3961 quod

411 3966 465 4030 ille
484 3961 620 4051 ἡδονήν.
655 3969 696 4031 Et
717 3968 848 4052 quidem
870 3987 965 4049 saepe
988 3968 1169 4050 quaerimus
1190 3969 1319 4032 verbum
1333 3968 1480 4032 hunum
1502 3989 1559 4054 par
1572 3970 1693 4034 Graeco
1708 3976 1740 4033 et

413 4059 503 4143 quod
532 4058 618 4125 idem
647 4062 765 4126 valeat:
792 4061 845 4126 hic
872 4061 952 4124 nihil
978 4060 1039 4126 fuit
1067 4062 1154 4144 quod
1176 4081 1412 4146 quaereremus.
1454 4063 1582 4127 Nullum
1603 4064 1740 4128 inveniri

413 4154 544 4217 verbum
573 4163 696 4239 potest,
726 4156 813 4238 quod
836 4156 933 4235 magis
957 4153 1041 4217 idem
1063 4154 1203 4219 declaret
1223 4156 1349 4231 Latine,
1380 4156 1468 4240 quod
1489 4157 1622 4234 Graece,
1644 4179 1776 4242 quanam

413 4246 554 4311 declarat
580 4249 783 4331 voluptas.
828 4249 909 4310 Huic
937 4248 1034 4312 verbo
1056 4269 1181 4324 omnes,
1211 4252 1268 4334 qui
1289 4251 1408 4335 ubique
1430 4259 1518 4326 sunt,
1548 4254 1604 4337 qui
1627 4255 1738 4319 Latine

414 4343 536 4416 sciunt,
568 4343 648 4406 duas
677 4364 728 4406 res
759 4342 932 4417 subiciunt,
961 4341 1111 4405 laetitiam
1138 4344 1316 4419 inanimo,
1346 4346 1589 4410 commotionem
1611 4368 1739 4412 suavem

413 4434 620 4499 iucunditatis
642 4437 675 4501 in
698 4457 841 4519 corpore.
871 4437 949 4499 Nam
965 4443 997 4499 et
1018 4437 1071 4499 ille
1086 4437 1170 4519 apud
1185 4439 1338 4501 Trabeam
1353 4439 1600 4521 voluptatem
1623 4443 1740 4506 animi

414 4530 571 4594 nimiam
602 4530 755 4594 laetitiam
785 4530 879 4603 dicit,
908 4531 1057 4603 eandem,
1087 4550 1181 4612 quam
1213 4532 1268 4594 ille
1299 4532 1507 4607 Caecilianus,
1537 4536 1591 4616 qui
1624 4536 1740 4597 omui·

414 4623 488 4687 bus
512 4623 688 4689 laetitiis
709 4623 860 4687 laetum
882 4644 951 4687 esse
974 4645 1009 4686 se
1024 4632 1140 4687 narrat.
1176 4625 1239 4687 Sed
1253 4625 1314 4689 hoc
1329 4626 1470 4700 interest,
1492 4628 1580 4710 quod
1594 4630 1777 4711 voluptasne

415 4717 531 4781 dicitur
563 4719 657 4782 etiam
686 4719 718 4780 in
747 4719 868 4791 animo,
891 4718 1068 4782 -vitiosa
1096 4737 1163 4791 res,
1193 4724 1228 4780 ut
1249 4718 1347 4781 Stoici
1369 4727 1493 4801 putant,
1524 4719 1581 4803 qui
1604 4741 1673 4784 eam
1695 4722 1740 4784 sic

416 4808 585 4888 deliniunt,
615 4811 828 4876 sublationem
860 4811 956 4875 animi
988 4811 1057 4875 sino
1090 4811 1229 4886 ratione,
1261 4812 1418 4895 opinantis
1446 4832 1481 4876 se
1511 4833 1625 4895 magno
1655 4814 1739 4877 bono

480 5067 506 5116 t.
523 5065 692 5130 efficientesb
716 5091 743 5102 -
771 5063 795 5115 l.
814 5077 870 5113 cum
892 5061 984 5126 aurun]
1007 5068 1065 5112 tuuc
1082 5064 1201 5112 autemll
1226 5088 1251 5099 -
1279 5065 1388 5125 offertut
1408 5065 1427 5113 Β
1447 5088 1475 5099 -
1503 5065 1527 5116 o.
1547 5066 1589 5127 qui
1606 5066 1741 5117 Davisius:

416 5154 463 5211 quq
472 5145 509 5200 A,
527 5141 554 5190 in
572 5142 591 5190 Β
602 5142 621 5191 E
639 5143 681 5191 est
698 5139 887 5203 compendium
905 5140 1044 5189 incertum.
1061 5165 1084 5175 -
1106 5138 1131 5188 8.
1144 5138 1225 5200 iuquit
1240 5137 1281 5186 ille
1291 5140 1326 5187 A:
1344 5138 1386 5188 uu
1401 5138 1482 5199 iuquit
1493 5139 1525 5197 B;
1544 5140 1601 5204 [ille]
1613 5143 1693 5204 iuquit
1705 5144 1743 5201 tt;

416 5218 496 5278 ‘sequit
512 5214 571 5279 [illo]
589 5214 609 5262 0
628 5241 655 5250 -
676 5215 864 5275 supraema
882 5215 900 5262 Β
920 5239 946 5248 -
968 5216 1007 5264 tt.
1027 5215 1091 5262 idem
1108 5218 1142 5263 A:
1163 5215 1262 5275 quidem
1278 5215 1310 5270 B;
1330 5226 1384 5262 om.
1404 5215 1436 5271 E;
1455 5213 1536 5279 [idon]
1555 5217 1579 5267 bl
1597 5242 1625 5253 -
1644 5220 1685 5269 ta.
1704 5220 1746 5267 in·

417 5289 501 5355 m]
523 5291 606 5353 iuquit
628 5291 646 5340 Β
672 5315 700 5325 ··
726 5292 764 5338 itu
785 5303 837 5339 om.
860 5290 878 5337 Β
903 5315 930 5324 -
958 5290 999 5338 tv.
1018 5288 1102 5350 ᾳυαηι]
1126 5290 1187 5351 quid
1208 5290 1227 5338 Β
1247 5315 1274 5325 -
1294 5290 1334 5339 te.
1352 5288 1425 5351 soleo]
1442 5289 1501 5339 solet
1517 5294 1549 5339 Δί
1569 5316 1596 5325 -
1622 5291 1662 5341 ab.
1685 5293 1745 5341 bae-

417 5366 497 5416 dosce
517 5368 554 5423 it;
580 5365 673 5415 bodone
690 5365 709 5414 Β
733 5390 760 5399 -
785 5366 897 5425 linquam
920 5361 951 5414 Α1
971 5390 998 5400 -
1022 5364 1062 5413 at.
1076 5364 1120 5424 qui
1136 5365 1203 5414 sitB
1223 5390 1249 5398 -
1268 5365 1378 5413 ceruum
1394 5377 1448 5414 om.
1468 5365 1486 5413 Β
1506 5390 1531 5403 ·-
1555 5365 1596 5416 ΞΒ.
1614 5367 1747 5417 uotuenmt

418 5445 450 5491 Αε
467 5439 593 5490 volum
609 5441 663 5490 Eli
681 5466 709 5476 -
732 5439 815 5502 uestri]
834 5441 912 5487 nostri
929 5440 990 5486 Β-
1008 5451 1058 5487 ease
1075 5452 1137 5500 opus
1153 5440 1172 5487 Β
1188 5465 1214 5474 -
1233 5438 1274 5489 23.
1291 5452 1348 5488 eum
1363 5439 1520 5501 puttosoptss
1536 5441 1579 5500 qui
1595 5439 1696 5502 tutuno
1716 5444 1748 5490 sit

418 5518 452 5564 tt:
475 5527 533 5564 oue
556 5511 599 5576 qai
618 5515 721 5577 futurus
741 5515 773 5562 ait
791 5514 948 5576 philosophus
965 5514 1032 5571 Ebi;
1057 5527 1126 5573 eum,
1152 5514 1195 5574 qui
1214 5513 1372 5575 pottompuus
1387 5515 1488 5578 sutum
1503 5515 1571 5564 sit0
1591 5542 1618 5551 —
1640 5515 1682 5566 il.
1700 5519 1748 5565 ad-

419 5588 545 5637 ducerent
564 5589 627 5639 AB:
647 5588 842 5638 obderemutb
867 5613 892 5623 -
919 5588 960 5636 25.
980 5589 1055 5651 pupis
1072 5588 1211 5639 Turnebus
1229 5592 1256 5639 et
1273 5594 1410 5640 corrector
1426 5589 1526 5640 codicis
1544 5588 1654 5640 Eliansis
1675 5592 1748 5654 prio-

420 5666 469 5711 ris:
489 5661 574 5726 picati
594 5665 722 5726 ABGD,
745 5664 817 5713 unde
837 5664 934 5726 pelopis
956 5665 982 5712 et
1000 5665 1110 5727 petospts
1130 5663 1183 5714 alii.
1204 5691 1230 5699 -
1246 5664 1412 5728 permeditos]
1430 5665 1539 5715 eruditos
1555 5660 1586 5714 Αι
1605 5691 1632 5700 -
1651 5664 1692 5715 26.
1711 5667 1750 5714 iu·

419 5736 531 5800 telligeet
548 5738 568 5787 Β
586 5764 615 5773 -
634 5740 702 5804 quid]
721 5740 786 5801 quod
805 5740 822 5787 Β
843 5765 869 5774 -
890 5740 930 5787 it.
951 5737 1016 5802 [esse]
1036 5741 1075 5799 it;
1094 5753 1139 5802 eqo
1156 5742 1223 5790 coni.
1243 5740 1346 5804 Madvig
1364 5766 1392 5777 -
1411 5741 1453 5791 28.
1471 5741 1587 5789 bodonem
1603 5741 1653 5790 ΑΒ
1672 5764 1699 5777 -
1719 5742 1751 5789 Et

421 5813 527 5878 quidm]
544 5815 658 5876 equidm
675 5816 694 5864 Β
713 5840 741 5850 -
761 5827 908 5875 quaeramus
925 5816 954 5863 ΑΙ
974 5840 1000 5849 -
1020 5815 1061 5864 30.
1078 5815 1181 5866 corbam
1197 5815 1261 5863 AB:
1281 5827 1334 5864 om.
1352 5815 1405 5865 ito
1419 5841 1446 5851 -
1466 5815 1531 5876 quod
1547 5816 1599 5878 gn]
1616 5828 1693 5877 quum
1708 5829 1748 5878 gr.

422 5887 441 5936 Β
459 5915 486 5926 -
504 5902 596 5953 giuece
611 5892 676 5942 AB:
694 5904 784 5954 praece
801 5885 892 5953 ἡδονή
911 5890 931 5938 0
951 5917 978 5925 -
1000 5890 1041 5940 at.
1060 5892 1104 5951 qui
1120 5890 1197 5940 totino
1212 5890 1293 5939 sciunt
1309 5890 1353 5952 qut
1368 5888 1458 5951 ubique
1473 5894 1531 5940 suot
1547 5889 1566 5938 Β
1585 5914 1611 5925 -
1631 5889 1672 5941 3Β.
1690 5902 1752 5940 aue·

422 5976 477 6013 aevi
492 5966 656 6017 tsomditcda
671 5967 708 6017 A:
726 5967 888 6017 iucunditatis
903 5978 1005 6018 succus
1022 5966 1076 6017 Bit
1094 5992 1122 6004 -
1142 5965 1183 6016 36.
1201 5965 1235 6015 stc
1252 5976 1306 6015 om.
1325 5965 1354 6015 Β.
