4342 7459
435 1245 500 1318 716
976 1252 1029 1317 llll
1051 1251 1223 1318 omens

437 1417 611 1496 nontraqne
638 1419 770 1477 naturae
798 1412 918 1495 legem,
945 1411 996 1476 ain
1026 1418 1132 1476 autern
1158 1410 1187 1476 ia
1213 1417 1249 1476 tu
1269 1410 1332 1488 aia,
1360 1411 1417 1498 qni
1439 1409 1570 1476 multam
1591 1411 1766 1480 atillhta

437 1504 485 1571 rei
506 1503 651 1589 publioae
672 1512 770 1590 atque
789 1503 955 1570 bominum
977 1505 1137 1580 anaietati,
1159 1505 1187 1569 ai
1208 1504 1243 1570 in
1262 1505 1327 1572 rita
1347 1523 1521 1580 remmono,
1541 1505 1767 1592 aulem-poa-

438 1597 499 1672 aia,
519 1597 547 1661 ai
568 1599 646 1682 quit
668 1599 709 1665 ob
730 1617 801 1664 eam
822 1617 947 1665 eannm
969 1597 1061 1664 altari
1082 1599 1276 1675 detraxerit,
1305 1619 1371 1665 non
1392 1600 1434 1664 ait
1453 1597 1766 1682 reprehendentium

438 1691 496 1756 sta
520 1699 627 1756 antem
655 1692 688 1758 id
715 1712 781 1758 non
802 1693 845 1758 ait
864 1692 934 1758 eina
956 1693 1060 1768 modi,
1088 1713 1180 1760 anum
1202 1694 1318 1778 ruique
1339 1692 1575 1757 inooaaraotlnaa
1595 1683 1765 1758 handau

413 1790 488 1852 aaut
507 1786 614 1868 potina
635 1805 730 1872 quarn
751 1786 792 1852 de
814 1787 945 1851 alteriue
971 1787 1147 1852 eommotlia
1167 1787 1408 1853 detrabendum.
1450 1787 1522 1850 lton
1542 1787 1642 1872 igitur
1661 1787 1766 1872 naaqle

437 1884 487 1942 eat
507 1887 617 1945 ooatra
638 1887 782 1946 naturam
804 1881 931 1946 morbus
960 1888 1015 1945 aot
1042 1889 1166 1964 eqeataa
1192 1888 1249 1946 aut
1275 1881 1352 1968 qnid
1377 1880 1447 1945 eina
1472 1878 1558 1944 morli
1587 1899 1685 1966 qnaaa
1706 1880 1765 1946 da·

436 1972 551 2037 traetlo
577 1983 675 2058 atque
702 1975 854 2059 appetitio
880 1974 995 2049 alieni,
1025 1973 1082 2039 aed
1104 1975 1280 2040 eommunia
1301 1972 1447 2040 utilitatis
1467 1970 1768 2040 imbuto-eonon

436 2072 581 2132 naturam
602 2076 669 2144 eata
689 2075 739 2133 eat
759 2067 844 2132 enim
866 2067 995 2133 iniuata.
1037 2063 1090 2132 31.
1112 2067 1224 2153 ltaque
1245 2069 1300 2132 lex
1318 2068 1389 2154 ipaa
1411 2075 1553 2142 naturae,
1573 2085 1659 2151 quaa
1676 2067 1768 2134 anti·

436 2165 532 2224 tatem
552 2158 719 2227 bominum
747 2171 915 2228 conaerm
941 2171 975 2228 et
995 2165 1153 2239 eontinet,
1181 2163 1331 2227 decernet
1350 2160 1495 2245 protento
1516 2168 1552 2225 ut
1570 2161 1617 2226 ab.
1633 2159 1768 2228 bamiaa

399 2252 529 2318 ttinartl
557 2263 653 2340 atque
680 2257 785 2322 inutili
813 2256 853 2321 ad
883 2257 1073 2340 aapirntona,
1104 2258 1240 2332 bonum,
1269 2255 1383 2320 tortam
1413 2255 1514 2319 virum
1535 2253 1769 2320 tnnalaraatar

436 2365 489 2412 raa
509 2348 550 2413 ad
572 2350 742 2416 vivendum
764 2353 977 2426 neoeaaariae,
1001 2353 1055 2437 qui
1079 2353 1106 2416 ai
1128 2351 1289 2426 occiderit,
1313 2349 1445 2414 multum
1466 2347 1508 2413 de
1528 2351 1688 2416 communi
1704 2350 1768 2416 atl-

436 2439 526 2508 litate
546 2443 728 2520 deuaxerit,
751 2446 847 2510 morlo
869 2445 930 2510 boo
951 2445 996 2510 ita
1017 2445 1120 2521 iaciat,
1143 2454 1178 2511 ut
1197 2465 1239 2509 ne
1260 2445 1332 2528 ipae
1352 2444 1393 2507 ale
1414 2460 1449 2507 aa
1472 2443 1555 2506 bane
1576 2443 1768 2508 eaiatinana

437 2553 574 2620 meque
600 2537 738 2622 diligent
763 2539 847 2604 bane
872 2558 998 2605 rauaam
1028 2540 1144 2604 babeat
1169 2541 1210 2605 ad
1238 2538 1398 2602 iniuriam.
1440 2537 1487 2600 lta
1508 2557 1636 2621 aemper
1655 2533 1766 2602 otton

437 2625 588 2710 iungatur
617 2625 743 2697 utilitati
772 2633 943 2698 oonaulena
973 2633 1137 2698 bominum
1167 2643 1199 2698 et
1226 2634 1276 2707 ei,
1307 2651 1401 2715 qnam
1424 2648 1520 2714 aaepe
1540 2649 1767 2706 oummeraoro,

401 2731 430 2783 tr
438 2718 596 2787 bonanae
615 2727 772 2792 aoeietati.
823 2724 875 2790 32.
902 2730 980 2792 Nam
1004 2727 1091 2811 qnod
1113 2728 1152 2792 ad
1175 2726 1331 2792 Phalarim
1353 2727 1482 2798 attinet,
1510 2723 1661 2810 perlaoile
1680 2721 1769 2790 tott-

438 2815 522 2880 nium
543 2825 603 2882 eat.
644 2820 738 2885 Nulla
758 2830 808 2886 eat
828 2821 913 2887 enim
935 2823 1072 2886 aoeietae
1094 2823 1186 2886 nobie
1207 2840 1279 2886 oum
1301 2819 1445 2905 tyrannia
1466 2826 1499 2882 et
1520 2819 1626 2902 potina
1641 2835 1767 2884 tonina

439 2906 602 2975 distractio
622 2923 685 2990 eat,
707 2934 812 2999 neque
833 2926 884 2980 eat
904 2923 1014 2980 eontn
1035 2924 1179 2980 naturam
1202 2916 1340 3000 spoliare
1361 2933 1452 2988 enan,
1473 2912 1501 2977 ai
1523 2912 1644 2996 poaala.
1666 2931 1767 2998 quera

439 3009 488 3066 eat
507 3001 675 3072 boneatnm
698 3029 828 3084 naeara.
856 3018 955 3095 atque
980 3009 1041 3072 boo
1070 3029 1165 3073 omne
1187 3029 1287 3093 genua
1309 3005 1493 3091 peatilernan
1513 3012 1611 3090 atque
1631 3005 1768 3090 topin-

439 3113 480 3159 οι
501 3097 667 3165 bominum
688 3105 911 3168 eommunitate
933 3101 1207 3169 exterminandum
1223 3111 1282 3167 eet.
1311 3102 1448 3175 Eteni,
1461 3107 1497 3165 ot
1511 3099 1651 3164 membra
1665 3119 1770 3184 qnae·

401 3187 512 3254 atdara
534 3202 753 3277 amputantur,
780 3199 808 3262 ai
830 3205 862 3261 et
883 3198 953 3281 ipaa
973 3197 1127 3279 unguine
1148 3206 1181 3262 et
1203 3206 1363 3281 tamquam
1384 3194 1497 3278 apiritu
1519 3211 1628 3258 oarere
1648 3211 1770 3280 eoepe-

439 3290 516 3347 rnnt
541 3292 574 3349 et
601 3299 717 3354 noeent
746 3291 879 3374 reliquie
907 3290 1050 3373 partibua
1082 3292 1243 3375 eorporis,
1277 3292 1323 3353 aie
1350 3289 1412 3352 iata
1439 3288 1474 3350 in
1501 3283 1600 3370 iana
1627 3287 1771 3354 hominia

439 3374 548 3443 leritu
576 3389 609 3445 et
636 3381 804 3449 inmanitas
832 3384 946 3449 beluae
973 3404 993 3446 a
1021 3384 1181 3449 eommuni
1211 3392 1370 3468 tamquam
1398 3379 1604 3445 hamanitatis
1632 3400 1770 3466 eorpora

439 3473 634 3555 aegreqanda
655 3486 713 3540 eet.
757 3478 857 3542 lluiua
885 3477 1011 3561 penaria
1038 3478 1242 3561 quaeationea
1263 3485 1337 3542 aunt
1357 3495 1469 3540 omnen
1490 3494 1565 3549 eae.
1593 3474 1627 3538 in
1648 3475 1770 3560 quibua

439 3583 482 3629 ex
503 3574 646 3651 tempore
667 3568 808 3637 officium
830 3572 1018 3656 exquiritur.

401 3672 430 3721 aa
524 3660 593 3723 vlt.
613 3657 666 3725 33.
687 3663 765 3727 Eina
786 3664 873 3727 modi
895 3664 993 3745 igttm
1013 3661 1110 3726 credo
1131 3681 1183 3725 rer
1197 3663 1381 3727 Panaetium
1401 3667 1640 3744 peraeontoruaa
1654 3660 1770 3740 lutrae,

440 3750 503 3816 nini
532 3752 633 3838 aliqui
661 3775 752 3820 oaaua
783 3766 840 3821 aut
870 3756 1036 3839 occupatio
1070 3757 1139 3819 eiua
1166 3757 1335 3820 consilium
1363 3755 1560 3838 peramiaaet.
1602 3753 1653 3818 Λᾶ
1683 3777 1771 3842 (μοι

440 3844 526 3929 ipaaa
554 3849 805 3913 eonaultationea
832 3869 874 3912 ex
900 3849 1120 3932 auperioribua
1150 3849 1238 3913 libria
1265 3851 1343 3914 antia
1372 3848 1470 3912 multa
1491 3857 1658 3933 praecepta
1678 3859 1771 3926 aunt.

440 3940 557 4023 quibua
579 3943 714 4026 pampini
739 3944 857 4027 poenit,
886 3943 964 4029 quid
987 3944 1029 4006 ait
1050 3945 1180 4028 propter
1201 3943 1429 4025 turpitudinem
1450 3940 1654 4024 fugiendum,
1685 3945 1770 4030 quirl

440 4031 483 4097 ait
503 4035 590 4118 quoti
611 4035 730 4101 ideireo
751 4036 935 4120 mgiendnm
958 4056 1022 4100 non
1045 4036 1102 4109 eit,
1132 4036 1217 4117 qnod
1246 4037 1376 4100 omnino
1404 4045 1497 4117 turpe
1518 4053 1583 4097 non
1606 4035 1658 4100 ait.
1702 4039 1771 4104 Set

402 4128 589 4210 aequoniam
611 4132 698 4214 operi
720 4131 885 4206 inchoato,
908 4150 1008 4214 prope
1031 4140 1135 4192 tamen
1158 4130 1321 4203 absoluto,
1352 4138 1511 4212 tamquam
1534 4127 1697 4211 fastigium
1721 4132 1774 4197 in·

440 4223 600 4304 ponimur,
621 4232 657 4288 ut
678 4234 859 4309 geometrae
880 4225 984 4289 nolent
1005 4244 1069 4286 uon
1091 4224 1196 4287 omnia
1219 4222 1343 4297 (locere,
1366 4221 1421 4286 ned
1438 4220 1599 4304 postulare
1619 4231 1774 4308 atquae-

442 4315 512 4380 dam
535 4317 595 4381 eibi
617 4320 847 4394 concedantur,
872 4339 936 4403 quo
957 4317 1082 4381 iaeiliue
1106 4336 1188 4400 quae
1211 4316 1321 4379 volunt
1343 4315 1519 4396 explicent,
1542 4314 1589 4377 aio
1611 4333 1671 4397 eqo
1694 4335 1716 4380 a
1738 4326 1774 4385 te

441 4411 586 4493 postulo,
610 4414 652 4475 mi
675 4413 802 4489 Cicero,
824 4421 859 4476 ut
881 4413 957 4476 milri
979 4410 1151 4483 ooneedan,
1173 4410 1200 4473 ai
1222 4416 1330 4492 poten,
1353 4407 1434 4470 nibil
1456 4415 1583 4491 praeter
1603 4408 1655 4484 id,
1676 4413 1771 4496 qnod

441 4504 610 4569 honestum
633 4506 683 4578 ait,
706 4515 836 4590 propter
857 4527 892 4570 ae
913 4525 984 4570 eane
1005 4503 1229 4587 expetendum.
1273 4502 1330 4565 Sin
1351 4501 1413 4565 hoo
1435 4521 1501 4565 nou
1522 4502 1597 4565 lieet
1617 4521 1676 4585 per
1691 4505 1774 4571 Cn.

404 4598 583 4680 tatippum,
603 4608 637 4661 at
658 4599 737 4663 illud
759 4607 845 4664 oerte
867 4599 973 4673 dabie,
997 4598 1084 4682 quod
1108 4597 1275 4660 boneetum
1298 4598 1354 4671 ait,
1376 4597 1409 4660 id
1431 4616 1503 4660 oeae
1525 4616 1671 4662 maxume
1695 4619 1777 4681 pro·

440 4699 512 4775 pter
537 4712 572 4756 ae
599 4694 822 4776 expetendum.
871 4692 949 4757 Mihi
977 4691 1132 4755 utrumvis
1161 4690 1237 4754 tatia
1265 4698 1315 4753 eat
1349 4698 1380 4753 et
1406 4699 1471 4753 tum
1501 4691 1561 4753 boe
1591 4697 1658 4755 tum
1688 4693 1775 4759 illud

441 4785 638 4870 probabiliue
660 4786 786 4850 videtur
806 4807 865 4850 neo
887 4796 1050 4868 praeterea
1074 4786 1244 4869 quiequam
1267 4783 1442 4868 probabile.
1486 4779 1538 4845 3t.
1564 4785 1609 4847 Ao
1631 4784 1776 4867 primurn

442 4879 476 4942 in
498 4879 559 4942 boo
573 4881 740 4943 Panaetius
763 4879 981 4945 detendendae
1004 4886 1061 4953 eat,
1084 4879 1171 4962 quod
1194 4899 1258 4942 non
1280 4878 1371 4942 utilia
1386 4898 1456 4942 oum
1472 4878 1611 4941 honeatia
1625 4897 1777 4961 paquara

441 4970 611 5056 aliquando
643 4993 738 5056 poene
766 4975 952 5039 dixerit-
979 4974 1193 5055 nequeenim
1223 4974 1252 5036 ei
1275 4972 1323 5035 lae
1345 4979 1412 5036 erat
1433 5008 1491 5052 -,
1520 4970 1576 5035 aed
1599 4990 1655 5046 ea,
1685 4992 1777 5057 quae

509 5196 778 5248 t.eoatroaotureo
806 5223 834 5235 -
863 5198 970 5248 multum
991 5198 1146 5248 otssttota'ao
1176 5224 1204 5235 -
1235 5196 1482 5259 ³.riqutrlom.o
1508 5220 1536 5231 -
1564 5193 1777 5262 troop-

442 5275 468 5326 b.
485 5274 619 5324 mutuarat
636 5272 655 5322 B
673 5299 706 5310 -
728 5272 753 5323 9.
772 5274 880 5323 uoeemtt
896 5286 911 5322 o
928 5299 960 5310 -
982 5274 1022 5323 16.
1040 5277 1077 5322 ert
1093 5274 1159 5323 euim
1176 5271 1284 5322 Bllab:
1303 5272 1369 5321 entm
1384 5275 1420 5319 ert
1436 5282 1466 5327 o;
1484 5270 1550 5319 eaba
1566 5268 1688 5335 (emeat)
1707 5282 1727 5322 o
1748 5299 1778 5312 -

441 5349 616 5413 etpottaaaC:
640 5349 780 5412 utpottar
796 5361 821 5399 o.
848 5347 921 5398 conl.
940 5348 952 5397 1
970 5347 1184 5411 fibtloepottaa.
1209 5346 1454 5409 {stapulensem
1481 5371 1508 5382 -
1536 5345 1576 5394 tt.
1594 5344 1723 5397 obvietio
1741 5348 1778 5408 Βς

442 5426 570 5476 dutiartio
586 5421 627 5484 11¹.
649 5424 775 5474 ἀίοιίοοιίο
792 5421 825 5473 {1¹
850 5448 877 5459 -
906 5423 945 5474 18.
964 5428 1040 5485 uque
1055 5422 1102 5471 boo
1118 5448 1132 5459 ·
1144 5449 1159 5461 -
1176 5421 1395 5471 wurmiauudum
1410 5424 1445 5469 ert
1466 5419 1565 5470 Nonius
1582 5418 1660 5484 pti.
1680 5445 1713 5460 -
1733 5422 1779 5474 au.

442 5502 600 5565 aluam
615 5505 640 5551 at
655 5506 732 5561 tnmq.
746 5511 783 5560 ap.
795 5512 819 5547 e.
831 5498 964 5559 cooperiat,
982 5511 1014 5547 aa
1028 5502 1134 5547 noceam
1151 5495 1303 5546 Vincentius
1315 5494 1519 5546 bellovacensis.
1534 5519 1562 5532 -
1580 5495 1692 5556 copem
1709 5507 1728 5547 n
1745 5523 1783 5538 ...

443 5576 485 5626 tt.
496 5576 660 5626 montotto
671 5586 776 5634 eorpora
792 5574 908 5623 Muretus
926 5572 962 5635 (et
973 5570 1032 5621 eod.
1047 5570 1180 5622 Guelferb.
1195 5570 1310 5631 tertiusl:
1329 5570 1484 5620 humanitate
1500 5571 1613 5632 corporis
1629 5569 1665 5628 C;
1683 5570 1783 5623 bamo-

442 5651 522 5701 aitote
539 5650 670 5716 [morta]
687 5650 728 5699 Fr.
741 5649 826 5710 seyne
843 5652 870 5698 et
887 5647 981 5710 Unger.
1020 5646 1095 5697 Conl.
1115 5648 1166 5696 lae.
1186 5645 1254 5696 Frid.
1274 5645 1430 5708 Heusingeri
1447 5645 1656 5696 adnotationem.
1677 5669 1708 5684 -
1733 5647 1780 5699 tt.

444 5725 486 5776 bae
502 5738 518 5776 ο
536 5751 564 5764 -
583 5726 624 5778 tl.
642 5728 826 5785 termeno
846 5748 873 5759 -
895 5722 937 5770 ta.
955 5722 998 5771 aed
1014 5724 1135 5783 quoniam
1150 5735 1224 5783 opere
1240 5720 1355 5771 remoue
1366 5746 1403 5758 --
1413 5721 1543 5784 [antiplona
1558 5719 1705 5781 lupariam
1722 5721 1783 5772 No·

445 5800 506 5850 nloe
521 5814 548 5865 p.
559 5800 616 5853 113.
636 5827 664 5838 -
687 5799 758 5862 opert
773 5797 888 5848 laoboow
904 5797 977 5861 queri
992 5797 1123 5860 soatqtama
1140 5794 1245 5858 (mediis
1263 5796 1411 5859 omieeielp
1439 5821 1466 5832 -
1492 5796 1534 5846 et.
1552 5800 1581 5844 art
1597 5794 1783 5857 quaeum--

446 5874 569 5935 nuptm
588 5875 687 5927 Noniae
708 5871 808 5938 pata.
837 5897 864 5909 -
890 5871 1091 5935 dommo
1118 5897 1147 5910 -
1174 5871 1448 5934 abqoortsooiliarb
1473 5896 1500 5908 -
1525 5869 1643 5921 aomo
1671 5894 1701 5908 —
1733 5871 1780 5925 ab.

445 5945 482 6013 at]
498 5953 544 6000 nat
559 5948 591 5999 a.
