<?xml version="1.0" encoding="UTF-8"?>
<!DOCTYPE html PUBLIC "-//W3C//DTD XHTML 1.0 Transitional//EN"
    "http://www.w3.org/TR/xhtml1/DTD/xhtml1-transitional.dtd">
<html xmlns="http://www.w3.org/1999/xhtml" xml:lang="en" lang="en">
 <head>
  <title>
</title>
<meta http-equiv="Content-Type" content="text/html;charset=utf-8" />
  <meta name='ocr-system' content='tesseract 3.04.00' />
  <meta name='ocr-capabilities' content='ocr_page ocr_carea ocr_par ocr_line ocrx_word'/>
</head>
<body>
  <div class='ocr_page' id='page_1' title='image "./operaquaesupers00halmgoog/operaquaesupers00halmgoog_0632.png"; bbox 0 0 4342 7459; ppageno 0'>
   <div class='ocr_carea' id='block_1_1' title="bbox 454 1223 1200 1296">
    <p class='ocr_par' dir='ltr' id='par_1_1' title="bbox 454 1223 1200 1296">
     <span class='ocr_line' id='line_1_1' title="bbox 454 1223 1200 1296; baseline -0.011 -2"><span class='ocrx_word' id='word_1_1' title='bbox 454 1227 518 1296; x_wconf 81' lang='lat' dir='ltr'><strong>ote</strong></span> <span class='ocrx_word' id='word_1_2' title='bbox 1032 1223 1200 1287; x_wconf 77' lang='lat' dir='ltr'><strong>Laetius</strong></span> 
     </span>
    </p>
   </div>
   <div class='ocr_carea' id='block_1_2' title="bbox 399 1381 1784 4658">
    <p class='ocr_par' dir='ltr' id='par_1_2' title="bbox 451 1381 1784 1751">
     <span class='ocr_line' id='line_1_2' title="bbox 451 1381 1784 1470; baseline -0.004 -15"><span class='ocrx_word' id='word_1_3' title='bbox 451 1396 564 1455; x_wconf 89' lang='lat' dir='ltr'><strong>senatu</strong></span> <span class='ocrx_word' id='word_1_4' title='bbox 586 1387 715 1449; x_wconf 89' lang='lat' dir='ltr'><strong>dimisso</strong></span> <span class='ocrx_word' id='word_1_5' title='bbox 738 1383 866 1448; x_wconf 92' lang='lat' dir='ltr'><strong>domum</strong></span> <span class='ocrx_word' id='word_1_6' title='bbox 888 1383 927 1447; x_wconf 88' lang='lat' dir='ltr'><strong>ad</strong></span> <span class='ocrx_word' id='word_1_7' title='bbox 951 1404 1116 1467; x_wconf 84' lang='lat' dir='ltr'><strong>vesperum</strong></span> <span class='ocrx_word' id='word_1_8' title='bbox 1138 1383 1288 1447; x_wconf 91' lang='lat' dir='ltr'><strong>reductus</strong></span> <span class='ocrx_word' id='word_1_9' title='bbox 1311 1392 1360 1447; x_wconf 87' lang='lat' dir='ltr'><strong>est</strong></span> <span class='ocrx_word' id='word_1_10' title='bbox 1380 1404 1399 1447; x_wconf 85' lang='lat' dir='ltr'><strong>a</strong></span> <span class='ocrx_word' id='word_1_11' title='bbox 1419 1384 1562 1467; x_wconf 86' lang='lat' dir='ltr'><strong>patribus</strong></span> <span class='ocrx_word' id='word_1_12' title='bbox 1577 1381 1784 1470; x_wconf 85' lang='lat' dir='ltr'><strong>conscriptis,</strong></span> 
     </span>
     <span class='ocr_line' id='line_1_3' title="bbox 452 1477 1783 1569; baseline -0.002 -22"><span class='ocrx_word' id='word_1_13' title='bbox 452 1484 570 1569; x_wconf 91' lang='lat' dir='ltr'><strong>populo</strong></span> <span class='ocrx_word' id='word_1_14' title='bbox 592 1483 748 1554; x_wconf 81' lang='lat' dir='ltr'><strong>Romano,</strong></span> <span class='ocrx_word' id='word_1_15' title='bbox 777 1478 871 1541; x_wconf 88' lang='lat' dir='ltr'><strong>sociis</strong></span> <span class='ocrx_word' id='word_1_16' title='bbox 900 1485 932 1540; x_wconf 86' lang='lat' dir='ltr'><strong>et</strong></span> <span class='ocrx_word' id='word_1_17' title='bbox 959 1478 1098 1552; x_wconf 86' lang='lat' dir='ltr'><strong>Latinis,</strong></span> <span class='ocrx_word' id='word_1_18' title='bbox 1128 1477 1230 1560; x_wconf 77' lang='lat' dir='ltr'>pridie</span> <span class='ocrx_word' id='word_1_19' title='bbox 1254 1496 1347 1560; x_wconf 86' lang='lat' dir='ltr'><strong>quam</strong></span> <span class='ocrx_word' id='word_1_20' title='bbox 1370 1478 1507 1541; x_wconf 79' lang='lat' dir='ltr'>excessit</span> <span class='ocrx_word' id='word_1_21' title='bbox 1529 1498 1547 1541; x_wconf 91' lang='lat' dir='ltr'><strong>e</strong></span> <span class='ocrx_word' id='word_1_22' title='bbox 1568 1480 1650 1553; x_wconf 83' lang='lat' dir='ltr'><strong>sita,</strong></span> <span class='ocrx_word' id='word_1_23' title='bbox 1678 1489 1715 1543; x_wconf 94' lang='lat' dir='ltr'><strong>ut</strong></span> <span class='ocrx_word' id='word_1_24' title='bbox 1738 1500 1783 1544; x_wconf 82' lang='lat' dir='ltr'><strong>ex</strong></span> 
     </span>
     <span class='ocr_line' id='line_1_4' title="bbox 452 1569 1781 1656; baseline -0.003 -15"><span class='ocrx_word' id='word_1_25' title='bbox 452 1587 515 1641; x_wconf 74' lang='lat' dir='ltr'><strong>mm</strong></span> <span class='ocrx_word' id='word_1_26' title='bbox 544 1575 608 1639; x_wconf 90' lang='lat' dir='ltr'><strong>alto</strong></span> <span class='ocrx_word' id='word_1_27' title='bbox 638 1573 798 1655; x_wconf 80' lang='lat' dir='ltr'><strong>diguitatis</strong></span> <span class='ocrx_word' id='word_1_28' title='bbox 828 1571 927 1653; x_wconf 80' lang='lat' dir='ltr'><strong>gradu</strong></span> <span class='ocrx_word' id='word_1_29' title='bbox 961 1572 1001 1634; x_wconf 86' lang='lat' dir='ltr'><strong>ad</strong></span> <span class='ocrx_word' id='word_1_30' title='bbox 1034 1592 1167 1655; x_wconf 89' lang='lat' dir='ltr'><strong>superos</strong></span> <span class='ocrx_word' id='word_1_31' title='bbox 1197 1571 1343 1634; x_wconf 81' lang='lat' dir='ltr'><strong>videatur</strong></span> <span class='ocrx_word' id='word_1_32' title='bbox 1371 1569 1449 1634; x_wconf 90' lang='lat' dir='ltr'><strong>deos</strong></span> <span class='ocrx_word' id='word_1_33' title='bbox 1478 1571 1582 1655; x_wconf 90' lang='lat' dir='ltr'><strong>potius</strong></span> <span class='ocrx_word' id='word_1_34' title='bbox 1612 1592 1707 1656; x_wconf 80' lang='lat' dir='ltr'><strong>quarn</strong></span> <span class='ocrx_word' id='word_1_35' title='bbox 1737 1573 1781 1639; x_wconf 81' lang='lat' dir='ltr'><strong>ad</strong></span> 
     </span>
     <span class='ocr_line' id='line_1_5' title="bbox 452 1669 785 1751; baseline -0.018 -17"><span class='ocrx_word' id='word_1_36' title='bbox 452 1672 570 1734; x_wconf 85' lang='lat' dir='ltr'><strong>inferos</strong></span> <span class='ocrx_word' id='word_1_37' title='bbox 593 1669 785 1751; x_wconf 87' lang='lat' dir='ltr'><strong>pervenisse.</strong></span> 
     </span>
    </p>

    <p class='ocr_par' dir='ltr' id='par_1_3' title="bbox 428 1757 1781 2218">
     <span class='ocr_line' id='line_1_6' title="bbox 428 1757 1781 1844; baseline 0.001 -19"><span class='ocrx_word' id='word_1_38' title='bbox 428 1784 443 1830; x_wconf 83' lang='lat' dir='ltr'><strong>s</strong></span> <span class='ocrx_word' id='word_1_39' title='bbox 536 1764 588 1825; x_wconf 89' lang='lat' dir='ltr'><strong>IV.</strong></span> <span class='ocrx_word' id='word_1_40' title='bbox 611 1758 662 1823; x_wconf 83' lang='lat' dir='ltr'><strong>t3.</strong></span> <span class='ocrx_word' id='word_1_41' title='bbox 684 1763 795 1844; x_wconf 88' lang='lat' dir='ltr'><strong>Neque</strong></span> <span class='ocrx_word' id='word_1_42' title='bbox 817 1761 900 1823; x_wconf 87' lang='lat' dir='ltr'><strong>euim</strong></span> <span class='ocrx_word' id='word_1_43' title='bbox 923 1759 1084 1823; x_wconf 90' lang='lat' dir='ltr'><strong>adsentior</strong></span> <span class='ocrx_word' id='word_1_44' title='bbox 1105 1759 1159 1832; x_wconf 92' lang='lat' dir='ltr'><strong>iis,</strong></span> <span class='ocrx_word' id='word_1_45' title='bbox 1182 1759 1237 1842; x_wconf 88' lang='lat' dir='ltr'><strong>qui</strong></span> <span class='ocrx_word' id='word_1_46' title='bbox 1259 1777 1361 1843; x_wconf 82' lang='lat' dir='ltr'><strong>nuper</strong></span> <span class='ocrx_word' id='word_1_47' title='bbox 1382 1757 1460 1821; x_wconf 84' lang='lat' dir='ltr'><strong>lraec</strong></span> <span class='ocrx_word' id='word_1_48' title='bbox 1484 1758 1638 1822; x_wconf 75' lang='lat' dir='ltr'><strong>disserere</strong></span> <span class='ocrx_word' id='word_1_49' title='bbox 1659 1779 1781 1844; x_wconf 88' lang='lat' dir='ltr'><strong>coepe·</strong></span> 
     </span>
     <span class='ocr_line' id='line_1_7' title="bbox 451 1852 1779 1937; baseline -0.002 -15"><span class='ocrx_word' id='word_1_50' title='bbox 451 1866 539 1932; x_wconf 91' lang='lat' dir='ltr'><strong>runt,</strong></span> <span class='ocrx_word' id='word_1_51' title='bbox 567 1876 638 1918; x_wconf 93' lang='lat' dir='ltr'><strong>eum</strong></span> <span class='ocrx_word' id='word_1_52' title='bbox 661 1855 847 1937; x_wconf 79' lang='lat' dir='ltr'><strong>corporibus</strong></span> <span class='ocrx_word' id='word_1_53' title='bbox 869 1855 963 1917; x_wconf 93' lang='lat' dir='ltr'><strong>simul</strong></span> <span class='ocrx_word' id='word_1_54' title='bbox 986 1855 1109 1917; x_wconf 89' lang='lat' dir='ltr'><strong>animos</strong></span> <span class='ocrx_word' id='word_1_55' title='bbox 1132 1852 1261 1916; x_wconf 90' lang='lat' dir='ltr'><strong>interire</strong></span> <span class='ocrx_word' id='word_1_56' title='bbox 1290 1861 1387 1936; x_wconf 88' lang='lat' dir='ltr'><strong>atque</strong></span> <span class='ocrx_word' id='word_1_57' title='bbox 1414 1854 1522 1935; x_wconf 83' lang='lat' dir='ltr'><strong>omnia</strong></span> <span class='ocrx_word' id='word_1_58' title='bbox 1544 1862 1644 1918; x_wconf 91' lang='lat' dir='ltr'><strong>morte</strong></span> <span class='ocrx_word' id='word_1_59' title='bbox 1667 1853 1779 1921; x_wconf 73' lang='lat' dir='ltr'><strong>estem</strong></span> 
     </span>
     <span class='ocr_line' id='line_1_8' title="bbox 451 1946 1779 2034; baseline 0.002 -20"><span class='ocrx_word' id='word_1_60' title='bbox 451 1952 524 2014; x_wconf 87' lang='lat' dir='ltr'><strong>Plus</strong></span> <span class='ocrx_word' id='word_1_61' title='bbox 546 1947 628 2033; x_wconf 89' lang='lat' dir='ltr'><strong>apud</strong></span> <span class='ocrx_word' id='word_1_62' title='bbox 652 1968 702 2010; x_wconf 93' lang='lat' dir='ltr'><strong>me</strong></span> <span class='ocrx_word' id='word_1_63' title='bbox 724 1947 929 2030; x_wconf 90' lang='lat' dir='ltr'><strong>antiquorum</strong></span> <span class='ocrx_word' id='word_1_64' title='bbox 952 1948 1122 2011; x_wconf 87' lang='lat' dir='ltr'><strong>auctoritas</strong></span> <span class='ocrx_word' id='word_1_65' title='bbox 1144 1946 1242 2020; x_wconf 91' lang='lat' dir='ltr'><strong>valet,</strong></span> <span class='ocrx_word' id='word_1_66' title='bbox 1266 1947 1317 2009; x_wconf 83' lang='lat' dir='ltr'><strong>sel</strong></span> <span class='ocrx_word' id='word_1_67' title='bbox 1339 1954 1518 2011; x_wconf 90' lang='lat' dir='ltr'><strong>nostrorum</strong></span> <span class='ocrx_word' id='word_1_68' title='bbox 1533 1948 1704 2024; x_wconf 90' lang='lat' dir='ltr'><strong>maiorum,</strong></span> <span class='ocrx_word' id='word_1_69' title='bbox 1718 1951 1779 2034; x_wconf 81' lang='lat' dir='ltr'><strong>qui</strong></span> 
     </span>
     <span class='ocr_line' id='line_1_9' title="bbox 451 2038 1777 2123; baseline 0 -16"><span class='ocrx_word' id='word_1_70' title='bbox 451 2044 583 2108; x_wconf 80' lang='lat' dir='ltr'><strong>mortuis</strong></span> <span class='ocrx_word' id='word_1_71' title='bbox 612 2050 675 2105; x_wconf 66' lang='lat' dir='ltr'><strong>mm</strong></span> <span class='ocrx_word' id='word_1_72' title='bbox 704 2042 853 2123; x_wconf 76' lang='lat' dir='ltr'><strong>religiosa</strong></span> <span class='ocrx_word' id='word_1_73' title='bbox 880 2042 949 2105; x_wconf 88' lang='lat' dir='ltr'><strong>iura</strong></span> <span class='ocrx_word' id='word_1_74' title='bbox 971 2042 1164 2114; x_wconf 89' lang='lat' dir='ltr'><strong>tribuerunt,</strong></span> <span class='ocrx_word' id='word_1_75' title='bbox 1190 2038 1278 2123; x_wconf 91' lang='lat' dir='ltr'><strong>quod</strong></span> <span class='ocrx_word' id='word_1_76' title='bbox 1302 2060 1364 2102; x_wconf 90' lang='lat' dir='ltr'><strong>nou</strong></span> <span class='ocrx_word' id='word_1_77' title='bbox 1387 2040 1538 2105; x_wconf 82' lang='lat' dir='ltr'><strong>iecissent</strong></span> <span class='ocrx_word' id='word_1_78' title='bbox 1559 2042 1717 2123; x_wconf 84' lang='lat' dir='ltr'><strong>profecto,</strong></span> <span class='ocrx_word' id='word_1_79' title='bbox 1747 2043 1777 2107; x_wconf 90' lang='lat' dir='ltr'><strong>si</strong></span> 
     </span>
     <span class='ocr_line' id='line_1_10' title="bbox 448 2135 1778 2218; baseline 0 -17"><span class='ocrx_word' id='word_1_80' title='bbox 448 2138 528 2201; x_wconf 88' lang='lat' dir='ltr'><strong>nihil</strong></span> <span class='ocrx_word' id='word_1_81' title='bbox 554 2137 593 2199; x_wconf 95' lang='lat' dir='ltr'><strong>ad</strong></span> <span class='ocrx_word' id='word_1_82' title='bbox 622 2155 677 2198; x_wconf 90' lang='lat' dir='ltr'><strong>eos</strong></span> <span class='ocrx_word' id='word_1_83' title='bbox 705 2136 864 2217; x_wconf 88' lang='lat' dir='ltr'><strong>pertinere</strong></span> <span class='ocrx_word' id='word_1_84' title='bbox 886 2135 1128 2209; x_wconf 80' lang='lat' dir='ltr'><strong>arbitrarentur,</strong></span> <span class='ocrx_word' id='word_1_85' title='bbox 1158 2135 1207 2197; x_wconf 86' lang='lat' dir='ltr'><strong>vel</strong></span> <span class='ocrx_word' id='word_1_86' title='bbox 1231 2154 1356 2208; x_wconf 90' lang='lat' dir='ltr'><strong>corum,</strong></span> <span class='ocrx_word' id='word_1_87' title='bbox 1387 2136 1443 2218; x_wconf 88' lang='lat' dir='ltr'><strong>qui</strong></span> <span class='ocrx_word' id='word_1_88' title='bbox 1464 2136 1497 2198; x_wconf 93' lang='lat' dir='ltr'><strong>in</strong></span> <span class='ocrx_word' id='word_1_89' title='bbox 1519 2136 1579 2200; x_wconf 89' lang='lat' dir='ltr'><strong>hae</strong></span> <span class='ocrx_word' id='word_1_90' title='bbox 1601 2143 1685 2201; x_wconf 79' lang='lat' dir='ltr'><strong>terra</strong></span> <span class='ocrx_word' id='word_1_91' title='bbox 1705 2136 1778 2201; x_wconf 82' lang='lat' dir='ltr'><strong>iue-</strong></span> 
     </span>
    </p>

    <p class='ocr_par' dir='ltr' id='par_1_4' title="bbox 413 2226 1778 2688">
     <span class='ocr_line' id='line_1_11' title="bbox 413 2226 1777 2312; baseline -0.001 -16"><span class='ocrx_word' id='word_1_92' title='bbox 413 2241 523 2298; x_wconf 88' lang='lat' dir='ltr'><strong>soruut</strong></span> <span class='ocrx_word' id='word_1_93' title='bbox 543 2250 752 2312; x_wconf 82' lang='lat' dir='ltr'><strong>magnamque</strong></span> <span class='ocrx_word' id='word_1_94' title='bbox 775 2228 954 2302; x_wconf 82' lang='lat' dir='ltr'><strong>Graeciam,</strong></span> <span class='ocrx_word' id='word_1_95' title='bbox 977 2249 1059 2312; x_wconf 87' lang='lat' dir='ltr'><strong>quae</strong></span> <span class='ocrx_word' id='word_1_96' title='bbox 1080 2249 1165 2292; x_wconf 93' lang='lat' dir='ltr'><strong>nunc</strong></span> <span class='ocrx_word' id='word_1_97' title='bbox 1188 2228 1316 2312; x_wconf 83' lang='lat' dir='ltr'><strong>quidem</strong></span> <span class='ocrx_word' id='word_1_98' title='bbox 1341 2227 1443 2292; x_wconf 90' lang='lat' dir='ltr'><strong>deleta</strong></span> <span class='ocrx_word' id='word_1_99' title='bbox 1464 2236 1522 2303; x_wconf 90' lang='lat' dir='ltr'><strong>est,</strong></span> <span class='ocrx_word' id='word_1_100' title='bbox 1545 2238 1610 2293; x_wconf 91' lang='lat' dir='ltr'><strong>tum</strong></span> <span class='ocrx_word' id='word_1_101' title='bbox 1632 2226 1777 2307; x_wconf 83' lang='lat' dir='ltr'><strong>florebat,</strong></span> 
     </span>
     <span class='ocr_line' id='line_1_12' title="bbox 449 2321 1776 2407; baseline -0.001 -17"><span class='ocrx_word' id='word_1_102' title='bbox 449 2325 601 2391; x_wconf 89' lang='lat' dir='ltr'><strong>institutis</strong></span> <span class='ocrx_word' id='word_1_103' title='bbox 629 2331 661 2386; x_wconf 91' lang='lat' dir='ltr'><strong>et</strong></span> <span class='ocrx_word' id='word_1_104' title='bbox 690 2322 865 2405; x_wconf 88' lang='lat' dir='ltr'><strong>praeceptis</strong></span> <span class='ocrx_word' id='word_1_105' title='bbox 887 2321 951 2385; x_wconf 90' lang='lat' dir='ltr'><strong>suis</strong></span> <span class='ocrx_word' id='word_1_106' title='bbox 974 2322 1173 2397; x_wconf 90' lang='lat' dir='ltr'><strong>erudierunt,</strong></span> <span class='ocrx_word' id='word_1_107' title='bbox 1203 2322 1253 2385; x_wconf 81' lang='lat' dir='ltr'><strong>vel</strong></span> <span class='ocrx_word' id='word_1_108' title='bbox 1276 2324 1360 2397; x_wconf 91' lang='lat' dir='ltr'><strong>eius,</strong></span> <span class='ocrx_word' id='word_1_109' title='bbox 1390 2324 1446 2407; x_wconf 89' lang='lat' dir='ltr'><strong>qui</strong></span> <span class='ocrx_word' id='word_1_110' title='bbox 1469 2324 1623 2407; x_wconf 80' lang='lat' dir='ltr'><strong>Apollinis</strong></span> <span class='ocrx_word' id='word_1_111' title='bbox 1645 2325 1776 2391; x_wconf 84' lang='lat' dir='ltr'><strong>oraculo</strong></span> 
     </span>
     <span class='ocr_line' id='line_1_13' title="bbox 450 2415 1778 2502; baseline 0 -19"><span class='ocrx_word' id='word_1_112' title='bbox 450 2419 701 2502; x_wconf 89' lang='lat' dir='ltr'><strong>sapientissimus</strong></span> <span class='ocrx_word' id='word_1_113' title='bbox 724 2422 772 2478; x_wconf 91' lang='lat' dir='ltr'><strong>est</strong></span> <span class='ocrx_word' id='word_1_114' title='bbox 792 2415 966 2489; x_wconf 91' lang='lat' dir='ltr'><strong>iudicatus,</strong></span> <span class='ocrx_word' id='word_1_115' title='bbox 989 2416 1043 2500; x_wconf 89' lang='lat' dir='ltr'><strong>qui</strong></span> <span class='ocrx_word' id='word_1_116' title='bbox 1067 2437 1131 2479; x_wconf 95' lang='lat' dir='ltr'><strong>uou</strong></span> <span class='ocrx_word' id='word_1_117' title='bbox 1154 2425 1219 2480; x_wconf 91' lang='lat' dir='ltr'><strong>tum</strong></span> <span class='ocrx_word' id='word_1_118' title='bbox 1243 2416 1323 2491; x_wconf 87' lang='lat' dir='ltr'><strong>hoc,</strong></span> <span class='ocrx_word' id='word_1_119' title='bbox 1346 2424 1411 2479; x_wconf 93' lang='lat' dir='ltr'><strong>tum</strong></span> <span class='ocrx_word' id='word_1_120' title='bbox 1434 2416 1530 2491; x_wconf 89' lang='lat' dir='ltr'><strong>illud,</strong></span> <span class='ocrx_word' id='word_1_121' title='bbox 1551 2417 1642 2481; x_wconf 93' lang='lat' dir='ltr'><strong>utin</strong></span> <span class='ocrx_word' id='word_1_122' title='bbox 1663 2417 1778 2501; x_wconf 90' lang='lat' dir='ltr'><strong>pleris-</strong></span> 
     </span>
     <span class='ocr_line' id='line_1_14' title="bbox 450 2508 1777 2597; baseline 0.002 -23"><span class='ocrx_word' id='word_1_123' title='bbox 450 2532 531 2597; x_wconf 81' lang='lat' dir='ltr'><strong>que,</strong></span> <span class='ocrx_word' id='word_1_124' title='bbox 560 2508 723 2574; x_wconf 88' lang='lat' dir='ltr'><strong>sedidem</strong></span> <span class='ocrx_word' id='word_1_125' title='bbox 746 2528 890 2591; x_wconf 83' lang='lat' dir='ltr'><strong>semper,</strong></span> <span class='ocrx_word' id='word_1_126' title='bbox 919 2510 1041 2573; x_wconf 89' lang='lat' dir='ltr'><strong>animos</strong></span> <span class='ocrx_word' id='word_1_127' title='bbox 1062 2510 1227 2574; x_wconf 89' lang='lat' dir='ltr'><strong>hominum</strong></span> <span class='ocrx_word' id='word_1_128' title='bbox 1249 2531 1319 2574; x_wconf 87' lang='lat' dir='ltr'><strong>esse</strong></span> <span class='ocrx_word' id='word_1_129' title='bbox 1343 2510 1469 2574; x_wconf 88' lang='lat' dir='ltr'><strong>divinos</strong></span> <span class='ocrx_word' id='word_1_130' title='bbox 1491 2512 1612 2593; x_wconf 89' lang='lat' dir='ltr'><strong>iisque,</strong></span> <span class='ocrx_word' id='word_1_131' title='bbox 1639 2533 1710 2575; x_wconf 74' lang='lat' dir='ltr'><strong>cun</strong></span> <span class='ocrx_word' id='word_1_132' title='bbox 1733 2532 1777 2577; x_wconf 85' lang='lat' dir='ltr'><strong>ex</strong></span> 
     </span>
     <span class='ocr_line' id='line_1_15' title="bbox 449 2601 1775 2688; baseline 0 -18"><span class='ocrx_word' id='word_1_133' title='bbox 449 2624 583 2687; x_wconf 86' lang='lat' dir='ltr'><strong>corpore</strong></span> <span class='ocrx_word' id='word_1_134' title='bbox 605 2603 826 2677; x_wconf 87' lang='lat' dir='ltr'><strong>excessissent,</strong></span> <span class='ocrx_word' id='word_1_135' title='bbox 848 2601 983 2666; x_wconf 89' lang='lat' dir='ltr'><strong>reditum</strong></span> <span class='ocrx_word' id='word_1_136' title='bbox 1006 2605 1038 2667; x_wconf 91' lang='lat' dir='ltr'><strong>iu</strong></span> <span class='ocrx_word' id='word_1_137' title='bbox 1061 2604 1183 2667; x_wconf 89' lang='lat' dir='ltr'><strong>caelum</strong></span> <span class='ocrx_word' id='word_1_138' title='bbox 1206 2611 1313 2686; x_wconf 91' lang='lat' dir='ltr'><strong>patere</strong></span> <span class='ocrx_word' id='word_1_139' title='bbox 1336 2612 1532 2688; x_wconf 88' lang='lat' dir='ltr'><strong>optumoque</strong></span> <span class='ocrx_word' id='word_1_140' title='bbox 1552 2605 1775 2670; x_wconf 87' lang='lat' dir='ltr'><strong>etiustissimo</strong></span> 
     </span>
    </p>

    <p class='ocr_par' dir='ltr' id='par_1_5' title="bbox 406 2692 1777 4095">
     <span class='ocr_line' id='line_1_16' title="bbox 412 2692 1775 2782; baseline -0.001 -17"><span class='ocrx_word' id='word_1_141' title='bbox 412 2701 564 2782; x_wconf 83' lang='lat' dir='ltr'><strong>secuique</strong></span> <span class='ocrx_word' id='word_1_142' title='bbox 587 2696 868 2781; x_wconf 83' lang='lat' dir='ltr'><strong>expeditissimum.</strong></span> <span class='ocrx_word' id='word_1_143' title='bbox 912 2692 962 2758; x_wconf 78' lang='lat' dir='ltr'><strong>ii.</strong></span> <span class='ocrx_word' id='word_1_144' title='bbox 985 2696 1079 2773; x_wconf 87' lang='lat' dir='ltr'><strong>Quod</strong></span> <span class='ocrx_word' id='word_1_145' title='bbox 1103 2697 1187 2760; x_wconf 91' lang='lat' dir='ltr'><strong>idem</strong></span> <span class='ocrx_word' id='word_1_146' title='bbox 1205 2698 1344 2779; x_wconf 90' lang='lat' dir='ltr'><strong>Scipioni</strong></span> <span class='ocrx_word' id='word_1_147' title='bbox 1367 2697 1541 2772; x_wconf 86' lang='lat' dir='ltr'><strong>videbatur,</strong></span> <span class='ocrx_word' id='word_1_148' title='bbox 1564 2699 1775 2782; x_wconf 87' lang='lat' dir='ltr'><strong>quiquidem,</strong></span> 
     </span>
     <span class='ocr_line' id='line_1_17' title="bbox 449 2790 1777 2877; baseline 0.002 -21"><span class='ocrx_word' id='word_1_149' title='bbox 449 2793 539 2877; x_wconf 90' lang='lat' dir='ltr'><strong>quasi</strong></span> <span class='ocrx_word' id='word_1_150' title='bbox 562 2792 766 2876; x_wconf 82' lang='lat' dir='ltr'><strong>praesagiret,</strong></span> <span class='ocrx_word' id='word_1_151' title='bbox 789 2791 955 2873; x_wconf 88' lang='lat' dir='ltr'><strong>perpaucis</strong></span> <span class='ocrx_word' id='word_1_152' title='bbox 978 2799 1051 2855; x_wconf 88' lang='lat' dir='ltr'><strong>aute</strong></span> <span class='ocrx_word' id='word_1_153' title='bbox 1074 2798 1207 2854; x_wconf 90' lang='lat' dir='ltr'><strong>mortem</strong></span> <span class='ocrx_word' id='word_1_154' title='bbox 1229 2790 1354 2865; x_wconf 90' lang='lat' dir='ltr'><strong>diebus,</strong></span> <span class='ocrx_word' id='word_1_155' title='bbox 1377 2811 1447 2855; x_wconf 90' lang='lat' dir='ltr'><strong>cum</strong></span> <span class='ocrx_word' id='word_1_156' title='bbox 1472 2798 1505 2855; x_wconf 91' lang='lat' dir='ltr'><strong>et</strong></span> <span class='ocrx_word' id='word_1_157' title='bbox 1525 2791 1633 2855; x_wconf 89' lang='lat' dir='ltr'><strong>Philus</strong></span> <span class='ocrx_word' id='word_1_158' title='bbox 1655 2801 1688 2857; x_wconf 98' lang='lat' dir='ltr'><strong>et</strong></span> <span class='ocrx_word' id='word_1_159' title='bbox 1708 2795 1777 2859; x_wconf 73' lang='lat' dir='ltr'><strong>ila·</strong></span> 
     </span>
     <span class='ocr_line' id='line_1_18' title="bbox 447 2883 1776 2968; baseline 0.001 -19"><span class='ocrx_word' id='word_1_160' title='bbox 447 2888 546 2949; x_wconf 91' lang='lat' dir='ltr'><strong>uilius</strong></span> <span class='ocrx_word' id='word_1_161' title='bbox 568 2886 716 2948; x_wconf 88' lang='lat' dir='ltr'><strong>adessent</strong></span> <span class='ocrx_word' id='word_1_162' title='bbox 738 2892 771 2947; x_wconf 91' lang='lat' dir='ltr'><strong>ct</strong></span> <span class='ocrx_word' id='word_1_163' title='bbox 792 2885 844 2947; x_wconf 92' lang='lat' dir='ltr'><strong>alii</strong></span> <span class='ocrx_word' id='word_1_164' title='bbox 867 2883 990 2967; x_wconf 88' lang='lat' dir='ltr'><strong>piures,</strong></span> <span class='ocrx_word' id='word_1_165' title='bbox 1019 2893 1119 2968; x_wconf 88' lang='lat' dir='ltr'><strong>tuque</strong></span> <span class='ocrx_word' id='word_1_166' title='bbox 1142 2885 1254 2959; x_wconf 90' lang='lat' dir='ltr'><strong>etiam,</strong></span> <span class='ocrx_word' id='word_1_167' title='bbox 1283 2884 1452 2961; x_wconf 83' lang='lat' dir='ltr'><strong>Scaevoia,</strong></span> <span class='ocrx_word' id='word_1_168' title='bbox 1475 2904 1598 2949; x_wconf 91' lang='lat' dir='ltr'><strong>mecum</strong></span> <span class='ocrx_word' id='word_1_169' title='bbox 1620 2887 1776 2965; x_wconf 82' lang='lat' dir='ltr'><strong>venisses,</strong></span> 
     </span>
     <span class='ocr_line' id='line_1_19' title="bbox 447 2976 1775 3061; baseline 0.002 -18"><span class='ocrx_word' id='word_1_170' title='bbox 447 2979 587 3043; x_wconf 91' lang='lat' dir='ltr'><strong>triduum</strong></span> <span class='ocrx_word' id='word_1_171' title='bbox 610 2978 760 3041; x_wconf 81' lang='lat' dir='ltr'><strong>disseruit</strong></span> <span class='ocrx_word' id='word_1_172' title='bbox 781 2976 821 3040; x_wconf 88' lang='lat' dir='ltr'><strong>de</strong></span> <span class='ocrx_word' id='word_1_173' title='bbox 843 2997 877 3040; x_wconf 88' lang='lat' dir='ltr'><strong>re</strong></span> <span class='ocrx_word' id='word_1_174' title='bbox 899 2978 1042 3061; x_wconf 91' lang='lat' dir='ltr'><strong>publica,</strong></span> <span class='ocrx_word' id='word_1_175' title='bbox 1065 2979 1156 3041; x_wconf 90' lang='lat' dir='ltr'><strong>cuius</strong></span> <span class='ocrx_word' id='word_1_176' title='bbox 1179 2977 1403 3059; x_wconf 87' lang='lat' dir='ltr'><strong>disputationis</strong></span> <span class='ocrx_word' id='word_1_177' title='bbox 1425 2977 1485 3042; x_wconf 84' lang='lat' dir='ltr'><strong>tuit</strong></span> <span class='ocrx_word' id='word_1_178' title='bbox 1507 2986 1684 3043; x_wconf 81' lang='lat' dir='ltr'><strong>extremum</strong></span> <span class='ocrx_word' id='word_1_179' title='bbox 1705 2980 1775 3047; x_wconf 82' lang='lat' dir='ltr'><strong>fere</strong></span> 
     </span>
     <span class='ocr_line' id='line_1_20' title="bbox 448 3071 1774 3156; baseline 0.004 -20"><span class='ocrx_word' id='word_1_180' title='bbox 448 3074 487 3137; x_wconf 93' lang='lat' dir='ltr'><strong>de</strong></span> <span class='ocrx_word' id='word_1_181' title='bbox 508 3071 732 3136; x_wconf 82' lang='lat' dir='ltr'><strong>inmortalitate</strong></span> <span class='ocrx_word' id='word_1_182' title='bbox 753 3072 948 3146; x_wconf 91' lang='lat' dir='ltr'><strong>animorum,</strong></span> <span class='ocrx_word' id='word_1_183' title='bbox 977 3091 1059 3156; x_wconf 91' lang='lat' dir='ltr'><strong>quae</strong></span> <span class='ocrx_word' id='word_1_184' title='bbox 1088 3091 1123 3134; x_wconf 90' lang='lat' dir='ltr'><strong>se</strong></span> <span class='ocrx_word' id='word_1_185' title='bbox 1149 3072 1183 3134; x_wconf 92' lang='lat' dir='ltr'><strong>in</strong></span> <span class='ocrx_word' id='word_1_186' title='bbox 1212 3072 1321 3154; x_wconf 90' lang='lat' dir='ltr'><strong>quiete</strong></span> <span class='ocrx_word' id='word_1_187' title='bbox 1348 3072 1535 3155; x_wconf 83' lang='lat' dir='ltr'><strong>pervisum</strong></span> <span class='ocrx_word' id='word_1_188' title='bbox 1562 3092 1603 3135; x_wconf 85' lang='lat' dir='ltr'><strong>ex</strong></span> <span class='ocrx_word' id='word_1_189' title='bbox 1623 3073 1774 3141; x_wconf 77' lang='lat' dir='ltr'><strong>Africano</strong></span> 
     </span>
     <span class='ocr_line' id='line_1_21' title="bbox 410 3164 1774 3250; baseline 0.001 -17"><span class='ocrx_word' id='word_1_190' title='bbox 410 3166 573 3235; x_wconf 83' lang='lat' dir='ltr'><strong>maudisse</strong></span> <span class='ocrx_word' id='word_1_191' title='bbox 595 3167 728 3229; x_wconf 89' lang='lat' dir='ltr'><strong>dicebat.</strong></span> <span class='ocrx_word' id='word_1_192' title='bbox 771 3164 808 3227; x_wconf 94' lang='lat' dir='ltr'><strong>ld</strong></span> <span class='ocrx_word' id='word_1_193' title='bbox 836 3166 863 3229; x_wconf 90' lang='lat' dir='ltr'><strong>si</strong></span> <span class='ocrx_word' id='word_1_194' title='bbox 893 3166 937 3230; x_wconf 84' lang='lat' dir='ltr'><strong>ita</strong></span> <span class='ocrx_word' id='word_1_195' title='bbox 965 3173 1028 3239; x_wconf 92' lang='lat' dir='ltr'><strong>est,</strong></span> <span class='ocrx_word' id='word_1_196' title='bbox 1058 3170 1094 3227; x_wconf 91' lang='lat' dir='ltr'><strong>ut</strong></span> <span class='ocrx_word' id='word_1_197' title='bbox 1123 3165 1247 3247; x_wconf 89' lang='lat' dir='ltr'><strong>optumi</strong></span> <span class='ocrx_word' id='word_1_198' title='bbox 1276 3165 1431 3250; x_wconf 90' lang='lat' dir='ltr'><strong>cuiusque</strong></span> <span class='ocrx_word' id='word_1_199' title='bbox 1459 3167 1584 3230; x_wconf 86' lang='lat' dir='ltr'><strong>animus</strong></span> <span class='ocrx_word' id='word_1_200' title='bbox 1614 3167 1648 3229; x_wconf 91' lang='lat' dir='ltr'><strong>in</strong></span> <span class='ocrx_word' id='word_1_201' title='bbox 1669 3177 1774 3234; x_wconf 83' lang='lat' dir='ltr'><strong>morte</strong></span> 
     </span>
     <span class='ocr_line' id='line_1_22' title="bbox 445 3259 1773 3343; baseline 0.002 -17"><span class='ocrx_word' id='word_1_202' title='bbox 445 3263 594 3327; x_wconf 81' lang='lat' dir='ltr'><strong>facillime</strong></span> <span class='ocrx_word' id='word_1_203' title='bbox 623 3260 728 3324; x_wconf 88' lang='lat' dir='ltr'><strong>evolet</strong></span> <span class='ocrx_word' id='word_1_204' title='bbox 754 3267 912 3343; x_wconf 85' lang='lat' dir='ltr'><strong>tamquam</strong></span> <span class='ocrx_word' id='word_1_205' title='bbox 936 3280 954 3323; x_wconf 91' lang='lat' dir='ltr'><strong>e</strong></span> <span class='ocrx_word' id='word_1_206' title='bbox 975 3259 1120 3322; x_wconf 90' lang='lat' dir='ltr'><strong>custodia</strong></span> <span class='ocrx_word' id='word_1_207' title='bbox 1142 3259 1318 3341; x_wconf 87' lang='lat' dir='ltr'><strong>vinclisque</strong></span> <span class='ocrx_word' id='word_1_208' title='bbox 1340 3259 1503 3343; x_wconf 90' lang='lat' dir='ltr'><strong>corporis,</strong></span> <span class='ocrx_word' id='word_1_209' title='bbox 1532 3260 1582 3323; x_wconf 95' lang='lat' dir='ltr'><strong>cui</strong></span> <span class='ocrx_word' id='word_1_210' title='bbox 1605 3280 1773 3328; x_wconf 86' lang='lat' dir='ltr'><strong>censemus</strong></span> 
     </span>
     <span class='ocr_line' id='line_1_23' title="bbox 446 3352 1774 3436; baseline 0.002 -16"><span class='ocrx_word' id='word_1_211' title='bbox 446 3378 571 3421; x_wconf 91' lang='lat' dir='ltr'><strong>cursum</strong></span> <span class='ocrx_word' id='word_1_212' title='bbox 594 3355 633 3418; x_wconf 94' lang='lat' dir='ltr'><strong>ad</strong></span> <span class='ocrx_word' id='word_1_213' title='bbox 657 3354 733 3416; x_wconf 89' lang='lat' dir='ltr'><strong>deos</strong></span> <span class='ocrx_word' id='word_1_214' title='bbox 754 3353 929 3416; x_wconf 79' lang='lat' dir='ltr'><strong>faciliorem</strong></span> <span class='ocrx_word' id='word_1_215' title='bbox 951 3353 1050 3416; x_wconf 80' lang='lat' dir='ltr'><strong>fuisse</strong></span> <span class='ocrx_word' id='word_1_216' title='bbox 1073 3372 1166 3436; x_wconf 88' lang='lat' dir='ltr'><strong>quam</strong></span> <span class='ocrx_word' id='word_1_217' title='bbox 1184 3352 1348 3434; x_wconf 76' lang='lat' dir='ltr'><strong>Scipioni?</strong></span> <span class='ocrx_word' id='word_1_218' title='bbox 1377 3352 1535 3429; x_wconf 86' lang='lat' dir='ltr'><strong>Quocirca</strong></span> <span class='ocrx_word' id='word_1_219' title='bbox 1555 3374 1696 3419; x_wconf 89' lang='lat' dir='ltr'><strong>maerere</strong></span> <span class='ocrx_word' id='word_1_220' title='bbox 1710 3356 1774 3423; x_wconf 83' lang='lat' dir='ltr'><strong>hoe</strong></span> 
     </span>
     <span class='ocr_line' id='line_1_24' title="bbox 445 3446 1774 3530; baseline 0.002 -17"><span class='ocrx_word' id='word_1_221' title='bbox 445 3450 515 3513; x_wconf 90' lang='lat' dir='ltr'><strong>eius</strong></span> <span class='ocrx_word' id='word_1_222' title='bbox 547 3456 662 3513; x_wconf 88' lang='lat' dir='ltr'><strong>eventu</strong></span> <span class='ocrx_word' id='word_1_223' title='bbox 692 3467 801 3511; x_wconf 87' lang='lat' dir='ltr'><strong>vereor</strong></span> <span class='ocrx_word' id='word_1_224' title='bbox 830 3468 870 3511; x_wconf 91' lang='lat' dir='ltr'><strong>ne</strong></span> <span class='ocrx_word' id='word_1_225' title='bbox 900 3448 997 3511; x_wconf 83' lang='lat' dir='ltr'><strong>invidi</strong></span> <span class='ocrx_word' id='word_1_226' title='bbox 1027 3448 1126 3526; x_wconf 75' lang='lat' dir='ltr'><strong>magis</strong></span> <span class='ocrx_word' id='word_1_227' title='bbox 1155 3466 1250 3530; x_wconf 87' lang='lat' dir='ltr'><strong>quam</strong></span> <span class='ocrx_word' id='word_1_228' title='bbox 1278 3446 1369 3508; x_wconf 89' lang='lat' dir='ltr'><strong>amici</strong></span> <span class='ocrx_word' id='word_1_229' title='bbox 1400 3446 1452 3510; x_wconf 85' lang='lat' dir='ltr'><strong>sit.</strong></span> <span class='ocrx_word' id='word_1_230' title='bbox 1501 3447 1556 3511; x_wconf 92' lang='lat' dir='ltr'><strong>Sin</strong></span> <span class='ocrx_word' id='word_1_231' title='bbox 1584 3456 1691 3512; x_wconf 89' lang='lat' dir='ltr'><strong>autem</strong></span> <span class='ocrx_word' id='word_1_232' title='bbox 1717 3451 1774 3517; x_wconf 82' lang='lat' dir='ltr'><strong>ilia</strong></span> 
     </span>
     <span class='ocr_line' id='line_1_25' title="bbox 445 3539 1773 3624; baseline 0.004 -19"><span class='ocrx_word' id='word_1_233' title='bbox 445 3545 584 3616; x_wconf 87' lang='lat' dir='ltr'><strong>veriora,</strong></span> <span class='ocrx_word' id='word_1_234' title='bbox 614 3551 649 3605; x_wconf 90' lang='lat' dir='ltr'><strong>ut</strong></span> <span class='ocrx_word' id='word_1_235' title='bbox 674 3542 758 3604; x_wconf 88' lang='lat' dir='ltr'><strong>idem</strong></span> <span class='ocrx_word' id='word_1_236' title='bbox 786 3541 933 3608; x_wconf 89' lang='lat' dir='ltr'><strong>interitus</strong></span> <span class='ocrx_word' id='word_1_237' title='bbox 959 3541 1002 3604; x_wconf 92' lang='lat' dir='ltr'><strong>sit</strong></span> <span class='ocrx_word' id='word_1_238' title='bbox 1026 3539 1200 3603; x_wconf 87' lang='lat' dir='ltr'><strong>animorum</strong></span> <span class='ocrx_word' id='word_1_239' title='bbox 1228 3546 1447 3624; x_wconf 90' lang='lat' dir='ltr'><strong>etcorporum</strong></span> <span class='ocrx_word' id='word_1_240' title='bbox 1471 3560 1529 3604; x_wconf 93' lang='lat' dir='ltr'><strong>nec</strong></span> <span class='ocrx_word' id='word_1_241' title='bbox 1552 3543 1636 3606; x_wconf 91' lang='lat' dir='ltr'><strong>ullus</strong></span> <span class='ocrx_word' id='word_1_242' title='bbox 1657 3565 1773 3610; x_wconf 88' lang='lat' dir='ltr'><strong>seusus</strong></span> 
     </span>
     <span class='ocr_line' id='line_1_26' title="bbox 406 3633 1771 3709; baseline 0.001 -7"><span class='ocrx_word' id='word_1_243' title='bbox 406 3645 585 3709; x_wconf 86' lang='lat' dir='ltr'><strong>semaneat,</strong></span> <span class='ocrx_word' id='word_1_244' title='bbox 611 3643 648 3698; x_wconf 92' lang='lat' dir='ltr'><strong>ut</strong></span> <span class='ocrx_word' id='word_1_245' title='bbox 672 3636 751 3698; x_wconf 90' lang='lat' dir='ltr'><strong>nihil</strong></span> <span class='ocrx_word' id='word_1_246' title='bbox 779 3634 853 3696; x_wconf 87' lang='lat' dir='ltr'><strong>boni</strong></span> <span class='ocrx_word' id='word_1_247' title='bbox 877 3644 926 3699; x_wconf 90' lang='lat' dir='ltr'><strong>est</strong></span> <span class='ocrx_word' id='word_1_248' title='bbox 947 3635 980 3697; x_wconf 95' lang='lat' dir='ltr'><strong>iu</strong></span> <span class='ocrx_word' id='word_1_249' title='bbox 1003 3641 1122 3708; x_wconf 91' lang='lat' dir='ltr'><strong>morte,</strong></span> <span class='ocrx_word' id='word_1_250' title='bbox 1150 3633 1196 3696; x_wconf 90' lang='lat' dir='ltr'><strong>sic</strong></span> <span class='ocrx_word' id='word_1_251' title='bbox 1219 3642 1304 3696; x_wconf 92' lang='lat' dir='ltr'><strong>certe</strong></span> <span class='ocrx_word' id='word_1_252' title='bbox 1326 3634 1406 3696; x_wconf 89' lang='lat' dir='ltr'><strong>nihil</strong></span> <span class='ocrx_word' id='word_1_253' title='bbox 1429 3635 1514 3698; x_wconf 90' lang='lat' dir='ltr'><strong>mali.</strong></span> <span class='ocrx_word' id='word_1_254' title='bbox 1558 3636 1660 3701; x_wconf 88' lang='lat' dir='ltr'><strong>Seusu</strong></span> <span class='ocrx_word' id='word_1_255' title='bbox 1684 3639 1771 3704; x_wconf 87' lang='lat' dir='ltr'><strong>euim</strong></span> 
     </span>
     <span class='ocr_line' id='line_1_27' title="bbox 443 3727 1771 3812; baseline 0.004 -20"><span class='ocrx_word' id='word_1_256' title='bbox 443 3730 560 3792; x_wconf 88' lang='lat' dir='ltr'><strong>amisso</strong></span> <span class='ocrx_word' id='word_1_257' title='bbox 583 3727 616 3792; x_wconf 86' lang='lat' dir='ltr'><strong>lrt</strong></span> <span class='ocrx_word' id='word_1_258' title='bbox 636 3728 732 3802; x_wconf 90' lang='lat' dir='ltr'><strong>idem,</strong></span> <span class='ocrx_word' id='word_1_259' title='bbox 755 3729 844 3812; x_wconf 88' lang='lat' dir='ltr'><strong>quasi</strong></span> <span class='ocrx_word' id='word_1_260' title='bbox 867 3738 959 3791; x_wconf 87' lang='lat' dir='ltr'><strong>natus</strong></span> <span class='ocrx_word' id='word_1_261' title='bbox 980 3748 1045 3791; x_wconf 93' lang='lat' dir='ltr'><strong>nou</strong></span> <span class='ocrx_word' id='word_1_262' title='bbox 1068 3735 1154 3791; x_wconf 88' lang='lat' dir='ltr'><strong>esset</strong></span> <span class='ocrx_word' id='word_1_263' title='bbox 1175 3728 1316 3800; x_wconf 91' lang='lat' dir='ltr'><strong>omniuo,</strong></span> <span class='ocrx_word' id='word_1_264' title='bbox 1339 3749 1435 3811; x_wconf 84' lang='lat' dir='ltr'><strong>quern</strong></span> <span class='ocrx_word' id='word_1_265' title='bbox 1457 3736 1561 3794; x_wconf 91' lang='lat' dir='ltr'><strong>tamen</strong></span> <span class='ocrx_word' id='word_1_266' title='bbox 1576 3751 1647 3794; x_wconf 90' lang='lat' dir='ltr'><strong>esse</strong></span> <span class='ocrx_word' id='word_1_267' title='bbox 1662 3740 1771 3797; x_wconf 87' lang='lat' dir='ltr'><strong>uatum</strong></span> 
     </span>
     <span class='ocr_line' id='line_1_28' title="bbox 444 3820 1771 3904; baseline 0.005 -20"><span class='ocrx_word' id='word_1_268' title='bbox 444 3831 475 3886; x_wconf 92' lang='lat' dir='ltr'><strong>et</strong></span> <span class='ocrx_word' id='word_1_269' title='bbox 496 3843 553 3885; x_wconf 90' lang='lat' dir='ltr'><strong>nos</strong></span> <span class='ocrx_word' id='word_1_270' title='bbox 576 3823 747 3904; x_wconf 82' lang='lat' dir='ltr'><strong>gaudemus</strong></span> <span class='ocrx_word' id='word_1_271' title='bbox 780 3830 811 3885; x_wconf 93' lang='lat' dir='ltr'><strong>et</strong></span> <span class='ocrx_word' id='word_1_272' title='bbox 837 3822 916 3885; x_wconf 88' lang='lat' dir='ltr'><strong>haec</strong></span> <span class='ocrx_word' id='word_1_273' title='bbox 942 3823 1068 3896; x_wconf 87' lang='lat' dir='ltr'><strong>civitas,</strong></span> <span class='ocrx_word' id='word_1_274' title='bbox 1100 3820 1175 3883; x_wconf 94' lang='lat' dir='ltr'><strong>dum</strong></span> <span class='ocrx_word' id='word_1_275' title='bbox 1197 3821 1274 3894; x_wconf 88' lang='lat' dir='ltr'><strong>erit,</strong></span> <span class='ocrx_word' id='word_1_276' title='bbox 1305 3821 1481 3885; x_wconf 89' lang='lat' dir='ltr'><strong>laetabitur.</strong></span> <span class='ocrx_word' id='word_1_277' title='bbox 1530 3820 1578 3886; x_wconf 78' lang='lat' dir='ltr'><strong>te.</strong></span> <span class='ocrx_word' id='word_1_278' title='bbox 1603 3825 1771 3900; x_wconf 75' lang='lat' dir='ltr'><strong>Quamuis</strong></span> 
     </span>
     <span class='ocr_line' id='line_1_29' title="bbox 442 3916 1772 3999; baseline 0.005 -20"><span class='ocrx_word' id='word_1_279' title='bbox 442 3936 509 3979; x_wconf 88' lang='lat' dir='ltr'><strong>rem</strong></span> <span class='ocrx_word' id='word_1_280' title='bbox 532 3937 602 3978; x_wconf 92' lang='lat' dir='ltr'><strong>cum</strong></span> <span class='ocrx_word' id='word_1_281' title='bbox 625 3916 680 3977; x_wconf 91' lang='lat' dir='ltr'><strong>illo</strong></span> <span class='ocrx_word' id='word_1_282' title='bbox 704 3916 844 3999; x_wconf 88' lang='lat' dir='ltr'><strong>quidem,</strong></span> <span class='ocrx_word' id='word_1_283' title='bbox 867 3924 1017 3999; x_wconf 89' lang='lat' dir='ltr'><strong>utsupra</strong></span> <span class='ocrx_word' id='word_1_284' title='bbox 1041 3916 1120 3990; x_wconf 84' lang='lat' dir='ltr'><strong>dixi,</strong></span> <span class='ocrx_word' id='word_1_285' title='bbox 1142 3924 1247 3978; x_wconf 88' lang='lat' dir='ltr'><strong>actum</strong></span> <span class='ocrx_word' id='word_1_286' title='bbox 1270 3923 1400 3998; x_wconf 91' lang='lat' dir='ltr'><strong>optume</strong></span> <span class='ocrx_word' id='word_1_287' title='bbox 1422 3925 1480 3991; x_wconf 89' lang='lat' dir='ltr'><strong>est,</strong></span> <span class='ocrx_word' id='word_1_288' title='bbox 1503 3938 1626 3982; x_wconf 91' lang='lat' dir='ltr'><strong>mecum</strong></span> <span class='ocrx_word' id='word_1_289' title='bbox 1647 3921 1772 3986; x_wconf 88' lang='lat' dir='ltr'><strong>iucom-</strong></span> 
     </span>
     <span class='ocr_line' id='line_1_30' title="bbox 442 4009 1771 4095; baseline 0.006 -24"><span class='ocrx_word' id='word_1_290' title='bbox 442 4010 582 4083; x_wconf 91' lang='lat' dir='ltr'><strong>modius,</strong></span> <span class='ocrx_word' id='word_1_291' title='bbox 613 4030 706 4092; x_wconf 91' lang='lat' dir='ltr'><strong>quem</strong></span> <span class='ocrx_word' id='word_1_292' title='bbox 730 4010 832 4087; x_wconf 85' lang='lat' dir='ltr'><strong>fuerat</strong></span> <span class='ocrx_word' id='word_1_293' title='bbox 853 4011 1005 4093; x_wconf 88' lang='lat' dir='ltr'><strong>aequius,</strong></span> <span class='ocrx_word' id='word_1_294' title='bbox 1036 4013 1073 4073; x_wconf 82' lang='lat' dir='ltr'><strong>ut&#39;</strong></span> <span class='ocrx_word' id='word_1_295' title='bbox 1097 4009 1186 4092; x_wconf 90' lang='lat' dir='ltr'><strong>prius</strong></span> <span class='ocrx_word' id='word_1_296' title='bbox 1208 4009 1410 4084; x_wconf 90' lang='lat' dir='ltr'><strong>introieram,</strong></span> <span class='ocrx_word' id='word_1_297' title='bbox 1440 4011 1486 4073; x_wconf 94' lang='lat' dir='ltr'><strong>sie</strong></span> <span class='ocrx_word' id='word_1_298' title='bbox 1508 4012 1596 4095; x_wconf 91' lang='lat' dir='ltr'><strong>prius</strong></span> <span class='ocrx_word' id='word_1_299' title='bbox 1618 4014 1707 4077; x_wconf 87' lang='lat' dir='ltr'><strong>exire</strong></span> <span class='ocrx_word' id='word_1_300' title='bbox 1729 4014 1771 4079; x_wconf 89' lang='lat' dir='ltr'><strong>de</strong></span> 
     </span>
    </p>

    <p class='ocr_par' dir='ltr' id='par_1_6' title="bbox 403 4103 1771 4562">
     <span class='ocr_line' id='line_1_31' title="bbox 403 4103 1771 4178; baseline 0.004 -12"><span class='ocrx_word' id='word_1_301' title='bbox 403 4105 514 4169; x_wconf 86' lang='lat' dir='ltr'><strong>sevila.</strong></span> <span class='ocrx_word' id='word_1_302' title='bbox 560 4104 621 4165; x_wconf 90' lang='lat' dir='ltr'><strong>Sed</strong></span> <span class='ocrx_word' id='word_1_303' title='bbox 644 4112 748 4165; x_wconf 89' lang='lat' dir='ltr'><strong>tamen</strong></span> <span class='ocrx_word' id='word_1_304' title='bbox 772 4103 994 4166; x_wconf 87' lang='lat' dir='ltr'><strong>recordatione</strong></span> <span class='ocrx_word' id='word_1_305' title='bbox 1020 4112 1147 4167; x_wconf 89' lang='lat' dir='ltr'><strong>nostrae</strong></span> <span class='ocrx_word' id='word_1_306' title='bbox 1175 4103 1330 4166; x_wconf 87' lang='lat' dir='ltr'><strong>amicitiae</strong></span> <span class='ocrx_word' id='word_1_307' title='bbox 1354 4105 1398 4165; x_wconf 93' lang='lat' dir='ltr'><strong>sic</strong></span> <span class='ocrx_word' id='word_1_308' title='bbox 1420 4104 1525 4178; x_wconf 86' lang='lat' dir='ltr'><strong>fruor,</strong></span> <span class='ocrx_word' id='word_1_309' title='bbox 1554 4114 1589 4169; x_wconf 91' lang='lat' dir='ltr'><strong>ut</strong></span> <span class='ocrx_word' id='word_1_310' title='bbox 1610 4107 1701 4172; x_wconf 84' lang='lat' dir='ltr'><strong>beate</strong></span> <span class='ocrx_word' id='word_1_311' title='bbox 1723 4110 1771 4171; x_wconf 89' lang='lat' dir='ltr'><strong>vi·</strong></span> 
     </span>
     <span class='ocr_line' id='line_1_32' title="bbox 441 4197 1771 4280; baseline 0.005 -21"><span class='ocrx_word' id='word_1_312' title='bbox 441 4198 526 4259; x_wconf 87' lang='lat' dir='ltr'><strong>xisse</strong></span> <span class='ocrx_word' id='word_1_313' title='bbox 550 4197 670 4271; x_wconf 87' lang='lat' dir='ltr'><strong>videar,</strong></span> <span class='ocrx_word' id='word_1_314' title='bbox 695 4198 769 4280; x_wconf 88' lang='lat' dir='ltr'><strong>quia</strong></span> <span class='ocrx_word' id='word_1_315' title='bbox 793 4218 863 4260; x_wconf 91' lang='lat' dir='ltr'><strong>curu</strong></span> <span class='ocrx_word' id='word_1_316' title='bbox 888 4198 1035 4280; x_wconf 91' lang='lat' dir='ltr'><strong>Scipione</strong></span> <span class='ocrx_word' id='word_1_317' title='bbox 1058 4198 1209 4270; x_wconf 80' lang='lat' dir='ltr'><strong>vixerim,</strong></span> <span class='ocrx_word' id='word_1_318' title='bbox 1240 4216 1377 4278; x_wconf 90' lang='lat' dir='ltr'><strong>quocum</strong></span> <span class='ocrx_word' id='word_1_319' title='bbox 1400 4198 1475 4260; x_wconf 89' lang='lat' dir='ltr'><strong>mihi</strong></span> <span class='ocrx_word' id='word_1_320' title='bbox 1499 4200 1670 4263; x_wconf 86' lang='lat' dir='ltr'><strong>coniuncte</strong></span> <span class='ocrx_word' id='word_1_321' title='bbox 1694 4222 1771 4265; x_wconf 89' lang='lat' dir='ltr'><strong>cura</strong></span> 
     </span>
     <span class='ocr_line' id='line_1_33' title="bbox 441 4289 1771 4374; baseline 0.003 -22"><span class='ocrx_word' id='word_1_322' title='bbox 441 4291 479 4353; x_wconf 91' lang='lat' dir='ltr'><strong>de</strong></span> <span class='ocrx_word' id='word_1_323' title='bbox 504 4292 627 4374; x_wconf 89' lang='lat' dir='ltr'><strong>publica</strong></span> <span class='ocrx_word' id='word_1_324' title='bbox 652 4312 685 4353; x_wconf 91' lang='lat' dir='ltr'><strong>re</strong></span> <span class='ocrx_word' id='word_1_325' title='bbox 707 4298 739 4355; x_wconf 91' lang='lat' dir='ltr'><strong>et</strong></span> <span class='ocrx_word' id='word_1_326' title='bbox 761 4292 800 4354; x_wconf 92' lang='lat' dir='ltr'><strong>de</strong></span> <span class='ocrx_word' id='word_1_327' title='bbox 823 4294 945 4374; x_wconf 85' lang='lat' dir='ltr'><strong>privata</strong></span> <span class='ocrx_word' id='word_1_328' title='bbox 967 4289 1035 4366; x_wconf 85' lang='lat' dir='ltr'><strong>luit,</strong></span> <span class='ocrx_word' id='word_1_329' title='bbox 1060 4311 1197 4374; x_wconf 88' lang='lat' dir='ltr'><strong>quocum</strong></span> <span class='ocrx_word' id='word_1_330' title='bbox 1222 4298 1253 4352; x_wconf 91' lang='lat' dir='ltr'><strong>et</strong></span> <span class='ocrx_word' id='word_1_331' title='bbox 1276 4290 1388 4353; x_wconf 93' lang='lat' dir='ltr'><strong>domus</strong></span> <span class='ocrx_word' id='word_1_332' title='bbox 1412 4291 1473 4355; x_wconf 87' lang='lat' dir='ltr'><strong>fuit</strong></span> <span class='ocrx_word' id='word_1_333' title='bbox 1496 4298 1526 4355; x_wconf 93' lang='lat' dir='ltr'><strong>et</strong></span> <span class='ocrx_word' id='word_1_334' title='bbox 1549 4293 1659 4356; x_wconf 92' lang='lat' dir='ltr'><strong>militia</strong></span> <span class='ocrx_word' id='word_1_335' title='bbox 1683 4314 1771 4357; x_wconf 92' lang='lat' dir='ltr'><strong>com·</strong></span> 
     </span>
     <span class='ocr_line' id='line_1_34' title="bbox 440 4384 1769 4467; baseline 0.003 -20"><span class='ocrx_word' id='word_1_336' title='bbox 440 4388 544 4448; x_wconf 92' lang='lat' dir='ltr'><strong>munis</strong></span> <span class='ocrx_word' id='word_1_337' title='bbox 575 4396 605 4448; x_wconf 93' lang='lat' dir='ltr'><strong>et</strong></span> <span class='ocrx_word' id='word_1_338' title='bbox 633 4386 680 4460; x_wconf 91' lang='lat' dir='ltr'><strong>id,</strong></span> <span class='ocrx_word' id='word_1_339' title='bbox 710 4386 743 4447; x_wconf 93' lang='lat' dir='ltr'><strong>iu</strong></span> <span class='ocrx_word' id='word_1_340' title='bbox 772 4407 835 4467; x_wconf 87' lang='lat' dir='ltr'><strong>quo</strong></span> <span class='ocrx_word' id='word_1_341' title='bbox 862 4394 911 4448; x_wconf 90' lang='lat' dir='ltr'><strong>est</strong></span> <span class='ocrx_word' id='word_1_342' title='bbox 933 4387 1034 4449; x_wconf 89' lang='lat' dir='ltr'><strong>omnis</strong></span> <span class='ocrx_word' id='word_1_343' title='bbox 1058 4386 1105 4447; x_wconf 89' lang='lat' dir='ltr'><strong>vis</strong></span> <span class='ocrx_word' id='word_1_344' title='bbox 1128 4384 1303 4456; x_wconf 90' lang='lat' dir='ltr'><strong>amicitiae,</strong></span> <span class='ocrx_word' id='word_1_345' title='bbox 1334 4385 1551 4460; x_wconf 86' lang='lat' dir='ltr'><strong>voluntatum,</strong></span> <span class='ocrx_word' id='word_1_346' title='bbox 1581 4386 1769 4464; x_wconf 91' lang='lat' dir='ltr'><strong>studiorum,</strong></span> 
     </span>
     <span class='ocr_line' id='line_1_35' title="bbox 439 4479 1770 4562; baseline 0.003 -21"><span class='ocrx_word' id='word_1_347' title='bbox 439 4482 664 4542; x_wconf 88' lang='lat' dir='ltr'><strong>sententiarum</strong></span> <span class='ocrx_word' id='word_1_348' title='bbox 699 4500 821 4542; x_wconf 90' lang='lat' dir='ltr'><strong>summa</strong></span> <span class='ocrx_word' id='word_1_349' title='bbox 854 4480 1032 4542; x_wconf 86' lang='lat' dir='ltr'><strong>consensio.</strong></span> <span class='ocrx_word' id='word_1_350' title='bbox 1083 4481 1197 4562; x_wconf 87' lang='lat' dir='ltr'><strong>ltaque</strong></span> <span class='ocrx_word' id='word_1_351' title='bbox 1228 4499 1292 4539; x_wconf 92' lang='lat' dir='ltr'><strong>nou</strong></span> <span class='ocrx_word' id='word_1_352' title='bbox 1321 4485 1383 4541; x_wconf 83' lang='lat' dir='ltr'><strong>tam</strong></span> <span class='ocrx_word' id='word_1_353' title='bbox 1415 4479 1474 4542; x_wconf 87' lang='lat' dir='ltr'><strong>ista</strong></span> <span class='ocrx_word' id='word_1_354' title='bbox 1503 4500 1553 4542; x_wconf 92' lang='lat' dir='ltr'><strong>me</strong></span> <span class='ocrx_word' id='word_1_355' title='bbox 1582 4481 1770 4561; x_wconf 88' lang='lat' dir='ltr'><strong>sapientiae,</strong></span> 
     </span>
    </p>

    <p class='ocr_par' dir='ltr' id='par_1_7' title="bbox 399 4572 1769 4658">
     <span class='ocr_line' id='line_1_36' title="bbox 399 4572 1769 4658; baseline -0.001 -19"><span class='ocrx_word' id='word_1_356' title='bbox 399 4592 533 4657; x_wconf 79' lang='lat' dir='ltr'><strong>aequam</strong></span> <span class='ocrx_word' id='word_1_357' title='bbox 563 4574 656 4636; x_wconf 91' lang='lat' dir='ltr'><strong>modo</strong></span> <span class='ocrx_word' id='word_1_358' title='bbox 684 4575 822 4636; x_wconf 90' lang='lat' dir='ltr'><strong>Fannius</strong></span> <span class='ocrx_word' id='word_1_359' title='bbox 852 4575 1127 4647; x_wconf 87' lang='lat' dir='ltr'><strong>commemoravit,</strong></span> <span class='ocrx_word' id='word_1_360' title='bbox 1159 4573 1243 4635; x_wconf 82' lang='lat' dir='ltr'><strong>fama</strong></span> <span class='ocrx_word' id='word_1_361' title='bbox 1271 4572 1427 4648; x_wconf 90' lang='lat' dir='ltr'><strong>delectat,</strong></span> <span class='ocrx_word' id='word_1_362' title='bbox 1460 4573 1540 4636; x_wconf 83' lang='lat' dir='ltr'><strong>falsa</strong></span> <span class='ocrx_word' id='word_1_363' title='bbox 1571 4576 1769 4658; x_wconf 88' lang='lat' dir='ltr'><strong>praesertim,</strong></span> 
     </span>
    </p>
   </div>
   <div class='ocr_carea' id='block_1_3' title="bbox 426 4805 1769 5999">
    <p class='ocr_par' dir='ltr' id='par_1_8' title="bbox 426 4805 1769 5999">
     <span class='ocr_line' id='line_1_37' title="bbox 503 4805 1769 4868; baseline 0.002 -14"><span class='ocrx_word' id='word_1_364' title='bbox 503 4809 525 4854; x_wconf 88' lang='lat' dir='ltr'><strong>l.</strong></span> <span class='ocrx_word' id='word_1_365' title='bbox 545 4809 578 4856; x_wconf 88' lang='lat' dir='ltr'><strong>ed</strong></span> <span class='ocrx_word' id='word_1_366' title='bbox 595 4819 725 4868; x_wconf 75' lang='lat' dir='ltr'><strong>uesperum</strong></span> <span class='ocrx_word' id='word_1_367' title='bbox 742 4807 857 4854; x_wconf 83' lang='lat' dir='ltr'><strong>reduetus</strong></span> <span class='ocrx_word' id='word_1_368' title='bbox 873 4806 982 4856; x_wconf 83' lang='lat' dir='ltr'><strong>BGSV:</strong></span> <span class='ocrx_word' id='word_1_369' title='bbox 1001 4806 1118 4855; x_wconf 81' lang='lat' dir='ltr'><strong>reduetus</strong></span> <span class='ocrx_word' id='word_1_370' title='bbox 1133 4806 1167 4853; x_wconf 89' lang='lat' dir='ltr'><strong>ud</strong></span> <span class='ocrx_word' id='word_1_371' title='bbox 1182 4818 1311 4866; x_wconf 79' lang='lat' dir='ltr'><strong>oespcmrm</strong></span> <span class='ocrx_word' id='word_1_372' title='bbox 1328 4805 1402 4854; x_wconf 79' lang='grc' dir='ltr'><strong>ὓΕΟ</strong></span> <span class='ocrx_word' id='word_1_373' title='bbox 1422 4831 1448 4839; x_wconf 99' lang='grc'><strong>-</strong></span> <span class='ocrx_word' id='word_1_374' title='bbox 1467 4805 1491 4854; x_wconf 71' lang='lat'><strong>2.</strong></span> <span class='ocrx_word' id='word_1_375' title='bbox 1506 4818 1519 4854; x_wconf 87' lang='lat' dir='ltr'><strong>c</strong></span> <span class='ocrx_word' id='word_1_376' title='bbox 1537 4807 1621 4855; x_wconf 90' lang='lat' dir='ltr'><strong>om.S</strong></span> <span class='ocrx_word' id='word_1_377' title='bbox 1639 4831 1666 4841; x_wconf 96' lang='lat'><em>-</em></span> <span class='ocrx_word' id='word_1_378' title='bbox 1691 4808 1715 4856; x_wconf 85' lang='lat' dir='ltr'><strong>il.</strong></span> <span class='ocrx_word' id='word_1_379' title='bbox 1729 4807 1769 4857; x_wconf 84' lang='lat' dir='ltr'><strong>ilis</strong></span> 
     </span>
     <span class='ocr_line' id='line_1_38' title="bbox 436 4880 1768 4943; baseline -0.002 -11"><span class='ocrx_word' id='word_1_380' title='bbox 436 4883 531 4932; x_wconf 87' lang='lat' dir='ltr'><strong>BGSV</strong></span> <span class='ocrx_word' id='word_1_381' title='bbox 551 4910 575 4917; x_wconf 91' lang='lat'>-</span> <span class='ocrx_word' id='word_1_382' title='bbox 595 4895 676 4943; x_wconf 82' lang='lat' dir='ltr'><strong>nuper</strong></span> <span class='ocrx_word' id='word_1_383' title='bbox 692 4882 753 4930; x_wconf 82' lang='lat' dir='ltr'><strong>tace</strong></span> <span class='ocrx_word' id='word_1_384' title='bbox 770 4882 878 4930; x_wconf 87' lang='lat' dir='ltr'><strong>BGSV:</strong></span> <span class='ocrx_word' id='word_1_385' title='bbox 897 4880 956 4931; x_wconf 84' lang='lat' dir='ltr'><strong>itoce</strong></span> <span class='ocrx_word' id='word_1_386' title='bbox 974 4896 1054 4943; x_wconf 83' lang='lat' dir='ltr'><strong>nuper</strong></span> <span class='ocrx_word' id='word_1_387' title='bbox 1072 4882 1146 4931; x_wconf 87' lang='lat' dir='ltr'><strong>DEO</strong></span> <span class='ocrx_word' id='word_1_388' title='bbox 1166 4909 1192 4917; x_wconf 98' lang='lat'><strong>—</strong></span> <span class='ocrx_word' id='word_1_389' title='bbox 1212 4881 1389 4943; x_wconf 81' lang='lat' dir='ltr'><strong>ceperuntGV</strong></span> <span class='ocrx_word' id='word_1_390' title='bbox 1404 4907 1431 4918; x_wconf 91' lang='lat'><strong>—-</strong></span> <span class='ocrx_word' id='word_1_391' title='bbox 1451 4882 1474 4930; x_wconf 84' lang='grc'><strong>6.</strong></span> <span class='ocrx_word' id='word_1_392' title='bbox 1488 4881 1618 4930; x_wconf 81' lang='lat' dir='ltr'><strong>unimasE</strong></span> <span class='ocrx_word' id='word_1_393' title='bbox 1638 4906 1664 4915; x_wconf 92' lang='lat'>—</span> <span class='ocrx_word' id='word_1_394' title='bbox 1683 4881 1768 4942; x_wconf 71' lang='lat' dir='ltr'><strong>edpoe</strong></span> 
     </span>
     <span class='ocr_line' id='line_1_39' title="bbox 436 4956 1768 5020; baseline 0 -14"><span class='ocrx_word' id='word_1_395' title='bbox 436 4956 465 5006; x_wconf 87' lang='lat' dir='ltr'><strong>G¹</strong></span> <span class='ocrx_word' id='word_1_396' title='bbox 484 4983 510 4991; x_wconf 97' lang='lat'><strong>—</strong></span> <span class='ocrx_word' id='word_1_397' title='bbox 536 4958 559 5007; x_wconf 85' lang='lat'><strong>7.</strong></span> <span class='ocrx_word' id='word_1_398' title='bbox 579 4963 638 5018; x_wconf 83' lang='lat' dir='ltr'><strong>opct</strong></span> <span class='ocrx_word' id='word_1_399' title='bbox 656 4959 675 5004; x_wconf 87' lang='lat' dir='ltr'>G</span> <span class='ocrx_word' id='word_1_400' title='bbox 695 4982 721 4992; x_wconf 93' lang='lat'><em>-</em></span> <span class='ocrx_word' id='word_1_401' title='bbox 747 4956 899 5017; x_wconf 63' lang='lat' dir='ltr'><strong>&amp;profecto</strong></span> <span class='ocrx_word' id='word_1_402' title='bbox 917 4959 1094 5017; x_wconf 78' lang='lat' dir='ltr'><strong>coniecissent</strong></span> <span class='ocrx_word' id='word_1_403' title='bbox 1112 4958 1133 5007; x_wconf 86' lang='lat' dir='ltr'><strong>l)</strong></span> <span class='ocrx_word' id='word_1_404' title='bbox 1154 4981 1180 4992; x_wconf 93' lang='lat'><em>-</em></span> <span class='ocrx_word' id='word_1_405' title='bbox 1206 4957 1228 5005; x_wconf 67' lang='grc'><strong>9,</strong></span> <span class='ocrx_word' id='word_1_406' title='bbox 1248 4958 1342 5017; x_wconf 76' lang='lat' dir='ltr'><strong>[corint</strong></span> <span class='ocrx_word' id='word_1_407' title='bbox 1359 4957 1586 5020; x_wconf 79' lang='lat' dir='ltr'><strong>quiquemcpoom</strong></span> <span class='ocrx_word' id='word_1_408' title='bbox 1602 4957 1618 5005; x_wconf 90' lang='lat' dir='ltr'><strong>S</strong></span> <span class='ocrx_word' id='word_1_409' title='bbox 1637 4958 1768 5019; x_wconf 67' lang='lat' dir='ltr'><strong>(moenem</strong></span> 
     </span>
     <span class='ocr_line' id='line_1_40' title="bbox 433 5030 1767 5095; baseline 0.001 -16"><span class='ocrx_word' id='word_1_410' title='bbox 433 5032 497 5080; x_wconf 90' lang='lat' dir='ltr'><strong>item</strong></span> <span class='ocrx_word' id='word_1_411' title='bbox 511 5031 538 5092; x_wconf 77' lang='lat' dir='ltr'><strong>Bi</strong></span> <span class='ocrx_word' id='word_1_412' title='bbox 552 5057 577 5066; x_wconf 93' lang='lat'><em>-</em></span> <span class='ocrx_word' id='word_1_413' title='bbox 600 5033 639 5079; x_wconf 81' lang='lat'><strong>⁴0.</strong></span> <span class='ocrx_word' id='word_1_414' title='bbox 652 5031 750 5093; x_wconf 83' lang='lat' dir='ltr'><strong>quidem</strong></span> <span class='ocrx_word' id='word_1_415' title='bbox 762 5031 845 5079; x_wconf 89' lang='lat' dir='ltr'><strong>om.E</strong></span> <span class='ocrx_word' id='word_1_416' title='bbox 859 5058 885 5066; x_wconf 99' lang='lat'><em>-</em></span> <span class='ocrx_word' id='word_1_417' title='bbox 900 5037 958 5080; x_wconf 80' lang='lat' dir='ltr'><strong>tuoe</strong></span> <span class='ocrx_word' id='word_1_418' title='bbox 970 5033 989 5081; x_wconf 92' lang='lat'>0</span> <span class='ocrx_word' id='word_1_419' title='bbox 1003 5057 1031 5069; x_wconf 94' lang='lat'>-</span> <span class='ocrx_word' id='word_1_420' title='bbox 1053 5035 1091 5080; x_wconf 90' lang='lat' dir='ltr'><strong>il.</strong></span> <span class='ocrx_word' id='word_1_421' title='bbox 1105 5033 1267 5081; x_wconf 72' lang='lat' dir='ltr'><strong>crudiumuot</strong></span> <span class='ocrx_word' id='word_1_422' title='bbox 1279 5032 1350 5082; x_wconf 82' lang='lat' dir='ltr'><strong>BEV</strong></span> <span class='ocrx_word' id='word_1_423' title='bbox 1365 5058 1391 5068; x_wconf 93' lang='lat'><em>-</em></span> <span class='ocrx_word' id='word_1_424' title='bbox 1412 5033 1451 5080; x_wconf 75' lang='lat' dir='ltr'><strong>tt.</strong></span> <span class='ocrx_word' id='word_1_425' title='bbox 1464 5032 1514 5095; x_wconf 81' lang='lat' dir='ltr'><strong>qui]</strong></span> <span class='ocrx_word' id='word_1_426' title='bbox 1527 5034 1566 5081; x_wconf 84' lang='lat' dir='ltr'><strong>cai</strong></span> <span class='ocrx_word' id='word_1_427' title='bbox 1581 5030 1644 5095; x_wconf 77' lang='lat' dir='ltr'><strong>(scil.</strong></span> <span class='ocrx_word' id='word_1_428' title='bbox 1655 5034 1767 5093; x_wconf 70' lang='lat' dir='ltr'><strong>cidem)</strong></span> 
     </span>
     <span class='ocr_line' id='line_1_41' title="bbox 433 5105 1768 5171; baseline 0 -14"><span class='ocrx_word' id='word_1_429' title='bbox 433 5106 546 5157; x_wconf 85' lang='lat' dir='ltr'><strong>Pulsclre</strong></span> <span class='ocrx_word' id='word_1_430' title='bbox 565 5107 590 5154; x_wconf 89' lang='lat' dir='ltr'><strong>in</strong></span> <span class='ocrx_word' id='word_1_431' title='bbox 609 5105 732 5167; x_wconf 81' lang='lat' dir='ltr'><strong>Phiioiogi</strong></span> <span class='ocrx_word' id='word_1_432' title='bbox 754 5106 811 5165; x_wconf 81' lang='lat' dir='ltr'><strong>llil,</strong></span> <span class='ocrx_word' id='word_1_433' title='bbox 831 5121 856 5170; x_wconf 93' lang='lat' dir='ltr'><strong>p.</strong></span> <span class='ocrx_word' id='word_1_434' title='bbox 868 5107 929 5165; x_wconf 85' lang='lat'><strong>300,</strong></span> <span class='ocrx_word' id='word_1_435' title='bbox 953 5122 1021 5170; x_wconf 88' lang='lat' dir='ltr'><strong>quae</strong></span> <span class='ocrx_word' id='word_1_436' title='bbox 1040 5109 1193 5158; x_wconf 86' lang='lat' dir='ltr'><strong>coniectura</strong></span> <span class='ocrx_word' id='word_1_437' title='bbox 1214 5110 1249 5157; x_wconf 86' lang='lat' dir='ltr'><strong>ita</strong></span> <span class='ocrx_word' id='word_1_438' title='bbox 1270 5107 1376 5156; x_wconf 85' lang='lat' dir='ltr'><strong>videtur</strong></span> <span class='ocrx_word' id='word_1_439' title='bbox 1393 5106 1544 5171; x_wconf 88' lang='lat' dir='ltr'><strong>probanda,</strong></span> <span class='ocrx_word' id='word_1_440' title='bbox 1568 5112 1596 5157; x_wconf 93' lang='lat' dir='ltr'><strong>ut</strong></span> <span class='ocrx_word' id='word_1_441' title='bbox 1613 5106 1709 5157; x_wconf 88' lang='lat' dir='ltr'><strong>deinde</strong></span> <span class='ocrx_word' id='word_1_442' title='bbox 1727 5110 1768 5158; x_wconf 74' lang='lat' dir='ltr'><strong>sets·</strong></span> 
     </span>
     <span class='ocr_line' id='line_1_42' title="bbox 433 5180 1763 5245; baseline 0.003 -15"><span class='ocrx_word' id='word_1_443' title='bbox 433 5183 499 5242; x_wconf 83' lang='lat' dir='ltr'><strong>(ulei)</strong></span> <span class='ocrx_word' id='word_1_444' title='bbox 515 5182 640 5242; x_wconf 74' lang='lat' dir='ltr'><strong>plerisque</strong></span> <span class='ocrx_word' id='word_1_445' title='bbox 661 5180 802 5231; x_wconf 84' lang='lat' dir='ltr'><strong>scribatur.</strong></span> <span class='ocrx_word' id='word_1_446' title='bbox 826 5207 853 5217; x_wconf 93' lang='lat'><em>-</em></span> <span class='ocrx_word' id='word_1_447' title='bbox 883 5182 921 5230; x_wconf 82' lang='grc'><strong>43.</strong></span> <span class='ocrx_word' id='word_1_448' title='bbox 941 5184 1017 5232; x_wconf 82' lang='lat' dir='ltr'><strong>isdem</strong></span> <span class='ocrx_word' id='word_1_449' title='bbox 1038 5198 1133 5245; x_wconf 87' lang='lat' dir='ltr'><strong>semper</strong></span> <span class='ocrx_word' id='word_1_450' title='bbox 1156 5185 1191 5243; x_wconf 90' lang='lat' dir='ltr'><strong>B,</strong></span> <span class='ocrx_word' id='word_1_451' title='bbox 1213 5197 1308 5244; x_wconf 83' lang='lat' dir='ltr'><strong>semper</strong></span> <span class='ocrx_word' id='word_1_452' title='bbox 1325 5184 1388 5231; x_wconf 83' lang='lat' dir='ltr'><strong>idem</strong></span> <span class='ocrx_word' id='word_1_453' title='bbox 1412 5185 1431 5232; x_wconf 88' lang='lat' dir='ltr'>D</span> <span class='ocrx_word' id='word_1_454' title='bbox 1461 5209 1488 5219; x_wconf 93' lang='lat'>-</span> <span class='ocrx_word' id='word_1_455' title='bbox 1516 5197 1566 5233; x_wconf 86' lang='lat' dir='ltr'><strong>csse</strong></span> <span class='ocrx_word' id='word_1_456' title='bbox 1585 5184 1712 5232; x_wconf 77' lang='lat' dir='ltr'><strong>lominum</strong></span> <span class='ocrx_word' id='word_1_457' title='bbox 1733 5184 1763 5243; x_wconf 84' lang='lat' dir='ltr'><strong>E,</strong></span> 
     </span>
     <span class='ocr_line' id='line_1_43' title="bbox 431 5257 1766 5320; baseline 0.001 -15"><span class='ocrx_word' id='word_1_458' title='bbox 431 5257 558 5305; x_wconf 77' lang='lat' dir='ltr'><strong>dominam</strong></span> <span class='ocrx_word' id='word_1_459' title='bbox 575 5259 664 5306; x_wconf 89' lang='lat' dir='ltr'><strong>om.D</strong></span> <span class='ocrx_word' id='word_1_460' title='bbox 689 5283 715 5291; x_wconf 92' lang='lat'><em>-</em></span> <span class='ocrx_word' id='word_1_461' title='bbox 743 5257 941 5315; x_wconf 82' lang='lat' dir='ltr'><strong>iisqucBGSV</strong></span> <span class='ocrx_word' id='word_1_462' title='bbox 969 5287 994 5295; x_wconf 96' lang='lat'>-</span> <span class='ocrx_word' id='word_1_463' title='bbox 1021 5274 1054 5308; x_wconf 79' lang='lat' dir='ltr'><strong>ee</strong></span> <span class='ocrx_word' id='word_1_464' title='bbox 1072 5260 1211 5309; x_wconf 84' lang='lat' dir='ltr'><strong>BDGSV:</strong></span> <span class='ocrx_word' id='word_1_465' title='bbox 1236 5259 1311 5308; x_wconf 86' lang='lat' dir='ltr'><strong>cEO</strong></span> <span class='ocrx_word' id='word_1_466' title='bbox 1337 5282 1363 5294; x_wconf 94' lang='lat'><em>-</em></span> <span class='ocrx_word' id='word_1_467' title='bbox 1393 5258 1431 5308; x_wconf 85' lang='lat' dir='ltr'><strong>ll.</strong></span> <span class='ocrx_word' id='word_1_468' title='bbox 1452 5264 1599 5320; x_wconf 79' lang='lat' dir='ltr'><strong>optumocsie</strong></span> <span class='ocrx_word' id='word_1_469' title='bbox 1617 5260 1651 5306; x_wconf 88' lang='lat' dir='ltr'><strong>G:</strong></span> <span class='ocrx_word' id='word_1_470' title='bbox 1671 5260 1766 5319; x_wconf 86' lang='lat' dir='ltr'><strong>optimo</strong></span> 
     </span>
     <span class='ocr_line' id='line_1_44' title="bbox 431 5333 1763 5393; baseline 0.002 -12"><span class='ocrx_word' id='word_1_471' title='bbox 431 5333 527 5381; x_wconf 78' lang='lat' dir='ltr'><strong>BESV</strong></span> <span class='ocrx_word' id='word_1_472' title='bbox 542 5359 567 5367; x_wconf 89' lang='lat'>-</span> <span class='ocrx_word' id='word_1_473' title='bbox 587 5333 676 5392; x_wconf 73' lang='lat' dir='ltr'><strong>caricae</strong></span> <span class='ocrx_word' id='word_1_474' title='bbox 692 5336 715 5381; x_wconf 87' lang='lat' dir='ltr'><strong>et</strong></span> <span class='ocrx_word' id='word_1_475' title='bbox 731 5333 863 5381; x_wconf 81' lang='lat' dir='ltr'><strong>iustissimo</strong></span> <span class='ocrx_word' id='word_1_476' title='bbox 882 5333 951 5381; x_wconf 84' lang='lat' dir='ltr'><strong>sssv</strong></span> <span class='ocrx_word' id='word_1_477' title='bbox 966 5361 991 5369; x_wconf 95' lang='lat'>-</span> <span class='ocrx_word' id='word_1_478' title='bbox 1014 5337 1053 5384; x_wconf 79' lang='lat' dir='ltr'><strong>lli.</strong></span> <span class='ocrx_word' id='word_1_479' title='bbox 1073 5336 1137 5383; x_wconf 85' lang='lat' dir='ltr'><strong>idem</strong></span> <span class='ocrx_word' id='word_1_480' title='bbox 1155 5336 1187 5385; x_wconf 90' lang='lat' dir='ltr'><strong>C:</strong></span> <span class='ocrx_word' id='word_1_481' title='bbox 1207 5335 1301 5383; x_wconf 87' lang='lat' dir='ltr'><strong>itemO</strong></span> <span class='ocrx_word' id='word_1_482' title='bbox 1322 5360 1347 5369; x_wconf 92' lang='lat'>-</span> <span class='ocrx_word' id='word_1_483' title='bbox 1368 5335 1460 5393; x_wconf 76' lang='lat' dir='ltr'><strong>coique</strong></span> <span class='ocrx_word' id='word_1_484' title='bbox 1476 5336 1540 5384; x_wconf 79' lang='lat' dir='ltr'><strong>idem</strong></span> <span class='ocrx_word' id='word_1_485' title='bbox 1557 5333 1653 5382; x_wconf 83' lang='lat' dir='ltr'><strong>BGSV</strong></span> <span class='ocrx_word' id='word_1_486' title='bbox 1674 5359 1700 5368; x_wconf 88' lang='lat'><em>-</em></span> <span class='ocrx_word' id='word_1_487' title='bbox 1724 5335 1763 5383; x_wconf 82' lang='lat' dir='ltr'><strong>id.</strong></span> 
     </span>
     <span class='ocr_line' id='line_1_45' title="bbox 426 5407 1763 5471; baseline 0.001 -16"><span class='ocrx_word' id='word_1_488' title='bbox 426 5410 519 5469; x_wconf 86' lang='lat' dir='ltr'><strong>paucis</strong></span> <span class='ocrx_word' id='word_1_489' title='bbox 536 5411 552 5456; x_wconf 92' lang='lat' dir='ltr'><strong>S</strong></span> <span class='ocrx_word' id='word_1_490' title='bbox 573 5434 598 5444; x_wconf 96' lang='lat'><em>-</em></span> <span class='ocrx_word' id='word_1_491' title='bbox 618 5414 640 5456; x_wconf 88' lang='lat' dir='ltr'><strong>ct</strong></span> <span class='ocrx_word' id='word_1_492' title='bbox 656 5407 721 5468; x_wconf 85' lang='lat' dir='ltr'><strong>pilas</strong></span> <span class='ocrx_word' id='word_1_493' title='bbox 739 5407 766 5464; x_wconf 84' lang='grc' dir='ltr'><strong>Ε,</strong></span> <span class='ocrx_word' id='word_1_494' title='bbox 786 5408 904 5468; x_wconf 76' lang='lat' dir='ltr'><strong>sipiritus</strong></span> <span class='ocrx_word' id='word_1_495' title='bbox 922 5410 954 5468; x_wconf 80' lang='lat' dir='ltr'><strong>B,</strong></span> <span class='ocrx_word' id='word_1_496' title='bbox 974 5414 997 5459; x_wconf 90' lang='lat' dir='ltr'><strong>et</strong></span> <span class='ocrx_word' id='word_1_497' title='bbox 1013 5411 1140 5471; x_wconf 79' lang='lat' dir='ltr'><strong>epirilusS</strong></span> <span class='ocrx_word' id='word_1_498' title='bbox 1160 5435 1185 5444; x_wconf 96' lang='lat'>-</span> <span class='ocrx_word' id='word_1_499' title='bbox 1209 5409 1318 5457; x_wconf 82' lang='lat' dir='ltr'><strong>manlios</strong></span> <span class='ocrx_word' id='word_1_500' title='bbox 1334 5410 1457 5458; x_wconf 84' lang='lat' dir='ltr'><strong>BDGSV</strong></span> <span class='ocrx_word' id='word_1_501' title='bbox 1477 5437 1503 5445; x_wconf 98' lang='lat'><strong>—</strong></span> <span class='ocrx_word' id='word_1_502' title='bbox 1524 5409 1563 5458; x_wconf 80' lang='lat' dir='ltr'><strong>il.</strong></span> <span class='ocrx_word' id='word_1_503' title='bbox 1582 5409 1677 5456; x_wconf 81' lang='lat' dir='ltr'><strong>adesset</strong></span> <span class='ocrx_word' id='word_1_504' title='bbox 1694 5408 1714 5457; x_wconf 81' lang='grc' dir='ltr'>Ε</span> <span class='ocrx_word' id='word_1_505' title='bbox 1734 5434 1763 5445; x_wconf 87' lang='grc'><strong>·-</strong></span> 
     </span>
     <span class='ocr_line' id='line_1_46' title="bbox 430 5483 1761 5546; baseline 0.002 -15"><span class='ocrx_word' id='word_1_506' title='bbox 430 5484 487 5532; x_wconf 83' lang='lat' dir='ltr'><strong>oiim</strong></span> <span class='ocrx_word' id='word_1_507' title='bbox 504 5486 522 5532; x_wconf 88' lang='lat' dir='ltr'>B</span> <span class='ocrx_word' id='word_1_508' title='bbox 542 5510 568 5518; x_wconf 98' lang='lat'><strong>—</strong></span> <span class='ocrx_word' id='word_1_509' title='bbox 591 5497 687 5532; x_wconf 78' lang='lat' dir='ltr'><strong>mecum</strong></span> <span class='ocrx_word' id='word_1_510' title='bbox 703 5483 794 5532; x_wconf 81' lang='lat' dir='ltr'><strong>cums</strong></span> <span class='ocrx_word' id='word_1_511' title='bbox 818 5509 843 5517; x_wconf 95' lang='lat'>-</span> <span class='ocrx_word' id='word_1_512' title='bbox 875 5484 913 5532; x_wconf 89' lang='lat' dir='ltr'><strong>l8.</strong></span> <span class='ocrx_word' id='word_1_513' title='bbox 931 5485 983 5544; x_wconf 80' lang='lat' dir='ltr'><strong>scre</strong></span> <span class='ocrx_word' id='word_1_514' title='bbox 999 5490 1139 5533; x_wconf 69' lang='lat' dir='ltr'><strong>extremum</strong></span> <span class='ocrx_word' id='word_1_515' title='bbox 1157 5485 1200 5533; x_wconf 86' lang='lat' dir='ltr'><strong>DS</strong></span> <span class='ocrx_word' id='word_1_516' title='bbox 1220 5510 1246 5519; x_wconf 89' lang='lat'><em>—</em></span> <span class='ocrx_word' id='word_1_517' title='bbox 1277 5485 1316 5533; x_wconf 70' lang='lat' dir='ltr'><strong>tl.</strong></span> <span class='ocrx_word' id='word_1_518' title='bbox 1335 5484 1463 5546; x_wconf 79' lang='lat' dir='ltr'><strong>facillume</strong></span> <span class='ocrx_word' id='word_1_519' title='bbox 1479 5484 1501 5530; x_wconf 88' lang='lat' dir='ltr'>V</span> <span class='ocrx_word' id='word_1_520' title='bbox 1520 5509 1545 5518; x_wconf 92' lang='lat'>-</span> <span class='ocrx_word' id='word_1_521' title='bbox 1573 5483 1639 5530; x_wconf 80' lang='lat' dir='ltr'><strong>sciet</strong></span> <span class='ocrx_word' id='word_1_522' title='bbox 1656 5483 1715 5533; x_wconf 79' lang='lat' dir='ltr'><strong>DG²</strong></span> <span class='ocrx_word' id='word_1_523' title='bbox 1733 5508 1761 5520; x_wconf 93' lang='lat'><em>-</em></span> 
     </span>
     <span class='ocr_line' id='line_1_47' title="bbox 430 5559 1764 5623; baseline 0.001 -16"><span class='ocrx_word' id='word_1_524' title='bbox 430 5572 463 5607; x_wconf 83' lang='lat' dir='ltr'><strong>ee</strong></span> <span class='ocrx_word' id='word_1_525' title='bbox 481 5560 509 5620; x_wconf 80' lang='lat' dir='ltr'><strong>B,</strong></span> <span class='ocrx_word' id='word_1_526' title='bbox 528 5573 541 5608; x_wconf 87' lang='lat' dir='ltr'><strong>e</strong></span> <span class='ocrx_word' id='word_1_527' title='bbox 558 5561 642 5608; x_wconf 88' lang='lat' dir='ltr'><strong>om.S</strong></span> <span class='ocrx_word' id='word_1_528' title='bbox 661 5586 686 5595; x_wconf 92' lang='lat'><em>-</em></span> <span class='ocrx_word' id='word_1_529' title='bbox 708 5560 861 5619; x_wconf 81' lang='lat' dir='ltr'><strong>uinculisqoe</strong></span> <span class='ocrx_word' id='word_1_530' title='bbox 880 5561 923 5608; x_wconf 83' lang='lat' dir='ltr'><strong>DS</strong></span> <span class='ocrx_word' id='word_1_531' title='bbox 944 5586 968 5594; x_wconf 83' lang='lat'>—</span> <span class='ocrx_word' id='word_1_532' title='bbox 997 5562 1036 5609; x_wconf 76' lang='lat'><strong>22.</strong></span> <span class='ocrx_word' id='word_1_533' title='bbox 1055 5562 1101 5609; x_wconf 84' lang='lat' dir='ltr'><strong>icc</strong></span> <span class='ocrx_word' id='word_1_534' title='bbox 1117 5559 1226 5609; x_wconf 67' lang='lat' dir='ltr'><strong>exitui)</strong></span> <span class='ocrx_word' id='word_1_535' title='bbox 1248 5587 1273 5596; x_wconf 99' lang='lat'>-</span> <span class='ocrx_word' id='word_1_536' title='bbox 1293 5560 1331 5607; x_wconf 36' lang='lat'><strong>23&lt;</strong></span> <span class='ocrx_word' id='word_1_537' title='bbox 1352 5560 1444 5623; x_wconf 79' lang='lat' dir='ltr'><strong>uatem]</strong></span> <span class='ocrx_word' id='word_1_538' title='bbox 1463 5565 1547 5609; x_wconf 76' lang='lat' dir='ltr'><strong>enimn</strong></span> <span class='ocrx_word' id='word_1_539' title='bbox 1564 5564 1609 5607; x_wconf 80' lang='lat' dir='ltr'><strong>eat</strong></span> <span class='ocrx_word' id='word_1_540' title='bbox 1627 5561 1656 5616; x_wconf 88' lang='lat' dir='ltr'><strong>G,</strong></span> <span class='ocrx_word' id='word_1_541' title='bbox 1676 5565 1764 5608; x_wconf 81' lang='lat' dir='ltr'><strong>cutem</strong></span> 
     </span>
     <span class='ocr_line' id='line_1_48' title="bbox 429 5635 1761 5696; baseline 0.003 -15"><span class='ocrx_word' id='word_1_542' title='bbox 429 5635 490 5682; x_wconf 86' lang='lat' dir='ltr'><strong>ieut</strong></span> <span class='ocrx_word' id='word_1_543' title='bbox 508 5635 574 5683; x_wconf 87' lang='lat' dir='ltr'><strong>BES</strong></span> <span class='ocrx_word' id='word_1_544' title='bbox 595 5663 619 5670; x_wconf 93' lang='lat'>-</span> <span class='ocrx_word' id='word_1_545' title='bbox 644 5635 684 5684; x_wconf 70' lang='lat' dir='ltr'><strong>ti.</strong></span> <span class='ocrx_word' id='word_1_546' title='bbox 704 5648 792 5683; x_wconf 82' lang='lat' dir='ltr'><strong>ocrem</strong></span> <span class='ocrx_word' id='word_1_547' title='bbox 809 5635 932 5683; x_wconf 81' lang='lat' dir='ltr'><strong>BEGSV</strong></span> <span class='ocrx_word' id='word_1_548' title='bbox 950 5662 982 5672; x_wconf 98' lang='lat'>-</span> <span class='ocrx_word' id='word_1_549' title='bbox 1002 5637 1042 5684; x_wconf 72' lang='lat'><strong>25.</strong></span> <span class='ocrx_word' id='word_1_550' title='bbox 1062 5635 1188 5684; x_wconf 75' lang='lat' dir='ltr'><strong>documii</strong></span> <span class='ocrx_word' id='word_1_551' title='bbox 1210 5660 1235 5667; x_wconf 93' lang='lat'>-</span> <span class='ocrx_word' id='word_1_552' title='bbox 1255 5635 1328 5695; x_wconf 83' lang='lat' dir='ltr'><strong>enim]</strong></span> <span class='ocrx_word' id='word_1_553' title='bbox 1343 5635 1420 5696; x_wconf 79' lang='lat' dir='ltr'><strong>ipitur</strong></span> <span class='ocrx_word' id='word_1_554' title='bbox 1438 5636 1456 5684; x_wconf 84' lang='lat' dir='ltr'>E</span> <span class='ocrx_word' id='word_1_555' title='bbox 1479 5661 1503 5670; x_wconf 90' lang='lat'>—</span> <span class='ocrx_word' id='word_1_556' title='bbox 1523 5635 1564 5683; x_wconf 74' lang='lat'><strong>29.</strong></span> <span class='ocrx_word' id='word_1_557' title='bbox 1584 5648 1656 5696; x_wconf 73' lang='lat' dir='ltr'><strong>qumis</strong></span> <span class='ocrx_word' id='word_1_558' title='bbox 1673 5636 1761 5685; x_wconf 72' lang='lat' dir='ltr'><strong>om.E</strong></span> 
     </span>
     <span class='ocr_line' id='line_1_49' title="bbox 430 5708 1759 5771; baseline 0.003 -16"><span class='ocrx_word' id='word_1_559' title='bbox 430 5712 498 5771; x_wconf 81' lang='lat' dir='ltr'><strong>(sup.</strong></span> <span class='ocrx_word' id='word_1_560' title='bbox 516 5709 601 5769; x_wconf 79' lang='lat' dir='ltr'><strong>fuerat</strong></span> <span class='ocrx_word' id='word_1_561' title='bbox 618 5708 677 5758; x_wconf 88' lang='lat' dir='ltr'><strong>add.</strong></span> <span class='ocrx_word' id='word_1_562' title='bbox 698 5721 734 5758; x_wconf 90' lang='lat' dir='ltr'><strong>m.</strong></span> <span class='ocrx_word' id='word_1_563' title='bbox 753 5710 768 5756; x_wconf 63' lang='grc' dir='ltr'>ἱ</span> <span class='ocrx_word' id='word_1_564' title='bbox 786 5711 874 5769; x_wconf 76' lang='lat' dir='ltr'><strong>quom)</strong></span> <span class='ocrx_word' id='word_1_565' title='bbox 903 5738 929 5745; x_wconf 96' lang='lat'>-</span> <span class='ocrx_word' id='word_1_566' title='bbox 961 5715 987 5757; x_wconf 85' lang='lat' dir='ltr'><strong>ct</strong></span> <span class='ocrx_word' id='word_1_567' title='bbox 1004 5712 1066 5759; x_wconf 82' lang='lat' dir='ltr'><strong>sicut</strong></span> <span class='ocrx_word' id='word_1_568' title='bbox 1082 5713 1155 5770; x_wconf 82' lang='lat' dir='ltr'><strong>prius</strong></span> <span class='ocrx_word' id='word_1_569' title='bbox 1172 5711 1188 5758; x_wconf 87' lang='lat' dir='ltr'><strong>S</strong></span> <span class='ocrx_word' id='word_1_570' title='bbox 1221 5732 1246 5744; x_wconf 91' lang='lat'><em>-</em></span> <span class='ocrx_word' id='word_1_571' title='bbox 1288 5712 1405 5758; x_wconf 75' lang='lat' dir='ltr'><strong>cultos</strong></span> <span class='ocrx_word' id='word_1_572' title='bbox 1434 5737 1459 5746; x_wconf 92' lang='lat'><em>-</em></span> <span class='ocrx_word' id='word_1_573' title='bbox 1499 5709 1539 5758; x_wconf 73' lang='lat'><strong>32.</strong></span> <span class='ocrx_word' id='word_1_574' title='bbox 1556 5710 1660 5771; x_wconf 80' lang='lat' dir='ltr'><strong>puplico</strong></span> <span class='ocrx_word' id='word_1_575' title='bbox 1676 5723 1703 5758; x_wconf 85' lang='lat' dir='ltr'><strong>rc</strong></span> <span class='ocrx_word' id='word_1_576' title='bbox 1727 5710 1759 5770; x_wconf 78' lang='lat' dir='ltr'><strong>V,</strong></span> 
     </span>
     <span class='ocr_line' id='line_1_50' title="bbox 428 5784 1761 5848; baseline 0.002 -17"><span class='ocrx_word' id='word_1_577' title='bbox 428 5797 456 5831; x_wconf 85' lang='lat' dir='ltr'><strong>re</strong></span> <span class='ocrx_word' id='word_1_578' title='bbox 471 5784 538 5843; x_wconf 83' lang='lat' dir='ltr'><strong>poet.</strong></span> <span class='ocrx_word' id='word_1_579' title='bbox 553 5785 597 5833; x_wconf 88' lang='lat' dir='ltr'><strong>EO</strong></span> <span class='ocrx_word' id='word_1_580' title='bbox 613 5810 638 5820; x_wconf 97' lang='lat'>-</span> <span class='ocrx_word' id='word_1_581' title='bbox 659 5789 681 5833; x_wconf 90' lang='lat' dir='ltr'><strong>ct</strong></span> <span class='ocrx_word' id='word_1_582' title='bbox 698 5785 727 5832; x_wconf 84' lang='lat' dir='ltr'><strong>de</strong></span> <span class='ocrx_word' id='word_1_583' title='bbox 742 5785 846 5844; x_wconf 80' lang='lat' dir='ltr'><strong>priuata</strong></span> <span class='ocrx_word' id='word_1_584' title='bbox 864 5798 892 5832; x_wconf 88' lang='lat' dir='ltr'><strong>re</strong></span> <span class='ocrx_word' id='word_1_585' title='bbox 908 5786 967 5833; x_wconf 90' lang='lat' dir='ltr'><strong>G-</strong></span> <span class='ocrx_word' id='word_1_586' title='bbox 987 5786 1034 5846; x_wconf 78' lang='lat' dir='ltr'><strong>suli</strong></span> <span class='ocrx_word' id='word_1_587' title='bbox 1047 5789 1119 5848; x_wconf 88' lang='lat' dir='ltr'><strong>(post</strong></span> <span class='ocrx_word' id='word_1_588' title='bbox 1129 5787 1239 5846; x_wconf 75' lang='lat' dir='ltr'><strong>privato]</strong></span> <span class='ocrx_word' id='word_1_589' title='bbox 1253 5798 1306 5833; x_wconf 90' lang='lat' dir='ltr'><strong>om.</strong></span> <span class='ocrx_word' id='word_1_590' title='bbox 1320 5786 1348 5841; x_wconf 79' lang='grc' dir='ltr'><strong>Β,</strong></span> <span class='ocrx_word' id='word_1_591' title='bbox 1366 5786 1442 5845; x_wconf 73' lang='lat' dir='ltr'><strong>suerit</strong></span> <span class='ocrx_word' id='word_1_592' title='bbox 1461 5785 1480 5833; x_wconf 88' lang='lat' dir='ltr'>E</span> <span class='ocrx_word' id='word_1_593' title='bbox 1496 5810 1521 5819; x_wconf 97' lang='lat'><em>-</em></span> <span class='ocrx_word' id='word_1_594' title='bbox 1541 5790 1563 5833; x_wconf 89' lang='lat' dir='ltr'><strong>ct</strong></span> <span class='ocrx_word' id='word_1_595' title='bbox 1581 5786 1650 5846; x_wconf 88' lang='lat' dir='ltr'><strong>(unte</strong></span> <span class='ocrx_word' id='word_1_596' title='bbox 1663 5784 1761 5845; x_wconf 79' lang='lat' dir='ltr'><strong>domus)</strong></span> 
     </span>
     <span class='ocr_line' id='line_1_51' title="bbox 428 5859 1759 5923; baseline 0.005 -18"><span class='ocrx_word' id='word_1_597' title='bbox 428 5859 511 5906; x_wconf 78' lang='lat' dir='ltr'><strong>oms</strong></span> <span class='ocrx_word' id='word_1_598' title='bbox 532 5885 558 5895; x_wconf 96' lang='lat'>-</span> <span class='ocrx_word' id='word_1_599' title='bbox 576 5861 625 5919; x_wconf 73' lang='lat' dir='ltr'><strong>{uit</strong></span> <span class='ocrx_word' id='word_1_600' title='bbox 643 5860 816 5920; x_wconf 80' lang='lat' dir='ltr'><strong>(postdomcs)</strong></span> <span class='ocrx_word' id='word_1_601' title='bbox 835 5860 867 5907; x_wconf 82' lang='lat' dir='ltr'><strong>C:</strong></span> <span class='ocrx_word' id='word_1_602' title='bbox 887 5860 974 5909; x_wconf 71' lang='lat' dir='ltr'><strong>outo</strong></span> <span class='ocrx_word' id='word_1_603' title='bbox 999 5886 1025 5894; x_wconf 97' lang='lat'><strong>—</strong></span> <span class='ocrx_word' id='word_1_604' title='bbox 1051 5861 1091 5909; x_wconf 81' lang='lat'><strong>33.</strong></span> <span class='ocrx_word' id='word_1_605' title='bbox 1111 5861 1190 5909; x_wconf 82' lang='lat' dir='ltr'><strong>omnis</strong></span> <span class='ocrx_word' id='word_1_606' title='bbox 1207 5861 1245 5908; x_wconf 87' lang='lat' dir='ltr'><strong>cis</strong></span> <span class='ocrx_word' id='word_1_607' title='bbox 1261 5866 1296 5908; x_wconf 84' lang='lat' dir='ltr'><strong>esi</strong></span> <span class='ocrx_word' id='word_1_608' title='bbox 1313 5861 1380 5909; x_wconf 85' lang='lat' dir='ltr'><strong>BSV</strong></span> <span class='ocrx_word' id='word_1_609' title='bbox 1399 5887 1430 5896; x_wconf 93' lang='lat'><strong>—</strong></span> <span class='ocrx_word' id='word_1_610' title='bbox 1453 5860 1646 5923; x_wconf 80' lang='lat' dir='ltr'><strong>uoluptotcmB</strong></span> <span class='ocrx_word' id='word_1_611' title='bbox 1669 5886 1693 5897; x_wconf 92' lang='lat'>-</span> <span class='ocrx_word' id='word_1_612' title='bbox 1715 5859 1759 5911; x_wconf 69' lang='lat' dir='ltr'><strong>Sl.</strong></span> 
     </span>
     <span class='ocr_line' id='line_1_52' title="bbox 427 5932 1442 5999; baseline 0.006 -20"><span class='ocrx_word' id='word_1_613' title='bbox 427 5932 545 5993; x_wconf 77' lang='lat' dir='ltr'><strong>consessio</strong></span> <span class='ocrx_word' id='word_1_614' title='bbox 563 5947 632 5983; x_wconf 88' lang='lat' dir='ltr'><strong>corr.</strong></span> <span class='ocrx_word' id='word_1_615' title='bbox 652 5936 677 5983; x_wconf 92' lang='lat' dir='ltr'><strong>iu</strong></span> <span class='ocrx_word' id='word_1_616' title='bbox 694 5936 819 5983; x_wconf 82' lang='lat' dir='ltr'><strong>consensio</strong></span> <span class='ocrx_word' id='word_1_617' title='bbox 837 5935 857 5982; x_wconf 90' lang='lat' dir='ltr'>G</span> <span class='ocrx_word' id='word_1_618' title='bbox 877 5960 904 5970; x_wconf 96' lang='lat'><em>-</em></span> <span class='ocrx_word' id='word_1_619' title='bbox 922 5935 1071 5996; x_wconf 76' lang='lat' dir='ltr'><strong>septentiam</strong></span> <span class='ocrx_word' id='word_1_620' title='bbox 1088 5934 1117 5985; x_wconf 79' lang='grc' dir='ltr'><strong>ΕΙ</strong></span> <span class='ocrx_word' id='word_1_621' title='bbox 1137 5961 1164 5971; x_wconf 94' lang='grc'>-</span> <span class='ocrx_word' id='word_1_622' title='bbox 1183 5935 1224 5985; x_wconf 80' lang='grc'><strong>35.</strong></span> <span class='ocrx_word' id='word_1_623' title='bbox 1242 5934 1322 5999; x_wconf 88' lang='lat' dir='ltr'><strong>mode]</strong></span> <span class='ocrx_word' id='word_1_624' title='bbox 1335 5935 1395 5983; x_wconf 85' lang='lat' dir='ltr'><strong>miii</strong></span> <span class='ocrx_word' id='word_1_625' title='bbox 1411 5935 1442 5985; x_wconf 90' lang='lat' dir='ltr'><strong>D.</strong></span> 
     </span>
    </p>
   </div>
   <div class='ocr_carea' id='block_1_4' title="bbox 0 0 2176 7459">
    <p class='ocr_par' dir='ltr' id='par_1_9' title="bbox 0 0 2176 7459">
     <span class='ocr_line' id='line_1_53' title="bbox 0 0 2176 7459; baseline 0 9"><span class='ocrx_word' id='word_1_626' title='bbox 0 0 2176 7459; x_wconf 95' lang='lat' dir='ltr'><strong> </strong></span> 
     </span>
    </p>
   </div>
  </div>
 </body>
</html>
