4342 7459
443 1217 507 1284 622
1021 1219 1191 1284 santius

444 1386 540 1462 atque
567 1375 646 1440 baec
672 1377 831 1441 intereos
854 1383 903 1441 est
923 1380 1057 1442 honesta
1079 1376 1220 1441 certatio.
1265 1377 1318 1441 Sic
1341 1386 1372 1443 et
1394 1378 1548 1442 utilitates
1568 1398 1612 1443 ex
1632 1378 1771 1444 amicitia

444 1472 598 1533 maximae
620 1472 784 1555 capientur
805 1479 837 1533 et
859 1471 919 1533 erit
940 1473 1009 1535 eius
1032 1480 1119 1535 ortus
1141 1492 1161 1533 a
1183 1479 1295 1535 natura
1317 1492 1413 1555 quam
1428 1472 1468 1535 ab
1483 1471 1686 1537 inbecillitate
1700 1491 1771 1556 gre·

443 1566 513 1627 viar
535 1572 567 1627 et
588 1566 701 1627 verior.
745 1566 823 1626 Nam
846 1565 873 1627 si
896 1565 1015 1627 utilitas
1037 1565 1271 1648 conglutinaret
1293 1566 1460 1639 amicitias,
1492 1565 1604 1630 eadem
1631 1585 1772 1629 eommu-

443 1664 508 1719 tata
529 1656 735 1720 dissolveret:
763 1658 820 1720 sed
843 1659 919 1740 quia
941 1666 1052 1722 natura
1074 1660 1188 1721 mutari
1210 1680 1274 1723 non
1296 1668 1414 1742 potest,
1437 1661 1556 1724 idcirco
1578 1680 1672 1726 verae
1692 1660 1772 1724 ami·

418 1752 534 1813 scitiae
557 1751 767 1832 sempiternae
789 1759 873 1814 sunt
918 1752 1029 1815 Ortum
1053 1751 1182 1836 quidem
1205 1753 1361 1816 amicitiae
1385 1753 1518 1829 videtis,
1546 1753 1608 1817 nisi
1631 1752 1710 1837 qnid
1730 1749 1771 1817 ad

441 1844 519 1906 baec
540 1844 619 1906 forte
642 1845 747 1908 vultis.
791 1846 886 1907 Funn.
910 1846 957 1906 Tu
981 1864 1055 1910 vero
1079 1865 1190 1928 perge,
1212 1846 1319 1920 Laeli;
1349 1867 1406 1929 pro
1427 1848 1489 1910 boc
1511 1848 1613 1919 enim,
1636 1846 1689 1930 qui
1714 1846 1771 1909 mi·

441 1957 501 2001 nor
522 1945 570 1999 est
592 1945 683 2011 natu,
705 1959 777 2001 meo
798 1939 866 2001 iure
887 1937 1077 2020 respondeo.
1122 1936 1174 2001 33.
1196 1939 1298 2002 Scaea.
1321 1943 1416 2004 Recte
1439 1948 1474 2003 tu
1496 1940 1645 2023 quidem:
1675 1960 1771 2025 quam

442 2031 483 2092 ob
505 2050 570 2092 rem
593 2030 770 2094 audiamus.

527 2125 566 2186 X.
588 2125 671 2186 Lael.
693 2123 810 2187 Audite
832 2144 919 2199 vero,
942 2125 1064 2206 optumi
1087 2125 1158 2198 viri,
1180 2146 1228 2199 ea,
1251 2146 1334 2211 quae
1356 2127 1541 2209 saepissime
1563 2129 1647 2192 inter
1668 2148 1720 2192 me
1741 2135 1773 2192 et

403 2230 432 2277 to
443 2218 624 2301 Scipionem
648 2217 846 2280 deamicitia
868 2217 1119 2281 disserebantur:
1143 2239 1333 2304 quamquam
1355 2220 1411 2283 ille
1435 2219 1564 2304 quidem
1586 2221 1667 2286 nibil
1689 2222 1772 2288 diffi-

441 2312 533 2375 cilius
555 2331 626 2375 esse
649 2311 773 2374 dicebat
794 2331 888 2394 quam
910 2311 1083 2375 amicitiam
1107 2333 1208 2396 usque
1231 2313 1271 2376 ad
1294 2321 1470 2377 extremum
1492 2314 1576 2378 diem
1597 2316 1681 2379 vitae
1700 2336 1772 2400 per·

441 2426 589 2482 manere;
621 2425 694 2468 nam
716 2405 766 2467 vel
789 2413 824 2467 ut
846 2425 911 2468 non
933 2403 1016 2468 idem
1039 2406 1205 2489 expediret
1233 2405 1374 2470 incidere
1396 2427 1509 2490 saepe,
1539 2409 1591 2473 rel
1613 2420 1650 2474 ut
1672 2409 1714 2475 de
1735 2430 1770 2476 re

440 2500 567 2582 publica
587 2518 653 2562 non
675 2497 759 2561 idem
782 2499 971 2562 sentiretur:
1002 2501 1114 2563 mutari
1138 2501 1231 2563 etiam
1254 2519 1359 2563 mores
1379 2501 1543 2564 bominum
1566 2522 1663 2587 saepe
1685 2504 1771 2570 diee-

439 2593 503 2666 bet,
524 2593 602 2655 alias
624 2593 765 2655 adversis
786 2593 892 2667 rebus,
914 2593 991 2657 alias
1013 2601 1117 2658 aetate
1140 2594 1387 2675 ingravescente.
1421 2595 1525 2677 Atque
1540 2615 1649 2660 earum
1664 2618 1770 2677 rerum

403 2686 619 2768 :sexemplum
642 2706 683 2748 ex
704 2685 912 2750 similitudine
934 2688 1080 2770 capiebat
1101 2688 1239 2750 ineuntis
1261 2688 1386 2761 aetatis,
1410 2689 1496 2770 quod
1519 2693 1633 2755 summi
1655 2711 1771 2775 puero·

439 2799 510 2842 rum
532 2798 655 2842 amores
677 2799 772 2863 saepe
795 2800 857 2842 una
880 2800 948 2843 cum
973 2788 1135 2862 praetexta
1158 2788 1230 2862 toga
1252 2780 1501 2863 deponerentur:
1530 2778 1583 2845 3t.
1598 2785 1648 2847 sin
1663 2795 1770 2850 autem

440 2874 481 2936 ad
509 2872 755 2936 adulescentiam
783 2872 1021 2956 perduxissent,
1052 2873 1156 2936 dirimi
1184 2882 1288 2936 tamen
1311 2873 1470 2936 interdum
1493 2878 1698 2943 contentione
1720 2878 1769 2943 vel

439 2969 572 3030 uxoriae
600 2966 794 3030 condicionis
822 2967 871 3030 vel
900 2967 1056 3030 commodi
1079 2967 1229 3041 alicuius,
1260 2966 1347 3051 quod
1370 2965 1455 3030 idem
1477 2968 1611 3052 adipisci
1634 2978 1770 3055 uterque

439 3081 503 3125 non
526 3069 641 3143 posset
691 3059 786 3136 Quod
817 3062 843 3123 si
872 3061 926 3143 qui
955 3061 1082 3144 longius
1112 3062 1145 3122 in
1175 3060 1312 3123 amicitia
1341 3061 1483 3143 provecti
1510 3071 1634 3137 essent,
1665 3070 1770 3128 umen

404 3168 535 3237 sosaepe
559 3154 758 3227 labefactari,
788 3155 815 3217 si
837 3155 870 3216 in
892 3154 1023 3217 bonoris
1045 3154 1280 3216 contentionem
1303 3153 1506 3229 incidissent3
1541 3167 1662 3237 pestem
1684 3158 1768 3221 enim

440 3248 559 3311 nullam
582 3249 731 3310 maiorem
754 3267 825 3310 esse
847 3247 994 3310 amicitiis
1016 3268 1111 3329 quam
1135 3247 1167 3309 in
1190 3247 1351 3330 plerisque
1375 3248 1529 3329 pecuniae
1552 3250 1769 3332 cupiditatem,

439 3341 473 3404 in
495 3341 623 3423 optimis
646 3342 825 3424 quibusque
854 3341 985 3403 honoris
1013 3349 1171 3404 certamen
1201 3350 1233 3405 et
1261 3341 1397 3423 gloriae,
1428 3362 1468 3403 ex
1496 3362 1560 3425 quo
1587 3343 1768 3406 inimicitias

439 3436 592 3499 maximas
614 3454 709 3518 saepe
731 3435 814 3497 inter
836 3435 1044 3498 amicissimos
1067 3435 1219 3498 extitisse.
1262 3430 1314 3495 35.
1336 3437 1449 3517 lllagna
1471 3436 1565 3498 etiam
1588 3435 1723 3500 discidia
1736 3441 1769 3498 et

439 3530 626 3612 plerumque
650 3528 732 3590 iusta
755 3530 858 3601 nasci,
885 3548 957 3590 cum
979 3528 1103 3610 aliquid
1127 3529 1165 3591 ab
1188 3529 1313 3603 amicis,
1336 3530 1422 3611 quod
1444 3538 1563 3591 rectum
1586 3549 1652 3592 non
1675 3534 1767 3601 esset,

400 3623 671 3705 apostatarum,
699 3629 733 3682 ut
754 3628 809 3683 aut
830 3621 968 3683 libidinis
991 3620 1126 3683 ministri
1155 3631 1209 3684 aut
1229 3622 1393 3685 adiutores
1415 3629 1523 3684 essent
1543 3620 1583 3684 ad
1606 3619 1766 3685 iniuriam.

440 3715 532 3791 Quod
557 3714 611 3797 qui
632 3721 833 3787 recusarent,
856 3714 1000 3796 quamvis
1022 3715 1154 3776 honeste
1176 3716 1208 3776 ld
1231 3714 1385 3787 iacerent,
1408 3716 1458 3777 ius
1481 3723 1585 3778 tamen
1609 3713 1765 3777 amicitiae

439 3810 585 3872 deserere
600 3808 839 3890 iarguereutur
860 3810 900 3870 ab
922 3807 976 3880 iis,
1000 3805 1116 3890 quibus
1138 3808 1270 3890 obsequi
1294 3805 1434 3883 nollent;
1467 3807 1541 3870 illos
1564 3816 1685 3883 autem,
1710 3806 1765 3890 qui

438 3902 564 3986 quidvis
579 3901 619 3964 ab
634 3903 735 3964 amico
758 3900 912 3964 auderent
935 3901 1107 3982 postulare,
1131 3901 1344 3983 postulatione
1367 3902 1434 3984 ipsa
1450 3899 1590 3984 profiteri
1606 3900 1714 3964 omnia
1729 3918 1763 3962 sc

438 3996 531 4060 amici
555 4015 650 4060 causa
672 4015 741 4058 esse
763 3994 908 4057 tacturos.
945 3996 1062 4057 Eorum
1087 3996 1216 4078 querela
1239 3994 1412 4057 inveterata
1434 4013 1499 4056 non
1522 3993 1617 4056 modo
1632 3992 1767 4057 familia·

399 4092 545 4154 ueritates
568 4089 709 4170 extingui
732 4090 845 4161 solere,
868 4089 923 4150 sed
947 4088 1040 4151 etiam
1064 4088 1137 4150 odia
1160 4089 1245 4170 gigni
1269 4088 1471 4169 sempiterna.
1507 4087 1593 4149 Haec
1612 4090 1655 4149 ita
1671 4085 1767 4149 multa

438 4187 528 4270 quasi
552 4183 615 4247 sata
638 4184 821 4265 impendere
845 4183 999 4255 amicitiis,
1023 4190 1058 4243 ut
1079 4183 1185 4243 omnia
1209 4183 1424 4264 subterfugere
1447 4204 1511 4245 non
1531 4182 1626 4245 modo
1642 4183 1767 4266 sapien-

438 4281 517 4355 tiae,
540 4278 595 4341 sed
619 4278 712 4340 etiam
735 4276 896 4338 felicitatis
919 4278 1039 4339 diceret
1061 4276 1122 4337 sibi
1145 4275 1256 4338 videri.

522 4373 577 4434 lll.
605 4368 656 4432 36.
687 4371 940 4445 Quamobrem
967 4372 999 4433 id
1027 4370 1162 4452 primum
1192 4370 1372 4443 videamus,
1404 4370 1430 4431 si
1461 4367 1579 4452 placet,
1608 4375 1767 4451 quatenus

437 4486 525 4530 amor
545 4469 579 4530 in
600 4465 739 4529 amicitia
761 4465 908 4548 progredi
931 4465 1054 4527 debeat
1090 4465 1225 4537 Numne,
1246 4464 1273 4527 si
1297 4463 1484 4526 Coriolanus
1506 4458 1618 4525 babuit
1638 4462 1767 4536 amicos,

471 4798 494 4843 t.
508 4800 542 4843 eet
554 4794 662 4857 scripsi:
680 4794 711 4840 sit
724 4792 753 4852 C,
764 4793 792 4855 fit
804 4793 824 4840 0
838 4816 865 4827 ·-
879 4791 1030 4840 concertatio
1042 4790 1146 4849 BGSV,
1159 4789 1206 4839 sed
1221 4790 1246 4838 in
1258 4790 1278 4838 G
1295 4802 1341 4837 con
1358 4801 1417 4851 sup.
1433 4786 1478 4837 lin.
1493 4813 1520 4823 -
1539 4789 1564 4838 2.
1576 4790 1690 4839 mamma
1700 4790 1768 4840 RSV

438 4896 465 4905 -—
484 4875 554 4918 ortus
569 4876 665 4917 natura
681 4880 758 4926 quam
774 4866 804 4915 ob
815 4865 1005 4915 imbecillitatem
1022 4868 1043 4915 D
1063 4892 1090 4900 -
1113 4866 1220 4928 grauior
1237 4866 1271 4914 C:
1287 4870 1310 4913 et
1326 4865 1462 4927 grauiorO
1483 4890 1509 4900 -
1529 4863 1552 4913 3.
1567 4866 1641 4913 amic.
1654 4867 1765 4928 conplet.

435 4945 509 4994 DEO
525 4970 550 4979 -
570 4949 667 4991 mutatu
680 4944 696 4990 S
711 4969 737 4978 -
758 4941 781 4991 i.
796 4948 890 4989 natura
901 4945 985 4990 om.G
1000 4967 1026 4976 -
1048 4942 1137 4988 iccirco
1149 4941 1193 4987 SV
1209 4966 1233 4974 -
1254 4941 1277 4987 5.
1289 4940 1354 4999 quod
1365 4938 1384 4984 V
1396 4964 1422 4974 -
1442 4938 1466 4986 9.
1480 4938 1691 4987 ueroBEGSV:
1706 4953 1768 5003 ergo

436 5021 482 5070 DO
503 5047 528 5055 -
549 5033 613 5081 quae
630 5019 650 5067 G
668 5030 726 5080 sup.
741 5015 785 5064 lin.
808 5043 830 5052 -
854 5017 897 5065 t0.
914 5017 1039 5078 difficilius
1056 5030 1106 5065 esse
1122 5016 1183 5064 nibil
1201 5016 1255 5073 ΒΞ,
1275 5016 1327 5075 diff.
1341 5014 1402 5060 nitit
1419 5026 1468 5061 erse
1485 5013 1547 5059 V-
1567 5014 1607 5062 tt.
1621 5013 1686 5061 diern
1697 5015 1770 5064 uitae

435 5095 544 5146 ltGSV:
564 5095 632 5142 uitae
649 5094 713 5140 diem
732 5091 787 5151 DE,
806 5092 871 5139 dnn
889 5104 942 5140 orn.
957 5092 976 5140 0
997 5118 1021 5126 —
1044 5093 1082 5139 ii.
1102 5092 1229 5151 expediret
1245 5093 1346 5150 utrique
1363 5088 1462 5152 aliquot
1480 5088 1558 5138 codd.
1572 5087 1637 5137 dett.
1654 5114 1680 5124 -
1700 5089 1769 5138 inei-

434 5173 515 5221 eidere
532 5169 627 5219 dicebat
643 5180 716 5227 saepe
737 5166 771 5217 S:
799 5168 823 5213 iu
842 5168 861 5214 G
880 5179 958 5229 supra
977 5166 1085 5216 incidere
1103 5166 1164 5214 add.
1183 5166 1310 5215 :dicebat
1337 5192 1363 5200 -
1394 5165 1461 5213 uelut
1479 5164 1495 5211 S
1513 5165 1539 5212 in
1558 5175 1641 5225 marg.
1668 5189 1695 5201 -
1725 5164 1766 5215 ta.

434 5245 574 5296 sentiturll
596 5269 621 5277 -
651 5242 690 5291 tl.
709 5242 908 5303 ingrauescentis
925 5243 1004 5290 nus¹
1025 5269 1050 5277 -
1081 5244 1120 5290 lb.
1140 5241 1320 5290 eainrilitudine
1338 5239 1359 5285 V
1379 5267 1405 5276 -
1434 5238 1473 5287 ⁴6.
1494 5244 1553 5301 toga
1571 5237 1608 5287 C:
1629 5239 1717 5287 om.O
1738 5265 1766 5274 -

434 5324 615 5383 deponerentur
632 5317 739 5366 BGSV:
757 5323 908 5376 ponerentur
926 5317 996 5365 DEO
1017 5343 1043 5352 -
1064 5317 1103 5365 tt.
1118 5317 1152 5364 ad
1170 5329 1222 5364 orn.
1238 5318 1270 5373 G,
1289 5314 1321 5363 ab
1338 5313 1504 5362 adolescentia
1521 5314 1538 5360 S
1558 5338 1583 5347 -
1605 5311 1644 5360 ⁴8.
1658 5314 1770 5363 warine

434 5395 588 5447 Turnebus:
612 5394 732 5440 lururiaa
749 5391 862 5448 nollo,
887 5391 989 5441 lucarie
1006 5392 1036 5449 V,
1059 5392 1166 5440 turtula
1183 5392 1199 5438 S
1219 5416 1246 5424 —
1265 5396 1368 5449 uterque
1383 5390 1500 5449 potuisset
1517 5388 1535 5437 B
1556 5412 1583 5421 -
1604 5386 1643 5435 te.
1660 5386 1769 5447 protecti

435 5473 480 5522 DS
496 5498 521 5507 -
540 5468 716 5520 rancorem
733 5479 782 5514 esse
798 5466 924 5514 nuttamo
939 5492 965 5500 -
985 5465 1104 5514 amicitiis
1121 5465 1139 5513 C
1154 5462 1210 5525 (scd
1226 5464 1369 5524 Damicist:
1390 5465 1414 5510 in
1433 5462 1548 5510 amicitiis
1566 5461 1586 5510 0
1601 5486 1627 5494 -
1646 5463 1770 5522 nemetae

434 5546 521 5596 anuli
542 5570 567 5580 -
588 5544 628 5592 ii.
647 5548 670 5590 et
686 5541 784 5603 gloriae
800 5545 924 5588 certamen
941 5542 962 5589 l)
982 5566 1008 5574 -
1032 5540 1073 5588 23.
1093 5539 1168 5586 etiam
1187 5537 1298 5586 ltGSV:
1318 5538 1382 5586 enim
1401 5537 1449 5586 DE
1470 5563 1494 5570 -
1515 5536 1619 5584 dissidia
1636 5536 1656 5585 Ο
1675 5560 1702 5569 -
1723 5535 1766 5586 il.

433 5623 500 5670 iusta
517 5621 536 5670 B
554 5631 613 5682 sup.
627 5614 670 5665 lin.
685 5628 719 5664 m.
734 5617 761 5672 Ξ,
781 5614 855 5662 iusta
872 5616 901 5663 G¹
925 5641 957 5649 —
982 5615 1023 5662 25.
1043 5618 1088 5661 aut
1106 5612 1233 5660 auditores
1250 5612 1278 5660 E*
1306 5637 1332 5645 -
1363 5612 1402 5660 26.
1423 5611 1483 5671 quid
1500 5612 1542 5671 qui
1561 5611 1600 5669 Gt,
1625 5610 1691 5671 quod
1706 5610 1730 5657 ei
1747 5609 1767 5660 B

437 5721 464 5730 -
484 5695 711 5756 sternerentur
734 5688 881 5737 coddnoti
898 5700 1008 5745 omnes:
1031 5685 1192 5749 v.Seyderti
1211 5688 1433 5736 commentarium
1452 5685 1540 5750 pase
1557 5698 1598 5747 sq.
1625 5711 1652 5719 -
1680 5682 1711 5734 ab
1729 5685 1769 5734 bis

435 5769 528 5819 Bosv
548 5794 574 5804 -
594 5769 634 5818 28.
654 5764 771 5813 audirent
788 5766 817 5813 Gt
836 5789 862 5798 -
888 5763 928 5812 29.
946 5765 1088 5813 inueterata
1106 5763 1138 5811 C:
1159 5762 1311 5811 inveteratas
1328 5763 1361 5821 O:
1381 5775 1406 5810 v.
1421 5761 1541 5823 Madvigii
1555 5761 1652 5824 Opnsc.
1672 5760 1703 5817 ΙΙ,
1716 5759 1767 5810 28⁰

436 5866 463 5877 -
484 5841 525 5892 ³0.
543 5842 601 5891 odia
617 5843 693 5890 etiam
710 5840 757 5889 DE
778 5865 804 5875 —
823 5839 945 5901 itaquel)
966 5864 993 5875 -
1020 5838 1061 5889 tt.
1080 5838 1163 5887 dicere
1181 5837 1200 5886 Ε
1219 5860 1247 5872 -
1271 5836 1311 5885 33.
1331 5835 1529 5898 quarumve,
1551 5841 1673 5896 quotmut
1688 5833 1765 5896 BsV‚

435 5927 484 5979 quo
500 5928 577 5978 usque
593 5917 614 5966 G
630 5927 690 5979 sup.
703 5911 746 5964 lin.
766 5939 792 5951 -
817 5912 857 5965 tl.
875 5913 1004 5966 nunnae
1023 5910 1080 5977 (sed
1097 5912 1236 5975 Snennet:
1255 5923 1316 5961 num
1333 5910 1353 5961 0
1373 5936 1400 5948 -
1418 5909 1518 5961 laten
1535 5909 1565 5960 G.
