4342 7459
757 1251 867 1316 unu
898 1251 1151 1315 cmvi-vu.
1180 1249 1227 1335 §i
1243 1248 1385 1315 so-aa.
1670 1243 1727 1311 sor

408 1413 523 1497 cuique
548 1409 718 1476 tribuendo
740 1412 940 1495 appellatam,
961 1431 1021 1495 ego
1043 1420 1152 1475 nostro
1174 1410 1361 1495 elegendo.
1404 1411 1484 1473 Nam
1501 1417 1538 1473 ut
1553 1408 1601 1472 ilii
1623 1411 1734 1494 aequi-

408 1506 640 1581 traducianos
663 1506 805 1570 delectus
826 1506 889 1569 vim
911 1507 943 1570 in
967 1506 1039 1590 iege
1059 1507 1225 1588 ponimus,
1247 1513 1279 1567 et
1299 1504 1462 1588 proprium
1484 1512 1590 1568 tamma
1614 1513 1735 1567 utrum·

408 1620 471 1684 que
501 1599 582 1683 legis
610 1610 668 1664 est.
712 1598 808 1676 Quod
836 1600 863 1662 si
893 1600 938 1663 ita
966 1609 1050 1663 recte
1079 1600 1211 1673 dicitur,
1240 1607 1275 1661 ut
1297 1598 1371 1662 mihi
1394 1598 1523 1682 quidem
1546 1598 1735 1681 pierumque

407 1694 509 1757 videri
532 1693 623 1768 solet,
644 1714 664 1757 a
687 1695 756 1776 iege
780 1694 961 1756 ducendum
986 1676 1034 1756 est
1054 1694 1133 1756 iuris
1156 1692 1338 1767 exordium3
1369 1712 1407 1755 ea
1429 1701 1476 1755 est
1497 1694 1582 1755 euim
1605 1700 1734 1755 naturae

408 1789 476 1863 vis,
510 1809 548 1852 ea
579 1808 667 1852 meus
694 1788 840 1871 ratioque
868 1786 1029 1870 prudens,
1061 1806 1099 1850 ea
1127 1788 1204 1850 iuris
1231 1795 1329 1870 atque
1350 1786 1485 1850 iniuriae
1507 1787 1627 1868 regula.
1672 1785 1758 1849 Sede

408 1884 560 1967 quomam
588 1884 622 1946 iu
649 1881 796 1965 populari
825 1882 947 1945 ratione
969 1882 1072 1944 omnis
1095 1889 1202 1943 nostra
1225 1888 1369 1942 versetur
1391 1880 1509 1952 oratio,
1539 1874 1746 1964 populariter

407 1975 564 2040 interdum
588 1976 677 2060 loqui
700 1995 830 2039 necesse
852 1976 913 2038 erit
934 1985 967 2038 et
987 1974 1151 2057 appellare
1173 1993 1241 2036 eam
1265 1973 1377 2054 legem,
1400 1993 1483 2056 quae
1505 1976 1620 2057 scripta
1636 1974 1737 2038 sancit

408 2070 494 2153 quod
516 2070 582 2134 vuit
604 2078 660 2134 aut
681 2071 820 2133 iubendo
842 2078 896 2131 out
912 2070 1111 2150 prohibendo,
1133 2078 1167 2131 ut
1189 2067 1302 2149 vulgus
1323 2067 1470 2150 appeiiat.
1515 2068 1736 2133 Constituendi

406 2183 483 2228 vero
504 2166 583 2229 iuris
611 2164 651 2228 ab
680 2164 734 2227 iiia
762 2183 883 2226 summa
907 2164 976 2245 iege
999 2163 1161 2245 capiamus
1183 2161 1366 2233 exordium,
1396 2181 1479 2244 quae
1501 2164 1613 2226 saeclis
1635 2163 1737 2226 omni·

408 2257 468 2321 bus
495 2268 665 2323 automata
687 2266 736 2320 est
767 2278 862 2341 quam
885 2256 1001 2340 scripta
1023 2256 1077 2318 lex
1099 2255 1164 2318 ulla
1185 2262 1241 2317 aut
1261 2275 1356 2338 quam
1378 2256 1508 2320 omuino
1530 2258 1639 2321 civitas
1662 2268 1774 2322 oon-to

408 2352 524 2415 stituta.
582 2350 634 2414 20.
673 2351 710 2429 Q.
744 2351 947 2414 Commodius
979 2370 1056 2413 vero
1088 2359 1121 2411 et
1153 2348 1193 2412 ad
1226 2350 1381 2412 rationem
1412 2350 1548 2414 instituti
1582 2354 1737 2416 sermonis

408 2447 592 2530 sapientius.
636 2448 678 2510 Μ.
703 2447 799 2509 Visne
822 2465 897 2528 ergo
925 2445 1026 2527 ipsius
1055 2445 1132 2506 iuris
1159 2451 1262 2506 ortum
1285 2462 1302 2505 a
1324 2443 1412 2507 sonte
1434 2450 1638 2529 repetamus?
1670 2466 1735 2530 quo

408 2538 537 2603 invento
568 2560 633 2603 uon
664 2542 726 2603 erit
754 2538 885 2601 dubium
924 2559 989 2622 quo
1017 2540 1080 2602 sint
1109 2540 1187 2601 haec
1216 2536 1401 2611 reserenda,
1434 2558 1516 2621 quse
1544 2541 1737 2623 quaerimus.

412 2632 448 2710 Q.
480 2635 548 2718 Ego
579 2655 653 2698 vero
686 2635 729 2698 ita
759 2653 830 2696 esse
858 2633 1038 2696 iaciendum
1066 2651 1190 2695 censeo.
1245 2632 1306 2693 Att.
1339 2633 1389 2694 Me
1412 2652 1542 2716 quoque
1564 2634 1736 2697 adscribito

409 2723 514 2790 fratris
535 2729 721 2791 sententiae.
766 2728 808 2791 Μ.
832 2727 990 2802 Quoniam
1014 2726 1110 2807 igitur
1132 2725 1200 2788 cius
1223 2726 1268 2787 rei
1292 2725 1446 2809 publicae,
1470 2745 1564 2809 quem
1586 2730 1736 2810 optimam
1747 2735 1775 2784 44

410 2840 481 2885 esse
509 2820 618 2884 docuit
646 2824 679 2884 iu
708 2821 773 2885 iliis
802 2842 859 2884 sex
885 2819 973 2883 libris
997 2820 1118 2902 Scipio,
1146 2818 1302 2882 tenendus
1325 2827 1373 2881 est
1395 2820 1486 2882 nobis
1509 2829 1541 2883 et
1562 2822 1737 2885 servandus

410 2923 511 2979 status
533 2935 709 3000 omnesque
732 2916 818 2998 leges
840 2912 1131 2977 adcommodandae
1152 2912 1192 2974 ad
1214 2911 1294 2974 iliud
1316 2913 1450 2976 civitatis
1472 2934 1589 2995 genus,
1612 2913 1738 2979 serendi

410 3010 506 3073 etiem
529 3029 652 3083 mores,
686 3029 745 3072 uec
773 3009 900 3090 seriptis
930 3008 1035 3070 omnia
1063 3005 1253 3079 sancienda,
1287 3012 1427 3088 repetam
1458 3009 1588 3091 stirpem
1617 3010 1739 3073 iurisu

410 3112 542 3179 natura,
572 3124 636 3187 qua
664 3104 745 3165 duce
773 3102 865 3164 uobis
895 3102 999 3164 omnis
1027 3110 1076 3163 est
1097 3100 1270 3182 disputatio
1293 3099 1491 3183 explicanda.
1534 3103 1595 3165 Att.
1618 3104 1740 3167 Rectis-

411 3197 506 3273 sime,
529 3197 711 3281 etquidem
734 3198 793 3259 ista
816 3193 895 3259 duce
918 3194 1017 3257 errari
1041 3193 1128 3256 nulio
1150 3201 1244 3275 pacto
1266 3201 1379 3277 potest.
1747 3207 1777 3256 to

495 3293 564 3355 vn.
588 3288 640 3353 2⁴.
662 3293 704 3354 Μ.
727 3292 832 3353 Dasne
853 3290 952 3371 igitur
971 3288 1034 3351 hoe
1057 3287 1157 3360 nobis,
1181 3289 1349 3371 Pomponi,
1372 3322 1412 3334 —
1434 3310 1507 3353 nam
1531 3291 1641 3366 Quinti
1663 3294 1738 3357 novi

411 3388 600 3451 seutentiam
642 3420 683 3431 —
722 3385 854 3448 deorum
890 3381 1188 3455 inmortaliumvi,
1224 3384 1361 3459 [natura]
1398 3385 1536 3460 ratione,
1572 3395 1739 3471 potestate,

413 3488 539 3554 mente,
570 3480 717 3554 numine,
748 3480 815 3541 sive
845 3477 932 3561 quod
963 3484 1010 3539 est
1038 3475 1125 3539 aiiud
1154 3476 1301 3549 verbum,
1331 3498 1395 3560 quo
1418 3478 1543 3561 planius
1565 3479 1739 3563 significem

414 3574 501 3658 quod
524 3574 608 3647 volo,
631 3581 775 3636 naturum
798 3590 923 3634 omnem
946 3573 1035 3651 regi?
1065 3589 1137 3631 nam
1160 3571 1186 3631 si
1208 3570 1269 3633 hoc
1291 3590 1355 3633 uon
1378 3572 1502 3656 probes,
1524 3574 1563 3637 ab
1586 3595 1625 3637 eo
1648 3575 1739 3639 nobis

414 3687 509 3731 causa
531 3666 685 3733 ordienda
706 3675 754 3730 eet
776 3666 982 3749 potissimum.
1025 3664 1088 3726 Att.
1110 3666 1158 3727 Do
1181 3683 1272 3737 saue,
1295 3665 1321 3727 si
1344 3666 1504 3749 postulas;
1528 3671 1645 3732 etenim
1668 3680 1778 3752 pro-ao

413 3769 484 3846 pter
511 3761 595 3825 hunc
623 3770 810 3824 concentum
838 3760 944 3821 avium
971 3757 1199 3841 strepitumque
1221 3754 1387 3821 fluminum
1410 3780 1475 3823 nou
1497 3781 1609 3825 vereor
1631 3764 1741 3827 condi-

415 3855 610 3938 scipulorum
633 3875 673 3917 ue
697 3855 768 3938 quis
791 3853 949 3916 exaudiat.
992 3852 1034 3915 Μ.
1057 3853 1152 3933 Atqui
1174 3851 1350 3915 cavendum
1372 3860 1440 3930 est;
1464 3856 1568 3919 solent
1590 3859 1685 3934 enim,
1708 3856 1740 3920 id

415 3949 504 4033 quod
526 3950 666 4013 virorum
688 3948 844 4011 bonorum
867 3955 925 4020 est,
947 3945 1118 4009 admodum
1140 3946 1249 4018 irasci,
1273 3966 1332 4008 uec
1355 3966 1429 4010 vero
1452 3947 1563 4024 terent,
1586 3952 1611 4013 si
1633 3952 1742 4016 audie-

414 4043 479 4106 rint
506 4050 539 4106 te
565 4043 700 4126 primum
731 4049 825 4124 caput
853 4042 912 4103 viri
940 4037 1051 4123 optimi
1081 4038 1275 4121 prodidisse,
1309 4040 1343 4102 iu
1372 4061 1435 4124 quo
1463 4043 1587 4126 scripsit
1619 4045 1742 4109 nihil

415 4156 558 4200 curare
588 4135 704 4198 deum
734 4153 804 4197 nec
834 4135 898 4197 sui
928 4152 1000 4196 nec
1031 4133 1166 4195 alieni.
1210 4130 1261 4196 22.
1283 4136 1345 4197 Att.
1368 4136 1480 4217 Perge,
1504 4157 1640 4220 quaeso:
1668 4148 1779 4200 namso

414 4231 459 4305 id,
483 4230 572 4315 quod
595 4230 651 4292 tibi
674 4228 829 4301 concessi,
852 4246 988 4311 quorsus
1012 4226 1169 4309 pertineat
1189 4234 1352 4310 exspecto.
1394 4230 1436 4291 Μ.
1458 4230 1528 4294 Nou
1546 4230 1657 4294 faciam
1673 4232 1742 4294 lon-

415 4326 504 4408 gius3
526 4326 588 4387 huc
610 4324 693 4386 enim
716 4323 870 4406 pertinet,
893 4321 1010 4384 animal
1032 4319 1094 4383 hoc
1115 4321 1302 4403 providum,
1324 4342 1440 4404 sagax,
1462 4324 1646 4408 multiplex,
1668 4344 1743 4388 acu·

415 4426 499 4493 tum,
530 4438 669 4492 memor,
701 4418 832 4499 pienum
865 4414 995 4478 rationis
1030 4422 1061 4476 et
1095 4413 1237 4488 consilii,
1270 4434 1366 4499 quem
1394 4435 1546 4481 vocamus
1573 4419 1742 4493 homiuem,

414 4512 577 4597 praeclara
602 4511 741 4596 quedam
771 4509 954 4573 conditione
983 4516 1168 4592 generatum
1196 4527 1266 4572 esse
1294 4528 1313 4573 a
1342 4530 1491 4593 supremo
1515 4512 1587 4576 deo.
1634 4512 1741 4577 Solum

416 4612 464 4669 est
490 4605 576 4668 euim
605 4624 646 4668 ex
674 4612 722 4668 tot
747 4604 954 4667 animantium
976 4603 1145 4684 generibus
1166 4611 1263 4686 etque
1284 4606 1407 4668 naturis
1429 4607 1587 4691 particeps
1609 4607 1781 4671 rationisso

483 4764 506 4813 4.
519 4762 634 4827 atiqmdo
650 4762 718 4813 84444
736 4786 763 4797 -
781 4761 807 4813 i.
819 4761 926 4811 dueum
937 4755 975 4822 13¹,
991 4760 1128 4812 inteltectus
1139 4762 1158 4810 A
1171 4762 1196 4811 in
1209 4773 1262 4811 ras.
1277 4773 1291 4810 a
1304 4774 1340 4812 m.
1354 4763 1456 4813 receuti
1475 4789 1502 4801 -
1520 4766 1572 4815 mm
1588 4770 1608 4816 A
1626 4778 1686 4829 sup.
1697 4763 1742 4817 ltu.

416 4836 465 4889 sed
478 4839 488 4888 4
502 4849 538 4888 m.
552 4864 584 4874 -
595 4837 620 4887 3.
633 4836 753 4899 quesitito
764 4836 809 4885 AB
823 4861 851 4873 -
864 4835 889 4884 7.
900 4834 1011 4897 4144444444
1023 4836 1066 4886 C¹:
1081 4836 1241 4899 Ooppettore
1251 4836 1294 4887 hic
1307 4849 1361 4887 om.
1375 4839 1403 4888 et
1412 4837 1478 4887 inira
1489 4842 1550 4904 post
1559 4843 1651 4906 osipus
1663 4839 1744 4891 nabet

418 4936 446 4950 -
464 4915 560 4977 xriptc
576 4912 675 4963 ABH¹:
694 4911 786 4973 scripto
804 4907 875 4967 444ος
895 4909 928 4960 ci.
942 4910 1012 4960 Bake
1029 4909 1063 4959 ad
1081 4910 1107 4961 h.
1122 4908 1138 4962 1.
1157 4938 1189 4948 -
1207 4913 1231 4962 8.
1245 4915 1291 4961 aet
1299 4912 1451 4975 prohibendo
1463 4915 1562 4967 Baiter:
1580 4918 1744 4967 outoetoodo

416 4988 446 5049 0,
459 5001 513 5038 om.
527 4987 606 5039 codd.
631 4985 747 5048 (14548.
767 5010 794 5020 -
814 4984 925 5047 cppettct
935 4985 1094 5036 Lambinus:
1113 4986 1247 5049 appetierit
1262 4991 1282 5038 A
1299 4986 1368 5050 (syii.
1380 4989 1415 5038 rit
1432 4990 1458 5039 iu
1474 4991 1546 5053 ras),
1564 4993 1742 5056 oppettoretB,

415 5063 543 5126 appetiere
558 5067 582 5113 st
599 5061 630 5121 44,
648 5061 776 5124 appetiere
793 5061 813 5111 0
833 5085 860 5097 -
878 5061 1047 5111 constituendo
1064 5062 1122 5111 Biit
1142 5088 1168 5099 ·-
1188 5061 1212 5111 9.
1230 5062 1318 5112 saeclis
1334 5064 1369 5113 A:
1388 5064 1459 5113 sectis
1474 5066 1522 5116 iiii
1539 5080 1608 5118 corr.
1622 5081 1654 5118 er
1671 5068 1743 5129 sedis,

414 5138 538 5188 muco
558 5163 584 5172 —
604 5136 718 5187 omnbus
734 5139 767 5186 A:
786 5134 957 5185 communibus
975 5136 1022 5186 844
1043 5162 1068 5171 -
1090 5137 1130 5187 40.
1143 5143 1272 5187 cannoto
1284 5139 1338 5201 (sic)
1350 5142 1416 5189 estA
1430 5140 1519 5192 iuras.
1534 5140 1615 5193 hebet
1627 5156 1663 5193 m.
1676 5156 1743 5200 ree..

416 5210 539 5264 mue
553 5211 590 5272 444,
603 5218 661 5262 uate
671 5208 757 5261 notai
770 5209 800 5261 84
812 5236 839 5246 -
859 5209 1095 5261 decorationem
1109 5239 1135 5248 -
1156 5213 1195 5262 44.
1208 5215 1352 5276 repetenti!
1366 5227 1428 5265 cum
1440 5215 1551 5279 virgnis,
1565 5231 1633 5282 quae
1646 5231 1661 5268 a
1672 5218 1696 5267 i.
1706 5230 1743 5268 m.

417 5287 506 5338 eddita
523 5287 629 5337 videtur
648 5313 674 5322 -
695 5287 735 5337 43.
752 5286 891 5336 merendo
908 5282 937 5334 B¹
954 5312 987 5323 -
1005 5285 1043 5336 44.
1062 5287 1206 5349 {eamdam
1222 5301 1273 5340 esee
1289 5291 1309 5340 0
1328 5316 1355 5326 -
1374 5291 1484 5339 adonici
1501 5291 1536 5348 c;
1555 5293 1686 5343 incertum
1703 5294 1746 5342 est

417 5365 587 5428 scripserime
605 5363 659 5412 Cic.
679 5362 791 5412 adraim
808 5373 842 5411 au
859 5360 1002 5421 adscribito,
1021 5364 1120 5413 utiam
1137 5365 1163 5413 in
1181 5362 1243 5414 edd.
1262 5367 1326 5415 vett.
1340 5367 1491 5415 correctum
1510 5368 1550 5415 est
1569 5394 1596 5404 -
1617 5369 1655 5418 44.
1674 5373 1746 5430 opte-

416 5449 485 5489 musn
502 5439 532 5498 B,
550 5437 706 5487 mummii
736 5463 763 5473 -
791 5437 830 5486 44.
850 5449 968 5487 oecomm.
989 5437 1071 5487 8440
1091 5464 1117 5473 -
1136 5440 1203 5488 iltius
1220 5440 1253 5489 11²
1271 5468 1297 5477 —
1326 5440 1366 5490 48.
1385 5440 1744 5505 scriptis12citisconi.iiake

419 5535 447 5549 ·-
467 5513 507 5565 48.
525 5512 605 5562 onmis
621 5518 656 5562 est
671 5511 742 5560 nodis
758 5511 778 5561 0
798 5537 824 5547 -
848 5512 889 5562 22.
908 5512 938 5562 de
954 5512 1057 5561 morum
1074 5511 1108 5563 Η4
1126 5539 1152 5550 -
1176 5514 1213 5573 ui,
1226 5514 1330 5579 mma]
1347 5521 1376 5564 ut
1391 5520 1487 5564 ocima
1504 5515 1523 5563 C
1542 5515 1597 5577 (sed
1616 5516 1638 5566 H
1654 5511 1742 5579 sudek

416 5588 442 5638 oi
460 5587 526 5650 (dei.
544 5588 652 5648 saturo)
670 5598 721 5636 em.
742 5585 898 5646 iambicum
920 5587 1080 5650 scripturam
1097 5588 1124 5637 os·
1140 5592 1236 5637 omaro
1253 5588 1372 5639 deiendit
1388 5587 1529 5651 Feidhttgel
1551 5591 1577 5639 tu
1599 5594 1744 5641 comment.

417 5674 445 5726 p.
455 5661 495 5712 38.
517 5688 544 5698 -
563 5663 605 5712 43.
618 5661 718 5711 nomine
734 5658 763 5711 B'
780 5687 809 5698 -
828 5663 894 5724 quod
908 5663 1011 5727 planius
1028 5662 1049 5712 44
1069 5687 1097 5699 -·
1115 5660 1157 5713 44.
1169 5664 1285 5728 rapinam
1295 5663 1335 5725 44,
1353 5666 1415 5729 rest.
1433 5665 1500 5714 Nom
1517 5664 1548 5714 iit
1560 5667 1602 5727 (444
1612 5667 1744 5727 deinum),

417 5737 525 5802 44444844
542 5738 571 5787 84
588 5762 616 5773 -
635 5737 696 5788 abeo
715 5738 735 5787 44
753 5750 822 5787 corr.
841 5740 866 5788 iu
884 5752 902 5789 a
917 5740 963 5789 deo
980 5764 1007 5775 -
1031 5739 1074 5788 2⁹.
1092 5745 1168 5803 caput
1183 5743 1234 5790 virt
1251 5740 1332 5792 Aldus
1350 5753 1448 5805 nepos:
1467 5746 1542 5803 caput
1559 5737 1634 5801 4444,
1652 5739 1747 5803 coputti

418 5808 487 5871 A¹B,
504 5812 608 5874 capitur
626 5813 660 5870 ii;
680 5818 756 5875 caput
772 5813 830 5862 44444
846 5814 986 5876 Victorius,
1004 5820 1080 5877 capot
1096 5817 1213 5879 meqistri
1229 5817 1298 5867 Bake
1317 5842 1344 5852 -
1364 5816 1404 5866 30.
1423 5830 1455 5868 aa
1469 5819 1509 5867 eui
1526 5821 1547 5868 A
1566 5843 1593 5853 -
1612 5815 1653 5867 34.
1666 5829 1746 5879 owe*-

419 5888 501 6013 ⁸⁸3¹}
514 5899 584 5938 corr.
598 5901 631 5938 ex
647 5901 736 5992 consp
754 5912 781 5926 —
799 5889 840 5940 32.
858 5902 943 5956 copae
957 5897 981 5943 et
996 5891 1129 5955 multiplex
1145 5892 1177 5956 H,
1195 5892 1244 5943 sed
1260 5897 1316 5945 eet
1331 5892 1357 5943 iu
1374 5904 1427 5944 ras.
1454 5918 1482 5932 -
1506 5893 1547 5946 at.
1561 5893 1704 5946 condicione
1720 5891 1743 5945 ii
