4342 7459
442 1232 506 1300 256
771 1233 1095 1299 Tuscunanaunu
1115 1233 1459 1331 elsennarlouuu

441 1394 641 1480 philosophia
662 1400 708 1457 tot
730 1393 855 1458 saecula
877 1404 1050 1477 permanet.
1088 1394 1183 1471 Quod
1204 1395 1280 1459 huic
1294 1392 1451 1471 officium,
1473 1416 1556 1480 quae
1575 1394 1661 1470 laus,
1684 1398 1771 1479 quod

443 1492 539 1554 decus
569 1490 628 1552 erit
656 1488 733 1552 tanti
762 1487 849 1572 quod
878 1488 1010 1571 adipisci
1038 1511 1110 1553 cum
1133 1489 1243 1553 dolore
1266 1489 1406 1572 corporis
1430 1488 1521 1563 velit,
1549 1490 1606 1573 qui
1628 1489 1771 1556 dolorem

442 1603 601 1648 summum
629 1581 747 1645 malum
777 1581 838 1644 sihi
864 1602 933 1644 esse
962 1584 1182 1664 persuaserit?
1216 1584 1320 1658 Quam
1341 1602 1436 1665 porro
1459 1583 1532 1668 quis
1554 1583 1771 1665 ignominiam,

443 1700 539 1763 quam
567 1676 798 1761 turpitudinem
820 1695 884 1738 non
905 1672 1086 1758 pertulerit,
1116 1685 1152 1739 ut
1173 1678 1301 1759 effugiat
1323 1676 1481 1752 dolorem,
1508 1676 1535 1740 si
1557 1676 1591 1739 id
1613 1698 1771 1744 summum

418 1773 559 1836 amalum
588 1791 659 1834 esee
687 1767 884 1832 decreverit?
925 1768 1004 1845 Quis
1031 1778 1138 1834 autem
1167 1790 1230 1834 nen
1258 1772 1353 1834 miser
1375 1791 1439 1834 non
1461 1771 1557 1835 modo
1579 1779 1670 1845 tunc,
1700 1794 1772 1837 cum

441 1872 603 1950 premetur
631 1864 762 1928 summis
790 1862 969 1937 doloribus,
1000 1865 1026 1926 si
1052 1863 1086 1925 in
1108 1862 1160 1926 his
1182 1872 1230 1927 eet
1255 1885 1414 1928 summum
1436 1864 1567 1939 malum,
1596 1866 1772 1931 sedetiam

442 1981 513 2023 cum
535 1959 615 2021 sciet
635 1959 668 2021 id
692 1958 752 2022 sihi
779 1978 874 2040 posse
897 1959 1048 2021 eveniret
1078 1957 1205 2041 etquis
1228 1967 1277 2021 est
1298 1960 1350 2022 cui
1373 1978 1439 2022 non
1461 1958 1584 2041 possiti
1611 1959 1659 2023 lta
1679 1960 1717 2024 tit
1737 1968 1774 2026 ut

441 2053 569 2117 omnino
590 2072 684 2115 nemo
707 2071 778 2115 esse
800 2052 902 2135 possit
924 2052 1044 2114 heatus.
1089 2046 1139 2111 ll.
1162 2051 1363 2115 Metrodorus
1386 2052 1516 2135 quidem
1538 2052 1680 2135 perfecte
1699 2074 1773 2118 eum

440 2147 567 2211 beatum
589 2153 694 2228 putat,
716 2146 767 2209 cui
790 2166 904 2228 corpus
927 2146 1007 2208 hene
1030 2147 1236 2208 constitutum
1260 2145 1300 2207 eit
1322 2153 1355 2209 et
1370 2145 1569 2228 exploratum
1583 2147 1628 2211 lta
1646 2168 1774 2232 semper
1830 2147 1835 2153 ’

405 2241 520 2305 colore.
552 2239 632 2316 Quis
653 2246 759 2304 autem
781 2247 829 2303 est
850 2240 929 2313 iste,
952 2239 1003 2302 cui
1024 2239 1057 2301 id
1081 2238 1281 2322 exploratum
1303 2240 1406 2322 possit
1424 2243 1517 2303 esaei

524 2334 593 2395 Vll.
616 2334 774 2417 Epicurus
798 2353 873 2396 vero
896 2352 933 2396 ea
955 2332 1046 2407 dicit,
1069 2340 1106 2396 ut
1128 2332 1205 2396 mihi
1228 2331 1357 2417 quidem
1376 2334 1460 2397 nsua
1476 2343 1602 2417 captare
1618 2336 1772 2401 videatur.
1796 2380 1799 2386 -

440 2427 593 2493 Adfirmat
614 2428 699 2490 enim
721 2427 861 2511 quodam
884 2426 970 2500 loco,
992 2427 1019 2489 si
1042 2435 1153 2489 uratur
1174 2426 1319 2510 sapiens,
1342 2427 1549 2492 eicrucietur
1562 2439 1773 2515 -expectas

440 2522 575 2586 fortasse
590 2520 666 2582 dum
685 2519 779 2594 dicat,
801 2521 948 2602 patietur,
972 2520 1116 2603 perferet,
1136 2540 1201 2583 non
1216 2518 1426 2584 succumbet?
1439 2541 1617 2605 magname
1634 2516 1773 2600 Hercule

441 2617 510 2680 laus
533 2623 564 2678 et
586 2634 625 2677 eo
648 2614 732 2698 ipso,
753 2634 811 2697 per
833 2634 928 2698 quem
950 2613 1068 2688 iuravi,
1092 2608 1252 2697 [Hercule]
1272 2614 1383 2696 digna:
1406 2616 1462 2679 sed
1478 2616 1627 2698 Epicuro,
1646 2616 1788 2681 hominil

403 2725 431 2771 u
441 2731 554 2794 aspero
583 2716 615 2772 et
644 2708 741 2781 duro,
775 2728 838 2772 non
869 2715 917 2770 est
939 2706 1006 2774 ,hoc
1028 2708 1119 2771 satis:
1155 2706 1187 2770 in
1209 2707 1385 2773 Phalaridis
1407 2718 1499 2773 tauro
1522 2710 1549 2773 ei
1572 2711 1646 2785 erit,
1670 2710 1772 2774 dicet:

443 2806 566 2880 «Quam
581 2822 677 2866 suave
693 2803 759 2865 esti
777 2822 872 2886 quam
884 2801 944 2864 hoc
956 2822 1020 2864 non
1033 2822 1110 2865 curo
1122 2802 1150 2863 lo
1176 2801 1279 2864 Suave
1292 2803 1409 2865 etiami
1424 2824 1465 2867 an
1476 2823 1586 2886 parum
1597 2811 1655 2878 est,
1667 2804 1694 2867 si
1707 2824 1772 2875 nou
1843 2825 1845 2832 ⁸

441 2900 605 2964 amarum?
635 2900 677 2960 at
696 2897 729 2960 id
752 2895 882 2979 quidem
904 2895 951 2958 illi
973 2896 1049 2978 ipsi,
1073 2895 1129 2979 qui
1151 2894 1295 2959 dolorem
1318 2897 1435 2960 malum
1459 2915 1528 2964 esse
1551 2907 1682 2980 negant,
1705 2919 1771 2963 non

441 2992 545 3055 solent
568 2989 689 3063 dicere,
713 2993 860 3074 cuiquam
883 3010 979 3053 suave
1000 3010 1069 3053 esse
1085 2989 1235 3052 cruciari:
1258 3010 1422 3073 asperum,
1445 2990 1590 3065 difficile,
1612 2992 1772 3068 odiosum,

441 3092 550 3149 contra
571 3092 715 3147 naturam
738 3083 864 3158 dicunt,
893 3103 953 3147 nec
974 3092 1078 3148 tamen
1101 3085 1228 3148 malum.
1264 3085 1338 3158 llic,
1366 3085 1421 3168 qui
1444 3086 1549 3149 solum
1570 3085 1631 3149 hoc
1654 3086 1772 3150 malum

403 3179 518 3242 aedicit
545 3185 577 3241 et
606 3178 761 3241 malorum
783 3177 923 3240 omnium
945 3186 1138 3252 extremum,
1167 3179 1342 3260 eapientem
1365 3188 1474 3242 censet
1494 3176 1527 3243 id
1549 3199 1647 3242 suave
1670 3178 1773 3244 dictu·

440 3293 521 3336 rum.
557 3267 608 3333 ⁴8.
631 3272 737 3354 Egon
759 3279 791 3334 te
814 3291 877 3333 non
900 3271 1042 3353 postulo,
1066 3281 1100 3335 ut
1122 3272 1265 3335 dolorem
1287 3271 1408 3335 eisdem
1430 3272 1534 3336 verbis
1555 3270 1685 3338 adficias
1701 3276 1772 3359 qui·

440 3367 498 3430 hue
526 3365 698 3447 Epicurus,
729 3364 840 3438 homo,
873 3373 909 3427 ut
934 3365 1013 3438 scis,
1048 3366 1254 3449 voluptarius.
1293 3365 1351 3428 llle
1380 3366 1496 3429 dixerit
1513 3387 1601 3431 <eane
1627 3368 1714 3432 idem
1736 3362 1779 3433 in'

440 3459 615 3522 Phalaridis
638 3466 742 3532 tauro,
765 3458 868 3540 quod,
891 3458 918 3521 si
941 3467 1024 3521 esset
1045 3460 1079 3521 in
1102 3460 1235 3523 lectulo:
1267 3479 1325 3542 ego
1350 3466 1468 3523 tantam
1491 3460 1553 3523 vim
1577 3481 1641 3524 non
1664 3462 1770 3527 trihuo

440 3553 612 3638 sapientiae
635 3561 744 3615 contra
767 3552 917 3616 dolorem.
940 3553 974 3614 Si
988 3551 1079 3615 sortis
1096 3561 1145 3615 est
1158 3554 1192 3616 in
1207 3551 1408 3635 perferendo,
1430 3553 1536 3618 officio
1551 3555 1629 3619 satis
1643 3563 1709 3621 est:
1733 3560 1769 3621 ut

401 3648 576 3712 reluctetur
605 3646 714 3720 etiam,
742 3666 807 3707 non
837 3646 976 3728 postulo.
1017 3646 1130 3708 Tristis
1158 3646 1242 3710 enim
1270 3668 1320 3710 res
1342 3648 1482 3711 estsine
1505 3647 1617 3722 dubio,
1639 3669 1783 3732 aspera,

440 3761 555 3814 amara,
574 3741 700 3803 inimica
716 3747 858 3813 naturae,
873 3739 913 3802 ad
929 3739 1114 3822 patiendum
1130 3739 1393 3825 tolerandumque
1406 3740 1555 3805 difficilis.
1575 3738 1636 3806 le.
1650 3745 1768 3828 Aspice

440 3835 656 3909 Philoctetam,
678 3834 728 3897 cui
750 3833 988 3898 concedendum
1004 3842 1052 3897 est
1067 3834 1223 3916 gementi3
1245 3831 1349 3918 ipsum
1361 3835 1446 3899 enim
1460 3836 1631 3901 Herculem
1645 3837 1769 3903 viderat

439 3930 473 3993 in
495 3927 576 3992 Oeta
597 3927 813 4010 magnitudine
830 3927 977 3991 dolorum
996 3927 1176 3992 eiulantem.
1198 3929 1281 3992 Nihil
1296 3930 1393 4012 igitur
1407 3930 1492 3993 hunc
1506 3930 1607 3994 virum
1622 3931 1767 4014 sagittae,

440 4044 519 4109 quas
541 4024 581 4086 eh
603 4024 741 4087 Hercule
762 4031 942 4107 acceperat,
963 4030 1031 4085 tum
1052 4022 1273 4097 consolantur,
1296 4043 1367 4087 cum

401 4135 431 4180 eo
567 4119 593 4180 E
617 4116 803 4201 viperino
827 4137 958 4180 morsu
980 4136 1108 4180 venae
1131 4118 1337 4180 viscerum

567 4213 725 4275 Veneno
747 4212 919 4274 inbutae
942 4217 1094 4275 taetros
1117 4211 1324 4275 cruciatus
1347 4211 1466 4274 cient

439 4310 549 4392 ltaque
572 4307 727 4370 exclamat
748 4305 902 4368 auxilium
926 4314 1092 4388 expetens,
1116 4306 1198 4373 mori
1217 4305 1363 4388 cupiens':

565 4402 667 4465 lleul
693 4405 786 4484 quis
809 4400 930 4462 salsis
953 4398 1153 4463 fluctibus
1176 4399 1336 4463 mandet

566 4498 621 4559 Me
645 4515 693 4558 cx
714 4494 881 4558 sublimo
904 4494 1058 4557 vertice
1081 4494 1194 4556 saxi?

402 4604 430 4652 aa
567 4591 645 4653 lam
667 4590 738 4653 iam
763 4589 962 4651 ahsumor:
985 4582 1153 4651 consi'cit
1174 4588 1342 4651 animam

607 4685 674 4747 Vis
697 4683 897 4756 volneris,
919 4682 1071 4745 ulceris
1094 4689 1240 4745 aestus.

438 4777 573 4843 Difficile
595 4779 681 4842 dictu
704 4779 830 4841 videtur
851 4797 923 4841 eum
946 4797 1008 4840 non
1031 4777 1062 4839 in
1085 4777 1168 4840 malo
1191 4796 1261 4839 esse
1283 4786 1314 4840 et
1337 4795 1451 4859 magno
1474 4776 1621 4859 quidem,
1643 4779 1699 4862 qui
1720 4779 1764 4843 lta

439 4874 574 4938 clamare
597 4881 737 4955 cogatur.

523 4969 605 5031 Vlll.
627 4965 678 5029 20.
702 4966 764 5029 Sed
786 4965 948 5029 rideamus
970 4964 1137 5027 llerculem
1161 4966 1281 5047 ipsum,
1304 4965 1358 5046 qui
1381 4972 1446 5027 tum
1463 4964 1574 5028 dolore
1594 4964 1779 5049 craspeile·

400 5072 502 5137 totur,
528 5083 600 5126 cum
628 5060 884 5124 inmortalitatem
913 5060 982 5143 ipsa
1011 5067 1112 5122 morte
1142 5059 1323 5143 quaerebat.
1360 5058 1447 5135 Quas
1475 5058 1526 5121 hic
1557 5079 1651 5123 voces
1679 5057 1763 5143 apud

503 5346 527 5395 Ἰ.
546 5349 570 5395 ct
585 5344 607 5393 ri
623 5342 714 5405 quisC
735 5367 761 5375 —
781 5341 806 5390 9.
821 5346 895 5402 putet
911 5340 1009 5391 motum
1026 5343 1085 5392 0-
1107 5342 1147 5391 ll.
1164 5342 1245 5391 rhum
1261 5342 1329 5391 Bake
1342 5342 1471 5392 hlnemoe.
1484 5342 1514 5402 ll,
1527 5339 1584 5393 m.
1600 5366 1628 5379 ··
1648 5339 1766 5392 thila·-

436 5421 491 5471 cale
506 5418 559 5470 del.
578 5418 647 5469 Bake
665 5415 752 5467 schol.
773 5416 903 5479 llypomn.
923 5416 956 5464 lv
974 5430 1000 5481 p.
1019 5417 1065 5474 8t;
1084 5429 1133 5466 noe
1150 5415 1318 5466 seclusimus.
1336 5442 1363 5452 -
1383 5416 1422 5464 46.
1441 5428 1519 5466 auom
1534 5421 1570 5466 est
1587 5416 1620 5465 C:
1639 5427 1717 5465 saoce
1732 5421 1766 5465 eat

436 5498 482 5546 hoc
498 5497 518 5547 0
533 5522 559 5532 -
580 5495 619 5545 ti.
638 5493 672 5541 ad
688 5493 715 5541 id
732 5493 752 5542 C
772 5517 798 5525 -
818 5492 858 5540 Ἠ.
872 5491 996 5553 Epicurius
1011 5491 1134 5555 Bentley:
1153 5492 1267 5553 epicam
1283 5491 1482 5552 uoluptates&
1499 5491 1624 5553 epium
1640 5487 1766 5553 [volupta-

436 5572 493 5636 tem]
512 5572 532 5622 0
552 5598 578 5607 -
597 5574 626 5619 ut
641 5570 674 5617 ris
690 5568 740 5617 Gll
761 5594 784 5603 -
806 5566 847 5617 al.
866 5568 1004 5629 sapientiae
1021 5568 1055 5615 C:
1075 5566 1181 5628 sapienti
1198 5567 1258 5615 0-
1278 5565 1305 5614 Si
1321 5565 1394 5626 sortis
1410 5569 1445 5614 ert
1462 5563 1591 5616 Halmius:
1610 5566 1712 5629 ritorto
1728 5566 1763 5624 c;

436 5646 474 5695 su
489 5646 562 5706 sortis
578 5645 597 5694 0
618 5669 643 5679 -
663 5642 704 5692 28.
723 5638 811 5690 doloris
827 5637 852 5700 (ri
865 5642 890 5689 in
903 5643 1002 5702 rasura)
1015 5643 1035 5690 G
1050 5668 1076 5677 -
1095 5642 1245 5690 hodootun
1257 5642 1275 5690 C
1289 5641 1313 5700 (h
1326 5642 1351 5689 ln
1363 5653 1455 5689 rasura
1467 5639 1548 5689 habet
1560 5642 1589 5702 G)
1603 5666 1631 5676 -
1650 5640 1691 5690 29.
1704 5653 1765 5689 σαι·

436 5720 550 5769 rehoter-
566 5716 691 5780 Bentley:
716 5715 910 5772 concolebantur
927 5717 956 5764 C.
982 5716 1047 5765 Vide
1065 5716 1098 5765 ad
1117 5718 1125 5764 l
1145 5716 1160 5779 g
1177 5716 1218 5768 35.
1239 5741 1265 5750 —
1291 5729 1348 5764 cum
1364 5728 1397 5764 ee
1412 5717 1525 5778 viperino
1535 5740 1573 5752 ··
1583 5717 1650 5766 cicer
1666 5716 1764 5766 Noniae

437 5807 462 5857 p.
482 5792 539 5842 eat.
558 5793 597 5843 Cl.
617 5791 651 5842 de
669 5793 723 5842 Fin.
743 5793 774 5850 ll,
792 5790 833 5841 el.
848 5815 874 5824 -
895 5789 934 5838 32.
953 5797 1082 5852 espectem
1100 5793 1118 5840 ll
1136 5793 1163 5841 et
1179 5790 1273 5854 (littera
1289 5804 1303 5839 c
1321 5792 1406 5850 emsa)
1424 5794 1444 5840 G
1458 5814 1484 5827 -
1504 5790 1545 5841 33.
1564 5791 1607 5853 oui
1624 5791 1644 5841 C
1663 5788 1720 5853 laod
1735 5791 1763 5837 tn

437 5871 457 5918 G
475 5870 606 5932 posteat,
631 5867 702 5932 quod
726 5868 766 5917 eet
789 5868 815 5916 in
836 5865 888 5915 fine
905 5879 1011 5925 versus,
1035 5864 1121 5914 littera
1139 5863 1242 5915 videtur
1259 5877 1334 5915 erasa
1352 5864 1420 5927 esee)
1441 5890 1468 5901 -
1493 5864 1534 5914 et.
1552 5862 1656 5913 sublimo
1671 5864 1764 5915 ordeo

438 5937 509 5993 lde:
527 5943 615 5993 callim
630 5943 738 5994 camec
755 5940 849 6005 (littera
865 5943 926 6006 post
940 5954 966 5991 m
983 5940 1069 6003 erasa)
1087 5942 1122 6001 G,
1144 5939 1243 5990 suom
1258 5940 1351 5992 uertice
1367 5938 1398 5991 ll¹
1414 5965 1442 5977 -
1464 5938 1505 5990 37.
1523 5941 1562 5990 tto
1577 5938 1605 5990 ln
1621 5950 1714 5991 rasura
1731 5938 1760 5987 θ.
