4342 7459
440 1195 503 1265 did
768 1206 1092 1275 TUSCULANARUM
1114 1211 1444 1280 uisuntatiuiliiit

441 1362 512 1441 Qua
533 1363 768 1446 pulcbritudina
789 1367 916 1442 urbam,
938 1370 1055 1452 quibus
1076 1382 1182 1434 autem
1205 1372 1319 1456 opibus
1341 1372 1516 1457 praeditam
1539 1376 1691 1439 servitute
1713 1395 1770 1460 op·

440 1469 581 1541 pressam
608 1459 711 1522 tenuit
736 1461 912 1525 civitateml
943 1465 1040 1547 Atqui
1063 1465 1103 1527 da
1134 1466 1193 1528 boc
1215 1465 1344 1530 bomine
1366 1487 1384 1529 a
1406 1466 1498 1531 bonis
1520 1469 1701 1533 auctoribus
1723 1470 1770 1532 sic

439 1550 593 1634 scriptum
614 1554 809 1636 accepimus,
832 1575 986 1620 summam
1007 1557 1107 1622 inisse
1129 1560 1198 1623 eius
1219 1560 1253 1621 in
1277 1562 1362 1624 rictu
1384 1564 1638 1645 temperantiam,
1666 1565 1699 1627 in
1722 1584 1771 1628 ra·

438 1644 564 1729 basque
589 1648 738 1729 gerundis
766 1649 867 1714 mmm
889 1667 994 1715 acrem
1016 1659 1048 1715 et
1068 1650 1273 1728 industrium,
1307 1655 1442 1718 eundem
1466 1664 1569 1719 tamen
1594 1658 1769 1723 maleficum

415 1746 550 1805 tuatnra
576 1746 608 1802 at
631 1741 796 1806 iniustam.
834 1744 883 1807 ux
905 1765 970 1828 quo
991 1747 1139 1809 omuibus
1161 1747 1242 1810 bene
1265 1748 1428 1811 veritatem
1450 1750 1646 1813 intuentibus
1670 1751 1770 1816 videri

437 1849 568 1899 necessa
588 1843 638 1900 est
659 1835 887 1914 miserrimum
919 1858 957 1903 aa
978 1840 1064 1903 enim
1086 1840 1170 1923 ipsa,
1199 1860 1283 1924 quae
1306 1844 1525 1925 concupierat,
1548 1864 1589 1907 ne
1611 1851 1677 1907 tum
1701 1846 1772 1929 qui·

439 1928 526 2003 dam,
548 1947 622 1994 cum
643 1933 749 1995 omnia
771 1951 805 1996 se
828 1952 922 2016 posse
944 1934 1111 2008 censebat,
1132 1934 1396 2020 consequebatur.
1441 1934 1491 1997 58.
1516 1937 1578 2013 Qui
1599 1948 1772 2002 comesset

438 2024 531 2089 bonis
562 2024 746 2108 parentibus
774 2034 871 2110 atque
899 2027 1034 2091 honesto
1064 2029 1137 2092 loco
1167 2038 1276 2103 natus,
1311 2031 1370 2093 etsi
1395 2029 1426 2092 id
1450 2032 1579 2115 quidem
1602 2033 1685 2096 aliua
1706 2033 1770 2095 alio

438 2116 534 2182 modo
563 2117 708 2194 tradidit,
736 2120 974 2207 abundaretque
1004 2130 1036 2187 et
1056 2123 1238 2207 aequalium
1260 2122 1526 2187 familiaritatibus
1548 2133 1580 2187 et
1601 2135 1771 2190 consuetu-

401 2211 513 2278 ttdlne
535 2213 801 2299 propinquorum,
823 2216 954 2281 baberet
975 2218 1071 2281 etiam
1098 2236 1186 2281 more
1207 2217 1357 2281 Graeciae
1379 2218 1535 2301 quosdam
1558 2218 1771 2283 adulescentis

438 2325 547 2371 amore
578 2307 783 2382 coniunctos,
817 2309 964 2373 madebat
994 2331 1104 2375 eorum
1135 2313 1268 2384 nemini,
1302 2312 1358 2375 sed
1388 2313 1444 2385 iis,
1477 2332 1558 2397 quos
1580 2333 1621 2376 ex
1642 2313 1771 2376 iamiliis

438 2401 647 2486 locupletium
669 2419 778 2466 senos
800 2404 973 2485 delegerat,
996 2406 1113 2490 quibus
1132 2424 1247 2469 nomen
1264 2408 1425 2469 servitutis
1446 2407 1515 2491 ipse
1530 2406 1719 2479 detraxerat,
1739 2416 1772 2470 et

438 2492 628 2581 quibusdam
649 2498 798 2561 convenis
819 2504 851 2561 et
871 2497 948 2561 ieris
971 2499 1112 2564 barbaris
1131 2500 1273 2583 corporis
1287 2498 1461 2563 custodiam
1477 2501 1701 2564 committebat
1724 2501 1771 2564 lta

437 2597 571 2673 propter
590 2589 738 2654 iniustam
761 2592 939 2655 dominatus
961 2593 1166 2677 cupiditatem
1188 2595 1221 2657 in
1244 2612 1401 2656 carcerem
1421 2593 1559 2675 quodam
1582 2593 1678 2657 modo
1701 2595 1770 2678 ipae

401 2695 474 2746 ttsa
495 2683 676 2748 incluserat.
717 2684 917 2762 Quinetiam
940 2706 981 2749 ne
1003 2688 1123 2752 tonsori
1146 2687 1262 2750 collum
1285 2686 1507 2759 committeret,
1533 2685 1666 2750 tondere
1689 2683 1771 2751 filias

439 2797 513 2843 suas
535 2777 653 2842 docuit.
686 2782 732 2843 lta
754 2779 885 2844 sordido
906 2781 1113 2865 ancillarique
1136 2780 1270 2843 artificio
1291 2779 1396 2860 regiae
1413 2779 1566 2861 virgines,
1588 2789 1624 2846 ut
1643 2785 1771 2846 tonstri-

438 2870 543 2947 culae,
564 2873 739 2937 tondebant
759 2873 888 2938 barbam
911 2881 942 2937 et
964 2875 1114 2957 capillum
1137 2875 1245 2959 patris.
1278 2874 1318 2936 lit
1340 2880 1444 2936 umen
1467 2873 1507 2936 ab
1523 2874 1573 2938 lis
1587 2876 1675 2960 ipsis,
1697 2895 1770 2940 cum

438 2965 502 3030 iam
524 2974 630 3031 essent
651 2966 793 3041 adultae,
823 2967 942 3031 farrum
972 2969 1108 3032 removit
1136 2968 1338 3051 instituitque
1360 2975 1396 3029 ut
1419 2968 1627 3031 candentibus
1648 2969 1771 3053 iuglan-

439 3059 526 3124 dium
549 3061 763 3144 putaminibus
785 3061 913 3125 barbam
936 3062 996 3125 sibi
1018 3073 1051 3125 et
1073 3062 1221 3146 capillum
1237 3062 1417 3124 adurerent.
1456 3059 1508 3125 59,
1532 3062 1676 3146 Cumque
1691 3061 1772 3127 duaa

399 3157 557 3218 alnxores
578 3154 723 3230 baberet,
746 3155 1001 3230 Aristomachen,
1023 3157 1125 3218 civem
1148 3175 1247 3229 suam,
1267 3152 1416 3218 Doridem
1439 3163 1543 3219 autem
1567 3157 1771 3229 Locrensem,

439 3249 486 3313 sic
507 3255 604 3312 noctu
626 3249 666 3313 ad
690 3267 743 3312 eas
765 3250 953 3324 ventitabat,
976 3256 1013 3313 ut
1034 3250 1142 3313 omnia
1163 3250 1379 3334 specularetur
1401 3258 1485 3313 ante.
1512 3252 1553 3313 Et
1566 3268 1638 3313 cum
1653 3248 1769 3314 fossam

438 3340 534 3405 latam
556 3338 729 3405 cubiculari
753 3342 836 3406 lecto
858 3343 1120 3408 circumdedisset
1134 3345 1270 3427 eiusque
1290 3342 1396 3408 iosaae
1419 3344 1584 3407 transitum
1607 3344 1770 3427 ponticulo

503 3574 528 3626 3.
547 3575 573 3624 ia
589 3574 662 3625 rebus
677 3576 797 3638 amandis
816 3588 912 3638 om,
930 3589 1063 3627 acram-
1074 3582 1171 3626 nolum
1186 3574 1287 3627 Nonius
1303 3588 1330 3641 p.
1343 3573 1400 3626 ait.
1417 3601 1443 3615 -
1463 3573 1487 3626 l.
1506 3579 1530 3626 st
1545 3574 1698 3627 usurum
1713 3589 1767 3628 om.

438 3648 513 3703 444-
539 3649 723 3700 divinantibus
744 3653 792 3702 Gli
818 3678 846 3689 -
872 3653 1030 3703 torsula
1051 3654 1081 3703 G¹
1106 3678 1132 3688 -
1160 3649 1496 3713 ll.lobasrdoratquaG-
1524 3655 1549 3702 at
1570 3651 1604 3701 a:
1632 3653 1766 3704 aitin-

438 3726 765 3790 annumerarentur
779 3740 871 3792 praep.
885 3728 1126 3791 opunctonotata)
1140 3753 1166 3763 -
1182 3726 1274 3777 iliad
1289 3726 1404 3783 bitum
1423 3726 1465 3776 aad
1481 3726 1526 3776 alls
1541 3723 1561 3775 ii
1574 3753 1607 3764 -
1623 3729 1690 3789 guod
1705 3728 1770 3780 arec

437 3799 479 3850 li.
496 3798 683 3862 tumulaturao
702 3828 729 3841 -
750 3802 789 3853 43.
807 3804 959 3853 mauaaissat
973 3803 1035 3865 {aris
1051 3802 1101 3853 uit
1119 3826 1146 3838 -
1167 3801 1207 3852 li.
1225 3802 1376 3863 sordidoque
1391 3800 1541 3851 uacilluric
1560 3801 1618 3863 (sed
1636 3802 1662 3855 in
1676 3802 1769 3854 baad.

436 3889 475 3930 m.
493 3889 564 3928 corr.
582 3878 609 3929 lo
625 3880 726 3930 sordido
742 3880 931 3941 molissimum
948 3878 1049 3929 sordido
1066 3882 1142 3940 atqua
1158 3877 1276 3928 wadiari
1292 3875 1350 3935 alii;
1370 3876 1430 3928 lori.
1444 3877 1563 3927 candart
1578 3876 1727 3940 sordidoque
1742 3905 1768 3915 -

435 3951 523 4017 raptus
536 3951 647 4016 cirpiuas
658 3979 694 3990 -·
705 3954 824 4017 capillum
838 3954 921 4017 patris
936 3954 1086 4006 Priscianus
1103 3951 1168 4013 vill,
1189 3954 1212 4012 4,
1225 3950 1249 4003 i.
1265 3977 1292 3988 -
1313 3953 1352 4003 48.
1371 3952 1548 4015 instituitque·
1558 3977 1572 3988 ·
1583 3952 1702 4002 aduram
1717 3951 1772 4002 No-

437 4026 496 4078 nius
512 4038 539 4091 p.
554 4026 610 4077 tat.
626 4052 654 4063 -
673 4028 714 4079 aa.
732 4028 923 4079 carcassensis
940 4029 989 4079 ult
1005 4055 1031 4065 -
1049 4026 1090 4077 at.
1109 4027 1177 4089 tasso
1194 4027 1248 4077 lau
1264 4025 1415 4077 mutuatorie
1429 4025 1517 4077 ΕΗΒ*
1531 4052 1556 4062 -
1569 4015 1619 4077 ¹22.
1637 4027 1692 4077 «iia
1704 4026 1773 4077 ties·

437 4105 494 4155 nari
515 4105 667 4155 conlectura
691 4103 840 4167 tregdems
862 4117 912 4169 pro
935 4104 997 4154 lecta
1014 4103 1120 4167 scripsit
1141 4106 1214 4160 tacto,
1238 4115 1300 4152 cum
1317 4100 1388 4151 nullo
1406 4101 1488 4152 modo
1505 4101 1602 4152 adduci
1619 4105 1725 4165 posset,
1744 4103 1773 4150 nt

437 4180 562 4235 crederet
578 4181 677 4233 lassam
695 4182 794 4230 circuni
812 4181 903 4231 lactum
919 4181 986 4230 intro
1003 4177 1119 4229 cubiculi
1138 4179 1252 4242 parietes
1264 4177 1373 4227 ductam
1391 4190 1461 4228 esse.
1480 4179 1513 4227 at
1530 4175 1594 4227 illud
1608 4178 1695 4236 ipsum
1706 4180 1772 4226 tacto

436 4256 585 4309 absurdum
602 4269 664 4307 esse
682 4255 818 4305 declarant
835 4267 905 4319 quaa
922 4255 1082 4317 sequuntur:
1103 4266 1159 4302 cum
1173 4252 1254 4315 forem
1269 4252 1376 4302 cubiculi
1392 4252 1528 4302 clauserat.
1548 4249 1687 4311 Quomodo
1700 4252 1771 4301 enim

437 4332 578 4394 Dionysius
594 4331 682 4381 clauso
699 4331 753 4379 iam
770 4336 792 4387 (a
811 4343 841 4380 se
859 4329 1027 4389 intrinsecus)
1045 4326 1160 4377 cubiculi
1177 4328 1255 4376 ianua
1273 4327 1330 4376 tum
1348 4325 1460 4375 demum
1476 4327 1527 4387 ipsa
1544 4324 1707 4389 ponticulum
1722 4324 1772 4376 de-

437 4409 563 4470 torquere
580 4407 672 4470 potuit,
692 4407 713 4455 si
733 4404 801 4454 lassa
819 4401 870 4465 illa,
889 4406 964 4455 cuius
977 4405 1104 4454 transitus
1117 4415 1149 4451 eo
1162 4402 1319 4452 coniunctus
1332 4403 1398 4461 erat,
1417 4405 1494 4449 extro
1506 4399 1658 4451 cubiculore
1670 4404 1771 4452 tectum

437 4478 609 4543 (cubiculum)
629 4482 720 4531 esset‘t
743 4481 843 4540 Potuit,
866 4480 888 4530 si
912 4480 979 4529 intra
1002 4480 1118 4544 parietes
1139 4478 1196 4541 ipsa
1215 4475 1376 4527 kalasiones
1394 4475 1497 4527 cinctus
1515 4475 1569 4526 luit.
1597 4477 1690 4539 Neque
1705 4487 1772 4524 vero

437 4556 490 4606 boo
510 4557 646 4606 inventum
669 4554 814 4606 mirabilius
836 4556 878 4604 est
899 4566 981 4618 quam
1003 4566 1049 4610 ea,
1073 4565 1142 4616 quae
1164 4551 1197 4602 de
1220 4550 1316 4601 eodem
1339 4549 1381 4601 illo
1399 4553 1513 4613 tyranno
1530 4552 1558 4601 ai
1573 4552 1727 4600 acutissimo
1745 4554 1772 4599 et

436 4628 618 4682 sollertissimo
636 4634 785 4687 narrantur,
804 4627 980 4681 candentibus
997 4626 1158 4691 iuglandium
1179 4624 1360 4689 putaminibus
1378 4624 1481 4676 adultas
1498 4624 1564 4676 filias
1582 4625 1696 4676 barbam
1713 4626 1771 4676 eius

437 4708 464 4757 et
481 4704 605 4770 capillum
621 4704 757 4756 adussisse
781 4708 855 4767 (oon,
877 4707 906 4754 ut
922 4706 998 4759 anie.
1021 4705 1091 4754 terro
1109 4699 1279 4762 totondisse),
1302 4702 1444 4765 ipsumque
1462 4713 1513 4750 non
1532 4713 1563 4750 er
1582 4698 1771 4750 communibus

436 4780 580 4843 suggestis,
599 4779 647 4829 sed
665 4793 697 4829 ea
716 4782 779 4829 turri
798 4779 848 4829 alla
867 4779 1013 4829 contionari
1031 4790 1091 4829 esse
1109 4776 1223 4828 solitum.
1251 4774 1369 4834 Scilicet,
1389 4788 1434 4839 qur
1450 4776 1550 4825 nemini
1562 4776 1626 4826 satis
1637 4774 1770 4829 crederet,

436 4855 560 4915 videbat,
582 4856 604 4905 si
624 4860 712 4915 astro,
738 4858 767 4905 ut
788 4853 870 4914 solet,
893 4854 964 4904 losse
988 4858 1072 4914 esset,
1097 4852 1253 4903 custodibus
1271 4853 1348 4916 ipsis,
1368 4853 1412 4915 qui
1430 4850 1464 4900 ad
1482 4852 1589 4900 ianuam
1607 4847 1773 4899 excubarent

437 4929 518 4995 (quod
536 4933 562 4980 et
580 4942 629 4993 per
644 4942 673 4979 se
692 4930 779 4993 ipsam
797 4927 956 4979 verisimile
974 4930 1015 4979 esi
1031 4930 1058 4978 et
1075 4927 1268 4991 significatura
1288 4927 1390 4978 Valerio
1408 4928 1477 4976 blas.
1495 4927 1539 4987 ut,
1558 4926 1599 4983 43,
1618 4928 1670 4976 est.
1690 4924 1729 4985 4),
1749 4926 1772 4974 si

437 5018 498 5057 eam
520 5005 698 5068 effregissent,
725 5002 786 5054 nibil
810 5006 862 5054 iam
885 5016 946 5054 asse
966 5003 1168 5068 impedimento,
1188 5016 1242 5066 quo
1259 5005 1347 5054 minus
1364 5003 1397 5052 ad
1415 5001 1514 5053 lectum
1531 5014 1611 5054 suum
1629 5004 1772 5066 penetrare

437 5084 559 5146 possent:
585 5092 655 5131 nunc
672 5080 729 5130 aliis
748 5078 943 5129 insidiatoribus
961 5080 1010 5129 tria
1028 5079 1219 5143 impedimenta
1237 5080 1374 5143 opposuit,
1393 5076 1534 5138 custodes,
1553 5075 1672 5127 clausam
1689 5074 1772 5126 obsa-

436 5159 577 5219 ralarnque
595 5156 713 5213 ianuam,
733 5153 841 5215 lessam,
859 5155 923 5219 ipsis
940 5152 1106 5213 custodibus,
1125 5155 1147 5204 si
1159 5154 1228 5204 vilae
1246 5166 1311 5204 suae
1323 5151 1521 5213 insidiarentur,
1540 5152 1603 5203 duo.
1623 5152 1696 5211 Quae
1708 5161 1771 5200 cum

437 5233 473 5282 ita
490 5232 555 5289 not,
574 5230 608 5281 de
626 5231 736 5280 veritate
754 5231 873 5281 oninium
891 5228 969 5280 codd.
988 5231 1136 5294 scripturae
1153 5229 1215 5279 lacto
1226 5227 1341 5278 dubitari
1354 5241 1406 5278 oon
1418 5231 1518 5292 potest,
1538 5227 1696 5292 praesertim
1709 5237 1772 5275 cum

437 5309 490 5357 iam
512 5304 632 5356 Valerius
655 5306 797 5365 blasianus,
820 5305 865 5369 qui
888 5317 951 5356 cnm
972 5317 1053 5369 saepe
1077 5302 1172 5363 multa,
1200 5306 1255 5354 tum
1278 5303 1294 5354 Ι.
1314 5316 1337 5353 c.
1358 5317 1426 5368 quae
1445 5303 1479 5354 do
1498 5303 1624 5366 Dionysio
1642 5300 1722 5351 tradit
1739 5312 1771 5349 ea

437 5383 568 5435 Cicerone
585 5381 626 5445 (55
643 5381 749 5442 oti-ua]
768 5383 913 5445 excerpsit,
932 5381 958 5430 in
977 5379 1073 5431 eadem
1086 5376 1281 5429 narratiuncula
1294 5379 1328 5428 ita
1340 5380 1471 5443 scriptum
1482 5379 1623 5428 invenerit.
1643 5375 1771 5439 [ammia-

437 5469 488 5509 nus
506 5454 672 5508 Marcellinus
687 5455 753 5515 XVl,
772 5456 797 5515 8,
816 5457 847 5506 40
864 5455 1011 5519 (Ducarius
1026 5456 1135 5506 cadam
1151 5454 1272 5504 bracem
1288 5453 1435 5517 (Pavillonl,
1459 5454 1501 5503 ubi
1517 5453 1630 5503 mitiora
1645 5457 1769 5512 macerat

436 5533 491 5583 ullo
507 5531 667 5582 circumdedit
683 5531 750 5593 [ossa
767 5544 871 5593 eamque
883 5536 959 5594 ponta
975 5529 1072 5581 solubili
1093 5530 1270 5592 suparstroult,
1290 5531 1361 5579 cuius
1377 5530 1490 5580 disiacms
1506 5541 1600 5579 assuas
1615 5534 1639 5578 al
1655 5528 1772 5578 caculas

436 5620 520 5659 maara
536 5607 562 5655 is
578 5619 692 5656 manuum
708 5605 793 5655 oiiaas
812 5606 979 5670 transtarabot
995 5606 1138 5666 ausamque
1154 5604 1347 5669 compaginator
1362 5606 1425 5655 lucis
1439 5606 1512 5655 initio
1526 5604 1699 5668 massana)
1716 5615 1769 5654 noo

437 5683 609 5739 Ciceronem,
628 5681 677 5733 sed
694 5681 775 5732 aliurn
793 5682 884 5733 nescio
901 5695 982 5746 quem
994 5685 1132 5732 auctorem
1144 5684 1252 5731 secutus
1264 5693 1324 5731 esse
1337 5680 1412 5732 laclia
1424 5679 1595 5745 intelligitur.]
1613 5678 1771 5730 Cubicularia

436 5759 513 5810 iactus
533 5759 627 5809 Cicero
650 5759 731 5808 etlam
753 5756 787 5808 de
810 5758 920 5808 Divinat.
940 5758 974 5817 ll,
994 5756 1041 5807 434
1059 5755 1131 5806 dixit.
1162 5756 1302 5813 Ceterum,
1327 5755 1398 5820 quod
1415 5756 1565 5820 'lregderus
1583 5757 1609 5806 in
1627 5753 1769 5805 meliorum

438 5833 517 5885 codd.
537 5831 694 5898 corruptelis
709 5832 777 5894 tasso
797 5832 852 5881 lato
867 5830 1018 5883 cubicularis
1035 5831 1097 5882 lacto
1113 5829 1184 5881 aliud
1202 5830 1300 5895 aliquid
1318 5831 1400 5883 latera
1417 5833 1577 5897 auspicatur.
1600 5830 1634 5881 ct.
1654 5829 1688 5880 de
1705 5832 1766 5880 nota

437 5904 539 5959 litterae
555 5920 582 5958 ra
598 5907 754 5973 saepissime
771 5907 871 5959 amasa
887 5906 930 5961 rel
946 5905 1036 5959 addita
1052 5906 1073 5969 1,
1085 5904 1127 5969 tt),
1145 5905 1179 5958 de
1196 5918 1208 5957 a
1225 5918 1305 5972 prava
1323 5906 1414 5959 addito
1424 5908 1560 5959 emissore
1570 5906 1591 5969 1,
1604 5904 1663 5957 ss.»
1680 5903 1724 5955 W.
1737 5927 1765 5942 -
