4342 7459
735 1276 805 1339 ιιι.
826 1276 851 1341 t.
881 1246 955 1339 en.
979 1276 1186 1341 xv-xvu.
1216 1271 1263 1360 35
1285 1272 1431 1345 aa-at.
1686 1269 1743 1337 sat

416 1434 534 1500 omissa
554 1451 671 1534 notpcn
692 1440 815 1497 tantum
839 1441 958 1498 tenent.
990 1437 1069 1499 Nam
1091 1445 1127 1499 ut
1147 1456 1233 1500 nunc
1255 1438 1355 1511 extis,
1378 1456 1570 1521 quamquam
1589 1437 1623 1499 id
1643 1437 1748 1519 ipsum

415 1529 579 1612 aliquanto
608 1527 711 1591 minus
739 1548 833 1612 quam
856 1528 950 1603 olim,
978 1529 1024 1593 sic
1046 1536 1113 1593 tum
1136 1530 1246 1595 avibus
1270 1550 1401 1613 magnae
1423 1550 1475 1594 res
1497 1529 1643 1613 inpetriri
1666 1529 1749 1591 sols·

414 1622 500 1686 bant.
544 1617 596 1684 29.
625 1622 751 1704 ltaque,
780 1622 905 1686 sinistra
935 1621 1010 1686 dum
1039 1646 1102 1687 non
1134 1625 1349 1707 exquirimus,
1379 1626 1413 1687 in
1436 1623 1504 1687 dira
1527 1632 1558 1687 et
1580 1624 1613 1685 in
1635 1624 1749 1685 vitiosa

413 1715 622 1780 incurrimus:
646 1722 682 1778 ut
704 1716 735 1777 P.
754 1714 921 1789 Claudius,
944 1717 1024 1800 Appi
1049 1719 1141 1782 Caeci
1165 1716 1263 1794 lilius,
1285 1719 1420 1802 eiusque
1443 1718 1563 1801 collega
1586 1718 1620 1778 L.
1640 1716 1748 1778 lunius

415 1808 525 1873 classis
547 1828 712 1872 maxumas
736 1808 952 1891 perdiderunt,
975 1830 1045 1875 cum
1070 1813 1147 1875 vitio
1171 1815 1383 1895 navigassent.
1417 1812 1509 1888 Quod
1526 1812 1637 1875 eodem
1653 1808 1773 1874 modos

414 1905 519 1968 evenit
540 1904 784 1987 Agamemnoni:
807 1905 877 1986 qui,
899 1925 970 1968 cum
992 1907 1101 1969 Achivi
1125 1909 1305 1989 coepissent

541 1997 654 2062 luter
681 2015 769 2061 sese
800 2005 982 2083 strepere
1014 2010 1239 2085 aperteque
1268 2010 1395 2066 artem
1426 1998 1613 2066 obterere
1642 2001 1749 2064 exti-

1201 2117 1215 2158 s
1252 2117 1374 2169 rcum,

541 2187 711 2251 Solvere
740 2186 917 2269 imperat
944 2190 1133 2253 secundo
1161 2118 1325 2253 rutilare
1352 2188 1608 2271 adversaque
1636 2188 1706 2251 avi.

414 2282 476 2346 Sed
501 2281 578 2365 quid
602 2284 728 2345 veterat
750 2284 792 2345 bt.
805 2282 919 2345 Crasso
936 2283 1012 2366 quid
1029 2283 1178 2348 acciderit
1193 2285 1337 2347 videmus
1351 2282 1490 2345 dirarum
1506 2281 1748 2345 obnuntiatione
1759 2298 1787 2344 sb

413 2376 569 2460 neglecta.
593 2377 628 2439 ln
644 2397 709 2459 quo
727 2376 862 2460 Appius,
880 2377 1001 2459 collega
1016 2386 1104 2453 ttius,
1120 2379 1222 2442 bonus
1238 2399 1356 2460 augur,
1371 2385 1405 2439 ut
1420 2396 1460 2439 ex
1476 2383 1506 2437 te
1522 2373 1632 2439 audire
1648 2376 1747 2447 soleo,

414 2489 478 2534 non
508 2469 585 2533 satis
614 2471 753 2533 scienter
783 2471 884 2532 virum
914 2472 1030 2535 bonum
1059 2482 1092 2536 et
1120 2474 1219 2535 civem
1244 2473 1407 2556 egregium
1430 2489 1544 2533 censor
1566 2469 1598 2532 C.
1622 2468 1746 2531 Ateium

413 2564 550 2637 notavit,
568 2564 656 2648 quod
674 2564 860 2627 ementitum
879 2567 1023 2650 auspicia
1039 2568 1261 2631 subscriberet.
1297 2567 1392 2629 Esto:
1419 2566 1514 2628 luerit
1528 2565 1590 2627 hoc
1605 2555 1749 2626 abusuris

413 2659 440 2724 si
462 2657 622 2723 iudicabat
643 2660 847 2722 ementitum:
870 2667 903 2721 at
924 2659 1003 2723 illud
1027 2664 1154 2725 minime
1170 2663 1314 2745 auguris,
1334 2659 1420 2743 qnod
1440 2659 1608 2741 adscripsit
1623 2658 1663 2720 ob
1678 2675 1746 2720 eam

413 2771 538 2816 causam
562 2754 714 2837 populum
736 2755 913 2818 Romanum
936 2756 1147 2820 calamitatem
1172 2757 1339 2819 maximam
1363 2755 1497 2837 cepisse.
1545 2752 1578 2815 Si
1601 2752 1687 2814 enim
1710 2768 1786 2815 eata

412 2867 507 2912 causa
529 2846 716 2910 calamitatis
738 2846 811 2922 tuit,
834 2868 898 2910 non
921 2849 954 2911 in
978 2869 1018 2912 eo
1040 2861 1090 2913 est
1110 2851 1220 2932 culpa,
1244 2851 1299 2933 qui
1323 2847 1539 2919 obnuntiavit,
1562 2845 1673 2909 sedin
1697 2864 1747 2917 eo,

412 2941 467 3026 qui
490 2960 555 3003 non
578 2941 689 3023 paruit
734 2942 848 3005 Veram
872 2942 957 3005 enim
979 2942 1077 3006 luisse
1101 2944 1393 3016 obnuntiationem‚
1418 2950 1453 3003 ut
1475 2942 1518 3003 ait
1540 2940 1624 3003 idem
1647 2958 1749 3021 augur

413 3043 445 3099 et
465 3053 596 3109 censor,
625 3035 730 3098 exitus
753 3034 956 3118 adprobavit:
990 3057 1071 3119 quae
1096 3039 1123 3100 si
1146 3037 1225 3100 salsa
1247 3036 1377 3110 luisset,
1407 3034 1527 3097 nullam
1556 3031 1663 3097 adiere
1690 3050 1748 3114 po·

411 3128 526 3193 inisset
552 3147 677 3191 causam
708 3129 902 3192 calamitatis.
956 3130 1081 3193 Etenim
1110 3129 1216 3204 dirae,
1248 3129 1360 3193 sicutei
1390 3137 1494 3191 cetera
1524 3127 1682 3209 auspicia,
1713 3131 1748 3186 ut

411 3224 535 3298 omina,
565 3230 600 3286 ut
626 3222 735 3306 signa,
766 3243 830 3285 non
860 3243 971 3286 causas
1001 3223 1148 3286 adierunt
1169 3244 1227 3286 cnr
1248 3222 1325 3307 quid
1348 3222 1491 3294 eveniat,
1522 3221 1578 3284 sed
1600 3220 1786 3283 nuntiantes

368 3352 372 3359 ·
412 3326 574 3390 eventura,
596 3314 659 3379 nisi
682 3316 869 3399 provideris.
913 3313 964 3378 30.
987 3318 1055 3381 Non
1080 3316 1177 3399 igitur
1199 3316 1398 3379 obnuntiatio
1415 3314 1484 3377 Atei
1507 3333 1634 3377 causam
1658 3309 1748 3374 linxit

411 3410 617 3485 calamitatis,
646 3409 702 3473 sed
731 3410 821 3495 siguo
853 3410 977 3474 obiecto
1005 3414 1128 3475 monuit
1155 3412 1299 3475 Crassum
1332 3409 1407 3493 quid
1438 3418 1622 3471 eventurum
1653 3411 1747 3479 esset,

411 3505 472 3568 nisi
495 3505 639 3567 cavisset.
684 3506 730 3568 lta
752 3514 807 3569 aut
829 3506 883 3569 illa
906 3507 1106 3570 obnuntiatio
1130 3505 1208 3569 nibil
1232 3504 1345 3577 valuit,
1368 3512 1422 3567 aut
1445 3504 1489 3576 si,
1511 3510 1547 3565 ut
1562 3503 1684 3585 Appius
1699 3500 1747 3561 iu·

411 3599 512 3673 dicat,
539 3598 653 3669 valuit,
682 3598 714 3662 id
739 3600 853 3673 valuit,
882 3608 917 3664 ut
939 3612 1104 3685 peccatum
1126 3600 1256 3663 haereat
1277 3619 1341 3663 non
1366 3600 1477 3672 ineo,
1502 3597 1556 3681 qni
1580 3593 1746 3666 monuerit,

411 3689 468 3756 sed
491 3692 524 3754 in
547 3710 602 3767 eo,
626 3693 678 3776 qui
703 3713 766 3755 non
789 3694 1025 3778 optemperarit.
1754 3706 1784 3752 2⁶

497 3785 595 3848 xvtt.
627 3783 733 3860 Qutdr
762 3786 861 3849 lituus
883 3788 942 3850 iste
965 3799 1085 3862 vester,
1118 3788 1206 3872 quod
1230 3787 1449 3851 clarissumum
1474 3793 1522 3849 est
1543 3786 1668 3866 insigne
1691 3803 1746 3846 au·

410 3886 557 3964 guratus,
579 3879 664 3941 unde
693 3880 784 3943 vobis
813 3891 861 3944 est
883 3883 1040 3946 traditust
1084 3885 1205 3965 Nempe
1228 3902 1265 3946 eo
1288 3882 1441 3944 llomulus
1463 3880 1609 3964 regiones
1631 3878 1748 3942 direxit

411 3982 488 4049 tum,
511 3994 582 4037 cum
604 3973 713 4037 urbem
737 3975 890 4039 condidit.
936 3977 999 4052 Qui
1022 3976 1148 4061 quidem
1172 3978 1298 4050 Romuli
1322 3978 1434 4050 lituus,
1458 3975 1489 4038 id
1513 3985 1560 4039 est
1581 3977 1746 4038 incurvum

410 4076 441 4131 ct
462 4067 576 4131 leviter
596 4086 615 4130 a
637 4088 760 4131 summo
783 4070 935 4133 inflexum
959 4071 1126 4143 bacillum,
1153 4073 1237 4153 quod
1261 4067 1299 4132 ab
1323 4071 1391 4132 cius
1415 4068 1501 4143 litui,
1526 4086 1591 4152 quo
1614 4066 1747 4135 canitur,

411 4160 619 4225 similitudine
641 4182 759 4225 nomeu
781 4164 915 4235 invenit,
939 4186 1010 4228 cum
1033 4165 1113 4226 situs
1136 4173 1221 4227 esset
1242 4166 1274 4225 in
1298 4165 1384 4226 curia
1400 4164 1574 4236 Saliorum,
1596 4180 1678 4245 quae
1698 4167 1784 4221 estro

410 4254 443 4317 in
467 4255 603 4328 Palatio,
626 4274 727 4338 eaque
750 4257 1001 4339 deflagravisset,
1026 4259 1173 4321 inventus
1196 4266 1242 4319 est
1266 4259 1396 4338 integer.
1433 4254 1484 4319 3t.
1509 4255 1617 4331 Quidl
1640 4253 1745 4317 multis

411 4350 501 4411 annis
524 4357 597 4430 post
611 4350 792 4424 Romulum,
810 4351 916 4413 Prisco
937 4359 1087 4432 regnante
1104 4352 1292 4434 Tarquinio,
1310 4353 1381 4433 quis
1398 4358 1538 4412 veterum
1556 4349 1745 4430 scriptorum

411 4462 474 4504 non
498 4442 655 4527 loquitur,
679 4463 760 4526 quae
784 4447 824 4508 sit
846 4446 886 4507 ab
902 4447 986 4507 attio
1002 4448 1103 4508 Navio
1127 4466 1185 4527 per
1208 4446 1321 4508 lituum
1344 4446 1507 4526 regionum
1532 4444 1612 4506 lacta
1635 4442 1746 4504 discri-

410 4537 499 4619 ptiol
522 4536 584 4613 Qui
607 4558 677 4600 cum
700 4546 830 4621 propter
846 4548 1062 4623 paupertatem
1079 4560 1152 4602 sues
1169 4559 1248 4622 puer
1264 4546 1425 4622 pasceret,
1442 4558 1503 4600 una
1520 4557 1560 4600 ex
1576 4537 1614 4599 iis
1630 4536 1745 4599 amissa

475 4784 499 4832 l.
518 4795 664 4844 qwoquum
682 4782 701 4831 Η
721 4810 753 4819 -
775 4784 804 4831 4,
821 4789 879 4831 tuuc
896 4783 955 4833 13²0
976 4808 1001 4819 -
1026 4784 1151 4844 impetrire·
1169 4784 1206 4832 ll:
1227 4784 1342 4844 inpertiri
1359 4783 1402 4832 AV
1424 4783 1495 4844 (torp.
1510 4782 1555 4841 V),
1574 4782 1708 4841 impertiri
1726 4782 1744 4830 B

411 4886 438 4897 -
457 4857 481 4910 l.
500 4863 529 4907 ast
545 4871 599 4907 om.
614 4859 641 4907 Β1
654 4886 685 4894 -
705 4859 729 4907 l..
744 4873 802 4921 sup.
817 4857 861 4908 lin.
877 4860 894 4908 B
913 4886 946 4896 -
963 4862 986 4909 5.
1002 4861 1076 4909 closis
1095 4861 1121 4916 Β,
1141 4860 1231 4908 classes
1242 4866 1260 4908 Α
1269 4861 1289 4907 (4
1309 4883 1335 4894 -
1360 4860 1382 4907 ti.
1397 4860 1533 4919 coepissent
1551 4857 1571 4906 ll
1592 4882 1616 4891 -
1638 4857 1661 4904 7,
1680 4858 1746 4905 iuter

408 4947 459 4983 sess
476 4932 614 4983 Davisius:
632 4935 699 4982 iuter
714 4946 739 4982 ss
757 4935 816 4992 CO,
835 4934 872 4982 4444
884 4935 951 4983 iuter
962 4948 987 4983 so
1003 4933 1132 4997 stieglitz,
1155 4972 1179 4985 ..
1194 4936 1259 4983 iuter
1275 4947 1300 4983 se
1317 4933 1443 4983 Ribbeck.
1466 4960 1491 4969 -
1511 4932 1669 4994 extispicium
1682 4933 1701 4981 Η
1714 4957 1740 4968 -

409 5008 448 5058 44.
467 5008 620 5057 scimtcmll
646 5034 672 5044 -
702 5009 732 5058 G.
751 5010 798 5058 ΑΗ
823 5035 850 5044 -
876 5012 970 5058 ateium
988 5014 1020 5059 A:
1045 5010 1152 5057 oeteium
1169 5009 1225 5064 BV,
1251 5010 1380 5058 eteiumli
1406 5035 1432 5045 -
1460 5008 1500 5057 43.
1524 5007 1685 5057 subscriberet
1702 5008 1740 5055 C:

407 5082 580 5143 subscripserit
596 5081 748 5141 Lambinus,
767 5083 913 5144 subscripsit
929 5084 948 5132 0
967 5097 1028 5133 cum
1042 5083 1152 5133 Rathlo:
1172 5086 1249 5133 Gieso
1268 5083 1337 5133 bene
1355 5084 1389 5133 ad
1408 5083 1486 5134 codd.
1500 5083 1640 5132 lectionem
1654 5081 1745 5130 deien-

408 5157 525 5208 dendam
544 5162 672 5219 provocat
689 5157 722 5206 ad
741 5158 852 5221 Zumptii
871 5173 909 5222 gr.
928 5156 973 5209 lot.
994 5158 1077 5220 §bbt
1100 5183 1126 5194 -
1154 5157 1194 5207 tt.
1213 5159 1346 5207 odacribsit
1363 5162 1433 5209 A'-
1456 5160 1496 5209 ib.
1514 5159 1658 5221 populuum
1675 5162 1693 5206 Α
1715 5182 1741 5192 -

408 5234 514 5293 coepisse
531 5232 559 5285 li.
578 5232 686 5292 coepisse
704 5233 723 5281 Η
745 5259 770 5267 -
792 5233 830 5283 48.
850 5234 936 5294 suisset
954 5232 1032 5282 codd.
1053 5232 1117 5281 dett.
1138 5233 1247 5282 Davisii:
1265 5234 1370 5295 fuissent
1388 5235 1407 5283 C
1423 5260 1448 5269 -
1470 5234 1529 5283 tort.
1543 5235 1639 5283 uultum
1651 5237 1742 5280 tumeo.

410 5333 437 5343 -
453 5307 590 5368 potuissent
608 5304 667 5355 B²ll
688 5332 713 5342 -
740 5307 779 5355 49.
798 5308 871 5356 dirue
887 5306 1027 5357 Turnebus
1046 5306 1165 5363 (advers.
1180 5309 1210 5366 V,
1223 5310 1281 5367 40);
1301 5310 1360 5356 diro
1378 5310 1412 5363 C:
1434 5307 1568 5370 intellegas
1587 5308 1643 5357 illas
1660 5301 1743 5374 ἀράς,

408 5394 521 5445 quarum
534 5382 669 5444 Appianas
682 5379 708 5430 b.
720 5382 770 5430 civ.
785 5383 814 5437 tt.
825 5382 856 5431 48
870 5384 1033 5431 mentionem
1047 5380 1118 5430 tecit.
1134 5408 1157 5416 —
1177 5384 1262 5432 ucutei
1276 5383 1348 5432 iitotz
1361 5384 1395 5445 (in
1409 5384 1541 5446 praelati:
1560 5384 1622 5431 sicut
1634 5391 1656 5431 ct
1669 5382 1742 5438 ΑΒΗ,

407 5458 471 5505 sicut
483 5455 562 5515 Villo
582 5482 609 5491 -
629 5460 720 5513 cetero,
733 5461 760 5503 ut
777 5459 892 5518 numicio
909 5455 1018 5507 l'renzel
1037 5457 1061 5505 in
1080 5469 1167 5521 progr.
1182 5459 1315 5520 gyornesil
1327 5459 1437 5508 lsenacii
1450 5472 1474 5507 a.
1487 5459 1558 5507 tais.
1575 5485 1601 5494 -
1621 5462 1648 5505 ut
1659 5458 1744 5505 omiuo

408 5529 453 5580 t’:
472 5538 500 5579 ut
517 5534 543 5580 iu
560 5532 645 5580 emolu
663 5531 724 5588 ΑΨ,
743 5536 798 5579 utto
815 5534 900 5581 omnio
918 5534 952 5591 li,
971 5536 1001 5581 ut
1016 5534 1102 5580 orooio
1121 5532 1155 5588 Η,
1174 5534 1212 5581 uti
1230 5535 1325 5589 omino,
1344 5535 1381 5582 uti
1398 5535 1470 5596 sipuu
1489 5533 1568 5581 lilotz.
1589 5557 1615 5567 -
1636 5533 1676 5580 44).
1695 5532 1744 5579 ud-

406 5606 525 5669 {srostll
552 5631 577 5640 —
602 5605 643 5654 44.
662 5605 726 5653 usui
743 5606 772 5664 li,
791 5607 836 5655 etei
855 5605 921 5656 attv
942 5632 969 5641 -
994 5608 1036 5655 44.
1054 5611 1190 5655 uenturum
1207 5604 1237 5656 13²
1255 5632 1280 5643 -
1306 5608 1348 5657 43.
1367 5611 1404 5656 itu
1420 5612 1449 5656 ut
1463 5608 1508 5656 ilto
1526 5608 1544 5656 B
1565 5635 1591 5643 -
1615 5607 1652 5655 ito
1669 5605 1745 5655 oicbil

406 5680 489 5730 uoluit
506 5679 702 5728 obnuuciutioll
730 5705 756 5713 —
781 5684 809 5727 ut
826 5693 879 5730 om.
899 5679 920 5729 ll
941 5707 967 5716 -
992 5679 1033 5730 44.
1052 5681 1155 5729 buerant
1172 5681 1191 5729 B
1209 5684 1235 5731 tn
1253 5695 1321 5740 ras..
1340 5683 1447 5732 creutll
1473 5708 1499 5718 -
1524 5683 1647 5731 mosterlet
1665 5681 1696 5730 Ηι
1714 5705 1741 5716 -

406 5754 448 5805 46.
467 5755 523 5819 pisis
539 5753 569 5805 A*
590 5781 616 5790 -
641 5755 787 5803 clarissumo
805 5754 833 5804 44ἱ
852 5780 879 5790 -
904 5756 945 5805 tt.
964 5755 1096 5819 reliptoucs
1114 5756 1132 5804 B
1154 5783 1178 5791 -
1205 5758 1299 5807 dicerit
1315 5757 1386 5807 Bth
1403 5785 1435 5794 —
1452 5758 1492 5806 48.
1512 5758 1539 5805 id
1554 5761 1590 5805 cst
1601 5781 1638 5794 -·
1649 5757 1744 5805 increuit

407 5843 456 5895 pro
473 5828 635 5893 glossemate
653 5828 754 5880 babent
770 5842 832 5879 eum
851 5830 980 5882 Lambino
998 5831 1047 5881 elii.
1064 5857 1092 5867 -
1111 5832 1152 5881 49.
1166 5832 1255 5881 leuiter
1266 5845 1323 5882 erc.
1339 5833 1404 5883 Pith.
1423 5858 1443 5868 —
1468 5846 1485 5880 o
1496 5844 1592 5880 summo
1609 5828 1651 5879 bis
1662 5829 1744 5881 hebet

407 5905 427 5955 B
448 5930 473 5940 -
493 5904 558 5954 4444444
575 5906 596 5955 Η
617 5932 643 5941 -
667 5906 708 5954 34.
727 5906 855 5968 terquinio
870 5906 924 5955 ΑΨ
943 5931 970 5942 -
990 5906 1139 5956 scribtorum
1155 5907 1176 5957 Α
1195 5932 1222 5943 -
1246 5907 1287 5957 33.
1307 5908 1369 5957 uttio
1386 5905 1429 5956 1³¹:
1447 5907 1500 5955 otio
1517 5903 1610 5966 atet,
1634 5906 1742 5957 uccioil

410 6004 437 6016 -·
457 5978 693 6044 disruptiollalm:
712 5981 843 6045 ducrptto
861 5981 908 6033 CO
927 6006 954 6018 -
974 5981 1264 6045 suprascripseras
1284 6007 1311 6017 -
1331 5980 1462 6031 satuti.
