4342 7459
701 1230 770 1294 nn.
793 1230 844 1293 111.
875 1230 950 1294 cn.
971 1230 1209 1327 xxr-xxu.
1234 1226 1281 1314 §s
1302 1227 1448 1295 54-54.
1682 1230 1745 1297 tec

408 1398 519 1475 natae,
548 1389 743 1464 Thelxinoe,
766 1390 891 1464 Aoede,
913 1391 1029 1465 Arche,
1051 1391 1183 1465 Melete,
1213 1392 1371 1454 secundae
1393 1391 1467 1455 iove
1490 1393 1581 1455 tertio
1604 1399 1636 1455 et
1656 1394 1745 1456 bine-

409 1503 542 1569 mosyns
564 1493 747 1565 procreatae
769 1504 900 1558 novem,
922 1486 1034 1548 tertiae
1056 1485 1149 1547 Piero
1171 1492 1264 1547 natae
1286 1492 1318 1549 et
1337 1486 1487 1567 Antiopa,
1510 1504 1588 1568 quas
1604 1486 1744 1551 Pieridas

407 1586 441 1640 et
470 1578 589 1641 Pierias
618 1576 722 1641 solent
742 1585 855 1659 politae
878 1578 1052 1661 appellare,
1085 1577 1187 1639 isdem
1210 1577 1391 1640 nominibus
1413 1585 1445 1639 et
1466 1577 1579 1641 eodem
1600 1599 1743 1654 numero,

406 1689 472 1752 quo
495 1690 650 1752 proxume
672 1672 868 1753 superiores.
905 1672 1048 1753 Cumque
1072 1682 1106 1733 tu
1131 1671 1257 1744 Solem,
1280 1672 1355 1754 quia
1375 1671 1463 1734 solus
1486 1680 1583 1745 esset,
1606 1673 1744 1755 appella·

407 1771 474 1827 tum
503 1784 573 1828 esse
606 1765 706 1838 dicas,
737 1765 829 1829 Soles
859 1766 919 1847 ipsi
943 1784 1037 1848 quam
1067 1764 1157 1827 multi
1180 1783 1198 1826 a
1220 1764 1378 1847 theologis
1400 1764 1622 1847 proferuntur!
1658 1766 1768 1830 Unusc

406 1875 517 1920 eornm
533 1856 609 1919 love
625 1868 732 1933 natus,
754 1879 856 1940 nepos
873 1860 1036 1932 Aetheris,
1058 1858 1139 1920 alter
1158 1858 1357 1941 Hyperione,
1381 1859 1491 1921 tertius
1506 1859 1657 1932 Volcano,
1680 1860 1745 1923 Nili

406 1949 489 2024 filio,
512 1952 602 2014 cuius
624 1953 735 2015 urbem
758 1953 902 2038 Aegyptii
927 1954 1040 2015 volunt
1061 1972 1132 2015 esse
1154 1972 1240 2026 eam,
1264 1972 1346 2035 quae
1362 1953 1541 2036 Heliopolis
1556 1953 1745 2034 appellatur,

407 2053 540 2127 quartus
555 2046 599 2117 is,
615 2066 712 2129 quem
726 2045 865 2109 heroicis
881 2047 1078 2128 temporibus
1094 2048 1235 2109 Acantho
1250 2046 1353 2109 Rhodi
1368 2049 1531 2130 peperisse
1546 2047 1668 2121 dicitur,
1682 2045 1743 2082 Μ

409 2138 522 2223 lalysi,
539 2138 672 2213 Camiri,
687 2140 792 2213 Lindi,
807 2139 922 2212 Rhodi,
938 2141 1079 2224 quintus,
1097 2141 1152 2222 qui
1170 2139 1292 2203 Colchis
1312 2140 1412 2205 fertur
1427 2144 1556 2205 Aeetam
1575 2150 1608 2204 et
1623 2141 1744 2204 Circam

408 2234 636 2316 procreavisse.
681 2234 781 2296 xxu.
805 2231 856 2295 55.
888 2235 1021 2297 Volcani
1053 2236 1129 2297 item
1152 2235 1351 2317 complures:
1381 2236 1502 2319 primus
1525 2234 1620 2298 Caelo
1642 2242 1783 2309 natus,tc

409 2345 451 2390 ex
479 2346 543 2411 quo
577 2335 609 2390 et
638 2328 779 2391 Minerva
807 2328 990 2410 Apollinem
1020 2349 1112 2403 eum,
1143 2328 1235 2392 cuius
1263 2328 1297 2390 in
1324 2329 1425 2390 tutela
1452 2328 1592 2391 Athenas
1620 2328 1744 2411 antiqui

410 2419 555 2485 historici
578 2441 648 2484 esse
662 2422 848 2495 voluerunt,
864 2423 1021 2486 secundus
1037 2422 1108 2485 lVilo
1130 2430 1237 2494 natus,
1260 2421 1393 2495 Phthas,
1415 2429 1451 2485 ut
1464 2421 1613 2506 Aegyptii
1633 2422 1745 2503 appel·

410 2514 493 2589 lant,
522 2535 618 2598 quem
640 2515 806 2578 custodem
829 2536 900 2579 esse
921 2516 1056 2600 Aegypti
1079 2516 1205 2589 volunt,
1231 2516 1342 2578 tertius
1365 2535 1406 2578 ex
1427 2516 1521 2578 tertio
1542 2516 1619 2579 Iove
1640 2526 1671 2577 et
1692 2516 1743 2577 lu-

410 2628 512 2683 none,
535 2610 591 2693 qui
612 2609 724 2671 444444
745 2606 885 2672 fabricae
908 2610 1043 2673 traditur
1064 2607 1257 2691 praefuisse,
1279 2617 1411 2691 quartus
1432 2605 1617 2689 †hlemalio
1639 2614 1742 2681 natus,

410 2702 466 2784 qui
481 2703 583 2765 tenuit
598 2703 718 2766 insulas
732 2711 863 2785 propter
874 2703 1024 2776 Siciliam,
1039 2722 1122 2785 quae
1134 2702 1305 2765 Volcaniae
1320 2703 1574 2766 nominabantur.
1594 2698 1647 2765 56.
1661 2703 1744 2765 4444-
1752 2720 1782 2767 44

411 2794 516 2856 curiam
538 2815 621 2859 unus
644 2795 739 2859 Caelo
762 2804 866 2877 patre,
888 2796 948 2858 Die
970 2804 1070 2858 matre
1092 2803 1201 2869 natus,
1223 2796 1314 2859 cuius
1336 2796 1505 2860 obscenius
1526 2797 1662 2860 excitata
1687 2815 1743 2858 na·

410 2895 481 2952 tura
503 2889 653 2964 traditur,
676 2889 764 2974 quod
786 2899 917 2972 aspectu
940 2890 1147 2971 Proserpinae
1169 2898 1345 2953 commotus
1367 2892 1424 2964 sit,
1447 2890 1527 2953 alter
1548 2890 1689 2954 Valentis
1710 2897 1745 2954 et

412 2980 580 3047 Coronidis
601 2981 702 3057 lilius,
725 2984 751 3046 is
775 2985 830 3067 qui
852 2985 912 3047 suh
932 2984 1024 3048 terris
1046 2983 1182 3045 habetur
1199 2982 1283 3043 idem
1299 2982 1519 3063 Trophonius,
1541 2984 1653 3047 tertius
1667 2984 1743 3047 love
1801 3000 1802 3003 ’

409 3078 503 3139 tertio
532 3085 625 3141 natus
655 3085 687 3140 et
714 3079 810 3151 hlaia,
841 3100 882 3142 ex
904 3097 969 3161 quo
993 3084 1024 3138 et
1045 3076 1204 3158 Penelopa
1225 3076 1310 3140 Pana
1331 3083 1440 3138 natum
1461 3072 1581 3150 ierunt,
1611 3083 1743 3159 quartus

410 3169 484 3232 Nilo
505 3178 610 3253 patre,
633 3191 727 3255 quem
748 3174 896 3257 Aegyptii
917 3170 1007 3235 nefas
1020 3170 1141 3232 habent
1154 3168 1333 3243 nominare,
1356 3170 1502 3252 quintus,
1523 3189 1618 3253 quem
1633 3170 1781 3237 coluntat

411 3262 605 3340 Pheneatae,
627 3267 685 3348 qui
704 3269 824 3347 Argum
846 3266 962 3329 dicitur
980 3264 1179 3327 interemisse
1201 3262 1242 3324 ob
1264 3282 1398 3346 eamque
1420 3282 1547 3326 causam
1566 3268 1743 3348 Aegyptum

411 3355 591 3439 profugisse
621 3368 719 3443 atque
744 3361 911 3444 Aegyptiis
941 3359 1027 3441 leges
1056 3364 1090 3421 et
1117 3357 1238 3420 litteras
1267 3355 1448 3420 tradidisse.
1482 3358 1576 3421 Hune
1595 3358 1743 3442 Aegyptii

413 3448 540 3513 Theulh
560 3452 741 3534 appellant,
769 3452 949 3537 eodemque
969 3451 1098 3514 nomine
1120 3451 1196 3513 anni
1225 3451 1345 3534 primus
1367 3452 1484 3515 mensis
1505 3451 1591 3535 apud
1612 3472 1669 3517 eos
1689 3473 1744 3517 vo·

1634 3593 1743 3604 ’.ι-ἠ

411 3683 489 3730 sulm
508 3680 566 3730 losse
587 3680 668 3730 444444
689 3686 753 3730 noto
775 3686 798 3731 44
820 3680 1021 3732 44444444444444
1036 3680 1088 3730 DV
1109 3682 1153 3743 (44
1169 3692 1201 3731 er
1219 3682 1386 3732 correctione
1402 3680 1453 3740 Dl3
1477 3686 1597 3743 44444444·
1611 3687 1671 3733 ente
1688 3683 1745 3733 loss

412 3754 607 3805 444444444444
624 3756 854 3807 4444444444ωά4
872 3759 909 3815 C;
927 3755 1652 3819 quattuorssntsioueslteroscleetbeielnoseoedeli;
1669 3762 1746 3819 44444-

412 3830 1190 3897 44444444444444444444444444444444444444;·4444444444,
1211 3831 1472 3893 444444444444444,
1496 3831 1643 3894 Dehisce,
1666 3832 1746 3883 Aoede

412 3903 582 3955 lleiudorllus
599 3904 697 3969 (deleto
714 3907 797 3957 altero
815 3906 947 3970 quodest
963 3908 990 3957 in
1008 3907 1147 3958 codicibus
1164 3912 1256 3963 44444;
1275 3918 1325 3969 ego
1343 3904 1423 3957 malui
1434 3907 1524 3971 priore
1535 3904 1624 3957 deleto
1635 3919 1744 3959 servare

413 3977 540 4040 alterum,
562 3992 625 4031 cum
647 3983 727 4032 etiam
750 3983 775 4032 in
798 3980 974 4044 sequentibus
995 3983 1133 4047 participia
1152 3986 1302 4045 procreatos
1324 3984 1351 4031 et
1367 3987 1445 4031 444444
1460 3980 1580 4033 ablativis
1598 3985 1745 4047 postposita

412 4053 485 4114 sinti:
505 4058 625 4116 44444444
641 4065 718 4107 eccos
733 4057 790 4106 loce
806 4057 886 4106 allero
902 4062 926 4106 et
944 4092 1027 4116 .....
1048 4056 1193 4118 4444444444,
1211 4056 1291 4106 Aoede
1306 4054 1438 4113 Aletrium
1457 4061 1587 4118 questum,
1603 4062 1680 4108 44444
1690 4059 1746 4109 4444

414 4128 494 4177 sltem
510 4130 630 4190 etlledc,
650 4129 796 4190 Thelxinoe,
812 4131 892 4179 Aoede
910 4132 1059 4181 Creuzerus
1077 4129 1145 4193 (coll.
1159 4132 1272 4181 Pausan.
1286 4132 1402 4181 hiessen.
1420 4131 1461 4191 3³,
1475 4132 1546 4193 sl,0
1565 4158 1593 4168 -
1616 4136 1641 4183 4.
1659 4147 1746 4184 nemo-

411 4202 464 4252 sise
482 4206 516 4264 E,
533 4217 606 4253 amco
622 4206 674 4254 4444
690 4206 772 4255 ACV
791 4207 870 4269 (neno
887 4206 912 4254 in
930 4218 983 4255 ras.
996 4208 1025 4266 A)
1045 4231 1073 4241 -
1092 4207 1117 4255 4.
1135 4207 1224 4256 terties
1239 4208 1310 4257 Piero
1325 4211 1404 4256 444444
1419 4207 1472 4256 lac.
1491 4209 1655 4258 Gronovius:
1673 4210 1746 4260 terlio

414 4278 437 4339 (o
455 4292 487 4328 ex
505 4292 532 4350 q,
552 4283 580 4329 ut
597 4278 716 4339 videtur,
742 4280 767 4329 in
784 4283 885 4340 rasura)
908 4281 963 4329 4444
985 4281 1058 4329 lertio
1077 4282 1150 4341 pisro
1166 4286 1243 4331 notos
1260 4286 1295 4338 A;
1318 4283 1408 4331 tertice
1423 4282 1480 4331 imse
1495 4283 1568 4331 lertio
1580 4284 1653 4344 piero
1669 4290 1746 4334 44444

412 4353 513 4411 BCV;
532 4355 605 4404 tercie
620 4354 678 4403 lose
693 4355 787 4403 4444444
802 4355 873 4415 piero
889 4359 947 4404 onte
964 4355 1001 4413 E;
1020 4357 1108 4403 tertiae
1124 4356 1181 4404 ioue
1197 4356 1269 4405 terlio
1285 4356 1365 4417 pierio
1381 4357 1533 4405 44444Ρ-
1553 4356 1576 4405 3.
1592 4359 1689 4418 pterim
1706 4359 1743 4409 C:

411 4428 507 4490 pterim
523 4430 619 4486 ABE:
634 4430 746 4491 proelior
763 4431 798 4485 P;
815 4431 930 4492 pierides
947 4432 967 4477 V
987 4457 1014 4465 -
1033 4436 1056 4479 et
1073 4427 1095 4479 ll
1114 4431 1331 4493 (inVsuperscr.
1345 4430 1478 4491 maeel:
1498 4443 1551 4480 om.
1565 4430 1585 4480 0
1600 4458 1627 4468 -
1645 4431 1669 4483 l.
1683 4446 1747 4497 quos

414 4504 496 4553 ACV
515 4531 543 4540 -
562 4505 704 4566 oppellctos
721 4505 771 4554 DV
790 4532 817 4541 -
843 4506 867 4554 7.
886 4506 996 4568 eliopolis
1012 4507 1063 4555 AC
1083 4533 1111 4542 -
1130 4506 1154 4554 8.
1173 4507 1196 4554 44
1212 4518 1281 4554 corr.
1302 4518 1333 4553 cr
1351 4505 1389 4554 bis
1404 4504 1427 4551 V
1446 4531 1473 4540 -
1498 4511 1606 4554 ocootor
1621 4507 1679 4555 bodi
1695 4508 1745 4558 ΑΒ

415 4578 480 4639 CV,
499 4580 607 4628 ochooto
623 4581 695 4629 rhodi
713 4582 741 4641 E,
760 4583 856 4631 acontii
867 4582 938 4630 rhodi
950 4584 969 4632 P
983 4609 1009 4618 -
1023 4581 1046 4631 9.
1060 4582 1136 4643 iclyai
1147 4578 1186 4632 D:
1205 4593 1282 4629 ocum
1292 4580 1369 4641 444444·
1380 4581 1482 4630 llarsus
1494 4580 1538 4642 (cl.
1552 4579 1627 4630 Pind.
1640 4580 1744 4647 Olymp.

413 4653 469 4713 Vll,
487 4653 546 4713 iim
566 4660 641 4716 poter
657 4656 733 4716 444444
751 4657 872 4707 Davisius
889 4654 948 4706 coll.
967 4654 1083 4707 Arnobio
1101 4657 1144 4717 lV,
1162 4655 1202 4707 44.
1228 4654 1280 4705 Sed
1298 4653 1379 4705 nolim
1396 4654 1503 4705 Arnobii
1521 4656 1669 4706 auctoritati
1686 4660 1746 4707 tan·

414 4730 471 4779 tum
495 4728 626 4790 tribuere,
654 4732 698 4793 qui
724 4729 804 4796 paulo
828 4733 889 4781 ante
911 4744 944 4781 ex
964 4735 1039 4795 patre
1057 4732 1208 4795 llyperione
1226 4732 1406 4794 hyperionem
1424 4733 1588 4793 genetricem
1605 4731 1744 4784 elllnrerit.

415 4802 533 4855 Dubium
551 4807 631 4856 etiam
649 4808 691 4855 est
708 4809 816 4870 propter
833 4807 949 4857 eddilam
968 4805 1099 4865 ltbodurn,
1119 4809 1207 4855 utrum
1221 4808 1326 4855 nomina
1338 4805 1424 4866 loturi,
1437 4805 1543 4865 Cmuiri,
1560 4806 1634 4855 lindi
1645 4805 1680 4856 de
1692 4807 1747 4856 lle-

415 4874 493 4928 liadis
510 4892 544 4928 an
562 4878 596 4929 de
614 4881 719 4944 oppidis
736 4882 857 4933 eiusdem
875 4883 988 4932 nominis
1005 4880 1173 4943 intelligenda
1191 4881 1251 4931 sint.
1271 4881 1363 4942 ltaque
1374 4878 1450 4944 plura
1462 4882 1524 4930 ante
1536 4881 1611 4942 444444·
1623 4880 1747 4932 videnlur

417 4952 558 5003 excidisse.
574 4980 600 4989 -
621 4955 731 5016 Camiri,
749 4957 836 5016 Lindi,
855 4958 946 5018 444444,
966 4957 1067 5018 quietus
1084 4969 1132 5007 nos
1144 4971 1150 5005 :
1168 4956 1345 5005 comerits'rsder
1355 4956 1413 5003 bodi
1424 4956 1526 5018 quisitor
1537 4960 1557 5006 A
1568 4957 1634 5017 PV;
1653 4960 1747 5009 carneri

415 5029 562 5088 leodebodi
579 5030 680 5091 quintos
696 5032 732 5089 B,
751 5034 854 5082 comesi.
873 5033 1019 5081 linderodlti.
1039 5033 1146 5093 04444444
1163 5033 1198 5090 C;
1219 5031 1390 5081 onmeutinder
1405 5032 1462 5079 rodi
1478 5032 1579 5094 quintus
1596 5034 1633 5087 Et
1652 5034 1748 5085 Comici

415 5103 547 5152 allodi:
566 5106 703 5166 quinimo
722 5132 749 5141 -
768 5113 853 5156 aetam
870 5107 1022 5167 ARCPV,
1040 5112 1122 5156 oetam
1140 5106 1159 5156 E
1179 5133 1205 5142 -
1225 5107 1316 5156 4444444
1333 5106 1392 5155 Ε-
1412 5106 1452 5155 ll.
1466 5106 1607 5167 Apollinum
1623 5111 1658 5168 is,
1676 5111 1748 5159 casim

417 5178 548 5228 Davisius.
570 5206 597 5217 -
622 5181 800 5230 izmaracdus
820 5183 846 5230 44
866 5182 918 5231 nilo
941 5178 1009 5232 ‘l-
1033 5182 1123 5231 Pithos
1140 5179 1236 5230 Galeus
1254 5179 1295 5243 (ad
1313 5177 1450 5230 lambliebl
1467 5180 1501 5230 de
1519 5185 1600 5244 myst.
1620 5185 1686 5244 Vlll,
1703 5185 1745 5245 til:

417 5266 479 5316 opos
496 5255 621 5312 ADPV;
639 5268 699 5317 opos
716 5257 752 5313 C;
770 5259 824 5319 opis
841 5258 860 5306 E
878 5283 905 5292 -
925 5257 1025 5320 aemes·
1041 5268 1111 5306 corr.
1131 5269 1162 5305 ex
1179 5256 1291 5318 aegyptii
1308 5254 1328 5303 V
1344 5280 1371 5291 -
1390 5252 1431 5304 44.
1449 5256 1565 5305 4444444444
1581 5253 1619 5307 ll:
1638 5259 1748 5308 Amclio

418 5330 439 5378 0
458 5354 486 5365 -
506 5331 547 5380 lli.
565 5332 728 5380 nominentur
744 5333 897 5383 Lambinus.
917 5359 944 5369 -
969 5332 1009 5381 46.
1027 5332 1067 5379 die
1083 5331 1239 5381 ADCEV:
1263 5331 1308 5379 dia
1324 5331 1382 5380 ΡΟ.
1407 5329 1445 5379 cl.
1466 5328 1480 5392 8
1497 5329 1539 5380 59!
1558 5355 1585 5366 -
1610 5331 1649 5381 48.
1669 5333 1748 5383 Coro·

418 5404 485 5453 aidis
501 5406 639 5455 Davisius:
657 5407 839 5469 formidanti
850 5408 915 5467 CV,
931 5406 1076 5470 phormidir
1092 5408 1124 5465 P,
1141 5406 1269 5468 formides
1286 5405 1305 5454 F.
1320 5430 1344 5441 -
1359 5406 1382 5454 44
1399 5417 1468 5455 corr.
1482 5417 1514 5454 er
1531 5405 1568 5454 444
1579 5405 1613 5462 V;
1631 5406 1670 5457 444
1685 5408 1704 5457 D
1717 5432 1745 5443 -

419 5479 507 5527 4444444
522 5492 556 5528 ec
572 5480 628 5530 44444
645 5482 664 5531 P
679 5508 705 5518 -
725 5484 765 5532 49.
784 5484 856 5532 terlio
873 5495 942 5532 corr.
962 5495 994 5532 er
1011 5480 1099 5531 tertius
1115 5483 1135 5529 A
1150 5506 1177 5516 -
1193 5480 1264 5529 molo
1279 5478 1552 5541 ADV-pomelopc
1570 5479 1749 5543 Av-posse

420 5564 457 5602 m.
476 5565 532 5603 sse.
551 5552 603 5605 del.
628 5558 649 5605 A
674 5582 701 5591 -
723 5558 869 5619 penelopem
889 5562 978 5607 selom
996 5557 1057 5619 (om.
1073 5557 1152 5617 pono)
1171 5556 1190 5604 P
1210 5582 1236 5591 -
1258 5555 1299 5605 2⁰.
1318 5554 1388 5617 44444
1404 5567 1474 5604 corr.
1493 5567 1525 5604 ex
1544 5554 1632 5616 scions
1648 5554 1700 5605 AV
1719 5582 1747 5593 -

420 5628 462 5677 44.
480 5628 608 5679 4444444444
624 5629 681 5693 (litt.
700 5646 714 5680 ο
732 5635 872 5696 expuncta)
890 5637 925 5692 A,
948 5632 1080 5695 4444444444
1096 5632 1128 5690 B,
1145 5631 1259 5693 44444444
1276 5629 1341 5690 CV,
1358 5621 1455 5691 4444444
1472 5628 1491 5678 Ε
1511 5655 1537 5665 -
1557 5630 1600 5691 qui
1616 5635 1750 5693 4444444444

420 5702 515 5752 44444444·
530 5701 620 5755 A¹PV
633 5733 660 5744 -
679 5721 783 5757 comam
799 5709 826 5757 iss
841 5709 980 5771 Aegyptam
997 5707 1147 5756 Lactantius
1164 5706 1228 5755 lnst.
1241 5704 1261 5763 l,
1274 5704 1298 5753 6.
1312 5729 1340 5738 -
1359 5708 1494 5767 compsam
1508 5703 1631 5765 4444444444
1646 5702 1748 5764 as¹v¹;

421 5783 528 5841 comto
540 5781 680 5843 praescisse
696 5781 752 5835 13²?
762 5784 794 5831 V²
812 5809 839 5819 -
858 5784 899 5834 22.
918 5783 1040 5847 aegyptiis
1056 5793 1125 5830 corr.
1145 5793 1177 5829 er
1194 5780 1307 5844 oegvptis
1322 5778 1374 5830 AV
1394 5804 1420 5813 -
1440 5778 1541 5839 semsi
1556 5776 1615 5826 A¹ll
1625 5777 1644 5827 C
1655 5778 1705 5828 EV
1719 5804 1747 5815 -

422 5851 463 5902 2³.
484 5853 573 5904 444444
589 5855 661 5906 Plato
680 5860 713 5920 (in
732 5857 840 5910 Philebo
858 5861 886 5909 et
901 5858 1049 5918 Phaedro):
1067 5856 1140 5917 44444
1159 5855 1221 5916 aa,
1238 5854 1304 5905 44444
1320 5854 1368 5904 DP
1386 5851 1517 5917 (litteraei
1532 5863 1667 5915 superscr.
1680 5853 1747 5916 sii),

422 5926 577 5988 WCVt
598 5930 943 5997 mortuaeaquae
962 5932 1119 5985 444440-
1137 5928 1383 5986 eodmsomlmv.

476 6025 565 6079 οιαιο
583 6029 610 6078 4.
622 6030 662 6081 tv.
1509 6015 1552 6085 34)
