4342 7459
441 1210 504 1283 466
892 1220 946 1285 DE
967 1219 1138 1286 DEORUM
1159 1220 1322 1285 NATURA

441 1393 537 1449 catur.
580 1378 630 1443 57.
653 1379 913 1461 Aesculapiorum
935 1380 1054 1464 primm
1075 1380 1250 1462 Apollinis,
1279 1400 1375 1465 quem
1396 1381 1535 1448 Arcades
1556 1385 1684 1461 colunt,
1713 1387 1772 1471 tyni

441 1476 606 1563 specillum
635 1476 796 1539 invenisse
822 1477 1007 1558 primusque
1030 1476 1142 1538 volnus
1165 1476 1281 1538 dicitur
1303 1474 1508 1555 obligavissc,
1536 1479 1697 1544 secundus
1722 1501 1775 1545 so·

440 1574 536 1637 cundi
558 1570 705 1636 Mercurii
728 1569 844 1632 irater:
874 1572 902 1632 is
923 1569 1055 1632 fulmine
1078 1589 1245 1651 percussus
1267 1568 1383 1630 dicitur
1403 1570 1550 1635 humatus
1573 1593 1646 1639 esse
1668 1576 1775 1661 Cyno-

441 1671 542 1733 suriss
565 1667 677 1731 tertius
697 1664 826 1746 Arsippi
849 1672 881 1727 et
894 1664 1061 1737 Arsinoae,
1085 1665 1138 1745 qui
1156 1663 1274 1745 primus
1290 1664 1508 1744 purgationem
1524 1666 1588 1730 alvi
1604 1668 1774 1755 dentisque

416 1762 654 1833 levolsionem,
676 1767 713 1821 ut
733 1756 855 1830 lerrrnt,
877 1757 1018 1831 invenit,
1041 1758 1132 1819 cuius
1154 1758 1186 1818 in
1209 1755 1343 1819 Arcadia
1365 1777 1428 1820 non
1451 1758 1546 1841 longe
1567 1780 1588 1823 a
1602 1763 1700 1828 Lusio
1714 1766 1777 1829 du·

441 1858 525 1921 mine
547 1854 726 1937 sepulcrum
749 1858 780 1914 et
800 1851 891 1916 lucus
913 1851 1098 1914 ostenditur.
1141 1850 1257 1914 xxiii.
1280 1850 1465 1932 Apollinum
1480 1855 1721 1938 antiquissimus
1734 1859 1774 1935 is,

440 1971 535 2035 quem
556 1948 653 2032 paulo
676 1955 769 2009 antea
791 1964 809 2007 e
831 1944 971 2007 volonno
994 1952 1102 2008 natum
1120 1964 1190 2008 csse
1205 1945 1272 2007 diui
1288 1945 1451 2008 custodem
1466 1946 1673 2025 Athenarum,
1695 1954 1777 2017 alter

441 2043 626 2128 Corybantis
656 2038 756 2113 filius,
784 2046 879 2102 natus
907 2039 941 2100 in
970 2038 1079 2113 Creta,
1110 2040 1200 2103 cuius
1229 2040 1269 2103 de
1299 2040 1355 2102 illa
1384 2042 1489 2105 insula
1511 2063 1582 2108 cum
1604 2046 1680 2110 love
1702 2047 1774 2132 ipso

440 2149 599 2204 certamen
620 2136 719 2199 luisse
741 2133 890 2207 traditur,
920 2134 1033 2196 tertius
1056 2135 1131 2198 love
1153 2136 1246 2198 tertio
1268 2142 1361 2197 natus
1383 2144 1415 2198 et
1443 2136 1582 2212 Latona,
1611 2160 1709 2224 quem
1732 2161 1775 2208 ex

402 2231 655 2319 “Hyperboreis
669 2228 812 2311 Delphos
826 2226 933 2290 serunt
948 2228 1131 2301 advenisse,
1155 2237 1288 2312 quartus
1302 2229 1335 2290 in
1350 2230 1502 2304 Arcadia,
1524 2249 1619 2315 quem
1633 2236 1774 2300 Arcades

442 2328 570 2411 Νόμιον
597 2324 774 2409 appellant,
804 2320 892 2405 quod
919 2321 960 2383 ab
989 2340 1028 2383 eo
1058 2340 1093 2383 se
1124 2320 1211 2404 leges
1237 2321 1344 2385 ierunt
1364 2326 1536 2406 accepisse.
1578 2324 1631 2390 58.
1653 2331 1775 2394 Dianae

438 2422 514 2486 item
535 2421 663 2506 plures:
685 2417 785 2500 prima
807 2416 892 2478 lovis
913 2421 945 2477 et
966 2415 1189 2499 Proserpinae,
1212 2436 1296 2499 quae
1318 2417 1484 2500 pinnatum
1507 2419 1698 2503 Cupidinem
1720 2442 1776 2506 pe·

438 2517 547 2580 nuisse
568 2514 701 2588 dieitur,
722 2509 862 2574 secunda
882 2509 1005 2583 notior,
1028 2530 1123 2593 quam
1147 2512 1223 2573 love
1244 2512 1339 2574 tertio
1361 2520 1394 2575 et
1410 2512 1533 2576 Latona
1554 2524 1660 2580 natam
1684 2535 1776 2582 acce

438 2610 564 2693 pimus3
598 2608 710 2672 tertiae
738 2614 829 2689 pater
857 2604 934 2686 llpis
965 2605 1114 2679 traditur,
1148 2606 1264 2669 Glauce
1292 2614 1413 2683 mater;
1448 2627 1519 2671 eam
1540 2628 1638 2693 saepe
1659 2609 1774 2675 Graeci

402 2706 529 2787 rollpim
552 2709 683 2787 paterno
697 2701 825 2765 nomine
839 2698 1010 2780 appellant.
1042 2700 1199 2784 Dionysos
1214 2701 1333 2765 multos
1348 2700 1525 2766 babemus:
1545 2706 1684 2787 primum
1700 2706 1775 2769 love

440 2808 472 2863 et
493 2797 682 2879 Proserpina
702 2802 831 2866 natum,
853 2792 1028 2857 secundum
1043 2793 1126 2868 Nilo,
1149 2797 1204 2877 qui
1219 2797 1336 2879 Nysam
1352 2794 1469 2858 dicitur
1482 2797 1693 2872 interminae,
1708 2807 1775 2863 ter·

439 2895 518 2957 tium
541 2892 654 2955 Cabiro
676 2898 779 2974 patre,
808 2907 946 2971 eumque
967 2907 1074 2968 regem
1096 2890 1191 2952 Asiae
1212 2889 1388 2972 praefuisse
1411 2889 1536 2965 dicunt,
1566 2892 1617 2955 cui
1641 2893 1776 2957 Sabaria

439 2995 514 3051 sunt
535 2987 693 3059 instituta,
717 2991 864 3067 quartum
887 2982 962 3045 iove
981 2990 1014 3045 et
1027 2982 1133 3056 Luna,
1156 2985 1205 3047 cui
1227 3003 1315 3047 sacra
1331 2983 1470 3066 Orphica
1485 2994 1638 3066 putantur
1650 2984 1775 3063 coadsi,

439 3082 584 3165 quintum
604 3079 682 3143 Niso
703 3086 813 3141 natum
834 3084 868 3139 et
889 3078 1035 3160 Thyone,
1057 3095 1076 3138 a
1098 3096 1163 3159 quo
1185 3078 1379 3142 Trieteridas
1401 3080 1590 3144 constitutae
1612 3091 1774 3165 putantur.

401 3172 492 3240 robii.
513 3178 619 3238 Venus
639 3175 742 3256 prima
757 3171 852 3234 Caelo
874 3178 906 3234 et
924 3170 983 3233 ilie
999 3180 1086 3244 nata,
1109 3172 1200 3234 cuius
1214 3173 1306 3236 Elide
1321 3173 1490 3236 delubrum
1507 3172 1652 3249 vidimus,
1675 3175 1776 3239 altera

440 3290 553 3355 spuma
575 3277 755 3353 procreata,
777 3287 819 3330 ex
841 3285 905 3350 qua
926 3273 959 3328 et
980 3266 1136 3328 Mercurio
1153 3265 1341 3348 Cupidinem
1364 3266 1541 3331 secundum
1556 3278 1668 3332 natum
1683 3287 1775 3333 scoe-

440 3365 560 3450 pimus,
590 3364 683 3427 tertia
710 3363 787 3424 loro
815 3369 890 3423 nata
912 3367 944 3423 et
964 3360 1082 3435 Diona,
1112 3381 1195 3445 quae
1216 3363 1328 3444 nupsit
1350 3362 1508 3437 Volcano,
1536 3362 1594 3426 sed
1617 3381 1660 3427 ex
1681 3383 1721 3428 ea
1742 3370 1775 3428 et

440 3460 540 3522 Marta
572 3464 665 3520 natus
692 3458 826 3518 Anteros
856 3454 988 3525 dicitnr,
1022 3461 1135 3537 quarta
1163 3456 1266 3539 Syria·
1287 3455 1456 3539 Cyproque
1485 3464 1655 3541 concepta,
1690 3477 1774 3542 quac

440 3556 564 3617 Astarte
591 3559 736 3625 vocatur,
766 3569 860 3633 quam
883 3547 1020 3610 Adonidi
1050 3548 1197 3629 nupsisse
1219 3549 1381 3630 proditum
1404 3556 1462 3611 est.
1498 3551 1640 3613 Minerva
1662 3554 1774 3635 prima,

403 3654 432 3702 44
442 3666 537 3730 quam
553 3645 711 3728 Apollinis
733 3652 863 3708 matrem
883 3663 978 3724 supra
993 3641 1147 3716 diximus,
1170 3644 1310 3706 secunda
1324 3650 1394 3706 orta
1408 3643 1495 3718 Nilo,
1518 3663 1611 3725 quam
1626 3646 1775 3730 Aegyptii

442 3740 548 3803 Saitae
570 3739 690 3812 colunt,
712 3739 805 3801 tertia
826 3736 897 3811 illa,
920 3755 1016 3820 quam
1037 3755 1057 3798 a
1077 3736 1153 3799 love
1175 3745 1354 3819 generatam
1371 3737 1640 3820 supradiximus,
1662 3748 1776 3824 quarta

441 3833 517 3898 iove
539 3841 613 3897 nata
635 3840 668 3896 et
690 3831 854 3916 Coryphe,
876 3830 995 3895 Oceani
1018 3829 1099 3904 tilia,
1123 3850 1218 3913 quam
1240 3831 1378 3894 Arcades
1400 3832 1536 3918 Kopias
1556 3834 1724 3898 nominant
1744 3840 1777 3898 et

442 3928 665 4014 quadrigarum
692 3926 897 3989 inventricem
922 3924 1045 3999 ierunt,
1077 3925 1189 4009 quinta
1210 3925 1375 3999 Pallantis,
1409 3944 1492 4009 quae
1514 3934 1636 4010 patrem
1659 3928 1777 3994 dicitur

441 4024 639 4088 interemisse
665 4020 880 4103 virginitatem
910 4039 998 4082 suam
1025 4018 1146 4081 violare
1174 4029 1354 4095 conantem,
1384 4020 1435 4083 cui
1465 4020 1635 4102 pinnarum
1665 4023 1777 4087 talaria

404 4117 592 4201 eadigam.
635 4114 686 4176 60.
709 4114 831 4196 Cupido
865 4115 984 4195 primus
1014 4114 1171 4175 Mercurio
1205 4124 1236 4177 et
1267 4116 1367 4176 Diana
1398 4115 1498 4196 prima
1529 4124 1622 4178 natus
1649 4116 1775 4191 dicitur,

442 4212 601 4278 secundus
629 4212 784 4273 Mercurio
816 4218 847 4272 et
870 4210 993 4271 Venere
1025 4210 1179 4282 secunda,
1211 4212 1335 4283 tertius,
1370 4210 1424 4292 qui
1452 4208 1536 4272 idem
1559 4219 1608 4273 est
1629 4213 1775 4284 Anteros,

442 4310 542 4373 Marte
564 4315 597 4370 et
617 4307 740 4369 Venere
761 4306 865 4369 tertia.
895 4309 1000 4388 Atque
1021 4303 1100 4366 haec
1121 4305 1250 4387 quidem
1272 4304 1397 4387 aliaque
1419 4304 1489 4367 eius
1512 4304 1595 4368 modi
1612 4325 1652 4368 ex
1670 4313 1776 4369 vetere

509 4590 534 4638 4.
552 4587 716 4650 asclepium
732 4596 867 4649 superscr.
879 4584 1080 4647 ouculopiorum
1098 4584 1127 4635 c.
1148 4582 1186 4634 Cl.
1199 4585 1216 4647 s
1227 4584 1268 4633 39.
1289 4608 1316 4621 -
1335 4583 1456 4634 maiades
1466 4583 1488 4632 V
1500 4584 1619 4649 (ubique)
1634 4608 1662 4622 ·—
1680 4584 1706 4635 2.
1719 4598 1777 4648 sps·

441 4664 527 4715 sillum
543 4675 678 4727 superscr.
696 4661 766 4710 ulum
783 4661 819 4719 V,
837 4662 962 4722 speculam
980 4664 998 4711 P
1018 4686 1045 4696 —
1064 4660 1089 4710 3.
1108 4659 1227 4709 mercurii
1245 4672 1313 4709 corr.
1327 4673 1359 4709 ex
1370 4660 1481 4708 mercuri
1497 4660 1566 4720 AC;
1583 4662 1697 4711 msrcrsrt
1712 4658 1733 4711 B
1747 4683 1774 4698 «-

441 4738 549 4788 iscorr.
568 4751 599 4788 ss
617 4739 654 4787 bis
671 4738 691 4786 V
712 4763 739 4773 -
757 4739 890 4801 puoomrts
906 4737 999 4797 ACE,
1023 4737 1151 4800 ploosuris
1168 4749 1236 4786 corr.
1256 4737 1281 4784 in
1299 4737 1422 4785 cioosuu's
1438 4735 1461 4783 V
1479 4760 1506 4770 -
1531 4734 1556 4787 4.
1575 4738 1678 4786 orstsoe
1693 4735 1775 4787 ABC

446 4839 473 4852 —
491 4813 515 4863 6.
533 4814 605 4864 lucro
626 4814 706 4878 priori
727 4825 745 4860 rs
767 4824 901 4874 superscr.
920 4825 935 4861 o
952 4812 974 4860 V
998 4838 1024 4847 -
1049 4811 1073 4861 i.
1093 4818 1169 4862 naiso
1188 4810 1316 4861 ABCV:
1340 4817 1398 4860 oute
1421 4810 1497 4861 Ero
1517 4836 1545 4847 -
1564 4825 1577 4862 e
1594 4810 1636 4864 ll:
1657 4826 1691 4864 em
1706 4813 1728 4863 0
1746 4834 1775 4849 -

443 4888 467 4940 9.
485 4889 527 4954 sor]
549 4891 610 4939 etA
635 4914 662 4925 -·
687 4889 727 4937 44.
748 4883 862 4951 Νόμιον
884 4888 1012 4937 lluetius:
1038 4889 1180 4935 oomiouem
1197 4885 1229 4937 ll.
1258 4886 1296 4936 Ci.
1317 4885 1441 4936 Clemens
1458 4886 1532 4937 Alex.
1551 4890 1636 4939 Protr.
1655 4902 1682 4954 p.
1700 4889 1727 4941 8.
1747 4915 1775 4925 -

443 4967 560 5027 accipisse
577 4964 625 5014 BC
645 4988 671 4999 -
691 4965 731 5013 44.
748 4967 887 5025 omnnium
904 4963 952 5012 BE
972 4990 999 4999 -
1020 4962 1060 5013 43.
1077 4965 1162 5013 notior
1179 4975 1248 5012 corr.
1261 4975 1317 5012 sec.
1333 4975 1367 5011 m.
1382 4975 1414 5011 ex
1431 4964 1509 5012 uilior
1525 4963 1587 5012 V·
1606 4965 1777 5027 mame

445 5066 472 5078 -
486 5038 527 5090 tt.
545 5041 634 5089 tertiae
647 5044 721 5101 poter
732 5065 768 5076 --
779 5045 868 5087 ouium
884 5040 1025 5100 occepimus
1036 5044 1070 5099 (v.
1083 5040 1125 5099 it)
1143 5052 1197 5087 om.
1211 5038 1230 5086 C
1251 5062 1278 5073 -
1298 5038 1373 5086 tertia
1388 5044 1462 5099 putre
1476 5052 1545 5088 corr.
1559 5054 1591 5090 er
1604 5042 1695 5092 urtice
1704 5046 1779 5103 poter

443 5117 480 5173 B3
499 5117 574 5164 tertio
590 5119 691 5175 epatre
707 5113 727 5162 Ε
746 5138 772 5147 -
794 5114 886 5163 Graeci
902 5126 974 5174 saepe
993 5114 1013 5163 0
1033 5140 1059 5150 -
1084 5116 1125 5163 ra.
1144 5114 1259 5174 dpous'sos
1275 5125 1343 5161 corr.
1363 5114 1388 5162 in
1407 5114 1531 5174 dyonisius
1547 5118 1580 5177 A,
1606 5116 1732 5177 dvonislos
1747 5117 1776 5178 P,

442 5192 560 5242 diorisios
576 5189 596 5238 C
613 5215 645 5226 -
664 5188 704 5238 46.
722 5189 805 5237 sissm
823 5189 843 5235 V
862 5216 890 5225 -
910 5189 949 5238 tt.
969 5189 1059 5239 Cabiro
1081 5191 1132 5238 iac.
1153 5190 1317 5237 Gronovius:
1340 5190 1428 5250 caprio
1445 5190 1569 5249 ABEP,
1593 5204 1690 5253 copryyo
1706 5191 1729 5239 V
1748 5217 1776 5228 -

437 5268 562 5331 perscissa
573 5265 604 5313 V¹
617 5291 643 5301 -
663 5265 705 5313 cui
721 5264 831 5312 Sobosia
844 5264 990 5313 Manutius:
1008 5266 1080 5312 cuius
1092 5263 1190 5313 classo
1200 5266 1221 5313 A
1232 5263 1265 5321 E,
1284 5262 1355 5310 cuius
1371 5262 1485 5312 Musaeo
1503 5265 1521 5312 B
1532 5264 1582 5313 PV
1593 5279 1599 5319 ;
1618 5267 1659 5314 cui
1672 5264 1777 5315 ecberte

443 5345 602 5399 cromerus,
620 5340 641 5388 0
657 5364 683 5374 -
699 5339 739 5388 48.
758 5340 845 5400 confici
862 5351 930 5388 corr.
950 5351 982 5386 ex
996 5340 1091 5399 confeci
1102 5342 1121 5389 A
1133 5339 1154 5387 V
1168 5365 1194 5374 -
1218 5337 1257 5385 49.
1272 5338 1352 5386 tiiooe
1369 5338 1388 5386 B
1399 5337 1418 5387 li
1434 5363 1461 5374 -
1478 5339 1518 5388 20.
1537 5338 1703 5389 elidelubrurrs
1713 5342 1735 5389 A
1745 5335 1775 5399 V,

442 5419 474 5469 eli
486 5420 563 5476 (corr.
577 5418 603 5464 in
619 5413 675 5476 beli}
687 5414 816 5462 delubrum
827 5415 855 5472 Β,
873 5414 913 5462 eti.
927 5413 1056 5461 delubrum
1068 5416 1095 5471 Ρ,
1112 5414 1172 5463 belis
1183 5411 1312 5461 delubrum
1325 5413 1343 5462 E
1361 5437 1387 5447 -
1408 5413 1518 5462 uidimus
1532 5426 1601 5463 corr.
1617 5414 1677 5466 ead.
1691 5426 1729 5465 m.
1742 5423 1776 5462 ex

441 5496 554 5543 uidem
570 5491 592 5539 V
607 5516 630 5527 -
647 5490 688 5538 tl.
701 5489 839 5549 accipimus
856 5490 913 5537 P-
928 5489 968 5537 ii.
987 5491 1060 5537 tertio
1077 5489 1096 5537 B
1112 5514 1138 5524 -
1152 5487 1193 5537 23.
1207 5492 1307 5535 animos
1323 5499 1392 5536 corr.
1410 5488 1578 5538 innumeros
1593 5490 1644 5539 AB
1659 5514 1687 5524 -
1705 5489 1777 5549 surio

442 5580 578 5633 superscr.
596 5566 656 5615 atio
671 5564 694 5612 V
713 5590 740 5600 -
763 5564 892 5625 Cyproque
908 5566 951 5622 tes
968 5562 1088 5627 Ampelio
1107 5564 1134 5611 et
1150 5564 1186 5612 io.
1206 5561 1290 5623 Lydo)
1308 5562 1473 5613 Creuzorus:
1499 5576 1608 5625 syropus
1625 5561 1775 5625 ARCPV,

442 5650 547 5708 tyroque
564 5642 583 5691 E
608 5666 636 5678 ·-
660 5640 701 5688 25.
719 5638 841 5699 apollonis
857 5635 918 5687 AV¹
938 5663 964 5673 -—
988 5639 1029 5688 26.
1047 5638 1159 5687 salsam
1175 5641 1209 5697 A,
1227 5638 1321 5687 saletos
1338 5638 1401 5697 BC,
1418 5639 1494 5688 solae
1510 5638 1573 5699 EV,
1592 5639 1695 5689 saleim
1711 5640 1731 5691 P
1748 5662 1778 5673 -·

442 5733 460 5769 o
477 5718 600 5767 ARCP:
619 5727 673 5764 om.
693 5712 773 5762 EVO
793 5738 820 5749 -
838 5714 879 5762 il.
898 5713 983 5774 corase
999 5713 1142 5764 ABCEV
1160 5713 1405 5775 (superscecoruce
1421 5714 1451 5776 V)
1472 5738 1499 5749 -
1519 5712 1629 5784 Kopiuv
1646 5726 1714 5764 nos:
1732 5725 1779 5764 co·

441 5794 501 5842 rica
518 5794 538 5841 A
549 5793 567 5841 B
578 5791 597 5841 C
608 5790 627 5840 E
637 5790 657 5836 V
675 5789 700 5851 (o
718 5789 743 5837 lu
762 5800 814 5837 res.
827 5788 870 5850 ills
891 5788 993 5838 Corium
1009 5789 1029 5838 0
1044 5813 1071 5824 -
1090 5787 1131 5836 il.
1149 5790 1270 5849 pinorum
1287 5801 1356 5837 corr.
1371 5789 1396 5837 in
1412 5801 1537 5849 perronem
1548 5791 1569 5838 A
1580 5803 1586 5843 ς
1603 5785 1779 5852 pesam!

444 5892 472 5905 -
491 5867 532 5916 44.
551 5866 595 5929 pst
610 5865 675 5914 ueris
692 5863 828 5912 Davisius:
848 5864 947 5924 quidem
964 5861 987 5913 44
1005 5888 1032 5899 -
1052 5867 1153 5911 usuros
1169 5873 1239 5912 corr.
1259 5863 1285 5911 in
1303 5867 1435 5914 camuros
1450 5864 1500 5913 AB
1515 5889 1541 5900 -
1556 5862 1596 5914 M.
1610 5864 1714 5927 cispa
1725 5863 1781 5914 br·

443 5941 542 5991 rurus:
561 5946 636 6002 orpus
652 5936 688 5999 V,
706 5941 730 5987 st
747 5936 824 5998 8¹05
842 5948 896 5988 om.
915 5936 1073 5989 aucae.
1092 5936 1133 5989 Ci.
1149 5950 1179 6002 p.
1191 5936 1249 6002 toa,
1268 5938 1309 5988 44.
