4342 7459
914 1465 1296 1543 malarumve

524 1788 549 1851 1.
572 1783 602 1853 l.
623 1789 695 1852 Non
717 1807 803 1853 eram
824 1790 968 1867 nescius,
990 1794 1104 1868 Brute,
1125 1812 1215 1867 cum,
1237 1811 1320 1877 quae
1342 1792 1472 1858 summis
1494 1793 1631 1877 ingeniis
1653 1796 1768 1879 exqui-

441 1882 565 1967 sitaque
597 1884 741 1947 doctrina
770 1883 950 1968 philosophi
978 1885 1099 1950 Graeco
1133 1905 1280 1949 sermone
1308 1886 1543 1962 tractavissent,
1578 1907 1615 1950 ea
1643 1888 1767 1954 Latinis

440 1977 553 2042 litteris
581 1979 818 2053 mandaremus,
844 1979 912 2043 lore
941 1988 977 2043 ut
1002 1979 1055 2043 hic
1085 1988 1193 2044 noster
1213 1979 1302 2044 lahor
1323 1980 1356 2042 in
1378 1979 1481 2044 varias
1501 1980 1767 2064 reprehensiones

439 2074 632 2150 incurreret;
653 2094 726 2139 nam
742 2075 949 2158 quibusdam,
970 2083 1002 2140 et
1022 2075 1062 2138 iis
1078 2074 1208 2157 quidem
1222 2093 1286 2138 non
1301 2073 1472 2138 admodum
1487 2074 1641 2150 indoctis,
1663 2083 1767 2141 totum

417 2165 500 2231 thoe
521 2167 669 2251 displicet
689 2169 917 2252 philosophari.
955 2169 1092 2248 Quidam
1114 2175 1219 2231 autem
1242 2187 1306 2231 non
1328 2174 1391 2231 tam
1413 2167 1447 2230 id
1463 2167 1715 2251 reprehendunt,
1738 2171 1766 2235 si

438 2261 601 2325 remissius
622 2268 747 2345 agatur,
769 2264 824 2327 sed
846 2270 968 2328 tantum
989 2263 1131 2328 studium
1151 2256 1280 2346 tamque
1295 2261 1425 2325 multam
1441 2280 1570 2344 operam
1587 2263 1768 2345 ponendam

439 2353 471 2416 in
494 2374 531 2418 eo
555 2375 618 2419 non
640 2357 839 2421 arbitrantur.
881 2358 984 2421 Erunt
1005 2359 1115 2432 etiam,
1138 2354 1223 2419 ethi
1245 2354 1376 2438 quidem
1400 2354 1516 2417 eruditi
1532 2355 1660 2420 Graecis
1681 2356 1768 2421 litto·

438 2449 497 2522 ris,
526 2456 764 2514 contemnentes
790 2451 936 2526 Latinas,
966 2452 1021 2535 qui
1050 2471 1084 2514 se
1114 2450 1220 2514 dicant
1253 2450 1285 2512 in
1316 2448 1444 2512 Graecis
1470 2448 1613 2531 legendis
1636 2469 1768 2533 operam

440 2542 534 2605 malle
561 2564 755 2608 consumere.
794 2546 957 2609 Postremo
986 2547 1112 2628 aliquos
1141 2544 1264 2607 futuros
1286 2543 1446 2627 suspicor,
1474 2544 1530 2624 qui
1552 2562 1602 2606 me
1625 2542 1665 2606 ad
1687 2544 1767 2607 alias

403 2638 431 2685 ⁴⁰
439 2634 559 2698 litteras
580 2646 710 2713 vocent,
732 2658 832 2721 genus
852 2639 915 2703 hoc
936 2640 1110 2715 scribendi,
1132 2639 1193 2703 etsi
1214 2639 1256 2702 sit
1274 2638 1418 2719 elegans,
1441 2656 1597 2719 personae
1612 2645 1719 2701 tamen
1734 2644 1768 2701 et

440 2729 600 2811 dignitatis
623 2752 693 2796 esse
710 2742 835 2816 negent.
871 2730 901 2796 2.
918 2734 1033 2797 Contra
1048 2754 1128 2817 quos
1144 2734 1246 2796 omnis
1263 2730 1430 2795 dicendum
1448 2731 1587 2795 breviter
1602 2731 1766 2795 existimo:

440 2843 630 2909 quamquam
659 2827 880 2910 philosophiae
903 2828 1031 2912 quidem
1053 2826 1318 2911 vituperatoribus
1348 2826 1425 2889 satis
1447 2845 1633 2908 responsum
1656 2833 1706 2888 est
1727 2844 1766 2889 eo

438 2916 536 2993 libro,
559 2940 623 3003 quo
645 2940 663 2984 a
686 2921 775 2984 nobis
797 2920 998 3005 philosophia
1020 2922 1149 2986 defensa
1172 2929 1204 2984 et
1225 2918 1403 2984 collaudata
1425 2928 1488 2993 est,
1512 2939 1583 2983 cum
1607 2928 1692 2983 esset
1713 2940 1766 2983 ac-

440 3021 549 3077 cusata
570 3022 603 3077 et
623 3015 800 3100 vituperata
822 3016 861 3078 ab
883 3016 1063 3079 Hortensio.
1102 3015 1165 3091 Qui
1187 3015 1268 3077 liber
1288 3033 1360 3076 cum
1383 3021 1415 3076 et
1437 3014 1494 3077 tibi
1514 3013 1663 3098 probatus
1678 3015 1768 3078 vide-

402 3108 526 3170 ⁴‘iretur
553 3115 585 3170 et
606 3109 660 3184 iis,
690 3129 770 3193 quos
793 3129 851 3192 ego
875 3129 968 3193 posse
995 3110 1134 3174 iudicare
1157 3109 1339 3182 arbitrarer,
1365 3107 1458 3190 plura
1479 3108 1617 3191 suscepi,
1647 3108 1768 3172 veritus

439 3220 480 3264 ne
502 3221 629 3266 movere
650 3203 815 3268 hominum
837 3203 942 3267 studia
964 3202 1105 3278 viderer,
1128 3205 1265 3267 retinere
1287 3222 1351 3266 non
1373 3221 1476 3286 posse.
1514 3201 1577 3277 Qui
1599 3210 1716 3279 autem,
1739 3203 1769 3268 si

439 3297 576 3360 maxime
598 3297 659 3361 hoc
681 3298 819 3380 placeat,
848 3297 1040 3360 moderatius
1064 3305 1168 3360 umen
1190 3298 1223 3361 id
1246 3298 1357 3360 volunt
1377 3293 1461 3371 fieri,
1484 3292 1645 3359 difficilem
1667 3316 1769 3379 quan·

440 3391 511 3455 dam
538 3394 778 3475 temperantiam
808 3392 1023 3474 postulantia
1045 3410 1103 3465 eo,
1133 3391 1220 3474 quod
1242 3391 1340 3454 semel
1362 3390 1534 3455 admissum
1557 3392 1697 3455 coerceri
1719 3412 1770 3455 re·

439 3486 596 3570 primique
616 3506 681 3549 non
697 3491 816 3568 potest,
840 3492 874 3548 ut
887 3486 1117 3568 propemodum
1132 3485 1316 3548 iustioribus
1329 3492 1455 3548 uhmur
1468 3485 1542 3560 illis,
1565 3484 1620 3568 qui
1636 3484 1769 3549 omnino

401 3578 574 3644 ¹⁰avocent
596 3601 615 3644 a
636 3578 851 3663 philosophia,
874 3597 969 3662 quarn
992 3577 1052 3653 his,
1075 3578 1131 3660 qui
1154 3578 1247 3642 rebus
1269 3575 1400 3642 infinitis
1423 3578 1553 3642 modum
1575 3579 1771 3644 constituant

440 3673 594 3757 iureque
618 3693 656 3736 co
681 3673 825 3748 meliore,
847 3693 911 3756 quo
934 3673 1036 3736 maior
1057 3674 1112 3747 sit,
1136 3672 1384 3736 mediocritatem
1407 3672 1598 3736 desiderent
1641 3669 1672 3735 3.
1696 3673 1769 3738 Sive

440 3765 526 3830 enim
547 3767 587 3830 ad
610 3766 796 3850 sapientiam
818 3766 976 3851 perveniri
999 3774 1119 3850 potest,
1141 3787 1207 3831 non
1229 3768 1369 3852 paranda
1390 3768 1484 3830 nobis
1506 3767 1611 3831 solum
1633 3786 1689 3841 ea,
1711 3767 1770 3831 sed

438 3860 571 3925 inienda
594 3862 690 3925 etiam
713 3869 777 3936 est3
800 3862 868 3925 sive
891 3858 949 3926 hoc
971 3858 1100 3925 difficile
1124 3869 1186 3937 est,
1208 3870 1312 3924 tamen
1336 3882 1394 3924 nec
1409 3862 1521 3925 modus
1543 3869 1592 3925 est
1612 3861 1698 3925 ullus
1720 3861 1770 3924 in-

439 3952 614 4038 vestigandi
636 3956 718 4030 veri,
740 3955 802 4019 nisi
824 3955 1001 4032 inveneris,
1033 3964 1064 4019 et
1086 3956 1260 4039 quaerendi
1283 3955 1466 4037 defetigatio
1488 3955 1589 4039 turpis
1612 3964 1673 4031 est,
1696 3976 1769 4021 cunr

401 4048 490 4124 fflid,
512 4049 598 4131 quod
621 4050 797 4133 quaeritur,
819 4051 860 4113 sit
881 4050 1136 4133 pulcherrimum.
1171 4050 1296 4113 Etenim
1319 4050 1345 4111 si
1369 4047 1579 4125 delectamur,
1602 4071 1673 4114 cum
1691 4051 1770 4114 scri-

438 4143 559 4217 bimus,
591 4146 664 4227 quis
694 4153 742 4208 est
772 4152 834 4209 tam
856 4144 998 4219 invidus,
1032 4146 1087 4230 qui
1112 4144 1151 4205 ab
1174 4163 1213 4206 eo
1235 4163 1293 4205 nos
1315 4142 1472 4206 abducatl
1507 4145 1556 4207 sin
1578 4143 1768 4218 laboramus,

440 4237 513 4320 quis
542 4245 605 4312 est,
638 4241 693 4321 qui
721 4239 844 4302 alienae
871 4237 999 4300 modum
1027 4245 1144 4301 statuat
1171 4236 1367 4300 industriae?
1401 4238 1479 4301 Nam
1503 4244 1538 4301 ut
1560 4237 1769 4302 Terentianus

441 4328 590 4395 Chremes
613 4351 677 4395 non
699 4334 905 4407 inhumanus,
929 4334 985 4416 qui
1008 4352 1123 4396 novum
1146 4331 1286 4394 vicinum
1308 4349 1373 4392 non
1395 4330 1463 4393 vult

634 4426 766 4491 fodere
787 4434 852 4491 aut
874 4446 981 4490 arare
1003 4434 1064 4490 aut
1087 4426 1234 4508 aliquid
1256 4425 1360 4488 ferre
1383 4426 1564 4509 denique,

402 4518 480 4567 ³⁰-
502 4539 567 4584 non
596 4522 680 4585 enim
708 4522 798 4585 illum
825 4523 864 4585 ab
894 4521 1063 4596 industria,
1091 4522 1147 4584 sed
1170 4522 1208 4584 ab
1236 4521 1380 4584 illiberali
1408 4520 1516 4583 labore
1541 4520 1695 4594 deterret,
1725 4553 1770 4569 -

439 4614 486 4678 sic
514 4614 568 4679 isti
599 4616 731 4691 curiosi,
764 4636 845 4700 quos
875 4615 1007 4679 ollandit
1032 4624 1141 4679 noster
1168 4615 1296 4678 minime
1323 4615 1417 4678 nobis
1445 4614 1639 4679 iniucundus
1667 4613 1769 4679 labor.

439 4709 479 4772 ll.
501 4705 532 4773 l.
563 4709 606 4772 lis
634 4711 729 4792 igitur
758 4718 807 4773 est
834 4708 993 4772 difficilius
1025 4710 1101 4773 setis
1127 4709 1248 4784 lacere,
1282 4710 1336 4792 qui
1369 4730 1404 4772 se
1434 4709 1543 4772 Latina
1572 4706 1688 4791 scripta
1720 4708 1771 4772 di·

440 4809 517 4866 cunt
550 4812 763 4868 contemnere.
812 4806 848 4867 ln
877 4805 993 4889 quibus
1021 4804 1082 4867 hoc
1113 4804 1248 4886 primum
1282 4811 1346 4877 est,
1383 4804 1415 4866 in
1443 4824 1506 4888 quo
1528 4802 1682 4877 admirer,
1712 4824 1771 4868 cur

440 4896 474 4959 in
495 4897 688 4981 gravissimis
709 4898 803 4963 rebus
825 4917 889 4961 non
914 4897 1048 4962 delectet
1069 4917 1125 4961 eos
1148 4918 1250 4962 sermo
1273 4898 1410 4981 patrius,
1437 4919 1509 4961 cum
1532 4898 1615 4962 idem
1636 4897 1770 4963 fabellas

504 5164 650 5213 lusoarrrro.
677 5163 760 5214 Marci
783 5163 854 5212 Tullii
877 5163 1001 5214 Cicereius
1021 5165 1051 5212 dc
1070 5162 1161 5226 finibus
1181 5164 1306 5213 motorum
1322 5168 1346 5213 et
1364 5163 1485 5212 bononem
1501 5163 1536 5213 od
1552 5164 1658 5213 Bucam
1670 5165 1772 5226 primos

438 5236 500 5289 liber
515 5238 602 5299 incipit
612 5239 646 5295 Ας
665 5240 748 5289 ilorci
761 5239 832 5289 Tullii
844 5239 968 5289 Ciceroms
985 5240 1014 5289 de
1029 5239 1120 5301 fluibus
1136 5239 1256 5289 bonorum
1273 5245 1295 5289 et
1311 5240 1438 5289 motorum
1455 5237 1517 5287 liber
1530 5239 1628 5301 primm
1639 5240 1727 5302 incipit
1737 5241 1768 5295 Β.

504 5321 528 5372 l.
546 5321 585 5385 its]
603 5323 640 5372 iis
656 5325 686 5383 Α,
704 5324 749 5385 bys
764 5324 793 5382 B,
813 5326 839 5373 et
855 5324 894 5373 sic
912 5336 1033 5387 semper,
1053 5338 1085 5374 ne
1104 5322 1187 5374 semel
1206 5324 1314 5388 quidem
1332 5325 1363 5373 iis
1382 5351 1409 5360 —
1427 5324 1452 5371 o.
1470 5336 1520 5371 noo
1537 5328 1590 5373 mm
1606 5323 1632 5373 id
1648 5324 1767 5375 ABCE:

437 5411 488 5447 ooo
505 5398 531 5446 id
548 5397 631 5454 tamo
646 5424 673 5434 -
691 5397 901 5461 reprehenderunt
917 5393 977 5448 A¹c
994 5424 1028 5436 ·-
1045 5399 1069 5449 8.
1088 5405 1283 5462 conterapocotas
1298 5400 1347 5449 ΑΒ
1365 5397 1465 5461 ubique
1483 5423 1516 5433 —
1535 5397 1575 5449 43.
1593 5411 1612 5447 o
1626 5397 1697 5447 cobis
1710 5399 1771 5462 pbi-

437 5472 549 5534 tosopttio
564 5474 600 5523 A:
622 5473 775 5534 philosophia
791 5485 809 5521 c
825 5472 894 5521 nobis
917 5474 970 5523 ΒΜ
988 5500 1015 5509 -
1039 5475 1078 5523 tt.
1102 5474 1183 5536 plocet
1204 5476 1223 5523 B
1242 5499 1268 5508 —
1297 5473 1336 5523 43.
1354 5473 1427 5522 senet
1448 5474 1501 5521 iam
1521 5474 1623 5522 missam
1638 5473 1720 5524 ABD
1739 5501 1769 5513 -·

437 5548 479 5597 22.
498 5549 532 5596 od
548 5560 602 5597 om.
619 5548 639 5596 B
659 5574 687 5585 -
705 5548 746 5599 23.
765 5549 841 5598 aiom
857 5553 892 5597 cst
909 5548 969 5598 cod.
989 5548 1113 5599 Elieusis:
1131 5551 1207 5599 etiam
1222 5549 1347 5611 sapientia
1363 5550 1472 5606 estAB;
1491 5550 1566 5598 etiam
1580 5548 1722 5613 [saphatia]
1735 5555 1771 5601 est

438 5623 459 5671 0
478 5645 505 5658 -
525 5623 590 5673 udas
606 5623 676 5673 estB
695 5648 723 5658 -
742 5620 783 5673 st.
802 5628 825 5671 ct
842 5635 895 5672 om.
909 5624 928 5672 B
944 5650 971 5658 —
990 5624 1131 5687 defetigatio
1142 5623 1186 5673 A2:
1208 5624 1352 5686 defatigatio
1370 5622 1458 5674 A¹BO
1471 5649 1497 5659 -
1517 5624 1558 5674 26.
1576 5624 1683 5686 termus]
1700 5626 1771 5675 timi-

438 5698 519 5746 44443
539 5724 566 5735 -
591 5698 701 5747 obducet
722 5699 784 5747 AB:
809 5699 913 5746 deducat
935 5698 989 5747 ΕΜ
1009 5726 1035 5735 -
1058 5700 1098 5748 29.
1118 5699 1192 5762 seme]
1215 5700 1298 5761 soom
1315 5700 1386 5749 Rich.
1405 5700 1538 5751 Bentleius
1556 5713 1597 5764 ap.
1617 5701 1770 5752 Terentium

440 5773 579 5823 Heautont.
594 5774 617 5835 1,
632 5775 655 5833 4,
667 5774 707 5832 ⁴7,
725 5772 797 5822 unde
814 5773 858 5822 hic
869 5785 963 5823 versus
975 5772 1131 5837 desumptus
1149 5776 1197 5823 est.
1214 5801 1240 5810 -
1260 5774 1300 5822 34.
1314 5776 1417 5823 ostendit
1434 5777 1453 5824 B
1470 5802 1494 5812 -
1513 5775 1554 5825 32.
1572 5776 1606 5824 lis
1623 5777 1767 5827 Manutius:

438 5846 476 5895 his
491 5847 571 5896 ΑΒΟ
595 5875 622 5884 -
645 5850 721 5898 latim
741 5848 801 5898 A²c
818 5874 851 5885 -
875 5848 916 5899 33.
934 5853 982 5909 est,
1006 5850 1071 5909 qood
1093 5849 1200 5897 demirer
1221 5847 1378 5905 Lambinus;
1403 5848 1493 5899 malim
1509 5854 1545 5898 est
1561 5850 1626 5911 good
1642 5850 1721 5900 mirer
1739 5877 1768 5888 -

440 5921 481 5973 at.
499 5926 694 5986 semopotrios
708 5925 773 5977 AB:
791 5925 892 5989 potitus
908 5937 988 5975 renuo
1005 5925 1058 5975 blo
1077 5949 1105 5960 —
1124 5922 1189 5990 cam]
1207 5923 1295 5974 lomb
1316 5949 1341 5962 -
1361 5924 1426 5974 wau
1441 5923 1504 5975 AB:
1522 5924 1598 5974 iidm
1613 5923 1678 5975 llo.
