4342 7459
754 1236 825 1298 ι...
846 1235 886 1297 n.
915 1234 989 1300 ι...
1011 1232 1161 1301 v-vn
1185 1231 1233 1317 ιι
1256 1229 1400 1297 ιι-ιι.
1677 1191 1741 1296 osv

410 1399 555 1465 nuntiata
581 1404 656 1459 sunt
683 1430 725 1441 -
752 1393 815 1458 etsi
841 1396 921 1459 baec
949 1395 1017 1478 ipsa
1046 1394 1177 1461 fortuita
1206 1401 1298 1469 sunt,
1329 1394 1520 1477 plenamque
1539 1392 1644 1467 enim,
1675 1411 1742 1458 non

410 1511 538 1574 semper
564 1489 736 1554 eveniunt:
769 1508 853 1573 quae
875 1496 925 1554 est
946 1489 1060 1571 igitur,
1089 1497 1146 1552 aut
1165 1488 1222 1552 nbi
1244 1495 1389 1552 versatur
1408 1487 1609 1551 fortuitarum
1634 1507 1743 1552 rerum

408 1585 602 1669 praesensio,
627 1601 723 1666 quam
745 1582 973 1646 divinationem
993 1584 1110 1645 vocas?
1134 1601 1216 1666 quae
1232 1583 1316 1646 enim
1330 1581 1519 1665 praesentiri
1535 1590 1591 1645 aut
1606 1589 1672 1645 arte
1687 1592 1743 1646 aut

408 1680 532 1742 ratione
553 1683 609 1741 ant
630 1697 691 1740 usu
713 1683 768 1739 aut
789 1676 972 1742 coniectura
992 1683 1141 1757 possunt,
1164 1696 1203 1741 ea
1224 1695 1290 1740 non
1313 1676 1428 1739 divinis
1450 1675 1619 1740 tribuenda
1639 1683 1742 1758 putas,

408 1772 465 1837 sed
488 1772 611 1856 peritis.
653 1772 699 1834 lta
721 1769 913 1854 relinquitur
939 1778 975 1832 ut
996 1789 1034 1833 ea
1054 1769 1188 1833 fortuita
1209 1770 1344 1834 divinari
1372 1770 1514 1854 possint,
1543 1790 1628 1853 quse
1654 1769 1763 1834 nouis

408 1887 469 1932 nec
491 1876 560 1931 arte
583 1885 643 1929 nec
664 1864 824 1947 sapientia
844 1864 1007 1946 provideri
1022 1873 1170 1946 possunt,
1187 1872 1235 1939 ut,
1251 1864 1278 1927 si
1297 1865 1369 1947 quis
1383 1865 1426 1928 bl.
1437 1863 1622 1928 Marcellum
1640 1862 1742 1938 illurn,

408 1961 465 2044 qui
488 1969 537 2025 ter
557 1959 669 2023 consul
690 1958 761 2031 luit,
785 1958 893 2021 multis
914 1958 1009 2020 annis
1031 1966 1106 2021 ante
1131 1957 1267 2021 dixisset
1287 1956 1453 2040 naufragio
1468 1977 1540 2020 esse
1555 1958 1742 2040 periturum,

409 2054 584 2118 divinasset
604 2051 758 2135 prolecto.
801 2052 897 2118 Nulla
919 2051 1003 2114 enim
1025 2059 1094 2114 arte
1115 2051 1179 2115 alia
1201 2052 1234 2115 id
1255 2071 1324 2116 nec·
1340 2050 1497 2133 sapientia
1518 2050 1599 2113 scire
1620 2051 1743 2132 potuis·

408 2156 467 2215 set.
510 2146 636 2216 Talium
658 2165 734 2229 ergo
755 2165 882 2220 rerum,
909 2164 992 2229 qnae
1014 2145 1048 2208 in
1070 2144 1199 2210 fortuna
1221 2147 1346 2227 positae
1367 2151 1461 2218 sunt,
1487 2144 1673 2228 praesensio
1694 2143 1743 2207 dl·

407 2240 529 2306 vinatio
552 2248 611 2304 est.
1749 2250 1778 2298 io

493 2334 546 2395 vi.
577 2328 628 2395 lb.
657 2335 808 2397 Potestne
835 2332 935 2415 igitur
963 2352 1072 2396 earum
1103 2353 1228 2407 rernm,
1257 2350 1339 2414 quae
1360 2330 1438 2396 nibil
1459 2330 1578 2400 babent
1599 2332 1743 2408 rationis,

405 2447 507 2511 ,quare
528 2426 656 2519 futurae
676 2428 750 2501 sint,
773 2446 845 2490 esse
866 2426 933 2490 ulla
954 2429 1161 2510 praesensio?
1182 2424 1262 2510 quid
1284 2433 1335 2491 est
1355 2426 1440 2489 enim
1461 2424 1548 2489 aliud
1561 2424 1643 2500 lora,
1665 2425 1744 2510 quid

408 2521 556 2595 lenone,
589 2521 667 2604 quid
689 2540 804 2595 casus,
837 2520 916 2604 quid
939 2528 1091 2595 eventus,
1119 2522 1182 2584 nisi
1209 2539 1283 2583 curn
1311 2520 1359 2584 sic
1384 2518 1508 2604 aliquid
1535 2520 1670 2595 cecidit,
1699 2521 1745 2586 sic

409 2615 536 2690 evenit,
563 2623 600 2680 ut
626 2614 678 2679 vel
707 2613 799 2677 aliter
826 2614 940 2678 cadere
967 2622 1066 2697 atque
1095 2614 1226 2678 evenire
1254 2613 1420 2696 potuerit?
1454 2633 1519 2696 quo
1544 2613 1641 2682 nodo
1666 2633 1743 2698 erpo

408 2709 457 2783 id,
486 2708 572 2791 quod
592 2716 723 2773 temere
753 2704 789 2772 lit
816 2727 912 2772 caeco
940 2728 1015 2773 casu
1037 2716 1069 2772 et
1091 2707 1288 2772 volubilitate
1309 2706 1473 2781 fortunae,
1502 2708 1689 2789 praesentiri
1712 2715 1780 2773 etis

409 2803 552 2885 praedici
584 2804 715 2886 potenti
773 2796 825 2865 io.
858 2801 1001 2867 Medicus
1034 2802 1180 2866 morbum
1212 2803 1484 2885 ingravescentem
1515 2801 1641 2866 ratione
1672 2821 1745 2885 pro-

408 2895 515 2970 videt,
547 2895 680 2959 insidias
713 2898 906 2979 imperator,
938 2903 1143 2979 tempestates
1176 2896 1390 2979 gubernatcrc
1426 2901 1460 2957 et
1489 2902 1596 2960 umen
1624 2895 1650 2960 ii
1682 2896 1746 2979 ipsi

409 3008 506 3071 saepe
526 2988 689 3068 falluntur,
713 2992 771 3074 qui
791 2990 874 3054 nibil
894 2990 964 3056 sine
986 2997 1073 3054 certa
1094 2989 1217 3054 ratione
1239 2990 1427 3073 opinantur:
1448 2996 1486 3052 nt
1506 2988 1657 3071 agricola,
1671 3009 1745 3054 cum

409 3083 520 3146 dorem
547 3082 638 3149 oleae
666 3083 771 3157 videt,
797 3083 906 3154 bacam
929 3090 1060 3166 qucum
1087 3102 1122 3148 se
1144 3084 1287 3148 visurum
1308 3091 1415 3167 putat,
1442 3101 1509 3146 nun
1531 3084 1600 3146 sine
1620 3084 1746 3148 ratione

410 3176 464 3241 ille
492 3175 638 3260 quiden,
667 3177 723 3241 sed
751 3197 816 3241 non
842 3196 1016 3260 numquam
1043 3184 1150 3241 tamen
1175 3175 1307 3241 fallitur.
1350 3173 1446 3254 Quod
1474 3175 1503 3246 si
1528 3174 1683 3240 falluntur
1700 3177 1781 3253 iim

410 3270 466 3353 qui
497 3270 578 3334 nibil
609 3272 679 3335 sino
710 3272 821 3356 aliqua
851 3270 1011 3354 probabili
1040 3271 1227 3336 coniectura
1265 3291 1303 3338 ac
1341 3272 1464 3336 ratione
1501 3269 1634 3353 dicum,
1665 3270 1745 3355 qnid

411 3363 658 3430 existimandum
680 3373 730 3430 cst
751 3366 792 3429 de
815 3366 995 3429 coniectura
1017 3384 1142 3440 sonim,
1172 3365 1229 3449 qui
1251 3366 1332 3431 extis
1353 3373 1411 3430 sut
1430 3365 1542 3430 avibus
1562 3372 1620 3431 aut
1639 3374 1746 3432 osten-
1871 3374 1876 3383 '

410 3460 451 3521 tis
476 3467 533 3524 aut
560 3459 676 3525 oraclis
704 3468 761 3523 sut
788 3459 920 3523 somniis
949 3458 1056 3523 tutnra
1081 3459 1326 3543 praesentiunt?
1370 3458 1518 3522 Nondum
1546 3455 1618 3524 dico
1647 3479 1744 3544 quan

410 3552 491 3616 baec
509 3553 599 3635 signa
617 3553 706 3619 nulla
721 3554 802 3628 sint,
816 3553 928 3619 lissum
943 3554 1075 3627 iecoris,
1090 3554 1178 3617 corvi
1193 3559 1320 3627 cantus,
1335 3552 1462 3617 volatus
1474 3553 1617 3637 aquilae,
1632 3554 1744 3620 stellae

411 3647 566 3722 traiectio,
587 3666 682 3712 voces
702 3647 888 3722 lucentium,
910 3656 1024 3722 sortes,
1046 3648 1180 3721 somnis,
1203 3647 1243 3710 de
1265 3646 1382 3730 qulbus
1403 3646 1538 3730 singulis
1559 3646 1661 3714 dicam
1683 3658 1782 3715 sucas

410 3739 499 3815 loco,
533 3761 618 3808 nunc
646 3741 687 3803 de
715 3742 884 3806 universis.
927 3736 979 3804 is.
1010 3740 1074 3817 Qui
1094 3748 1201 3825 potest
1224 3740 1386 3823 provideri
1407 3740 1580 3824 quicquam
1600 3741 1744 3810 futurum

411 3851 503 3908 esse,
531 3835 617 3916 quod
639 3854 745 3917 neque
768 3854 894 3902 causans
917 3835 1135 3900 babet-ullam
1157 3853 1264 3918 neqw
1285 3841 1412 3908 nomm,
1440 3852 1496 3898 cur
1515 3834 1656 3900 futurum
1679 3839 1743 3902 siit

411 3926 495 3992 Solis
517 3927 712 3992 delectiones
735 3930 876 4013 itemque
897 3929 992 3992 lunae
1014 3928 1242 4013 praedicuntur
1261 3928 1296 3991 in
1310 3926 1429 3994 maritos
1444 3946 1546 3992 annos
1560 3929 1601 3994 ab
1616 3930 1673 4006 iis,
1687 3930 1745 4016 qui

411 4019 552 4088 siderum
573 4029 677 4086 motus
700 4024 842 4088 nuneris
863 4030 1080 4107 persecuntur.
1113 4024 1161 4086 Ee
1180 4020 1368 4107 praedicunt
1389 4022 1485 4096 eninr,
1507 4042 1590 4106 quae
1612 4032 1744 4090 namrse

412 4116 585 4178 necessitas
604 4116 785 4196 perfectura
800 4124 859 4180 est.
892 4116 1011 4180 Vident
1033 4136 1075 4178 ex
1096 4115 1355 4180 constantissimo
1377 4124 1466 4180 motu
1489 4115 1593 4193 lunae,
1616 4119 1782 4202 quandoso

411 4208 467 4271 illa
500 4229 518 4271 e
548 4210 680 4292 regione
707 4211 783 4273 solis
809 4209 892 4274 iacta
924 4211 1065 4274 incurrat
1092 4210 1126 4272 in
1153 4209 1294 4272 umbram
1321 4217 1441 4283 terrae,
1473 4230 1555 4293 quas
1585 4220 1635 4275 est
1659 4222 1745 4280 meta

412 4304 531 4376 noctis,
560 4311 595 4365 ut
615 4324 685 4368 eam
708 4305 869 4368 obscurari
891 4323 1023 4367 neccsse
1045 4306 1101 4378 sit,
1131 4302 1324 4386 quandoque
1347 4303 1458 4367 eadem
1482 4305 1571 4379 luna,
1601 4306 1745 4372 subiecta

411 4403 509 4478 atque
531 4396 677 4479 obposita
698 4398 780 4472 soli,
814 4399 932 4461 nostris
954 4398 1056 4461 oculis
1079 4398 1149 4461 eius
1171 4398 1279 4459 lumen
1300 4397 1468 4472 obscuret,
1501 4418 1566 4481 qno
1594 4399 1743 4483 insigne

413 4508 562 4574 quaeque
591 4492 762 4554 errantium
790 4493 954 4556 stellarum
984 4511 1114 4576 quoque
1143 4498 1286 4575 tempore
1315 4489 1421 4555 lutura
1442 4492 1503 4566 sit,
1535 4493 1592 4575 qni
1613 4503 1745 4560 exortus

413 4602 544 4666 quoque
566 4584 626 4647 -die
656 4585 739 4667 signi
769 4586 904 4649 alicuius
931 4593 987 4650 aut
1009 4590 1065 4668 qui
1088 4604 1220 4649 occasus
1240 4583 1368 4648 iuturus
1390 4584 1440 4649 sit
1483 4584 1571 4649 Haec
1592 4588 1649 4671 qui
1670 4596 1783 4656 anton

413 4674 537 4750 dicunt,
562 4697 657 4759 quam
679 4679 833 4742 rationem
855 4687 1029 4762 sequantur
1051 4679 1150 4743 vides.

496 4772 564 4835 Vll.
599 4767 650 4834 l8.
684 4771 746 4847 Qui
775 4773 960 4838 thesaurum
989 4774 1153 4838 inventum
1185 4774 1225 4841 iri
1256 4780 1312 4838 aut
1338 4771 1551 4836 hereditatem
1579 4782 1745 4839 venturam

477 4966 501 5014 t.
523 4965 632 5027 [crinito
648 4970 705 5015 asni
720 4968 748 5017 et
764 4965 846 5017 verba
863 4969 1003 5030 sequentia
1021 4981 1109 5032 usqne
1130 4968 1165 5018 nd
1186 4965 1252 5031 sie
1272 4965 1390 5018 mediam
1412 4966 1604 5017 interciderunt
1624 4969 1652 5020 in
1669 4970 1691 5021 V
1716 4996 1744 5009 -

412 5034 437 5086 l.
454 5038 520 5089 disis
538 5035 569 5089 ii¹
589 5067 616 5076 -
643 5040 668 5090 l.
686 5042 776 5091 mattos
792 5054 872 5091 cosor
887 5044 927 5103 A,
954 5055 1023 5093 corr.
1042 5056 1124 5093 manu
1141 5041 1237 5094 eedem
1256 5067 1284 5078 -
1308 5040 1424 5095 anubis
1441 5043 1571 5107 scriptum
1587 5043 1615 5093 in
1632 5043 1653 5094 ll
1673 5069 1701 5080 -
1719 5044 1745 5097 9.

412 5110 501 5162 udum
518 5115 585 5163 ensa
601 5128 660 5179 erpo
677 5116 700 5166 ii
720 5141 745 5151 —
765 5118 866 5178 {orm
880 5118 1002 5179 ponae
1022 5143 1049 5154 -
1069 5119 1110 5168 ti.
1125 5123 1237 5181 potestne
1251 5131 1341 5169 eonem
1357 5118 1436 5183 letter
1452 5131 1542 5169 ιιιιιιιιι
1557 5119 1587 5179 B,
1605 5118 1654 5169 sed
1671 5121 1746 5183 prius

411 5200 502 5238 senso
518 5187 652 5250 deletum,
670 5189 784 5240 alterurn
802 5192 827 5242 in
845 5204 929 5255 marg.
948 5192 1083 5243 adiectum
1105 5219 1137 5230 -
1159 5194 1201 5244 ir.
1220 5206 1286 5255 cuce
1302 5189 1331 5244 13¹
1347 5218 1381 5231 -
1401 5192 1492 5256 latres
1508 5193 1530 5244 il
1548 5218 1575 5228 -
1595 5194 1660 5242 otiu
1675 5196 1697 5244 A
1714 5218 1742 5231 -

412 5275 466 5312 sors
483 5263 502 5311 B
520 5288 548 5299 -
574 5263 614 5315 tl.
632 5270 661 5315 ut
676 5266 715 5314 oet
731 5266 805 5316 aliter
822 5266 842 5317 C
861 5268 920 5328 (nisi
937 5267 1011 5331 quod
1026 5268 1066 5317 oet
1081 5269 1108 5318 in
1125 5268 1145 5318 B
1162 5266 1262 5330 deesti:
1283 5266 1366 5317 utoel
1381 5280 1432 5317 oon
1447 5268 1537 5318 cadere
1557 5267 1747 5329 menecrates

413 5336 452 5386 oet
467 5337 542 5387 aliter
563 5338 641 5390 codd.
661 5339 809 5404 interpolati
830 5341 929 5392 berbii
946 5342 966 5392 0
993 5368 1021 5377 -
1052 5343 1188 5393 coderettt
1220 5366 1248 5377 -
1282 5341 1321 5391 tt.
1339 5339 1466 5391 subditoto
1487 5339 1548 5391 cod.
1566 5342 1604 5392 St.
1620 5341 1745 5405 Victoris,

413 5412 485 5464 unde
503 5411 648 5464 Guilelmus
666 5416 791 5465 coniecit:
817 5415 967 5474 arduitate,
991 5420 1019 5466 et
1035 5416 1068 5467 cl.
1089 5418 1194 5467 Pacuvii
1211 5429 1305 5467 versus
1322 5417 1348 5467 in
1365 5415 1426 5467 libr.
1444 5418 1512 5467 rbet.
1531 5416 1565 5468 sd
1583 5419 1747 5470 Herennium

414 5488 448 5548 tl,
462 5488 518 5552 8³⁶
536 5492 564 5538 et
579 5491 632 5541 Cic.
647 5503 695 5553 pro
708 5489 759 5541 llil.
779 5491 838 5555 8⁶⁹
855 5516 882 5529 -
902 5493 942 5542 it.
955 5492 982 5541 ti
994 5492 1040 5543 CO
1056 5518 1090 5529 -
1107 5492 1148 5543 ts.
1161 5496 1232 5543 certo
1247 5504 1307 5556 sup.
1321 5490 1398 5542 linB
1418 5517 1446 5528 -
1463 5498 1492 5543 ut
1508 5490 1560 5543 del.
1575 5492 1696 5543 Davisius
1712 5518 1746 5529 -

413 5562 455 5614 td.
473 5563 535 5614 tiC
561 5588 587 5599 -
614 5566 655 5614 Ξῖ.
675 5564 870 5630 desuplinli
894 5593 922 5604 -
949 5567 990 5617 23.
1009 5567 1187 5618 ambito
1212 5593 1240 5605 -
1266 5568 1489 5630 iblorteslex
1508 5580 1577 5618 corr.
1601 5592 1628 5605 -
1656 5568 1697 5618 26.
1716 5568 1747 5620 ds

413 5638 589 5687 mummii
611 5664 639 5675 -
666 5642 869 5703 qucquamso
894 5667 921 5679 —
949 5643 1083 5693 28.tisc
1107 5668 1134 5679 ·-
1157 5642 1748 5695 29.stderummotssczsidemcsrssust

413 5720 494 5763 mus
515 5712 594 5764 codd.
613 5715 762 5781 interpolati
783 5717 878 5771 iloseri
900 5719 938 5777 0,
965 5717 998 5768 ct.
1017 5730 1067 5769 nos
1083 5717 1118 5768 sd
1135 5718 1160 5778 1,
1178 5716 1238 5782 866
1264 5741 1292 5754 -
1316 5722 1481 5781 permiss-
1503 5717 1542 5768 ii:
1563 5722 1748 5780 macutus·

414 5787 486 5839 Alio
509 5814 537 5824 -
559 5792 709 5850 praedicans
724 5792 790 5841 enim
807 5793 845 5843 c:
871 5793 1102 5855 ninproedicssrt
1117 5792 1257 5844 idemuso
1282 5817 1307 5832 -
1336 5797 1457 5844 ιιιιιιιιαιιι
1475 5792 1496 5843 Η
1521 5816 1549 5829 -
1576 5792 1617 5843 3³.
1635 5793 1748 5856 coponis

415 5866 449 5914 a:
470 5865 622 5927 oppinio
642 5890 668 5901 -
691 5866 788 5916 witti
808 5866 1351 5930 -isossmctscuratA,ssdatinras.
1371 5892 1399 5905 -
1424 5868 1745 5930 su.ouomaecicnsesii

417 5962 444 5975 -
462 5937 502 5988 ai.
520 5939 665 5991 dasem
681 5938 727 6002 A¹;
750 5954 785 5992 sn
802 5939 1034 5993 aamercort
1052 5967 1080 5979 —
1098 5944 1228 5995 susum
1242 5942 1277 5993 tri
1293 5940 1455 5995 unium:
1477 5942 1641 5996 iem
1657 5943 1689 5996 0.
