4342 7459
763 1266 831 1328 ao.
854 1266 878 1327 ι.
911 1264 986 1329 cn.
1009 1264 1126 1326 xxia.
1153 1260 1200 1345 §a
1222 1258 1370 1325 ai-as.
1675 1251 1738 1321 aaa

488 1420 541 1486 53.
570 1423 634 1487 Sed
664 1423 690 1487 si
714 1424 818 1507 qualis
840 1424 881 1487 sit
902 1424 1027 1486 animus
1049 1422 1118 1507 ipse
1139 1422 1265 1485 animus
1286 1421 1421 1496 nesciet,
1444 1419 1510 1495 dic,
1540 1438 1673 1503 quaeso,
1699 1436 1740 1480 nc

405 1538 475 1581 esse
498 1512 629 1602 quidem
651 1537 686 1581 se
709 1518 803 1590 sciet,
825 1537 866 1580 ne
889 1519 1008 1580 moveri
1031 1515 1162 1602 quidem
1185 1519 1240 1579 set
1274 1518 1322 1578 Ex
1345 1536 1408 1599 qno
1430 1514 1486 1576 illa
1508 1513 1589 1575 ratio
1604 1521 1678 1576 nata
1693 1520 1741 1574 est

406 1612 560 1682 Platonis,
592 1631 675 1694 quae
705 1631 724 1674 a
746 1612 875 1695 Socrate
898 1612 999 1674 estin
1023 1609 1167 1674 Phaedro
1190 1610 1366 1693 explicata,
1395 1628 1414 1671 a
1437 1615 1615 1669 meantem
1637 1606 1741 1688 posita

407 1705 512 1767 estin
534 1713 625 1767 sexto
647 1704 728 1767 libro
750 1704 790 1766 de
812 1724 848 1767 re
870 1705 1005 1789 publica.
1041 1705 1160 1767 xxiii.
1186 1701 1299 1779 «Quod
1314 1721 1441 1786 semper
1457 1709 1617 1775 movetur,
1640 1708 1742 1763 aeter·

406 1818 482 1860 num
512 1804 577 1861 est:
607 1796 694 1881 quod
716 1807 822 1861 autem
845 1806 965 1861 motum
988 1798 1091 1861 adfert
1112 1797 1208 1861 alicui
1232 1796 1382 1880 qnodque
1403 1796 1506 1879 ipsum
1529 1794 1664 1876 agitatur
1684 1792 1766 1855 ali-⁵

406 1889 508 1965 unde,
541 1889 670 1974 qnando
703 1890 799 1953 finem
828 1891 925 1954 habet
951 1902 1072 1965 motus,
1103 1889 1232 1955 vivendi
1261 1887 1354 1952 linem
1385 1889 1499 1951 haheat
1526 1908 1655 1952 necesse
1684 1895 1743 1950 est.

408 1984 519 2048 Solum
547 1985 660 2067 igitur,
693 1985 781 2069 qnod
808 2006 842 2048 se
870 1986 976 2068 ipsum
1005 1994 1128 2059 moret,
1158 1985 1235 2067 quia
1263 2002 1438 2067 numquam
1468 1982 1664 2046 deseritura
1691 1999 1743 2055 se,

407 2097 583 2162 numquam
606 2099 646 2141 ne
668 2081 790 2142 moveri
813 2080 942 2162 quidem
964 2080 1098 2142 desinit:
1129 2079 1207 2163 quin
1236 2078 1332 2141 etiam
1359 2078 1474 2140 ceteris
1504 2095 1587 2161 qnae
1614 2095 1744 2138 moven-

407 2180 458 2235 tur
478 2172 533 2234 hic
549 2169 641 2247 fons,
663 2172 725 2235 lioc
747 2173 937 2257 priucipium
960 2182 1008 2235 est
1028 2172 1189 2235 movendi.
1226 2167 1278 2233 54.
1301 2171 1452 2253 Principii
1474 2178 1579 2233 autem
1594 2167 1682 2232 nulla
1698 2174 1744 2231 est

407 2266 515 2349 origo;
542 2286 616 2328 nam
645 2286 662 2328 e
693 2267 849 2350 principIo
879 2268 1025 2329 oriuntur
1046 2266 1169 2340 omnia,
1197 2265 1302 2350 ipsum
1324 2273 1430 2327 autem
1453 2264 1540 2327 nulla
1563 2283 1604 2326 ex
1625 2283 1659 2324 re
1681 2262 1745 2324 alia
1754 2270 1782 2316 ¹⁰

407 2360 493 2423 nasci
523 2366 645 2442 potcst;
678 2378 737 2422 nec
765 2360 849 2422 enim
878 2369 963 2422 esset
990 2359 1023 2422 id
1053 2359 1257 2443 principium,
1289 2358 1375 2442 quod
1404 2359 1584 2441 gIgnerctur
1606 2356 1744 2421 aliunde.

408 2450 500 2529 Quod
524 2454 550 2515 si
574 2473 746 2537 numquam
769 2455 887 2529 oritur,
910 2474 951 2516 ne
974 2453 1090 2517 occidit
1112 2453 1242 2537 quidem
1258 2472 1417 2536 umquam.
1453 2453 1532 2515 Nam
1554 2450 1745 2535 principium

408 2547 583 2609 extinctum
605 2567 665 2610 nec
686 2548 789 2632 ipsum
812 2548 851 2609 ab
873 2546 937 2610 alio
959 2557 1143 2610 renascetur
1164 2566 1222 2609 nec
1243 2567 1282 2610 ec
1305 2566 1340 2609 se
1353 2538 1446 2609 'alind
1468 2546 1598 2619 creabit,
1626 2545 1652 2607 si
1674 2544 1746 2628 qui·

408 2640 480 2705 dem
501 2660 633 2705 necesse
655 2651 703 2703 est
724 2661 743 2703 a
764 2641 922 2724 principio
948 2641 1023 2704 oriri
1047 2642 1163 2704 omnia.
1200 2643 1247 2703 Ita
1269 2638 1360 2703 litut
1383 2647 1484 2704 motus
1500 2638 1688 2724 principium
1705 2658 1746 2701 ex

410 2754 446 2798 eo
469 2735 525 2811 sit,
549 2735 636 2819 qnod
659 2736 764 2817 ipsum
787 2754 806 2797 a
828 2755 862 2797 se
885 2743 1046 2798 movetur:
1074 2734 1107 2796 id
1131 2744 1236 2798 autem
1258 2754 1319 2798 nec
1339 2735 1426 2798 nasci
1447 2742 1554 2817 potest
1573 2754 1633 2797 nec
1654 2734 1784 2808 mori,⁴⁶

409 2828 459 2891 vel
480 2828 631 2892 concidat
652 2848 746 2891 omne
768 2828 890 2891 caelum
913 2830 1080 2913 omnisque
1102 2838 1215 2892 natura
1237 2829 1389 2891 consistat
1403 2847 1532 2892 necesse
1547 2837 1668 2891 estnec
1682 2827 1746 2890 vim

411 2922 507 2985 ullam
536 2921 753 2997 nanciscatur,
782 2942 845 3005 qna
872 2942 893 2983 5
921 2924 1023 3005 primo
1052 2922 1188 3006 impulsa
1210 2930 1383 2985 moveatur.
1425 2921 1501 2985 Cum
1524 2930 1631 3004 pateat
1651 2923 1748 3005 igitur

411 3025 573 3077 aeternum
604 3015 637 3077 id
664 3034 749 3090 esse,
777 3015 864 3098 qnod
895 3036 929 3078 se
958 3016 1062 3098 ipsum
1085 3023 1227 3091 moreat,
1257 3016 1330 3099 quis
1352 3023 1402 3078 est
1423 3016 1478 3098 qui
1499 3015 1582 3078 hanc
1603 3023 1746 3079 naturam

410 3109 523 3171 animis
546 3127 617 3170 esse
638 3108 787 3172 tributam
811 3112 927 3190 neget?
950 3110 1128 3172 Inanimum
1151 3117 1198 3172 est
1219 3111 1304 3173 enim
1327 3129 1438 3185 omne,
1460 3112 1546 3194 quod
1569 3108 1662 3193 pulsu
1679 3111 1747 3192 agi-

411 3208 494 3264 tatur
514 3210 665 3265 externo:
696 3202 782 3285 qnod
806 3211 912 3265 autem
935 3212 983 3265 est
1003 3202 1136 3276 animal,
1163 3203 1195 3267 id
1217 3212 1305 3267 motu
1329 3204 1431 3266 cietur
1451 3203 1601 3267 interiore
1623 3213 1655 3267 et
1676 3222 1784 3271 suom

412 3295 488 3358 liam
509 3295 589 3359 haec
611 3305 660 3359 est
681 3297 810 3380 propria
832 3306 944 3359 natura
965 3298 1061 3360 animi
1084 3307 1180 3380 atque
1202 3297 1266 3371 vis,
1290 3316 1373 3381 quae
1394 3297 1421 3360 si
1444 3306 1493 3360 est
1513 3316 1577 3359 una
1591 3315 1632 3358 ex
1646 3298 1748 3360 omni-

412 3386 469 3451 bus
492 3407 576 3472 quae
598 3407 633 3453 se
654 3390 725 3472 ipsa
749 3385 898 3473 [semper]
923 3400 1063 3465 moveat,
1085 3409 1190 3473 neque
1212 3400 1287 3454 nata
1308 3399 1395 3454 certe
1413 3400 1461 3454 est
1476 3399 1508 3455 et
1521 3400 1652 3454 aeterna
1666 3398 1745 3454 est.»

413 3478 462 3545 55.
484 3482 574 3546 Licet
595 3493 786 3547 concurrant
807 3503 918 3547 omues
940 3485 1045 3567 plebei
1068 3483 1253 3568 philosophi
1275 3518 1317 3532 -
1339 3486 1384 3549 sic
1406 3486 1490 3549 enim
1511 3486 1551 3561 ii,
1574 3487 1630 3569 qui
1644 3504 1663 3549 a
1678 3485 1748 3549 I‘la·

414 3790 477 3831 vero
493 3781 526 3830 sit
540 3780 587 3830 toc
603 3792 630 3829 se
649 3792 732 3842 555555
752 3792 900 3842 manescere
921 3778 962 3840 (sit
979 3792 1012 3829 ex
1028 3778 1096 3842 5544.)
1118 3777 1251 3843 glossema
1269 3781 1310 3830 est
1331 3778 1461 3843 (eiusdem
1478 3782 1598 3844 generis,
1616 3784 1692 3834 cuius
1710 3782 1746 3844 id,

415 3854 483 3919 wod
501 3854 532 3915 v,
550 3853 584 3905 at
606 3855 633 3904 in
655 3854 809 3917 Imustypo
832 3854 894 3913 inii,
917 3855 945 3905 td
966 3860 1001 3905 est
1020 3866 1099 3918 55555
1115 3855 1241 3916 quoddam
1258 3856 1373 3905 commit
1389 3855 1596 3917 coaddirceaom
1617 3856 1651 3908 cl.
1669 3858 1714 3918 III,
1732 3859 1748 3909 8

415 3927 456 3979 ubi
477 3927 630 3993 Tregderus
652 3942 684 3980 ex
707 3927 818 3979 Bentleii
841 3930 996 3979 coniectura
1019 3930 1214 3993 ineptissimum
1236 3928 1368 3993 glossema
1390 3930 1418 3980 id
1436 3931 1657 3981 σιμ-45555455
1672 3933 1748 3983 55545

415 4001 525 4063 inclusit)
542 4004 703 4068 asumptum,
722 4005 825 4069 opinor,
844 4004 878 4054 ad
895 4006 1018 4067 superius
1029 4003 1190 4055 vocabulum
1206 4004 1261 4055 555.
1279 4004 1318 4054 De
1331 4004 1416 4055 torma
1428 4007 1576 4056 sententiae
1587 4005 1749 4057 verborum·

415 4092 464 4143 qus
485 4076 659 4129 collocatione
677 4093 703 4129 v.
721 4077 811 4129 locum
832 4077 996 4130 simillimum
1013 4079 1047 4130 de
1070 4082 1135 4145 nep.
1153 4080 1197 4140 444,
1216 4079 1241 4140 8,
1260 4079 1305 4130 ta:
1329 4092 1390 4129 nam
1405 4080 1427 4130 at
1443 4086 1565 4142 essetn,
1587 4085 1665 4131 ssent
1680 4080 1750 4131 iusto

414 4154 544 4202 54454555
560 4154 646 4203 mern
662 4154 801 4203 55454555.»
819 4155 862 4204 W.
878 4181 905 4190 -
926 4156 949 4203 4.
968 4156 1062 4204 auctet
1079 4155 1100 4204 0
1118 4180 1145 4189 -
1165 4152 1189 4204 t.
1207 4155 1354 4216 555644
1369 4178 1395 4190 -
1415 4161 1553 4226 moatcturq
1571 4158 1744 4215 mammam

413 4234 527 4279 55555455·
548 4235 572 4279 st
592 4234 722 4280 55455555
745 4232 794 4280 GR
819 4256 845 4265 -
872 4231 896 4279 5.
916 4230 1031 4280 54455555
1049 4229 1078 4279 c.
1102 4230 1175 4291 «Ego
1193 4228 1233 4278 sic
1249 4228 1390 4293 ottIc]ande.
1410 4228 1563 4294 archetypo
1582 4232 1652 4280 enim
1670 4233 1748 4283 Tusc.

413 4304 624 4369 disputationum
643 4309 715 4355 certe
734 4318 782 4369 par
801 4304 892 4368 [immo
911 4308 1009 4358 maior3
1028 4302 1061 4353 cl.
1075 4302 1090 4365 5
1102 4302 1143 4366 at]
1161 4307 1203 4353 cst
1215 4303 1327 4352 duarum
1346 4302 1503 4353 familiarum
1516 4303 1605 4360 codd..
1625 4306 1749 4369 aquibus

415 4383 549 4430 umatum
567 4383 609 4430 est
625 4381 763 4430 Somnium
782 4381 924 4443 ScipIonis,
943 4378 1127 4439 archetypus,
1147 4378 1173 4427 in
1192 4390 1245 4441 quo
1259 4379 1287 4427 Ii.
1300 4380 1328 4428 P.
1342 4377 1383 4436 VI,
1397 4379 1429 4427 27
1447 4378 1494 4427 luit
1509 4378 1619 4439 aliunde,
1639 4384 1666 4430 ut
1677 4383 1748 4445 apud

414 4454 498 4518 ipsum
517 4453 655 4504 Platonem
672 4455 793 4513 (Phaedr.
809 4469 834 4519 5.
848 4455 896 4503 ata
910 4456 937 4515 C)
957 4447 1003 4503 ὑπ’
1020 4445 1120 4501 ἄλλου.
1147 4453 1239 4515 Neque
1257 4465 1331 4509 vero,
1350 4453 1412 4515 quia
1430 4450 1543 4503 Platonis
1560 4446 1632 4505 ἄλλο
1649 4454 1750 4507 κινοῦν

414 4531 534 4581 Ciceroni
557 4533 599 4580 est
622 4530 688 4590 quod
708 4536 804 4579 motum
825 4530 908 4586 adfert
935 4527 1026 4585 alicui,
1050 4525 1150 4576 idcirco
1177 4540 1289 4577 necesse
1309 4525 1355 4576 luit
1372 4528 1452 4576 etiam
1471 4540 1502 4577 er
1520 4522 1567 4578 ὑπ’
1584 4523 1674 4581 ἄλλου
1692 4531 1748 4582 deri

414 4605 541 4660 alimen
567 4604 675 4654 rationis
693 4605 764 4654 enim
782 4604 821 4654 uis
839 4604 863 4653 in
881 4603 997 4653 duorum
1015 4602 1151 4660 motuum,
1172 4603 1271 4652 enamt
1288 4600 1386 4664 (544554)
1404 4606 1431 4651 54
1446 4603 1599 4669 inarmati(
1633 4607 1662 4669 ¹),
1680 4609 1750 4658 inter

414 4692 442 4729 se
459 4679 627 4744 oppositione
645 4681 731 4729 omnis
749 4681 819 4729 Inest
834 4681 870 4738 (v.
891 4676 964 4741 gill.
984 4679 1014 4727 N.
1033 4677 1063 4727 D.
1085 4678 1115 4736 II,
1135 4675 1184 4737 38).
1203 4677 1246 4727 Sic
1263 4676 1278 4740 s
1295 4675 1337 4735 55,
1357 4676 1403 4727 ubi
1421 4676 1492 4727 Plato
1508 4676 1575 4744 μηδ’
1593 4677 1625 4745 ἐξ
1641 4679 1707 4746 ἑνός
1721 4712 1748 4720 -

414 4746 445 4803 ἔκ
461 4767 514 4804 coa
527 4781 542 4792 ·
553 4780 570 4791 -
581 4746 614 4801 ἔκ
632 4766 694 4813 roc,
713 4756 808 4804 Cicero
824 4754 896 4802 55445
912 4766 945 4803 ec
961 4765 990 4802 ra
1006 4751 1074 4801 5445
1088 4777 1115 4787 -
1129 4751 1260 4801 otiando
1273 4777 1301 4787 -
1315 4751 1348 4800 ab
1364 4752 1440 4801 ctio.
1463 4754 1555 4817 Neque
1572 4769 1633 4807 raro
1651 4757 1750 4809 librarii

414 4830 451 4880 stc
468 4829 598 4892 peccant,
624 4831 652 4877 ut
670 4830 684 4892 5
702 4829 734 4880 at
752 4829 806 4878 duo
823 4829 888 4878 dett.
907 4828 986 4878 codd.
1006 4827 1135 4887 54455555,
1159 4828 1189 4877 44.
1208 4829 1235 4877 Ρ.
1255 4826 1298 4885 VI,
1316 4827 1348 4876 27
1365 4829 1454 4891 priore
1471 4825 1530 4878 Ioco
1547 4828 1601 4882 duo
1619 4835 1681 4886 011.
1700 4835 1752 4884 cli·

414 4905 500 4964 5554545,
519 4903 554 4953 ad
572 4904 624 4951 Itt.
642 4903 673 4962 II,
692 4907 717 4963 t,
736 4903 759 4954 3.
780 4902 824 4953 ubi
843 4916 892 4966 ego
910 4903 1021 4965 scripsi:
1042 4903 1114 4964 Quod
1129 4902 1229 4962 acribts,
1247 4916 1298 4951 noa
1314 4915 1364 4963 quo
1381 4902 1511 4953 aliunde
1528 4907 1652 4968 55545545,
1670 4910 1712 4959 sed
1728 4915 1751 4960 ta

414 4979 493 5039 ipsust
514 4981 607 5039 putere
627 4990 666 5026 ota
686 4983 824 5027 attractam
841 4978 875 5025 tri
892 4976 933 5039 (cl.
953 4977 1036 5040 Ligur.
1056 4978 1080 5033 l,
1100 4977 1133 5038 4).
1153 4977 1207 5035 IIII,
1225 4978 1266 5027 aa.
1286 4975 1330 5026 ubi
1348 4978 1412 5026 item
1430 4976 1604 5032 scribendum
1622 4988 1676 5033 est:
1696 4984 1753 5034 itrtt

414 5053 489 5101 544555
510 5052 610 5112 atoma
630 5043 761 5103 attonde
783 5055 982 5117 (praeterquam
1000 5064 1014 5100 5
1033 5050 1157 5107 Faberio;
1182 5050 1215 5101 cl.
1234 5052 1277 5113 III,
1297 5051 1337 5111 43,
1356 5051 1389 5113 t).
1416 5052 1491 5104 Verr.
1511 5054 1542 5113 lI,
1561 5055 1601 5109 48.
1621 5057 1666 5107 ubi
1684 5059 1748 5109 dett.

415 5126 492 5177 codd.
513 5139 595 5190 prave
613 5126 740 5177 5445555.»
757 5129 800 5177 W.
822 5153 849 5163 -
868 5127 909 5175 48.
927 5139 972 5175 occ
989 5124 1082 5188 (littera
1099 5139 1113 5174 c
1130 5125 1216 5188 erasa)
1234 5127 1255 5176 G
1274 5153 1302 5163 -
1322 5126 1361 5176 43,
1375 5141 1409 5177 aas
1421 5128 1570 5181 IIacroIIus
1584 5133 1626 5194 (de
1638 5135 1703 5197 4455.
1717 5133 1750 5183 VI

414 5203 499 5265 titt:
524 5202 619 5252 ome
645 5228 673 5238 —
699 5203 739 5252 44.
758 5216 776 5252 5
792 5200 955 5252 Macrobius:
983 5201 1076 5250 omi}
1102 5226 1129 5236 -
1153 5201 1194 5250 20.
1213 5201 1399 5252 ootmotcato
1421 5228 1447 5238 -
1472 5205 1598 5256 54454556
1619 5234 1646 5243 -
1665 5208 1705 5257 ti.
1725 5220 1751 5257 ss

415 5280 495 5339 455555
511 5289 609 5337 conpar
625 5282 724 5327 mosset
742 5277 778 5332 C;
796 5291 822 5327 se
836 5279 893 5338 4555
909 5288 1005 5337 semper
1020 5279 1120 5323 moveat
1136 5275 1165 5325 0.
1188 5277 1319 5327 diationis
1338 5274 1379 5327 illa
1397 5276 1544 5339 conclusio,
1563 5294 1615 5345 qua
1634 5281 1705 5332 Plato
1723 5283 1750 5331 in

416 5351 536 5401 Phaedro
554 5349 619 5412 (ata,
634 5352 653 5400 C
668 5377 692 5387 -
704 5351 731 5412 Ε)
750 5351 869 5401 animum
886 5347 1081 5415 sempiiernum'
1099 5362 1159 5400 esse
1178 5350 1283 5414 colligit,
1302 5366 1317 5402 a
1337 5354 1466 5403 Cicerone
1484 5354 1509 5403 in
1528 5354 1594 5404 libro
1606 5355 1648 5404 VI.
1668 5355 1701 5405 de
1714 5356 1750 5405 445

415 5440 438 5490 5.
456 5428 523 5477 satis
545 5428 670 5475 accurate
696 5439 826 5476 conversa
849 5430 929 5489 atque
948 5425 1009 5474 inde
1027 5425 1079 5474 huc
1097 5423 1221 5475 translata
1239 5426 1306 5477 haec
1323 5430 1378 5477 est:
1403 5428 1480 5488 Quod
1496 5441 1526 5478 se
1544 5432 1632 5494 Ipsum
1650 5433 1748 5489 movet,

415 5500 439 5549 ld
455 5500 544 5551 solum
562 5512 673 5563 semper
689 5503 827 5553 movetur:
845 5499 917 5564 quod
936 5504 1025 5550 autem
1043 5513 1153 5564 semper
1171 5506 1301 5563 movetur,
1320 5505 1459 5553 aeternum
1478 5507 1531 5553 cst:
1556 5506 1627 5567 atqui
1645 5506 1750 5555 animus

416 5573 502 5634 455455)
521 5586 551 5623 se
570 5575 627 5636 ipse
645 5578 750 5624 movet:
774 5575 853 5637 igitur
874 5578 999 5624 aeternus
1020 5578 1069 5624 est.
1099 5574 1137 5624 Ab
1157 5576 1206 5624 hac
1223 5577 1424 5627 ratiocinatione
1442 5575 1505 5627 illud
1522 5591 1617 5640 semper
1633 5576 1750 5629 alienum

417 5662 473 5699 esse
491 5648 569 5700 iacile
587 5648 745 5712 intelligitur.
766 5650 804 5699 Ci.
818 5649 833 5711 5
845 5652 885 5699 55.
906 5652 1002 5710 Quare,
1019 5649 1145 5712 quoniam
1158 5649 1271 5700 Platonis
1283 5651 1373 5702 verbis
1386 5646 1430 5714 (τὸ
1447 5644 1520 5701 αὐτὸ
1537 5647 1624 5702 david
1642 5650 1749 5714 κινοῦν)

418 5724 551 5773 ciceronis
568 5720 610 5772 4445
630 5725 675 5783 (lie
693 5736 719 5787 p.
738 5723 771 5772 VI
789 5723 804 5786 5
820 5724 860 5781 884
885 5737 950 5786 quea
970 5737 1021 5774 sesa
1035 5730 1136 5774 moveat
1152 5726 1327 5789 respondent,
1348 5727 1473 5791 equidem
1491 5726 1518 5776 h.
1532 5725 1549 5776 l.
1562 5740 1657 5788 5555555
1674 5729 1750 5778 uncis

419 5796 531 5857 Iadudo,
550 5797 623 5862 quod
641 5812 673 5848 ex
691 5799 706 5862 fl
723 5799 755 5848 58
773 5798 850 5862 (quod
865 5811 962 5861 conpar
972 5799 1094 5863 mocetur)
1112 5798 1180 5852 male
1200 5801 1341 5865 repetitum
1354 5801 1437 5851 videri
1449 5804 1550 5864 potest,
1570 5799 1603 5851 ci.
1617 5801 1651 5850 ad
1664 5801 1679 5864 g
1690 5801 1748 5852 448.

420 5872 492 5932 Quod
509 5875 536 5923 tn
556 5873 708 5938 archetypo
731 5873 778 5923 luit
793 5874 890 5934 ipsein,
909 5876 1001 5924 nescio
1018 5887 1052 5923 an
1069 5888 1103 5924 aa
1120 5875 1268 5940 antiquiore
1286 5874 1327 5926 4445
1345 5877 1403 5940 4555
1420 5875 1550 5940 scriptura
1568 5873 1751 5940 (5455555554)

420 5949 583 5998 5545414544.»
601 5948 644 5998 W.
664 5946 1132 6013 dementatio-lite.

472 6036 572 6087 um.
587 6035 615 6085 r.
629 6036 670 6087 ir.
1492 6037 1535 6108 45
