<?xml version="1.0" encoding="UTF-8"?>
<!DOCTYPE html PUBLIC "-//W3C//DTD XHTML 1.0 Transitional//EN"
    "http://www.w3.org/TR/xhtml1/DTD/xhtml1-transitional.dtd">
<html xmlns="http://www.w3.org/1999/xhtml" xml:lang="en" lang="en">
 <head>
  <title>
</title>
<meta http-equiv="Content-Type" content="text/html;charset=utf-8" />
  <meta name='ocr-system' content='tesseract 3.04.00' />
  <meta name='ocr-capabilities' content='ocr_page ocr_carea ocr_par ocr_line ocrx_word'/>
</head>
<body>
  <div class='ocr_page' id='page_1' title='image "./operaquaesupers00halmgoog/operaquaesupers00halmgoog_0949.png"; bbox 0 0 4342 7459; ppageno 0'>
   <div class='ocr_carea' id='block_1_1' title="bbox 943 1244 1731 1315">
    <p class='ocr_par' dir='ltr' id='par_1_1' title="bbox 943 1244 1731 1315">
     <span class='ocr_line' id='line_1_1' title="bbox 943 1244 1731 1315; baseline -0.001 -1"><span class='ocrx_word' id='word_1_1' title='bbox 943 1249 1200 1315; x_wconf 76' lang='lat' dir='ltr'><strong>FRAGMENTA.</strong></span> <span class='ocrx_word' id='word_1_2' title='bbox 1669 1244 1731 1314; x_wconf 80' lang='lat'><strong>933</strong></span> 
     </span>
    </p>
   </div>
   <div class='ocr_carea' id='block_1_2' title="bbox 406 1404 1772 5724">
    <p class='ocr_par' dir='ltr' id='par_1_2' title="bbox 406 1404 1772 5724">
     <span class='ocr_line' id='line_1_2' title="bbox 408 1404 1730 1486; baseline 0 -17"><span class='ocrx_word' id='word_1_3' title='bbox 408 1407 449 1470; x_wconf 77' lang='lat' dir='ltr'><strong>lit</strong></span> <span class='ocrx_word' id='word_1_4' title='bbox 473 1424 544 1468; x_wconf 90' lang='lat' dir='ltr'><strong>cum</strong></span> <span class='ocrx_word' id='word_1_5' title='bbox 572 1404 624 1467; x_wconf 91' lang='lat' dir='ltr'><strong>ille</strong></span> <span class='ocrx_word' id='word_1_6' title='bbox 643 1423 717 1475; x_wconf 89' lang='lat' dir='ltr'><strong>eos,</strong></span> <span class='ocrx_word' id='word_1_7' title='bbox 747 1406 799 1486; x_wconf 90' lang='lat' dir='ltr'><strong>qui</strong></span> <span class='ocrx_word' id='word_1_8' title='bbox 820 1405 879 1467; x_wconf 89' lang='lat' dir='ltr'><strong>sibi</strong></span> <span class='ocrx_word' id='word_1_9' title='bbox 898 1406 1092 1468; x_wconf 77' lang='lat' dir='ltr'><strong>intentabant</strong></span> <span class='ocrx_word' id='word_1_10' title='bbox 1118 1424 1246 1484; x_wconf 90' lang='lat' dir='ltr'><strong>manus,</strong></span> <span class='ocrx_word' id='word_1_11' title='bbox 1274 1404 1385 1486; x_wconf 78' lang='lat' dir='ltr'><strong>prendi</strong></span> <span class='ocrx_word' id='word_1_12' title='bbox 1405 1426 1422 1470; x_wconf 92' lang='lat' dir='ltr'><strong>a</strong></span> <span class='ocrx_word' id='word_1_13' title='bbox 1442 1405 1550 1470; x_wconf 89' lang='lat' dir='ltr'><strong>lictore</strong></span> <span class='ocrx_word' id='word_1_14' title='bbox 1576 1408 1730 1485; x_wconf 90' lang='lat' dir='ltr'><strong>iussisset,</strong></span> 
     </span>
     <span class='ocr_line' id='line_1_3' title="bbox 408 1498 1730 1580; baseline 0.002 -20"><span class='ocrx_word' id='word_1_15' title='bbox 408 1501 494 1563; x_wconf 84' lang='lat' dir='ltr'><strong>tracti</strong></span> <span class='ocrx_word' id='word_1_16' title='bbox 514 1500 582 1561; x_wconf 90' lang='lat' dir='ltr'><strong>eius</strong></span> <span class='ocrx_word' id='word_1_17' title='bbox 600 1500 701 1562; x_wconf 77' lang='lat' dir='ltr'><strong>fasces</strong></span> <span class='ocrx_word' id='word_1_18' title='bbox 721 1499 836 1576; x_wconf 88' lang='lat' dir='ltr'><strong>cuncti,</strong></span> <span class='ocrx_word' id='word_1_19' title='bbox 857 1498 1040 1580; x_wconf 84' lang='lat' dir='ltr'>lapidesque</span> <span class='ocrx_word' id='word_1_20' title='bbox 1061 1501 1153 1563; x_wconf 90' lang='lat' dir='ltr'><strong>etiam</strong></span> <span class='ocrx_word' id='word_1_21' title='bbox 1176 1520 1215 1562; x_wconf 86' lang='lat' dir='ltr'><strong>ex</strong></span> <span class='ocrx_word' id='word_1_22' title='bbox 1234 1499 1340 1563; x_wconf 91' lang='lat' dir='ltr'><strong>ultima</strong></span> <span class='ocrx_word' id='word_1_23' title='bbox 1361 1502 1502 1564; x_wconf 89' lang='lat' dir='ltr'><strong>contione</strong></span> <span class='ocrx_word' id='word_1_24' title='bbox 1521 1503 1552 1562; x_wconf 93' lang='lat' dir='ltr'><strong>in</strong></span> <span class='ocrx_word' id='word_1_25' title='bbox 1571 1502 1730 1563; x_wconf 91' lang='lat' dir='ltr'><strong>consulem</strong></span> 
     </span>
     <span class='ocr_line' id='line_1_4' title="bbox 407 1593 1730 1675; baseline 0.002 -22"><span class='ocrx_word' id='word_1_26' title='bbox 407 1594 496 1655; x_wconf 90' lang='lat' dir='ltr'><strong>iacti:</strong></span> <span class='ocrx_word' id='word_1_27' title='bbox 519 1611 580 1675; x_wconf 93' lang='lat' dir='ltr'><strong>quo</strong></span> <span class='ocrx_word' id='word_1_28' title='bbox 601 1593 732 1655; x_wconf 88' lang='lat' dir='ltr'><strong>tumultu</strong></span> <span class='ocrx_word' id='word_1_29' title='bbox 752 1594 914 1656; x_wconf 91' lang='lat' dir='ltr'><strong>Cornelius</strong></span> <span class='ocrx_word' id='word_1_30' title='bbox 926 1594 1128 1674; x_wconf 89' lang='lat' dir='ltr'><strong>perturbatus</strong></span> <span class='ocrx_word' id='word_1_31' title='bbox 1146 1594 1307 1656; x_wconf 90' lang='lat' dir='ltr'><strong>concilium</strong></span> <span class='ocrx_word' id='word_1_32' title='bbox 1328 1595 1452 1658; x_wconf 87' lang='lat' dir='ltr'><strong>dimisit.</strong></span> <span class='ocrx_word' id='word_1_33' title='bbox 1492 1598 1602 1658; x_wconf 83' lang='lat' dir='ltr'><strong>Actum</strong></span> <span class='ocrx_word' id='word_1_34' title='bbox 1616 1595 1730 1657; x_wconf 91' lang='lat' dir='ltr'><strong>deinde</strong></span> 
     </span>
     <span class='ocr_line' id='line_1_5' title="bbox 408 1686 1729 1768; baseline 0 -18"><span class='ocrx_word' id='word_1_35' title='bbox 408 1688 519 1750; x_wconf 86' lang='lat' dir='ltr'><strong>eadem</strong></span> <span class='ocrx_word' id='word_1_36' title='bbox 544 1686 583 1749; x_wconf 88' lang='lat' dir='ltr'><strong>de</strong></span> <span class='ocrx_word' id='word_1_37' title='bbox 607 1706 642 1749; x_wconf 92' lang='lat' dir='ltr'><strong>re</strong></span> <span class='ocrx_word' id='word_1_38' title='bbox 666 1689 698 1748; x_wconf 94' lang='lat' dir='ltr'><strong>in</strong></span> <span class='ocrx_word' id='word_1_39' title='bbox 719 1697 830 1750; x_wconf 88' lang='lat' dir='ltr'><strong>senatu</strong></span> <span class='ocrx_word' id='word_1_40' title='bbox 857 1696 907 1749; x_wconf 92' lang='lat' dir='ltr'><strong>est</strong></span> <span class='ocrx_word' id='word_1_41' title='bbox 932 1690 1051 1768; x_wconf 87' lang='lat' dir='ltr'><strong>magnis</strong></span> <span class='ocrx_word' id='word_1_42' title='bbox 1080 1689 1340 1752; x_wconf 84' lang='lat' dir='ltr'><strong>contentionibus.</strong></span> <span class='ocrx_word' id='word_1_43' title='bbox 1393 1691 1469 1750; x_wconf 91' lang='lat' dir='ltr'><strong>Tum</strong></span> <span class='ocrx_word' id='word_1_44' title='bbox 1499 1687 1660 1751; x_wconf 88' lang='lat' dir='ltr'><strong>Cornelius</strong></span> <span class='ocrx_word' id='word_1_45' title='bbox 1688 1690 1729 1750; x_wconf 92' lang='lat' dir='ltr'><strong>ita</strong></span> 
     </span>
     <span class='ocr_line' id='line_1_6' title="bbox 407 1781 1754 1863; baseline 0.004 -21"><span class='ocrx_word' id='word_1_46' title='bbox 407 1783 487 1844; x_wconf 92' lang='lat' dir='ltr'><strong>ierre</strong></span> <span class='ocrx_word' id='word_1_47' title='bbox 508 1800 614 1844; x_wconf 91' lang='lat' dir='ltr'><strong>rursus</strong></span> <span class='ocrx_word' id='word_1_48' title='bbox 635 1782 747 1863; x_wconf 90' lang='lat' dir='ltr'><strong>coepit,</strong></span> <span class='ocrx_word' id='word_1_49' title='bbox 764 1800 804 1842; x_wconf 91' lang='lat' dir='ltr'><strong>ne</strong></span> <span class='ocrx_word' id='word_1_50' title='bbox 817 1782 887 1861; x_wconf 89' lang='lat' dir='ltr'><strong>quis</strong></span> <span class='ocrx_word' id='word_1_51' title='bbox 900 1784 932 1843; x_wconf 90' lang='lat' dir='ltr'><strong>in</strong></span> <span class='ocrx_word' id='word_1_52' title='bbox 945 1790 1057 1844; x_wconf 92' lang='lat' dir='ltr'><strong>senatu</strong></span> <span class='ocrx_word' id='word_1_53' title='bbox 1070 1781 1191 1861; x_wconf 89' lang='lat' dir='ltr'><strong>legibus</strong></span> <span class='ocrx_word' id='word_1_54' title='bbox 1205 1782 1388 1861; x_wconf 88' lang='lat' dir='ltr'><strong>solveretur,</strong></span> <span class='ocrx_word' id='word_1_55' title='bbox 1409 1784 1467 1844; x_wconf 88' lang='lat' dir='ltr'><strong>nisi</strong></span> <span class='ocrx_word' id='word_1_56' title='bbox 1487 1783 1536 1845; x_wconf 94' lang='lat' dir='ltr'><strong>CC</strong></span> <span class='ocrx_word' id='word_1_57' title='bbox 1558 1784 1754 1861; x_wconf 80' lang='lat' dir='ltr'><strong>affuissent,e</strong></span> 
     </span>
     <span class='ocr_line' id='line_1_7' title="bbox 406 1874 1730 1958; baseline 0.001 -21"><span class='ocrx_word' id='word_1_58' title='bbox 406 1894 487 1937; x_wconf 91' lang='lat' dir='ltr'><strong>neve</strong></span> <span class='ocrx_word' id='word_1_59' title='bbox 508 1877 593 1955; x_wconf 89' lang='lat' dir='ltr'><strong>quis,</strong></span> <span class='ocrx_word' id='word_1_60' title='bbox 624 1893 693 1936; x_wconf 90' lang='lat' dir='ltr'><strong>cum</strong></span> <span class='ocrx_word' id='word_1_61' title='bbox 714 1874 833 1937; x_wconf 91' lang='lat' dir='ltr'><strong>solutus</strong></span> <span class='ocrx_word' id='word_1_62' title='bbox 854 1884 955 1953; x_wconf 90' lang='lat' dir='ltr'><strong>esset,</strong></span> <span class='ocrx_word' id='word_1_63' title='bbox 980 1875 1205 1951; x_wconf 80' lang='lat' dir='ltr'><strong>intercederet,</strong></span> <span class='ocrx_word' id='word_1_64' title='bbox 1234 1894 1304 1938; x_wconf 92' lang='lat' dir='ltr'><strong>cum</strong></span> <span class='ocrx_word' id='word_1_65' title='bbox 1331 1877 1371 1937; x_wconf 93' lang='lat' dir='ltr'><strong>de</strong></span> <span class='ocrx_word' id='word_1_66' title='bbox 1401 1895 1437 1938; x_wconf 92' lang='lat' dir='ltr'><strong>ea</strong></span> <span class='ocrx_word' id='word_1_67' title='bbox 1464 1896 1498 1938; x_wconf 90' lang='lat' dir='ltr'><strong>re</strong></span> <span class='ocrx_word' id='word_1_68' title='bbox 1522 1877 1563 1939; x_wconf 94' lang='lat' dir='ltr'><strong>ad</strong></span> <span class='ocrx_word' id='word_1_69' title='bbox 1581 1876 1730 1958; x_wconf 90' lang='lat' dir='ltr'><strong>populum</strong></span> 
     </span>
     <span class='ocr_line' id='line_1_8' title="bbox 406 1970 1729 2051; baseline 0.002 -20"><span class='ocrx_word' id='word_1_70' title='bbox 406 1970 550 2033; x_wconf 78' lang='lat' dir='ltr'><strong>terretur.</strong></span> <span class='ocrx_word' id='word_1_71' title='bbox 598 1971 680 2031; x_wconf 82' lang='lat' dir='ltr'><strong>Haec</strong></span> <span class='ocrx_word' id='word_1_72' title='bbox 709 1970 777 2029; x_wconf 92' lang='lat' dir='ltr'><strong>sine</strong></span> <span class='ocrx_word' id='word_1_73' title='bbox 800 1970 931 2031; x_wconf 82' lang='lat' dir='ltr'><strong>tumultu</strong></span> <span class='ocrx_word' id='word_1_74' title='bbox 958 1987 1009 2030; x_wconf 91' lang='lat' dir='ltr'><strong>res</strong></span> <span class='ocrx_word' id='word_1_75' title='bbox 1033 1977 1101 2031; x_wconf 91' lang='lat' dir='ltr'><strong>acta</strong></span> <span class='ocrx_word' id='word_1_76' title='bbox 1130 1977 1194 2030; x_wconf 94' lang='lat' dir='ltr'><strong>est:</strong></span> <span class='ocrx_word' id='word_1_77' title='bbox 1228 1988 1319 2031; x_wconf 90' lang='lat' dir='ltr'><strong>nemo</strong></span> <span class='ocrx_word' id='word_1_78' title='bbox 1349 1972 1429 2031; x_wconf 91' lang='lat' dir='ltr'><strong>enim</strong></span> <span class='ocrx_word' id='word_1_79' title='bbox 1452 1989 1567 2049; x_wconf 83' lang='lat' dir='ltr'><strong>negare</strong></span> <span class='ocrx_word' id='word_1_80' title='bbox 1597 1978 1729 2051; x_wconf 91' lang='lat' dir='ltr'><strong>poterat,</strong></span> 
     </span>
     <span class='ocr_line' id='line_1_9' title="bbox 406 2062 1730 2143; baseline 0.004 -19"><span class='ocrx_word' id='word_1_81' title='bbox 406 2081 463 2143; x_wconf 88' lang='lat' dir='ltr'><strong>pro</strong></span> <span class='ocrx_word' id='word_1_82' title='bbox 494 2065 675 2125; x_wconf 88' lang='lat' dir='ltr'><strong>auctoritate</strong></span> <span class='ocrx_word' id='word_1_83' title='bbox 703 2071 831 2125; x_wconf 89' lang='lat' dir='ltr'><strong>senatus</strong></span> <span class='ocrx_word' id='word_1_84' title='bbox 856 2083 926 2125; x_wconf 91' lang='lat' dir='ltr'><strong>esse</strong></span> <span class='ocrx_word' id='word_1_85' title='bbox 956 2082 1026 2125; x_wconf 93' lang='lat' dir='ltr'><strong>eam</strong></span> <span class='ocrx_word' id='word_1_86' title='bbox 1054 2063 1172 2143; x_wconf 83' lang='lat' dir='ltr'><strong>legem:</strong></span> <span class='ocrx_word' id='word_1_87' title='bbox 1207 2062 1264 2125; x_wconf 91' lang='lat' dir='ltr'><strong>sed</strong></span> <span class='ocrx_word' id='word_1_88' title='bbox 1292 2072 1396 2126; x_wconf 91' lang='lat' dir='ltr'><strong>tamen</strong></span> <span class='ocrx_word' id='word_1_89' title='bbox 1430 2083 1499 2126; x_wconf 90' lang='lat' dir='ltr'><strong>eam</strong></span> <span class='ocrx_word' id='word_1_90' title='bbox 1528 2064 1597 2127; x_wconf 90' lang='lat' dir='ltr'><strong>tulit</strong></span> <span class='ocrx_word' id='word_1_91' title='bbox 1627 2068 1730 2129; x_wconf 83' lang='lat' dir='ltr'><strong>invitis</strong></span> 
     </span>
     <span class='ocr_line' id='line_1_10' title="bbox 407 2156 1730 2237; baseline 0.001 -18"><span class='ocrx_word' id='word_1_92' title='bbox 407 2157 624 2237; x_wconf 71' lang='lat' dir='ltr'><strong>optimatibus,</strong></span> <span class='ocrx_word' id='word_1_93' title='bbox 645 2158 698 2236; x_wconf 92' lang='lat' dir='ltr'><strong>qui</strong></span> <span class='ocrx_word' id='word_1_94' title='bbox 721 2156 774 2230; x_wconf 79' lang='lat' dir='ltr'><strong>,vel</strong></span> <span class='ocrx_word' id='word_1_95' title='bbox 791 2175 908 2236; x_wconf 90' lang='lat' dir='ltr'><strong>paucos</strong></span> <span class='ocrx_word' id='word_1_96' title='bbox 932 2200 1063 2218; x_wconf 92' lang='grc'><strong>......</strong></span> <span class='ocrx_word' id='word_1_97' title='bbox 1089 2158 1252 2234; x_wconf 85' lang='lat' dir='ltr'><strong>gratificari</strong></span> <span class='ocrx_word' id='word_1_98' title='bbox 1281 2156 1434 2219; x_wconf 88' lang='lat' dir='ltr'><strong>solebant.</strong></span> <span class='ocrx_word' id='word_1_99' title='bbox 1486 2158 1584 2219; x_wconf 85' lang='lat' dir='ltr'><strong>Aliam</strong></span> <span class='ocrx_word' id='word_1_100' title='bbox 1617 2158 1730 2221; x_wconf 92' lang='lat' dir='ltr'><strong>deinde</strong></span> 
     </span>
     <span class='ocr_line' id='line_1_11' title="bbox 407 2250 1769 2330; baseline 0.003 -19"><span class='ocrx_word' id='word_1_101' title='bbox 407 2251 507 2330; x_wconf 88' lang='lat' dir='ltr'><strong>legem</strong></span> <span class='ocrx_word' id='word_1_102' title='bbox 538 2250 716 2328; x_wconf 90' lang='lat' dir='ltr'><strong>Cornelius,</strong></span> <span class='ocrx_word' id='word_1_103' title='bbox 749 2251 806 2311; x_wconf 92' lang='lat' dir='ltr'><strong>etsi</strong></span> <span class='ocrx_word' id='word_1_104' title='bbox 830 2268 920 2310; x_wconf 91' lang='lat' dir='ltr'><strong>nemo</strong></span> <span class='ocrx_word' id='word_1_105' title='bbox 940 2269 1117 2330; x_wconf 85' lang='lat' dir='ltr'><strong>repugnare</strong></span> <span class='ocrx_word' id='word_1_106' title='bbox 1147 2268 1243 2312; x_wconf 92' lang='lat' dir='ltr'><strong>ausus</strong></span> <span class='ocrx_word' id='word_1_107' title='bbox 1270 2259 1335 2327; x_wconf 91' lang='lat' dir='ltr'><strong>est,</strong></span> <span class='ocrx_word' id='word_1_108' title='bbox 1368 2251 1471 2313; x_wconf 91' lang='lat' dir='ltr'><strong>multis</strong></span> <span class='ocrx_word' id='word_1_109' title='bbox 1497 2260 1600 2314; x_wconf 92' lang='lat' dir='ltr'><strong>tamen</strong></span> <span class='ocrx_word' id='word_1_110' title='bbox 1628 2254 1769 2321; x_wconf 78' lang='lat' dir='ltr'><strong>invitisro</strong></span> 
     </span>
     <span class='ocr_line' id='line_1_12' title="bbox 407 2344 1731 2426; baseline 0.001 -19"><span class='ocrx_word' id='word_1_111' title='bbox 407 2346 486 2424; x_wconf 90' lang='lat' dir='ltr'><strong>tulit,</strong></span> <span class='ocrx_word' id='word_1_112' title='bbox 507 2354 541 2407; x_wconf 89' lang='lat' dir='ltr'><strong>ut</strong></span> <span class='ocrx_word' id='word_1_113' title='bbox 560 2353 721 2425; x_wconf 92' lang='lat' dir='ltr'><strong>praetores</strong></span> <span class='ocrx_word' id='word_1_114' title='bbox 748 2363 787 2405; x_wconf 87' lang='lat' dir='ltr'><strong>ex</strong></span> <span class='ocrx_word' id='word_1_115' title='bbox 807 2345 916 2406; x_wconf 90' lang='lat' dir='ltr'><strong>edictis</strong></span> <span class='ocrx_word' id='word_1_116' title='bbox 936 2346 1001 2406; x_wconf 91' lang='lat' dir='ltr'><strong>suis</strong></span> <span class='ocrx_word' id='word_1_117' title='bbox 1018 2346 1179 2426; x_wconf 87' lang='lat' dir='ltr'><strong>perpetuis</strong></span> <span class='ocrx_word' id='word_1_118' title='bbox 1200 2347 1249 2407; x_wconf 93' lang='lat' dir='ltr'><strong>ius</strong></span> <span class='ocrx_word' id='word_1_119' title='bbox 1267 2344 1417 2407; x_wconf 88' lang='lat' dir='ltr'><strong>dicerent.</strong></span> <span class='ocrx_word' id='word_1_120' title='bbox 1458 2349 1544 2420; x_wconf 85' lang='lat' dir='ltr'><strong>Quae</strong></span> <span class='ocrx_word' id='word_1_121' title='bbox 1570 2365 1622 2408; x_wconf 91' lang='lat' dir='ltr'><strong>res</strong></span> <span class='ocrx_word' id='word_1_122' title='bbox 1651 2365 1731 2409; x_wconf 94' lang='lat' dir='ltr'><strong>cun-</strong></span> 
     </span>
     <span class='ocr_line' id='line_1_13' title="bbox 408 2439 1730 2521; baseline 0.002 -21"><span class='ocrx_word' id='word_1_123' title='bbox 408 2447 487 2502; x_wconf 89' lang='lat' dir='ltr'><strong>ctam</strong></span> <span class='ocrx_word' id='word_1_124' title='bbox 507 2441 636 2518; x_wconf 80' lang='lat' dir='ltr'><strong>gratiam</strong></span> <span class='ocrx_word' id='word_1_125' title='bbox 656 2439 826 2501; x_wconf 88' lang='lat' dir='ltr'><strong>ambitiosis</strong></span> <span class='ocrx_word' id='word_1_126' title='bbox 845 2441 1056 2520; x_wconf 91' lang='lat' dir='ltr'><strong>praetoribus,</strong></span> <span class='ocrx_word' id='word_1_127' title='bbox 1079 2442 1133 2521; x_wconf 94' lang='lat' dir='ltr'><strong>qui</strong></span> <span class='ocrx_word' id='word_1_128' title='bbox 1147 2443 1231 2502; x_wconf 91' lang='lat' dir='ltr'><strong>varie</strong></span> <span class='ocrx_word' id='word_1_129' title='bbox 1242 2442 1291 2502; x_wconf 92' lang='lat' dir='ltr'><strong>ius</strong></span> <span class='ocrx_word' id='word_1_130' title='bbox 1303 2440 1407 2502; x_wconf 88' lang='lat' dir='ltr'><strong>dicere</strong></span> <span class='ocrx_word' id='word_1_131' title='bbox 1419 2440 1572 2517; x_wconf 91' lang='lat' dir='ltr'><strong>solebant,</strong></span> <span class='ocrx_word' id='word_1_132' title='bbox 1596 2442 1730 2503; x_wconf 86' lang='lat' dir='ltr'><strong>sustulit.</strong></span> 
     </span>
     <span class='ocr_line' id='line_1_14' title="bbox 408 2532 1731 2616; baseline 0.002 -21"><span class='ocrx_word' id='word_1_133' title='bbox 408 2533 491 2596; x_wconf 87' lang='lat' dir='ltr'><strong>Alias</strong></span> <span class='ocrx_word' id='word_1_134' title='bbox 518 2552 644 2614; x_wconf 93' lang='lat' dir='ltr'><strong>quoque</strong></span> <span class='ocrx_word' id='word_1_135' title='bbox 674 2532 850 2613; x_wconf 89' lang='lat' dir='ltr'><strong>complures</strong></span> <span class='ocrx_word' id='word_1_136' title='bbox 878 2532 963 2613; x_wconf 88' lang='lat' dir='ltr'><strong>leges</strong></span> <span class='ocrx_word' id='word_1_137' title='bbox 994 2534 1156 2596; x_wconf 89' lang='lat' dir='ltr'><strong>Cornelius</strong></span> <span class='ocrx_word' id='word_1_138' title='bbox 1186 2532 1409 2613; x_wconf 82' lang='lat' dir='ltr'><strong>promulgavit,</strong></span> <span class='ocrx_word' id='word_1_139' title='bbox 1447 2533 1561 2614; x_wconf 90' lang='lat' dir='ltr'><strong>quibus</strong></span> <span class='ocrx_word' id='word_1_140' title='bbox 1589 2534 1731 2616; x_wconf 87' lang='lat' dir='ltr'><strong>plerique</strong></span> 
     </span>
     <span class='ocr_line' id='line_1_15' title="bbox 408 2627 1732 2710; baseline 0.003 -22"><span class='ocrx_word' id='word_1_141' title='bbox 408 2627 546 2708; x_wconf 77' lang='lat' dir='ltr'><strong>collegae</strong></span> <span class='ocrx_word' id='word_1_142' title='bbox 564 2628 825 2691; x_wconf 88' lang='lat' dir='ltr'><strong>intercesserunt:</strong></span> <span class='ocrx_word' id='word_1_143' title='bbox 848 2648 906 2709; x_wconf 92' lang='lat' dir='ltr'><strong>per</strong></span> <span class='ocrx_word' id='word_1_144' title='bbox 924 2647 1003 2708; x_wconf 91' lang='lat' dir='ltr'><strong>quas</strong></span> <span class='ocrx_word' id='word_1_145' title='bbox 1023 2630 1237 2691; x_wconf 86' lang='lat' dir='ltr'><strong>contentiones</strong></span> <span class='ocrx_word' id='word_1_146' title='bbox 1257 2637 1340 2692; x_wconf 86' lang='lat' dir='ltr'><strong>totus</strong></span> <span class='ocrx_word' id='word_1_147' title='bbox 1355 2648 1453 2710; x_wconf 91' lang='lat' dir='ltr'><strong>prope</strong></span> <span class='ocrx_word' id='word_1_148' title='bbox 1470 2629 1645 2691; x_wconf 88' lang='lat' dir='ltr'><strong>tribunatus</strong></span> <span class='ocrx_word' id='word_1_149' title='bbox 1665 2631 1732 2692; x_wconf 92' lang='lat' dir='ltr'><strong>eius</strong></span> 
     </span>
     <span class='ocr_line' id='line_1_16' title="bbox 407 2722 1771 2804; baseline 0.004 -20"><span class='ocrx_word' id='word_1_150' title='bbox 407 2731 553 2804; x_wconf 88' lang='lat' dir='ltr'><strong>peractus</strong></span> <span class='ocrx_word' id='word_1_151' title='bbox 573 2731 631 2784; x_wconf 89' lang='lat' dir='ltr'><strong>est.</strong></span> <span class='ocrx_word' id='word_1_152' title='bbox 682 2723 841 2803; x_wconf 89' lang='lat' dir='ltr'><strong>Sequente</strong></span> <span class='ocrx_word' id='word_1_153' title='bbox 870 2722 984 2785; x_wconf 88' lang='lat' dir='ltr'><strong>deinde</strong></span> <span class='ocrx_word' id='word_1_154' title='bbox 1015 2743 1096 2786; x_wconf 92' lang='lat' dir='ltr'><strong>anno</strong></span> <span class='ocrx_word' id='word_1_155' title='bbox 1123 2724 1163 2786; x_wconf 87' lang='grc' dir='ltr'><strong>Μ’</strong></span> <span class='ocrx_word' id='word_1_156' title='bbox 1185 2724 1302 2804; x_wconf 93' lang='lat' dir='ltr'><strong>Lepido</strong></span> <span class='ocrx_word' id='word_1_157' title='bbox 1332 2725 1365 2785; x_wconf 88' lang='lat' dir='ltr'><strong>L.</strong></span> <span class='ocrx_word' id='word_1_158' title='bbox 1387 2723 1524 2785; x_wconf 91' lang='lat' dir='ltr'><strong>Volcatio</strong></span> <span class='ocrx_word' id='word_1_159' title='bbox 1549 2741 1644 2802; x_wconf 80' lang='lat' dir='ltr'><strong>coss,</strong></span> <span class='ocrx_word' id='word_1_160' title='bbox 1669 2743 1771 2804; x_wconf 75' lang='lat' dir='ltr'><strong>quote</strong></span> 
     </span>
     <span class='ocr_line' id='line_1_17' title="bbox 407 2816 1733 2896; baseline 0.002 -19"><span class='ocrx_word' id='word_1_161' title='bbox 407 2834 488 2877; x_wconf 90' lang='lat' dir='ltr'><strong>anno</strong></span> <span class='ocrx_word' id='word_1_162' title='bbox 506 2826 632 2896; x_wconf 92' lang='lat' dir='ltr'><strong>praetor</strong></span> <span class='ocrx_word' id='word_1_163' title='bbox 659 2818 767 2880; x_wconf 90' lang='lat' dir='ltr'><strong>Cicero</strong></span> <span class='ocrx_word' id='word_1_164' title='bbox 786 2818 858 2893; x_wconf 90' lang='lat' dir='ltr'><strong>luit,</strong></span> <span class='ocrx_word' id='word_1_165' title='bbox 887 2836 973 2878; x_wconf 91' lang='lat' dir='ltr'><strong>reum</strong></span> <span class='ocrx_word' id='word_1_166' title='bbox 995 2817 1172 2879; x_wconf 89' lang='lat' dir='ltr'><strong>Cornelium</strong></span> <span class='ocrx_word' id='word_1_167' title='bbox 1192 2816 1254 2877; x_wconf 92' lang='lat' dir='ltr'><strong>duo</strong></span> <span class='ocrx_word' id='word_1_168' title='bbox 1280 2817 1390 2878; x_wconf 88' lang='lat' dir='ltr'><strong>iratres</strong></span> <span class='ocrx_word' id='word_1_169' title='bbox 1414 2817 1543 2879; x_wconf 90' lang='lat' dir='ltr'><strong>Cominii</strong></span> <span class='ocrx_word' id='word_1_170' title='bbox 1562 2816 1632 2896; x_wconf 89' lang='lat' dir='ltr'><strong>lege</strong></span> <span class='ocrx_word' id='word_1_171' title='bbox 1653 2819 1733 2880; x_wconf 92' lang='lat' dir='ltr'><strong>Cor·</strong></span> 
     </span>
     <span class='ocr_line' id='line_1_18' title="bbox 406 2906 1731 2991; baseline 0.002 -21"><span class='ocrx_word' id='word_1_172' title='bbox 406 2909 488 2972; x_wconf 92' lang='lat' dir='ltr'><strong>nelia</strong></span> <span class='ocrx_word' id='word_1_173' title='bbox 509 2906 548 2971; x_wconf 89' lang='lat' dir='ltr'><strong>de</strong></span> <span class='ocrx_word' id='word_1_174' title='bbox 568 2910 728 2972; x_wconf 90' lang='lat' dir='ltr'><strong>maiestate</strong></span> <span class='ocrx_word' id='word_1_175' title='bbox 748 2910 897 2971; x_wconf 89' lang='lat' dir='ltr'><strong>lecerunt.</strong></span> <span class='ocrx_word' id='word_1_176' title='bbox 947 2910 1062 2972; x_wconf 89' lang='lat' dir='ltr'><strong>Detulit</strong></span> <span class='ocrx_word' id='word_1_177' title='bbox 1090 2908 1203 2972; x_wconf 76' lang='lat' dir='ltr'><strong>nomen</strong></span> <span class='ocrx_word' id='word_1_178' title='bbox 1232 2910 1377 2988; x_wconf 89' lang='lat' dir='ltr'><strong>Publius,</strong></span> <span class='ocrx_word' id='word_1_179' title='bbox 1407 2910 1593 2991; x_wconf 89' lang='lat' dir='ltr'><strong>subscripsit</strong></span> <span class='ocrx_word' id='word_1_180' title='bbox 1622 2912 1731 2987; x_wconf 90' lang='lat' dir='ltr'><strong>Caius;</strong></span> 
     </span>
     <span class='ocr_line' id='line_1_19' title="bbox 408 3004 1732 3083; baseline 0.001 -18"><span class='ocrx_word' id='word_1_181' title='bbox 408 3012 441 3065; x_wconf 93' lang='lat' dir='ltr'><strong>et</strong></span> <span class='ocrx_word' id='word_1_182' title='bbox 472 3022 541 3064; x_wconf 92' lang='lat' dir='ltr'><strong>cum</strong></span> <span class='ocrx_word' id='word_1_183' title='bbox 575 3006 608 3065; x_wconf 90' lang='lat' dir='ltr'><strong>P.</strong></span> <span class='ocrx_word' id='word_1_184' title='bbox 629 3004 757 3066; x_wconf 91' lang='lat' dir='ltr'><strong>Cassius</strong></span> <span class='ocrx_word' id='word_1_185' title='bbox 784 3011 910 3083; x_wconf 91' lang='lat' dir='ltr'><strong>praetor</strong></span> <span class='ocrx_word' id='word_1_186' title='bbox 940 3004 1061 3065; x_wconf 87' lang='lat' dir='ltr'><strong>decimo</strong></span> <span class='ocrx_word' id='word_1_187' title='bbox 1084 3004 1154 3080; x_wconf 90' lang='lat' dir='ltr'><strong>die,</strong></span> <span class='ocrx_word' id='word_1_188' title='bbox 1186 3012 1220 3064; x_wconf 94' lang='lat' dir='ltr'><strong>ut</strong></span> <span class='ocrx_word' id='word_1_189' title='bbox 1247 3022 1314 3065; x_wconf 92' lang='lat' dir='ltr'><strong>mos</strong></span> <span class='ocrx_word' id='word_1_190' title='bbox 1342 3012 1408 3081; x_wconf 88' lang='lat' dir='ltr'><strong>est,</strong></span> <span class='ocrx_word' id='word_1_191' title='bbox 1437 3004 1550 3065; x_wconf 90' lang='lat' dir='ltr'><strong>adesse</strong></span> <span class='ocrx_word' id='word_1_192' title='bbox 1578 3006 1732 3077; x_wconf 87' lang='lat' dir='ltr'><strong>iussisset,</strong></span> 
     </span>
     <span class='ocr_line' id='line_1_20' title="bbox 408 3096 1733 3179; baseline 0.002 -21"><span class='ocrx_word' id='word_1_193' title='bbox 408 3114 509 3177; x_wconf 91' lang='lat' dir='ltr'><strong>eoque</strong></span> <span class='ocrx_word' id='word_1_194' title='bbox 530 3096 580 3158; x_wconf 92' lang='lat' dir='ltr'><strong>die</strong></span> <span class='ocrx_word' id='word_1_195' title='bbox 600 3099 668 3179; x_wconf 89' lang='lat' dir='ltr'><strong>ipse</strong></span> <span class='ocrx_word' id='word_1_196' title='bbox 690 3116 752 3159; x_wconf 92' lang='lat' dir='ltr'><strong>non</strong></span> <span class='ocrx_word' id='word_1_197' title='bbox 774 3099 928 3173; x_wconf 80' lang='lat' dir='ltr'><strong>affuisset,</strong></span> <span class='ocrx_word' id='word_1_198' title='bbox 960 3117 1017 3160; x_wconf 93' lang='lat' dir='ltr'><strong>seu</strong></span> <span class='ocrx_word' id='word_1_199' title='bbox 1037 3108 1185 3160; x_wconf 91' lang='lat' dir='ltr'><strong>avocatus</strong></span> <span class='ocrx_word' id='word_1_200' title='bbox 1211 3108 1340 3179; x_wconf 88' lang='lat' dir='ltr'><strong>propter</strong></span> <span class='ocrx_word' id='word_1_201' title='bbox 1353 3099 1480 3179; x_wconf 59' lang='lat' dir='ltr'><strong>’publici</strong></span> <span class='ocrx_word' id='word_1_202' title='bbox 1504 3100 1646 3160; x_wconf 83' lang='lat' dir='ltr'><strong>frumenti</strong></span> <span class='ocrx_word' id='word_1_203' title='bbox 1675 3117 1733 3160; x_wconf 90' lang='lat' dir='ltr'><strong>cu-</strong></span> 
     </span>
     <span class='ocr_line' id='line_1_21' title="bbox 408 3193 1772 3270; baseline 0.005 -18"><span class='ocrx_word' id='word_1_204' title='bbox 408 3210 474 3253; x_wconf 91' lang='lat' dir='ltr'><strong>ram</strong></span> <span class='ocrx_word' id='word_1_205' title='bbox 494 3210 551 3254; x_wconf 94' lang='lat' dir='ltr'><strong>seu</strong></span> <span class='ocrx_word' id='word_1_206' title='bbox 572 3193 749 3270; x_wconf 85' lang='lat' dir='ltr'><strong>gratificans</strong></span> <span class='ocrx_word' id='word_1_207' title='bbox 769 3212 840 3269; x_wconf 91' lang='lat' dir='ltr'><strong>reo,</strong></span> <span class='ocrx_word' id='word_1_208' title='bbox 871 3194 1071 3255; x_wconf 91' lang='lat' dir='ltr'><strong>circumventi</strong></span> <span class='ocrx_word' id='word_1_209' title='bbox 1099 3202 1172 3254; x_wconf 93' lang='lat' dir='ltr'><strong>sunt</strong></span> <span class='ocrx_word' id='word_1_210' title='bbox 1196 3203 1267 3255; x_wconf 92' lang='lat' dir='ltr'><strong>ante</strong></span> <span class='ocrx_word' id='word_1_211' title='bbox 1287 3193 1422 3255; x_wconf 92' lang='lat' dir='ltr'><strong>tribunal</strong></span> <span class='ocrx_word' id='word_1_212' title='bbox 1445 3195 1512 3256; x_wconf 91' lang='lat' dir='ltr'><strong>eius</strong></span> <span class='ocrx_word' id='word_1_213' title='bbox 1535 3201 1772 3259; x_wconf 79' lang='lat' dir='ltr'><strong>accusatoresst</strong></span> 
     </span>
     <span class='ocr_line' id='line_1_22' title="bbox 408 3286 1734 3367; baseline 0.001 -20"><span class='ocrx_word' id='word_1_214' title='bbox 408 3302 426 3347; x_wconf 86' lang='lat' dir='ltr'><strong>a</strong></span> <span class='ocrx_word' id='word_1_215' title='bbox 448 3286 529 3346; x_wconf 91' lang='lat' dir='ltr'><strong>notis</strong></span> <span class='ocrx_word' id='word_1_216' title='bbox 549 3304 714 3367; x_wconf 90' lang='lat' dir='ltr'><strong>operarum</strong></span> <span class='ocrx_word' id='word_1_217' title='bbox 734 3287 885 3363; x_wconf 90' lang='lat' dir='ltr'><strong>ducibus,</strong></span> <span class='ocrx_word' id='word_1_218' title='bbox 906 3290 946 3350; x_wconf 93' lang='lat' dir='ltr'><strong>ita</strong></span> <span class='ocrx_word' id='word_1_219' title='bbox 969 3298 1003 3349; x_wconf 93' lang='lat' dir='ltr'><strong>ut</strong></span> <span class='ocrx_word' id='word_1_220' title='bbox 1024 3307 1108 3350; x_wconf 93' lang='lat' dir='ltr'><strong>mors</strong></span> <span class='ocrx_word' id='word_1_221' title='bbox 1127 3290 1349 3367; x_wconf 85' lang='lat' dir='ltr'><strong>intentaretur,</strong></span> <span class='ocrx_word' id='word_1_222' title='bbox 1373 3290 1398 3350; x_wconf 90' lang='lat' dir='ltr'><strong>si</strong></span> <span class='ocrx_word' id='word_1_223' title='bbox 1419 3308 1491 3350; x_wconf 84' lang='lat' dir='ltr'><strong>mox</strong></span> <span class='ocrx_word' id='word_1_224' title='bbox 1510 3308 1572 3350; x_wconf 93' lang='lat' dir='ltr'><strong>non</strong></span> <span class='ocrx_word' id='word_1_225' title='bbox 1597 3288 1734 3349; x_wconf 89' lang='lat' dir='ltr'><strong>desiste-</strong></span> 
     </span>
     <span class='ocr_line' id='line_1_23' title="bbox 409 3381 1734 3461; baseline 0 -20"><span class='ocrx_word' id='word_1_226' title='bbox 409 3388 488 3441; x_wconf 85' lang='lat' dir='ltr'><strong>rent.</strong></span> <span class='ocrx_word' id='word_1_227' title='bbox 528 3381 627 3453; x_wconf 90' lang='lat' dir='ltr'><strong>Quam</strong></span> <span class='ocrx_word' id='word_1_228' title='bbox 647 3382 816 3461; x_wconf 91' lang='lat' dir='ltr'><strong>perniciem</strong></span> <span class='ocrx_word' id='word_1_229' title='bbox 836 3383 888 3442; x_wconf 83' lang='lat' dir='ltr'><strong>vix</strong></span> <span class='ocrx_word' id='word_1_230' title='bbox 908 3383 1081 3461; x_wconf 81' lang='lat' dir='ltr'><strong>effugerunt</strong></span> <span class='ocrx_word' id='word_1_231' title='bbox 1104 3383 1281 3444; x_wconf 87' lang='lat' dir='ltr'><strong>interventu</strong></span> <span class='ocrx_word' id='word_1_232' title='bbox 1306 3383 1486 3460; x_wconf 91' lang='lat' dir='ltr'><strong>consulum,</strong></span> <span class='ocrx_word' id='word_1_233' title='bbox 1515 3383 1568 3461; x_wconf 90' lang='lat' dir='ltr'><strong>qui</strong></span> <span class='ocrx_word' id='word_1_234' title='bbox 1593 3381 1734 3443; x_wconf 90' lang='lat' dir='ltr'><strong>advocati</strong></span> 
     </span>
     <span class='ocr_line' id='line_1_24' title="bbox 409 3471 1734 3565; baseline 0 -31"><span class='ocrx_word' id='word_1_235' title='bbox 409 3492 462 3534; x_wconf 93' lang='lat' dir='ltr'><strong>reo</strong></span> <span class='ocrx_word' id='word_1_236' title='bbox 481 3471 721 3536; x_wconf 85' lang='lat' dir='ltr'><strong>descenderant.</strong></span> <span class='ocrx_word' id='word_1_237' title='bbox 770 3476 808 3537; x_wconf 90' lang='lat' dir='ltr'><strong>Et</strong></span> <span class='ocrx_word' id='word_1_238' title='bbox 828 3494 898 3536; x_wconf 93' lang='lat' dir='ltr'><strong>cum</strong></span> <span class='ocrx_word' id='word_1_239' title='bbox 918 3478 948 3537; x_wconf 92' lang='lat' dir='ltr'><strong>in</strong></span> <span class='ocrx_word' id='word_1_240' title='bbox 969 3476 1070 3538; x_wconf 90' lang='lat' dir='ltr'><strong>scalas</strong></span> <span class='ocrx_word' id='word_1_241' title='bbox 1098 3477 1249 3557; x_wconf 92' lang='lat' dir='ltr'><strong>quasdam</strong></span> <span class='ocrx_word' id='word_1_242' title='bbox 1279 3477 1408 3539; x_wconf 92' lang='lat' dir='ltr'><strong>Cominii</strong></span> <span class='ocrx_word' id='word_1_243' title='bbox 1427 3477 1606 3565; x_wconf 62' lang='lat' dir='ltr'><strong>fugissent,</strong></span> <span class='ocrx_word' id='word_1_244' title='bbox 1637 3475 1734 3537; x_wconf 91' lang='lat' dir='ltr'><strong>clausi</strong></span> 
     </span>
     <span class='ocr_line' id='line_1_25' title="bbox 407 3567 1734 3651; baseline 0 -23"><span class='ocrx_word' id='word_1_245' title='bbox 407 3569 438 3628; x_wconf 94' lang='lat' dir='ltr'><strong>in</strong></span> <span class='ocrx_word' id='word_1_246' title='bbox 457 3577 580 3629; x_wconf 90' lang='lat' dir='ltr'><strong>noctem</strong></span> <span class='ocrx_word' id='word_1_247' title='bbox 600 3567 643 3629; x_wconf 89' lang='lat' dir='ltr'><strong>ibi</strong></span> <span class='ocrx_word' id='word_1_248' title='bbox 664 3587 699 3628; x_wconf 94' lang='lat' dir='ltr'><strong>se</strong></span> <span class='ocrx_word' id='word_1_249' title='bbox 722 3569 969 3645; x_wconf 88' lang='lat' dir='ltr'><strong>occultaverunt,</strong></span> <span class='ocrx_word' id='word_1_250' title='bbox 997 3569 1112 3631; x_wconf 91' lang='lat' dir='ltr'><strong>deinde</strong></span> <span class='ocrx_word' id='word_1_251' title='bbox 1135 3589 1193 3651; x_wconf 93' lang='lat' dir='ltr'><strong>per</strong></span> <span class='ocrx_word' id='word_1_252' title='bbox 1212 3579 1293 3633; x_wconf 91' lang='lat' dir='ltr'><strong>tecta</strong></span> <span class='ocrx_word' id='word_1_253' title='bbox 1320 3572 1490 3633; x_wconf 87' lang='lat' dir='ltr'><strong>vicinarum</strong></span> <span class='ocrx_word' id='word_1_254' title='bbox 1514 3569 1637 3633; x_wconf 90' lang='lat' dir='ltr'><strong>aedium</strong></span> <span class='ocrx_word' id='word_1_255' title='bbox 1656 3586 1734 3648; x_wconf 91' lang='lat' dir='ltr'><strong>pro-</strong></span> 
     </span>
     <span class='ocr_line' id='line_1_26' title="bbox 408 3661 1771 3742; baseline 0.001 -21"><span class='ocrx_word' id='word_1_256' title='bbox 408 3663 554 3742; x_wconf 83' lang='lat' dir='ltr'><strong>fugerunt</strong></span> <span class='ocrx_word' id='word_1_257' title='bbox 572 3680 611 3723; x_wconf 85' lang='lat' dir='ltr'><strong>ex</strong></span> <span class='ocrx_word' id='word_1_258' title='bbox 632 3661 723 3723; x_wconf 86' lang='lat' dir='ltr'><strong>Urbe.</strong></span> <span class='ocrx_word' id='word_1_259' title='bbox 772 3666 898 3725; x_wconf 91' lang='lat' dir='ltr'><strong>Postero</strong></span> <span class='ocrx_word' id='word_1_260' title='bbox 924 3663 974 3725; x_wconf 93' lang='lat' dir='ltr'><strong>die</strong></span> <span class='ocrx_word' id='word_1_261' title='bbox 994 3683 1063 3725; x_wconf 90' lang='lat' dir='ltr'><strong>cum</strong></span> <span class='ocrx_word' id='word_1_262' title='bbox 1085 3666 1117 3726; x_wconf 89' lang='lat' dir='ltr'><strong>P.</strong></span> <span class='ocrx_word' id='word_1_263' title='bbox 1140 3665 1268 3727; x_wconf 87' lang='lat' dir='ltr'><strong>Cassius</strong></span> <span class='ocrx_word' id='word_1_264' title='bbox 1290 3664 1464 3726; x_wconf 89' lang='lat' dir='ltr'><strong>assedisset</strong></span> <span class='ocrx_word' id='word_1_265' title='bbox 1483 3673 1515 3724; x_wconf 93' lang='lat' dir='ltr'><strong>et</strong></span> <span class='ocrx_word' id='word_1_266' title='bbox 1534 3663 1615 3724; x_wconf 87' lang='lat' dir='ltr'><strong>citati</strong></span> <span class='ocrx_word' id='word_1_267' title='bbox 1638 3680 1771 3729; x_wconf 77' lang='lat' dir='ltr'><strong>accu-se</strong></span> 
     </span>
     <span class='ocr_line' id='line_1_27' title="bbox 408 3756 1734 3839; baseline -0.001 -22"><span class='ocrx_word' id='word_1_268' title='bbox 408 3766 529 3819; x_wconf 91' lang='lat' dir='ltr'><strong>satores</strong></span> <span class='ocrx_word' id='word_1_269' title='bbox 557 3776 618 3818; x_wconf 93' lang='lat' dir='ltr'><strong>non</strong></span> <span class='ocrx_word' id='word_1_270' title='bbox 644 3756 808 3835; x_wconf 90' lang='lat' dir='ltr'><strong>adessent,</strong></span> <span class='ocrx_word' id='word_1_271' title='bbox 840 3767 1016 3839; x_wconf 91' lang='lat' dir='ltr'><strong>exemptum</strong></span> <span class='ocrx_word' id='word_1_272' title='bbox 1044 3778 1158 3820; x_wconf 92' lang='lat' dir='ltr'><strong>nomen</strong></span> <span class='ocrx_word' id='word_1_273' title='bbox 1185 3766 1233 3821; x_wconf 92' lang='lat' dir='ltr'><strong>est</strong></span> <span class='ocrx_word' id='word_1_274' title='bbox 1257 3757 1297 3820; x_wconf 92' lang='lat' dir='ltr'><strong>de</strong></span> <span class='ocrx_word' id='word_1_275' title='bbox 1327 3760 1388 3820; x_wconf 90' lang='lat' dir='ltr'><strong>reis</strong></span> <span class='ocrx_word' id='word_1_276' title='bbox 1409 3757 1553 3822; x_wconf 91' lang='lat' dir='ltr'><strong>Cornelii.</strong></span> <span class='ocrx_word' id='word_1_277' title='bbox 1604 3756 1734 3819; x_wconf 89' lang='lat' dir='ltr'><strong>Cominii</strong></span> 
     </span>
     <span class='ocr_line' id='line_1_28' title="bbox 409 3853 1732 3933; baseline -0.001 -20"><span class='ocrx_word' id='word_1_278' title='bbox 409 3860 511 3913; x_wconf 89' lang='lat' dir='ltr'><strong>autem</strong></span> <span class='ocrx_word' id='word_1_279' title='bbox 541 3869 651 3930; x_wconf 86' lang='lat' dir='ltr'><strong>magna</strong></span> <span class='ocrx_word' id='word_1_280' title='bbox 680 3853 802 3915; x_wconf 82' lang='lat' dir='ltr'><strong>infamia</strong></span> <span class='ocrx_word' id='word_1_281' title='bbox 829 3854 1038 3932; x_wconf 85' lang='lat' dir='ltr'><strong>flagraverunt</strong></span> <span class='ocrx_word' id='word_1_282' title='bbox 1062 3853 1243 3915; x_wconf 85' lang='lat' dir='ltr'><strong>vendidisse</strong></span> <span class='ocrx_word' id='word_1_283' title='bbox 1271 3853 1425 3916; x_wconf 90' lang='lat' dir='ltr'><strong>silentium</strong></span> <span class='ocrx_word' id='word_1_284' title='bbox 1450 3870 1562 3933; x_wconf 88' lang='lat' dir='ltr'><strong>magna</strong></span> <span class='ocrx_word' id='word_1_285' title='bbox 1588 3853 1732 3932; x_wconf 90' lang='lat' dir='ltr'><strong>pecunia.</strong></span> 
     </span>
     <span class='ocr_line' id='line_1_29' title="bbox 409 3945 1734 4031; baseline 0 -23"><span class='ocrx_word' id='word_1_286' title='bbox 409 3946 566 4026; x_wconf 88' lang='lat' dir='ltr'><strong>Sequente</strong></span> <span class='ocrx_word' id='word_1_287' title='bbox 594 3945 708 4007; x_wconf 91' lang='lat' dir='ltr'><strong>deinde</strong></span> <span class='ocrx_word' id='word_1_288' title='bbox 736 3966 836 4026; x_wconf 89' lang='lat' dir='ltr'><strong>anno,</strong></span> <span class='ocrx_word' id='word_1_289' title='bbox 865 3950 898 4008; x_wconf 91' lang='lat' dir='ltr'><strong>L.</strong></span> <span class='ocrx_word' id='word_1_290' title='bbox 926 3950 1014 4012; x_wconf 90' lang='lat' dir='ltr'><strong>Cotta</strong></span> <span class='ocrx_word' id='word_1_291' title='bbox 1044 3951 1077 4010; x_wconf 91' lang='lat' dir='ltr'><strong>L.</strong></span> <span class='ocrx_word' id='word_1_292' title='bbox 1099 3951 1254 4029; x_wconf 89' lang='lat' dir='ltr'><strong>Torquato</strong></span> <span class='ocrx_word' id='word_1_293' title='bbox 1276 3968 1377 4026; x_wconf 79' lang='lat' dir='ltr'><strong>coss,</strong></span> <span class='ocrx_word' id='word_1_294' title='bbox 1407 3968 1469 4031; x_wconf 95' lang='lat' dir='ltr'><strong>quo</strong></span> <span class='ocrx_word' id='word_1_295' title='bbox 1491 3948 1568 4011; x_wconf 90' lang='lat' dir='ltr'><strong>haec</strong></span> <span class='ocrx_word' id='word_1_296' title='bbox 1593 3948 1689 4009; x_wconf 88' lang='lat' dir='ltr'><strong>oratio</strong></span> <span class='ocrx_word' id='word_1_297' title='bbox 1716 3964 1734 4008; x_wconf 90' lang='lat' dir='ltr'><strong>a</strong></span> 
     </span>
     <span class='ocr_line' id='line_1_30' title="bbox 409 4040 1734 4122; baseline -0.001 -19"><span class='ocrx_word' id='word_1_298' title='bbox 409 4041 559 4103; x_wconf 89' lang='lat' dir='ltr'><strong>Cicerone</strong></span> <span class='ocrx_word' id='word_1_299' title='bbox 578 4042 734 4119; x_wconf 89' lang='lat' dir='ltr'><strong>praetorio</strong></span> <span class='ocrx_word' id='word_1_300' title='bbox 753 4040 834 4102; x_wconf 90' lang='lat' dir='ltr'><strong>dicta</strong></span> <span class='ocrx_word' id='word_1_301' title='bbox 856 4050 914 4117; x_wconf 90' lang='lat' dir='ltr'><strong>est,</strong></span> <span class='ocrx_word' id='word_1_302' title='bbox 934 4060 1004 4103; x_wconf 90' lang='lat' dir='ltr'><strong>cum</strong></span> <span class='ocrx_word' id='word_1_303' title='bbox 1029 4043 1050 4117; x_wconf 86' lang='lat'><em>†</em></span> <span class='ocrx_word' id='word_1_304' title='bbox 1071 4043 1171 4122; x_wconf 92' lang='lat' dir='ltr'><strong>prima</strong></span> <span class='ocrx_word' id='word_1_305' title='bbox 1190 4060 1264 4122; x_wconf 93' lang='lat' dir='ltr'><strong>pars</strong></span> <span class='ocrx_word' id='word_1_306' title='bbox 1287 4044 1323 4102; x_wconf 90' lang='lat' dir='ltr'><strong>ll.</strong></span> <span class='ocrx_word' id='word_1_307' title='bbox 1346 4041 1494 4106; x_wconf 85' lang='lat' dir='ltr'><strong>linnilius.</strong></span> <span class='ocrx_word' id='word_1_308' title='bbox 1515 4042 1567 4120; x_wconf 94' lang='lat' dir='ltr'><strong>qui</strong></span> <span class='ocrx_word' id='word_1_309' title='bbox 1587 4040 1734 4103; x_wconf 90' lang='lat' dir='ltr'><strong>iudicium</strong></span> 
     </span>
     <span class='ocr_line' id='line_1_31' title="bbox 408 4129 1771 4215; baseline 0.002 -20"><span class='ocrx_word' id='word_1_310' title='bbox 408 4153 465 4215; x_wconf 90' lang='lat' dir='ltr'><strong>per</strong></span> <span class='ocrx_word' id='word_1_311' title='bbox 485 4143 650 4214; x_wconf 92' lang='lat' dir='ltr'><strong>operarum</strong></span> <span class='ocrx_word' id='word_1_312' title='bbox 671 4129 768 4195; x_wconf 81' lang='lat' dir='ltr'><strong>duces</strong></span> <span class='ocrx_word' id='word_1_313' title='bbox 789 4134 986 4211; x_wconf 91' lang='lat' dir='ltr'><strong>turbaverat,</strong></span> <span class='ocrx_word' id='word_1_314' title='bbox 1012 4134 1126 4195; x_wconf 91' lang='lat' dir='ltr'><strong>deinde</strong></span> <span class='ocrx_word' id='word_1_315' title='bbox 1154 4134 1238 4215; x_wconf 94' lang='lat' dir='ltr'><strong>quod</strong></span> <span class='ocrx_word' id='word_1_316' title='bbox 1259 4153 1299 4196; x_wconf 87' lang='lat' dir='ltr'><strong>ex</strong></span> <span class='ocrx_word' id='word_1_317' title='bbox 1320 4137 1351 4197; x_wconf 92' lang='lat' dir='ltr'><strong>S.</strong></span> <span class='ocrx_word' id='word_1_318' title='bbox 1375 4137 1409 4196; x_wconf 92' lang='lat' dir='ltr'><strong>C.</strong></span> <span class='ocrx_word' id='word_1_319' title='bbox 1433 4153 1514 4197; x_wconf 92' lang='lat' dir='ltr'><strong>anno</strong></span> <span class='ocrx_word' id='word_1_320' title='bbox 1534 4153 1600 4195; x_wconf 89' lang='lat' dir='ltr'><strong>cos.</strong></span> <span class='ocrx_word' id='word_1_321' title='bbox 1625 4178 1732 4195; x_wconf 89' lang='lat'><strong>.....</strong></span> <span class='ocrx_word' id='word_1_322' title='bbox 1742 4151 1771 4198; x_wconf 84' lang='lat' dir='ltr'><strong>to</strong></span> 
     </span>
     <span class='ocr_line' id='line_1_32' title="bbox 407 4227 1733 4309; baseline -0.001 -20"><span class='ocrx_word' id='word_1_323' title='bbox 407 4229 648 4308; x_wconf 89' lang='lat' dir='ltr'><strong>praesidebant,</strong></span> <span class='ocrx_word' id='word_1_324' title='bbox 679 4238 710 4290; x_wconf 89' lang='lat' dir='ltr'><strong>et</strong></span> <span class='ocrx_word' id='word_1_325' title='bbox 728 4228 841 4290; x_wconf 91' lang='lat' dir='ltr'><strong>iudicio</strong></span> <span class='ocrx_word' id='word_1_326' title='bbox 869 4247 931 4291; x_wconf 92' lang='lat' dir='ltr'><strong>non</strong></span> <span class='ocrx_word' id='word_1_327' title='bbox 958 4228 1174 4308; x_wconf 90' lang='lat' dir='ltr'><strong>respondisset</strong></span> <span class='ocrx_word' id='word_1_328' title='bbox 1198 4273 1307 4291; x_wconf 88' lang='grc'><strong>.....</strong></span> <span class='ocrx_word' id='word_1_329' title='bbox 1328 4239 1421 4309; x_wconf 90' lang='lat' dir='ltr'><strong>atque</strong></span> <span class='ocrx_word' id='word_1_330' title='bbox 1449 4237 1535 4289; x_wconf 91' lang='lat' dir='ltr'><strong>esset</strong></span> <span class='ocrx_word' id='word_1_331' title='bbox 1557 4227 1733 4305; x_wconf 89' lang='lat' dir='ltr'><strong>damnatus,</strong></span> 
     </span>
     <span class='ocr_line' id='line_1_33' title="bbox 409 4320 1733 4401; baseline -0.001 -18"><span class='ocrx_word' id='word_1_332' title='bbox 409 4324 615 4384; x_wconf 89' lang='lat' dir='ltr'><strong>recreavisset</strong></span> <span class='ocrx_word' id='word_1_333' title='bbox 631 4366 734 4383; x_wconf 90' lang='grc'><strong>.....</strong></span> <span class='ocrx_word' id='word_1_334' title='bbox 757 4323 816 4383; x_wconf 92' lang='lat' dir='ltr'><strong>iam</strong></span> <span class='ocrx_word' id='word_1_335' title='bbox 837 4332 964 4401; x_wconf 91' lang='lat' dir='ltr'><strong>accepta</strong></span> <span class='ocrx_word' id='word_1_336' title='bbox 987 4323 1120 4401; x_wconf 92' lang='lat' dir='ltr'><strong>pecunia</strong></span> <span class='ocrx_word' id='word_1_337' title='bbox 1143 4322 1251 4385; x_wconf 88' lang='lat' dir='ltr'><strong>tollere</strong></span> <span class='ocrx_word' id='word_1_338' title='bbox 1275 4323 1318 4385; x_wconf 91' lang='lat' dir='ltr'><strong>ait</strong></span> <span class='ocrx_word' id='word_1_339' title='bbox 1339 4366 1445 4384; x_wconf 87' lang='grc'><strong>.....</strong></span> <span class='ocrx_word' id='word_1_340' title='bbox 1468 4321 1644 4384; x_wconf 91' lang='lat' dir='ltr'><strong>Cornelium</strong></span> <span class='ocrx_word' id='word_1_341' title='bbox 1664 4320 1733 4400; x_wconf 89' lang='lat' dir='ltr'><strong>lege</strong></span> 
     </span>
     <span class='ocr_line' id='line_1_34' title="bbox 409 4418 1732 4497; baseline -0.004 -18"><span class='ocrx_word' id='word_1_342' title='bbox 409 4418 587 4479; x_wconf 88' lang='lat' dir='ltr'><strong>maiestatis.</strong></span> <span class='ocrx_word' id='word_1_343' title='bbox 629 4419 690 4479; x_wconf 87' lang='lat' dir='ltr'><strong>lles</strong></span> <span class='ocrx_word' id='word_1_344' title='bbox 704 4424 772 4478; x_wconf 89' lang='lat' dir='ltr'><strong>acta</strong></span> <span class='ocrx_word' id='word_1_345' title='bbox 786 4426 835 4477; x_wconf 90' lang='lat' dir='ltr'><strong>est</strong></span> <span class='ocrx_word' id='word_1_346' title='bbox 848 4435 959 4495; x_wconf 88' lang='lat' dir='ltr'><strong>magna</strong></span> <span class='ocrx_word' id='word_1_347' title='bbox 979 4418 1211 4495; x_wconf 87' lang='lat' dir='ltr'><strong>exspectatione</strong></span> <span class='ocrx_word' id='word_1_348' title='bbox 1232 4418 1383 4497; x_wconf 83' lang='lat' dir='ltr'><strong>†paucos</strong></span> <span class='ocrx_word' id='word_1_349' title='bbox 1403 4424 1474 4478; x_wconf 87' lang='lat' dir='ltr'><strong>ante</strong></span> <span class='ocrx_word' id='word_1_350' title='bbox 1492 4433 1542 4475; x_wconf 92' lang='lat' dir='ltr'><strong>me</strong></span> <span class='ocrx_word' id='word_1_351' title='bbox 1562 4432 1682 4494; x_wconf 89' lang='lat' dir='ltr'><strong>ergo..</strong></span> <span class='ocrx_word' id='word_1_352' title='bbox 1698 4459 1706 4474; x_wconf 95' lang='lat'><strong>.</strong></span> <span class='ocrx_word' id='word_1_353' title='bbox 1723 4459 1732 4474; x_wconf 90' lang='lat'><strong>.</strong></span> 
     </span>
     <span class='ocr_line' id='line_1_35' title="bbox 409 4506 1744 4590; baseline -0.006 -17"><span class='ocrx_word' id='word_1_354' title='bbox 409 4510 582 4589; x_wconf 89' lang='lat' dir='ltr'><strong>Cornelius,</strong></span> <span class='ocrx_word' id='word_1_355' title='bbox 605 4513 788 4590; x_wconf 91' lang='lat' dir='ltr'><strong>perterritus</strong></span> <span class='ocrx_word' id='word_1_356' title='bbox 817 4509 927 4572; x_wconf 88' lang='lat' dir='ltr'><strong>llanilii</strong></span> <span class='ocrx_word' id='word_1_357' title='bbox 948 4510 1032 4571; x_wconf 83' lang='lat' dir='ltr'><strong>exitu</strong></span> <span class='ocrx_word' id='word_1_358' title='bbox 1046 4552 1155 4571; x_wconf 89' lang='lat'><strong>.....</strong></span> <span class='ocrx_word' id='word_1_359' title='bbox 1168 4511 1200 4570; x_wconf 92' lang='lat' dir='ltr'><strong>in</strong></span> <span class='ocrx_word' id='word_1_360' title='bbox 1220 4508 1366 4572; x_wconf 87' lang='lat' dir='ltr'><strong>iudicium</strong></span> <span class='ocrx_word' id='word_1_361' title='bbox 1384 4508 1533 4586; x_wconf 87' lang='lat' dir='ltr'><strong>adhibuit,</strong></span> <span class='ocrx_word' id='word_1_362' title='bbox 1555 4515 1645 4570; x_wconf 92' lang='lat' dir='ltr'><strong>utne</strong></span> <span class='ocrx_word' id='word_1_363' title='bbox 1666 4506 1744 4569; x_wconf 46' lang='lat' dir='ltr'><strong>clas</strong></span> 
     </span>
     <span class='ocr_line' id='line_1_36' title="bbox 409 4603 1771 4686; baseline 0.001 -21"><span class='ocrx_word' id='word_1_364' title='bbox 409 4623 475 4666; x_wconf 91' lang='lat' dir='ltr'><strong>mor</strong></span> <span class='ocrx_word' id='word_1_365' title='bbox 503 4605 628 4686; x_wconf 91' lang='lat' dir='ltr'><strong>quidem</strong></span> <span class='ocrx_word' id='word_1_366' title='bbox 659 4605 739 4667; x_wconf 94' lang='lat' dir='ltr'><strong>ullus</strong></span> <span class='ocrx_word' id='word_1_367' title='bbox 770 4605 810 4667; x_wconf 93' lang='lat' dir='ltr'><strong>ab</strong></span> <span class='ocrx_word' id='word_1_368' title='bbox 830 4605 988 4667; x_wconf 90' lang='lat' dir='ltr'><strong>advocatis</strong></span> <span class='ocrx_word' id='word_1_369' title='bbox 1019 4605 1085 4666; x_wconf 90' lang='lat' dir='ltr'><strong>eius</strong></span> <span class='ocrx_word' id='word_1_370' title='bbox 1117 4606 1257 4667; x_wconf 89' lang='lat' dir='ltr'><strong>oriretur.</strong></span> <span class='ocrx_word' id='word_1_371' title='bbox 1308 4605 1458 4666; x_wconf 86' lang='lat' dir='ltr'><strong>Dixerunt</strong></span> <span class='ocrx_word' id='word_1_372' title='bbox 1485 4604 1517 4664; x_wconf 92' lang='lat' dir='ltr'><strong>in</strong></span> <span class='ocrx_word' id='word_1_373' title='bbox 1537 4622 1608 4665; x_wconf 91' lang='lat' dir='ltr'><strong>eum</strong></span> <span class='ocrx_word' id='word_1_374' title='bbox 1631 4603 1771 4666; x_wconf 80' lang='lat' dir='ltr'><strong>infestiet</strong></span> 
     </span>
     <span class='ocr_line' id='line_1_37' title="bbox 408 4698 1732 4781; baseline -0.003 -20"><span class='ocrx_word' id='word_1_375' title='bbox 408 4700 582 4762; x_wconf 89' lang='lat' dir='ltr'><strong>testimonia</strong></span> <span class='ocrx_word' id='word_1_376' title='bbox 602 4702 759 4781; x_wconf 88' lang='lat' dir='ltr'><strong>principes</strong></span> <span class='ocrx_word' id='word_1_377' title='bbox 780 4701 927 4773; x_wconf 88' lang='lat' dir='ltr'><strong>civitatis,</strong></span> <span class='ocrx_word' id='word_1_378' title='bbox 959 4701 1010 4780; x_wconf 92' lang='lat' dir='ltr'><strong>qui</strong></span> <span class='ocrx_word' id='word_1_379' title='bbox 1033 4700 1200 4780; x_wconf 86' lang='lat' dir='ltr'><strong>plurimum</strong></span> <span class='ocrx_word' id='word_1_380' title='bbox 1225 4702 1257 4761; x_wconf 90' lang='lat' dir='ltr'><strong>in</strong></span> <span class='ocrx_word' id='word_1_381' title='bbox 1277 4709 1388 4761; x_wconf 92' lang='lat' dir='ltr'><strong>senatu</strong></span> <span class='ocrx_word' id='word_1_382' title='bbox 1406 4705 1565 4779; x_wconf 90' lang='lat' dir='ltr'><strong>poterant,</strong></span> <span class='ocrx_word' id='word_1_383' title='bbox 1594 4698 1630 4770; x_wconf 88' lang='lat' dir='ltr'><strong>Q.</strong></span> <span class='ocrx_word' id='word_1_384' title='bbox 1653 4698 1732 4757; x_wconf 89' lang='lat' dir='ltr'><strong>Hor-</strong></span> 
     </span>
     <span class='ocr_line' id='line_1_38' title="bbox 408 4790 1734 4874; baseline -0.002 -20"><span class='ocrx_word' id='word_1_385' title='bbox 408 4795 539 4871; x_wconf 88' lang='lat' dir='ltr'><strong>tensius,</strong></span> <span class='ocrx_word' id='word_1_386' title='bbox 561 4796 596 4868; x_wconf 90' lang='lat' dir='ltr'><strong>Q.</strong></span> <span class='ocrx_word' id='word_1_387' title='bbox 618 4794 757 4869; x_wconf 82' lang='lat' dir='ltr'><strong>catulus,</strong></span> <span class='ocrx_word' id='word_1_388' title='bbox 778 4796 814 4868; x_wconf 88' lang='lat' dir='ltr'><strong>Q.</strong></span> <span class='ocrx_word' id='word_1_389' title='bbox 836 4793 976 4855; x_wconf 86' lang='lat' dir='ltr'><strong>Metellus</strong></span> <span class='ocrx_word' id='word_1_390' title='bbox 996 4796 1078 4872; x_wconf 90' lang='lat' dir='ltr'><strong>Pius,</strong></span> <span class='ocrx_word' id='word_1_391' title='bbox 1100 4796 1133 4857; x_wconf 94' lang='lat' dir='ltr'><strong>L.</strong></span> <span class='ocrx_word' id='word_1_392' title='bbox 1154 4793 1309 4871; x_wconf 89' lang='lat' dir='ltr'><strong>Lucullus,</strong></span> <span class='ocrx_word' id='word_1_393' title='bbox 1334 4793 1369 4854; x_wconf 81' lang='grc' dir='ltr'><strong>Μ’</strong></span> <span class='ocrx_word' id='word_1_394' title='bbox 1388 4790 1534 4874; x_wconf 91' lang='lat' dir='ltr'><strong>Lepidus.</strong></span> <span class='ocrx_word' id='word_1_395' title='bbox 1584 4792 1734 4853; x_wconf 77' lang='lat' dir='ltr'><strong>vixerunt</strong></span> 
     </span>
     <span class='ocr_line' id='line_1_39' title="bbox 408 4885 1733 4969; baseline -0.002 -21"><span class='ocrx_word' id='word_1_396' title='bbox 408 4896 511 4949; x_wconf 90' lang='lat' dir='ltr'><strong>autem</strong></span> <span class='ocrx_word' id='word_1_397' title='bbox 541 4888 612 4949; x_wconf 92' lang='lat' dir='ltr'><strong>hoc:</strong></span> <span class='ocrx_word' id='word_1_398' title='bbox 646 4887 760 4949; x_wconf 89' lang='lat' dir='ltr'><strong>vidisse</strong></span> <span class='ocrx_word' id='word_1_399' title='bbox 784 4907 837 4966; x_wconf 92' lang='lat' dir='ltr'><strong>se,</strong></span> <span class='ocrx_word' id='word_1_400' title='bbox 866 4907 936 4949; x_wconf 89' lang='lat' dir='ltr'><strong>cum</strong></span> <span class='ocrx_word' id='word_1_401' title='bbox 960 4888 1122 4950; x_wconf 91' lang='lat' dir='ltr'><strong>Cornelius</strong></span> <span class='ocrx_word' id='word_1_402' title='bbox 1141 4890 1173 4950; x_wconf 92' lang='lat' dir='ltr'><strong>in</strong></span> <span class='ocrx_word' id='word_1_403' title='bbox 1194 4888 1352 4949; x_wconf 90' lang='lat' dir='ltr'><strong>tribunatu</strong></span> <span class='ocrx_word' id='word_1_404' title='bbox 1380 4885 1518 4948; x_wconf 91' lang='lat' dir='ltr'><strong>codicem</strong></span> <span class='ocrx_word' id='word_1_405' title='bbox 1546 4906 1601 4969; x_wconf 94' lang='lat' dir='ltr'><strong>pro</strong></span> <span class='ocrx_word' id='word_1_406' title='bbox 1622 4886 1733 4948; x_wconf 91' lang='lat' dir='ltr'><strong>rostris</strong></span> 
     </span>
     <span class='ocr_line' id='line_1_40' title="bbox 407 4978 1733 5064; baseline 0.001 -23"><span class='ocrx_word' id='word_1_407' title='bbox 407 4983 475 5061; x_wconf 92' lang='lat' dir='ltr'><strong>ipse</strong></span> <span class='ocrx_word' id='word_1_408' title='bbox 499 4984 660 5058; x_wconf 87' lang='lat' dir='ltr'><strong>recitaret,</strong></span> <span class='ocrx_word' id='word_1_409' title='bbox 688 4981 772 5064; x_wconf 94' lang='lat' dir='ltr'><strong>quod</strong></span> <span class='ocrx_word' id='word_1_410' title='bbox 791 4992 863 5048; x_wconf 92' lang='lat' dir='ltr'><strong>ante</strong></span> <span class='ocrx_word' id='word_1_411' title='bbox 887 4982 1063 5045; x_wconf 90' lang='lat' dir='ltr'><strong>Cornelium</strong></span> <span class='ocrx_word' id='word_1_412' title='bbox 1084 5002 1175 5044; x_wconf 92' lang='lat' dir='ltr'><strong>nemo</strong></span> <span class='ocrx_word' id='word_1_413' title='bbox 1205 4984 1318 5045; x_wconf 89' lang='lat' dir='ltr'><strong>iecisse</strong></span> <span class='ocrx_word' id='word_1_414' title='bbox 1349 4983 1589 5044; x_wconf 82' lang='lat' dir='ltr'><strong>existimaretur.</strong></span> <span class='ocrx_word' id='word_1_415' title='bbox 1638 4978 1733 5042; x_wconf 88' lang='lat' dir='ltr'><strong>Vole-</strong></span> 
     </span>
     <span class='ocr_line' id='line_1_41' title="bbox 408 5075 1771 5160; baseline -0.001 -22"><span class='ocrx_word' id='word_1_416' title='bbox 408 5076 484 5139; x_wconf 91' lang='lat' dir='ltr'><strong>bant</strong></span> <span class='ocrx_word' id='word_1_417' title='bbox 510 5078 626 5153; x_wconf 83' lang='lat' dir='ltr'><strong>videri,</strong></span> <span class='ocrx_word' id='word_1_418' title='bbox 658 5096 692 5139; x_wconf 91' lang='lat' dir='ltr'><strong>se</strong></span> <span class='ocrx_word' id='word_1_419' title='bbox 721 5078 859 5141; x_wconf 91' lang='lat' dir='ltr'><strong>iudicare</strong></span> <span class='ocrx_word' id='word_1_420' title='bbox 887 5098 955 5140; x_wconf 92' lang='lat' dir='ltr'><strong>eam</strong></span> <span class='ocrx_word' id='word_1_421' title='bbox 983 5097 1049 5140; x_wconf 90' lang='lat' dir='ltr'><strong>rem</strong></span> <span class='ocrx_word' id='word_1_422' title='bbox 1081 5098 1191 5159; x_wconf 90' lang='lat' dir='ltr'><strong>magno</strong></span> <span class='ocrx_word' id='word_1_423' title='bbox 1223 5097 1318 5160; x_wconf 90' lang='lat' dir='ltr'><strong>opere</strong></span> <span class='ocrx_word' id='word_1_424' title='bbox 1347 5078 1386 5140; x_wconf 87' lang='lat' dir='ltr'><strong>ad</strong></span> <span class='ocrx_word' id='word_1_425' title='bbox 1414 5080 1531 5140; x_wconf 87' lang='lat' dir='ltr'><strong>crimen</strong></span> <span class='ocrx_word' id='word_1_426' title='bbox 1554 5075 1771 5137; x_wconf 84' lang='lat' dir='ltr'><strong>imminutaeto</strong></span> 
     </span>
     <span class='ocr_line' id='line_1_42' title="bbox 408 5168 1732 5254; baseline -0.003 -23"><span class='ocrx_word' id='word_1_427' title='bbox 408 5172 578 5233; x_wconf 90' lang='lat' dir='ltr'><strong>maiestatis</strong></span> <span class='ocrx_word' id='word_1_428' title='bbox 602 5171 784 5234; x_wconf 88' lang='lat' dir='ltr'><strong>tribuniciae</strong></span> <span class='ocrx_word' id='word_1_429' title='bbox 812 5174 985 5253; x_wconf 91' lang='lat' dir='ltr'><strong>pertinere:</strong></span> <span class='ocrx_word' id='word_1_430' title='bbox 1023 5174 1136 5234; x_wconf 90' lang='lat' dir='ltr'><strong>etenim</strong></span> <span class='ocrx_word' id='word_1_431' title='bbox 1170 5191 1268 5254; x_wconf 94' lang='lat' dir='ltr'><strong>prope</strong></span> <span class='ocrx_word' id='word_1_432' title='bbox 1293 5172 1460 5235; x_wconf 91' lang='lat' dir='ltr'><strong>tollebatur</strong></span> <span class='ocrx_word' id='word_1_433' title='bbox 1481 5168 1681 5245; x_wconf 89' lang='lat' dir='ltr'><strong>intercessio,</strong></span> <span class='ocrx_word' id='word_1_434' title='bbox 1706 5168 1732 5230; x_wconf 90' lang='lat' dir='ltr'><strong>si</strong></span> 
     </span>
     <span class='ocr_line' id='line_1_43' title="bbox 408 5264 1731 5347; baseline -0.002 -23"><span class='ocrx_word' id='word_1_435' title='bbox 408 5264 440 5324; x_wconf 92' lang='lat' dir='ltr'><strong>id</strong></span> <span class='ocrx_word' id='word_1_436' title='bbox 460 5265 592 5327; x_wconf 91' lang='lat' dir='ltr'><strong>tribunis</strong></span> <span class='ocrx_word' id='word_1_437' title='bbox 612 5268 852 5346; x_wconf 90' lang='lat' dir='ltr'><strong>permitteretur.</strong></span> <span class='ocrx_word' id='word_1_438' title='bbox 895 5269 1001 5338; x_wconf 80' lang='lat' dir='ltr'><strong>cicero,</strong></span> <span class='ocrx_word' id='word_1_439' title='bbox 1023 5271 1091 5340; x_wconf 81' lang='lat' dir='ltr'><strong>quic</strong></span> <span class='ocrx_word' id='word_1_440' title='bbox 1109 5285 1171 5328; x_wconf 92' lang='lat' dir='ltr'><strong>non</strong></span> <span class='ocrx_word' id='word_1_441' title='bbox 1191 5274 1313 5347; x_wconf 90' lang='lat' dir='ltr'><strong>poterat</strong></span> <span class='ocrx_word' id='word_1_442' title='bbox 1331 5284 1446 5345; x_wconf 88' lang='lat' dir='ltr'><strong>negare</strong></span> <span class='ocrx_word' id='word_1_443' title='bbox 1464 5266 1497 5326; x_wconf 91' lang='lat' dir='ltr'><strong>id</strong></span> <span class='ocrx_word' id='word_1_444' title='bbox 1516 5266 1628 5327; x_wconf 89' lang='lat' dir='ltr'><strong>lactum</strong></span> <span class='ocrx_word' id='word_1_445' title='bbox 1649 5278 1731 5340; x_wconf 91' lang='lat' dir='ltr'><strong>esse,</strong></span> 
     </span>
     <span class='ocr_line' id='line_1_44' title="bbox 410 5356 1733 5440; baseline -0.005 -18"><span class='ocrx_word' id='word_1_446' title='bbox 410 5378 447 5422; x_wconf 93' lang='lat' dir='ltr'><strong>eo</strong></span> <span class='ocrx_word' id='word_1_447' title='bbox 467 5361 618 5440; x_wconf 77' lang='lat' dir='ltr'><strong>confugit,</strong></span> <span class='ocrx_word' id='word_1_448' title='bbox 641 5367 676 5423; x_wconf 92' lang='lat' dir='ltr'><strong>ut</strong></span> <span class='ocrx_word' id='word_1_449' title='bbox 695 5360 827 5438; x_wconf 89' lang='lat' dir='ltr'><strong>diceret,</strong></span> <span class='ocrx_word' id='word_1_450' title='bbox 849 5380 910 5422; x_wconf 93' lang='lat' dir='ltr'><strong>non</strong></span> <span class='ocrx_word' id='word_1_451' title='bbox 929 5360 1010 5437; x_wconf 89' lang='lat' dir='ltr'><strong>ideo,</strong></span> <span class='ocrx_word' id='word_1_452' title='bbox 1033 5360 1118 5439; x_wconf 95' lang='lat' dir='ltr'><strong>quod</strong></span> <span class='ocrx_word' id='word_1_453' title='bbox 1138 5360 1237 5422; x_wconf 93' lang='lat' dir='ltr'><strong>lectus</strong></span> <span class='ocrx_word' id='word_1_454' title='bbox 1257 5363 1297 5422; x_wconf 90' lang='lat' dir='ltr'><strong>sit</strong></span> <span class='ocrx_word' id='word_1_455' title='bbox 1315 5359 1415 5422; x_wconf 85' lang='lat' dir='ltr'><strong>codex</strong></span> <span class='ocrx_word' id='word_1_456' title='bbox 1435 5379 1451 5420; x_wconf 92' lang='lat' dir='ltr'><strong>a</strong></span> <span class='ocrx_word' id='word_1_457' title='bbox 1472 5358 1606 5434; x_wconf 88' lang='lat' dir='ltr'><strong>tribuno,</strong></span> <span class='ocrx_word' id='word_1_458' title='bbox 1629 5356 1733 5417; x_wconf 90' lang='lat' dir='ltr'><strong>immi-</strong></span> 
     </span>
     <span class='ocr_line' id='line_1_45' title="bbox 409 5449 1730 5534; baseline -0.004 -20"><span class='ocrx_word' id='word_1_459' title='bbox 409 5463 515 5516; x_wconf 87' lang='lat' dir='ltr'><strong>nutam</strong></span> <span class='ocrx_word' id='word_1_460' title='bbox 542 5474 613 5516; x_wconf 90' lang='lat' dir='ltr'><strong>esse</strong></span> <span class='ocrx_word' id='word_1_461' title='bbox 640 5455 835 5517; x_wconf 90' lang='lat' dir='ltr'><strong>tribuniciam</strong></span> <span class='ocrx_word' id='word_1_462' title='bbox 861 5463 1058 5534; x_wconf 88' lang='lat' dir='ltr'><strong>potestatem.</strong></span> <span class='ocrx_word' id='word_1_463' title='bbox 1108 5456 1174 5528; x_wconf 90' lang='lat' dir='ltr'><strong>Qua</strong></span> <span class='ocrx_word' id='word_1_464' title='bbox 1195 5473 1268 5516; x_wconf 88' lang='lat' dir='ltr'><strong>vero</strong></span> <span class='ocrx_word' id='word_1_465' title='bbox 1288 5464 1355 5518; x_wconf 90' lang='lat' dir='ltr'><strong>arte</strong></span> <span class='ocrx_word' id='word_1_466' title='bbox 1375 5463 1406 5515; x_wconf 91' lang='lat' dir='ltr'><strong>et</strong></span> <span class='ocrx_word' id='word_1_467' title='bbox 1425 5453 1553 5515; x_wconf 90' lang='lat' dir='ltr'><strong>scientia</strong></span> <span class='ocrx_word' id='word_1_468' title='bbox 1574 5449 1730 5526; x_wconf 89' lang='lat' dir='ltr'><strong>orationis,</strong></span> 
     </span>
     <span class='ocr_line' id='line_1_46' title="bbox 408 5545 1770 5630; baseline -0.001 -22"><span class='ocrx_word' id='word_1_469' title='bbox 408 5549 449 5611; x_wconf 90' lang='lat' dir='ltr'><strong>ita</strong></span> <span class='ocrx_word' id='word_1_470' title='bbox 469 5557 554 5611; x_wconf 94' lang='lat' dir='ltr'><strong>utet</strong></span> <span class='ocrx_word' id='word_1_471' title='bbox 574 5548 753 5627; x_wconf 89' lang='lat' dir='ltr'><strong>dignitatem</strong></span> <span class='ocrx_word' id='word_1_472' title='bbox 774 5548 1013 5611; x_wconf 88' lang='lat' dir='ltr'><strong>clarissimorum</strong></span> <span class='ocrx_word' id='word_1_473' title='bbox 1034 5549 1163 5627; x_wconf 89' lang='lat' dir='ltr'><strong>civium,</strong></span> <span class='ocrx_word' id='word_1_474' title='bbox 1189 5558 1296 5612; x_wconf 89' lang='lat' dir='ltr'><strong>contra</strong></span> <span class='ocrx_word' id='word_1_475' title='bbox 1316 5568 1395 5630; x_wconf 94' lang='lat' dir='ltr'><strong>quos</strong></span> <span class='ocrx_word' id='word_1_476' title='bbox 1415 5547 1556 5625; x_wconf 91' lang='lat' dir='ltr'><strong>dicebat,</strong></span> <span class='ocrx_word' id='word_1_477' title='bbox 1582 5564 1644 5607; x_wconf 90' lang='lat' dir='ltr'><strong>non</strong></span> <span class='ocrx_word' id='word_1_478' title='bbox 1664 5545 1770 5619; x_wconf 63' lang='lat' dir='ltr'><strong>vio-45</strong></span> 
     </span>
     <span class='ocr_line' id='line_1_47' title="bbox 407 5641 1731 5724; baseline -0.003 -20"><span class='ocrx_word' id='word_1_479' title='bbox 407 5642 506 5724; x_wconf 91' lang='lat' dir='ltr'><strong>laret,</strong></span> <span class='ocrx_word' id='word_1_480' title='bbox 537 5651 569 5706; x_wconf 91' lang='grc' dir='ltr'><strong>ει</strong></span> <span class='ocrx_word' id='word_1_481' title='bbox 592 5653 696 5706; x_wconf 90' lang='lat' dir='ltr'><strong>tamen</strong></span> <span class='ocrx_word' id='word_1_482' title='bbox 721 5646 903 5707; x_wconf 88' lang='lat' dir='ltr'><strong>auctoritate</strong></span> <span class='ocrx_word' id='word_1_483' title='bbox 932 5662 1038 5705; x_wconf 93' lang='lat' dir='ltr'><strong>eorum</strong></span> <span class='ocrx_word' id='word_1_484' title='bbox 1059 5641 1140 5705; x_wconf 88' lang='lat' dir='ltr'><strong>laedi</strong></span> <span class='ocrx_word' id='word_1_485' title='bbox 1160 5662 1247 5705; x_wconf 92' lang='lat' dir='ltr'><strong>reum</strong></span> <span class='ocrx_word' id='word_1_486' title='bbox 1267 5662 1329 5707; x_wconf 90' lang='lat' dir='ltr'><strong>non</strong></span> <span class='ocrx_word' id='word_1_487' title='bbox 1348 5651 1524 5724; x_wconf 91' lang='lat' dir='ltr'><strong>pateretur,</strong></span> <span class='ocrx_word' id='word_1_488' title='bbox 1553 5648 1731 5721; x_wconf 90' lang='lat' dir='ltr'><strong>quantaque</strong></span> 
     </span>
    </p>
   </div>
   <div class='ocr_carea' id='block_1_3' title="bbox 475 5872 901 5936">
    <p class='ocr_par' dir='ltr' id='par_1_3' title="bbox 475 5872 901 5936">
     <span class='ocr_line' id='line_1_48' title="bbox 475 5872 901 5936; baseline -0.005 -9"><span class='ocrx_word' id='word_1_489' title='bbox 475 5872 517 5927; x_wconf 76' lang='lat' dir='ltr'><strong>ll.</strong></span> <span class='ocrx_word' id='word_1_490' title='bbox 541 5872 822 5936; x_wconf 63' lang='lat' dir='ltr'><strong>succensuerint</strong></span> <span class='ocrx_word' id='word_1_491' title='bbox 855 5874 901 5926; x_wconf 73' lang='grc'><strong>01.</strong></span> 
     </span>
    </p>
   </div>
   <div class='ocr_carea' id='block_1_4' title="bbox 0 0 2176 7459">
    <p class='ocr_par' dir='ltr' id='par_1_4' title="bbox 0 0 2176 7459">
     <span class='ocr_line' id='line_1_49' title="bbox 0 0 2176 7459; baseline 0 0"><span class='ocrx_word' id='word_1_492' title='bbox 0 0 2176 7459; x_wconf 95' lang='lat' dir='ltr'><strong> </strong></span> 
     </span>
    </p>
   </div>
  </div>
 </body>
</html>
