4342 7459
443 1213 506 1282 toi
662 1222 665 1227 ’
978 1215 1084 1280 CATO
1106 1216 1237 1281 Milon

443 1378 539 1443 buius
561 1385 701 1441 extrema
723 1385 809 1441 aetas
830 1377 893 1440 boo
913 1377 1036 1440 beatior
1056 1395 1150 1457 quam
1174 1375 1287 1449 media,
1311 1376 1396 1459 quod
1417 1376 1613 1441 auctoritatis
1634 1378 1778 1444 babebat

443 1472 530 1557 plus,
553 1471 670 1534 laboris
692 1472 818 1546 minus;
849 1490 930 1553 aper
952 1477 1001 1533 est
1022 1478 1127 1532 autem
1150 1472 1321 1533 senectutis
1344 1471 1526 1533 auctoritas.
1568 1467 1620 1535 dl.
1644 1471 1777 1549 Quanta

442 1564 504 1629 tuit
530 1566 562 1626 in
593 1565 625 1626 L.
650 1565 787 1629 Caecilio
810 1565 958 1627 lletellol
994 1572 1113 1646 quanta
1135 1565 1167 1625 in
1191 1564 1287 1627 attilio
1301 1564 1471 1640 ,Calatinol
1505 1565 1539 1627 in
1566 1585 1664 1649 quem
1690 1568 1775 1632 illud

442 1658 600 1740 elogium:
636 1660 750 1723 Hunc
783 1678 901 1721 unum
932 1658 1128 1741 plurimae
1158 1659 1416 1721 consentiunt
1446 1665 1588 1739 gentes
1620 1661 1774 1746 populi

416 1752 666 1833 sprimarium
698 1752 825 1816 inisse
854 1752 941 1814 viru
951 1774 991 1814 m.
1035 1754 1151 1813 Notum
1174 1760 1223 1815 est
1245 1771 1372 1815 carmen
1394 1753 1530 1815 incisum
1552 1753 1586 1815 io
1608 1754 1773 1836 sepulcro.

438 1843 511 1906 lure
532 1845 628 1926 igitur
648 1847 769 1929 gravis,
799 1846 891 1908 cuius
922 1844 963 1908 do
997 1842 1144 1908 laudibus
1175 1848 1317 1909 omnium
1341 1854 1426 1908 essct
1446 1846 1529 1908 sama
1553 1847 1771 1911 consentiens.

438 1937 541 2013 Quem
564 1940 665 2003 virum
688 1958 791 2022 nuper
811 1941 845 2001 P.
868 1939 1033 2011 Crassum,
1056 1937 1238 2021 pontificem
1261 1940 1453 2013 marimum,
1476 1960 1569 2023 quem
1593 1948 1707 2022 postea
1728 1942 1772 2004 Ι.

436 2032 608 2114 Lepidum,
638 2034 751 2097 eodem
780 2033 956 2095 sacerdotio
985 2034 1181 2114 praeditum,
1211 2034 1370 2096 vidimus!
1417 2033 1502 2109 Quid
1532 2033 1572 2095 de
1595 2032 1694 2097 Paulo
1716 2042 1774 2098 aut

436 2126 585 2204 Africano
608 2128 721 2211 loquar
741 2135 806 2201 aut,
827 2134 863 2189 ut
884 2126 946 2188 iam
967 2133 1054 2200 ante,
1078 2127 1119 2189 de
1135 2128 1300 2191 Maximo?
1324 2146 1459 2209 quorum
1482 2146 1548 2189 aon
1562 2127 1595 2189 in
1610 2128 1772 2192 sententia

398 2221 550 2295 tosolum,
572 2222 629 2287 sed
652 2223 748 2285 etiam
770 2220 804 2294 io
827 2227 904 2283 nutu
927 2219 1088 2283 residebat
1108 2222 1290 2285 auotoritas.
1326 2220 1431 2282 Habet
1452 2232 1599 2284 senectus
1614 2220 1772 2285 honorata

436 2318 621 2398 praesertim
644 2324 762 2379 tantam
784 2314 1014 2387 auctoritatem,
1036 2322 1071 2376 ut
1093 2334 1131 2377 ea
1153 2314 1252 2395 pluris
1274 2312 1316 2377 sit
1338 2333 1433 2396 quam
1456 2334 1567 2377 omnes
1581 2313 1772 2379 adulescen-

437 2410 500 2472 tiae
521 2409 708 2494 voluptates.

520 2504 633 2567 XVlll.
663 2500 714 2566 62.
744 2502 807 2565 Sed
833 2502 867 2564 in
896 2503 980 2565 omoi
1007 2503 1148 2566 oratione
1180 2510 1372 2566 mementote
1401 2521 1470 2565 eam
1500 2520 1550 2566 me
1572 2510 1771 2569 senectutem

437 2595 578 2669 laudare,
599 2617 681 2679 quae
702 2596 918 2659 fundamentis
940 2595 1176 2659 adulescentiae
1200 2598 1371 2660 constituta
1393 2597 1443 2659 sit.
1479 2597 1529 2660 Ex
1551 2617 1616 2681 quo
1633 2594 1773 2662 efficitur

400 2690 482 2763 isid,
504 2689 590 2774 quod
614 2710 674 2774 eqo
697 2711 810 2773 magno
833 2689 992 2774 quondam
1015 2711 1086 2753 oum
1110 2710 1242 2753 assensu
1264 2692 1405 2755 omnium
1427 2690 1512 2753 dixi:
1534 2691 1683 2755 miseram
1698 2710 1772 2755 asse

438 2794 651 2859 senectutem,
679 2804 761 2868 quae
783 2805 817 2848 se
840 2785 984 2848 oratione
1008 2782 1201 2847 detenderet.
1250 2788 1320 2847 Non
1344 2786 1414 2847 cani
1436 2804 1495 2847 nee
1517 2804 1614 2867 rugae
1636 2794 1773 2868 repente

437 2880 653 2943 auctoritatem
680 2880 819 2961 arripere
848 2885 997 2962 possunt,
1027 2879 1083 2942 sed
1113 2879 1245 2942 honeste
1275 2888 1344 2942 acta
1367 2880 1513 2962 superior
1533 2888 1621 2943 aetas
1642 2878 1770 2944 fructus

437 2973 523 3057 sapit
543 2973 740 3037 auctoritatis
762 2981 932 3036 extremos.
976 2968 1027 3034 63.
1050 2972 1137 3036 Haeo
1159 2974 1244 3035 enim
1268 2975 1338 3055 ipsa
1361 2980 1434 3035 sunt
1452 2973 1661 3046 honorabilia,
1685 2993 1770 3057 quas

437 3067 585 3131 videntur
604 3068 686 3131 levia
707 3075 803 3150 atque
826 3067 1018 3137 communia,
1041 3066 1186 3139 salutari,
1202 3064 1323 3148 adpeti,
1340 3065 1467 3139 decedi,
1483 3067 1625 3151 adsurgi,
1642 3067 1772 3141 deduci,

400 3161 565 3234 soreduci,
594 3160 740 3224 consuli:
770 3181 852 3244 quae
875 3159 1013 3241 etapud
1043 3179 1102 3221 nos
1130 3168 1162 3221 et
1185 3160 1218 3220 in
1240 3159 1312 3222 aliis
1334 3159 1530 3234 civitatibus,
1557 3169 1594 3223 ut
1615 3180 1769 3245 quaeque

437 3256 555 3338 optime
577 3264 698 3317 morata
720 3263 778 3328 est,
801 3255 844 3316 ita
867 3253 1109 3334 diligentissime
1132 3253 1349 3315 observantur.
1392 3253 1589 3336 Lysandrum
1612 3255 1772 3318 lacedae-

436 3348 596 3422 mooium,
619 3349 708 3411 cuius
730 3347 824 3410 modo
844 3346 905 3408 feci
929 3347 1142 3419 mentionem,
1171 3346 1276 3408 dicere
1298 3347 1386 3409 aiunt
1409 3347 1537 3409 solitum
1557 3348 1772 3412 Lacedaemo·

437 3462 510 3505 nem
538 3462 609 3505 esse
636 3441 894 3504 honestissimum
925 3439 1117 3502 domicilium
1142 3440 1330 3502 senectutis:
1360 3459 1516 3522 nusquam
1539 3442 1623 3504 enim
1646 3447 1770 3505 tantum

438 3536 586 3599 tribuitur
607 3536 713 3605 aetati,
736 3554 892 3617 nusquam
915 3542 964 3595 est
984 3541 1132 3596 senectus
1154 3534 1349 3596 honoratior.
1387 3534 1581 3608 Quinetiam
1597 3534 1770 3612 memoriae

400 3628 599 3712 ”proditum
622 3636 686 3701 est,
716 3648 787 3690 cum
810 3628 944 3690 Athenis
973 3626 1055 3689 ludis
1078 3627 1207 3708 quidam
1229 3628 1261 3689 in
1285 3627 1442 3690 theatrum
1464 3628 1593 3709 mandis
1615 3636 1692 3690 natu
1714 3649 1770 3693 ve-

439 3725 554 3796 nisset,
584 3741 699 3803 magno
721 3740 871 3784 consessu
895 3721 997 3782 locum
1021 3741 1177 3803 nusquam
1206 3722 1235 3783 ei
1258 3722 1365 3784 datum
1388 3741 1406 3783 a
1428 3721 1496 3784 suis
1518 3722 1662 3784 civibus:
1695 3741 1769 3785 cum

438 3825 542 3880 autem
573 3815 614 3877 ad
642 3815 910 3877 Lacedaemonios
937 3813 1139 3887 accessisset,
1168 3816 1221 3896 qui
1253 3815 1346 3897 legati
1375 3837 1444 3878 cum
1473 3823 1596 3888 essent,
1625 3823 1712 3878 certo
1735 3816 1771 3878 in

438 3909 509 3973 loeo
538 3908 761 3979 consederant,
793 3909 1031 3970 consurrexisse
1062 3927 1172 3971 omnes
1202 3909 1247 3970 illi
1277 3910 1426 3971 dicuntur
1453 3916 1485 3971 et
1513 3929 1620 3972 senem
1643 3926 1767 3973 sessum

437 4004 607 4085 recepisse.
650 3998 701 4065 ut.
730 4002 855 4078 Quibus
883 4022 954 4064 cum
982 4021 1001 4064 a
1029 4010 1142 4064 cuncto
1165 4022 1317 4065 consessu
1340 4004 1469 4085 plausus
1492 4010 1577 4065 esset
1598 4002 1770 4084 multiplex

401 4098 540 4169 sudatus,
562 4096 682 4159 dixisse
705 4118 745 4158 ex
769 4097 807 4159 iis
831 4098 1010 4179 quendam:
1033 4097 1241 4159 Athenienses
1265 4096 1345 4158 scire
1360 4117 1449 4178 ,quae
1473 4104 1557 4158 recta
1575 4103 1694 4169 essent,
1711 4095 1767 4158 sed

437 4192 541 4254 iacere
564 4190 659 4253 nolle.
704 4192 802 4254 Multa
824 4191 855 4253 in
879 4199 987 4252 nostro
1011 4191 1146 4274 collegio
1170 4192 1347 4274 praeclara,
1371 4191 1426 4253 sed
1450 4191 1527 4264 boc,
1552 4192 1590 4251 de
1613 4209 1677 4271 quo
1700 4190 1769 4271 agi-

438 4306 523 4360 mus,
546 4286 579 4347 in
602 4286 728 4368 primis,
752 4286 853 4368 quod,
877 4293 911 4347 ut
934 4286 1071 4368 quisque
1094 4294 1196 4348 aetate
1219 4287 1390 4358 antecedit,
1414 4286 1457 4347 ita
1480 4284 1655 4347 sententiae
1677 4283 1768 4364 prin·

505 4577 527 4624 l.
547 4576 669 4625 buiusC:
692 4575 781 4624 eiuro
801 4601 826 4611 -
855 4574 943 4623 babeat
960 4574 1017 4632 BS,
1036 4574 1144 4624 liabetE
1168 4601 1195 4611 -
1223 4575 1247 4622 2.
1266 4574 1454 4622 anomocus
1482 4598 1509 4607 -
1537 4572 1562 4622 3.
1581 4573 1768 4636 io(posttbit)

439 4652 525 4702 om.l3
545 4676 570 4685 -
591 4650 671 4699 attilio
689 4650 712 4710 1,
731 4651 805 4698 acilio
823 4650 842 4699 E
863 4676 887 4684 -
912 4650 936 4699 t.
956 4649 1081 4711 salopiam
1099 4650 1134 4698 Bl
1155 4675 1181 4685 -
1206 4649 1270 4696 buno
1286 4660 1365 4694 uuum
1383 4645 1486 4707 Madvig
1503 4646 1528 4694 in
1548 4646 1636 4696 adnot.
1656 4646 1690 4696 ad
1710 4650 1767 4699 Cic.

439 4726 473 4776 de
491 4725 554 4774 tinn.
574 4738 599 4788 p.
611 4725 666 4781 337,
691 4725 753 4774 item
773 4724 856 4786 Bergk
874 4724 973 4772 Comic.
994 4736 1019 4786 p.
1030 4724 1078 4772 23:
1104 4737 1181 4770 unum
1197 4724 1261 4771 bunc
1278 4719 1355 4770 Orelli
1373 4723 1399 4770 in
1417 4720 1521 4777 adnot..
1546 4723 1648 4770 unicum
1665 4722 1704 4774 C:
1732 4722 1767 4772 ct.

439 4813 518 4864 supra
537 4800 570 4848 ad
588 4812 614 4862 p.
627 4799 725 4857 titia!
745 4826 771 4835 -
798 4800 822 4847 s.
842 4799 936 4845 uirium
954 4800 973 4847 P
992 4824 1017 4834 -
1047 4803 1134 4847 uotum
1151 4805 1184 4847 est
1201 4804 1279 4845 totum
1295 4810 1397 4845 cannen
1415 4797 1472 4852 ΕΡ,
1495 4801 1580 4843 notum
1598 4800 1676 4844 totum
1692 4802 1728 4844 est
1744 4810 1767 4846 c.

439 4875 515 4929 aas,
534 4881 620 4921 notum
635 4879 715 4921 totum
730 4887 752 4923 c.
770 4880 804 4922 est
822 4875 831 4922 l
851 4898 877 4907 -
897 4874 1008 4933 sepulcro
1026 4871 1071 4921 lP²
1091 4899 1116 4907 -
1137 4873 1160 4921 7.
1179 4874 1213 4922 Μ.
1228 4874 1314 4921 om.P
1335 4898 1361 4905 —
1380 4872 1404 4920 s.
1424 4872 1507 4919 eodem
1524 4871 1543 4919 Ε
1562 4884 1629 4919 corr.
1644 4884 1675 4918 er
1692 4871 1721 4918 in
1737 4884 1767 4919 so

440 4975 468 4986 -
486 4949 511 4997 9.
529 4955 557 4997 at
575 4950 600 4997 l:
620 4961 674 4997 om.
688 4949 799 5001 EPllsz
818 4954 846 4996 ut
861 4949 917 4996 iam
933 4947 1020 4996 omli
1042 4972 1066 4981 -
1088 4949 1115 4995 in
1132 4950 1209 4996 teritio
1228 4945 1254 4996 ΡΙ
1273 4972 1299 4981 -
1321 4948 1361 4994 io.
1380 4944 1457 4994 liobst
1474 4944 1544 4993 babet
1562 4946 1580 4993 a
1600 4969 1626 4978 -
1646 4945 1770 4994 honorato

439 5022 513 5073 1³¹-
538 5024 576 5072 ti.
594 5029 740 5071 senectutem
756 5024 830 5072 molt
851 5049 877 5058 -
904 5022 943 5073 ti.
962 5023 988 5069 id
1005 5022 1147 5083 efficiturll
1168 5048 1194 5057 -
1221 5023 1260 5070 is.
1279 5034 1324 5083 epo
1342 5033 1400 5083 sup.
1414 5019 1457 5068 lin.
1478 5022 1543 5068 R-
1565 5019 1767 5082 aequasset>

439 5112 507 5149 corr.
527 5112 559 5147 er
577 5111 670 5159 quaeso
689 5125 716 5133 -
734 5111 779 5146 nec
797 5099 834 5147 C:
853 5111 903 5146 ooo
920 5098 939 5145 0
958 5121 985 5131 -
1012 5096 1050 5145 48.
1070 5103 1166 5144 auctor.
1187 5098 1254 5158 cupit
1272 5097 1291 5145 E
1311 5123 1337 5132 —
1362 5108 1490 5157 supremos
1508 5096 1530 5154 Ι,
1550 5092 1598 5143 sed
1617 5106 1685 5142 corr.
1705 5094 1765 5145 ead,

438 5185 474 5223 m.
493 5178 618 5222 seirenes
635 5198 661 5208 -
690 5173 745 5233 ipsa
763 5175 780 5222 P
798 5173 823 5221 in
842 5184 916 5233 marg
944 5169 1039 5227 habet,
1059 5170 1107 5220 sed
1126 5184 1164 5233 pr.
1185 5184 1220 5220 m.
1242 5196 1268 5206 -
1294 5172 1333 5219 49.
1353 5171 1435 5218 decedi
1452 5172 1534 5231 appeti
1553 5170 1570 5218 li
1591 5193 1617 5203 -
1642 5169 1683 5219 20.
1703 5183 1769 5231 quus

437 5250 505 5311 apud
522 5249 540 5297 B
560 5273 586 5283 -
614 5249 655 5296 lt.
674 5252 773 5309 optume
792 5248 847 5303 RS,
866 5247 1019 5307 optimust),
1038 5248 1125 5295 om.E
1145 5273 1171 5282 -
1199 5253 1234 5296 est
1251 5247 1353 5296 BlRS:
1373 5253 1429 5294 sant
1447 5247 1489 5295 ΕΡ
1509 5246 1715 5306 termoratust),
1733 5251 1769 5295 est

437 5323 525 5372 om.0
553 5347 580 5358 —
608 5324 645 5371 ito
662 5324 687 5372 in
706 5324 724 5371 P
742 5335 777 5371 m.
797 5322 812 5369 Ρ
830 5320 881 5371 del.
914 5348 940 5357 -
968 5323 1142 5371 remeanturli
1171 5348 1197 5358 -
1224 5318 1351 5369 samsai
1369 5319 1396 5370 Ρ1
1417 5347 1443 5356 -
1471 5320 1618 5369 mentionem
1633 5320 1680 5380 teci
1697 5320 1718 5369 0
1735 5346 1769 5358 -·

437 5399 522 5447 decors
538 5396 567 5448 ΡΙ
585 5422 611 5433 -
639 5398 841 5448 lacedaemonum
859 5399 887 5454 Ρ,
912 5395 1013 5459 syllaba
1037 5410 1079 5444 um
1103 5398 1128 5445 in
1147 5410 1184 5445 eiu
1206 5409 1244 5445 m,
1261 5397 1276 5443 2
1294 5409 1379 5444 corn:
1403 5396 1614 5444 lacudeomrium
1631 5395 1664 5453 B,
1688 5396 1767 5445 lace

437 5474 557 5522 mooe
573 5473 656 5522 ElllS
683 5498 710 5507 -
738 5472 779 5521 2³.
798 5471 919 5520 tribuitur
935 5476 1032 5518 tautum
1052 5472 1086 5524 [32
1114 5476 1212 5519 tantum
1229 5472 1305 5520 om.l
1325 5496 1351 5505 -
1380 5472 1420 5520 25.
1438 5472 1586 5532 productum
1604 5470 1623 5519 E
1643 5496 1669 5505 -
1697 5471 1769 5520 ludos

438 5547 476 5607 ΡΙ,
494 5548 601 5597 inludis
618 5550 652 5606 ii,
675 5546 794 5595 laudisE
820 5572 846 5581 -
874 5546 914 5595 26.
934 5560 1027 5608 moqno
1045 5547 1080 5594 C:
1107 5548 1132 5594 in
1149 5546 1280 5607 moqnoO
1306 5570 1332 5579 -
1361 5558 1480 5594 consensu
1498 5544 1524 5594 P¹
1551 5571 1574 5581 -
1604 5558 1728 5606 uasqriam
1745 5548 1768 5595 ei

438 5622 513 5673 Ell’:
532 5623 555 5670 ei
570 5635 695 5683 nusquam
713 5622 780 5670 nas
797 5648 830 5657 —
852 5621 893 5669 st.
913 5621 1054 5670 missali
1075 5646 1100 5654 -
1119 5635 1175 5668 cum
1192 5621 1304 5683 leqatilt
1325 5646 1349 5655 -
1370 5626 1434 5669 cerie
1453 5619 1480 5670 Ρι
1499 5646 1525 5656 -
1550 5620 1590 5669 28.
1609 5620 1768 5669 coonderaat

439 5699 457 5746 Ρ
475 5710 544 5747 corr.
563 5699 589 5747 in
606 5697 767 5746 consederunt
785 5710 820 5745 m.
835 5709 889 5745 rec.
911 5721 936 5730 -
962 5695 998 5743 itii
1015 5709 1098 5743 omnes
1116 5697 1152 5752 lli
1178 5695 1212 5742 itti
1230 5696 1347 5743 amonim
1363 5696 1452 5744 ormo
1470 5697 1560 5744 contra
1579 5706 1673 5743 omnes
1690 5706 1767 5745 meos

440 5795 468 5808 -
487 5785 568 5821 senon
585 5773 622 5822 C:
644 5784 726 5821 moen
742 5771 849 5819 ittumO
871 5796 896 5805 -
922 5770 962 5818 29.
981 5772 1135 5819 cousensuP
1159 5795 1184 5806 -
1210 5770 1342 5830 multiplea
1357 5771 1462 5831 plausus
1477 5772 1550 5819 datus
1566 5774 1626 5817 esset
1642 5769 1652 5818 1
1668 5792 1703 5805 -
1724 5769 1765 5819 30.

439 5846 577 5904 abac,
600 5846 861 5909 quendameuitsii
889 5869 917 5881 -
944 5843 985 5894 it.
1003 5846 1030 5893 io
1047 5849 1133 5893 nostro
1150 5844 1207 5892 RS:
1233 5845 1261 5892 in
1277 5843 1327 5893 aio
1346 5845 1432 5894 ElPlt
1460 5871 1485 5880 -
1514 5843 1638 5893 santis
1661 5868 1688 5880 -
1709 5840 1786 5893 sem*

439 5921 517 5970 tantia
535 5921 554 5970 1.
