4342 7459
734 1254 870 1321 omna
897 1252 1186 1321 cmxvi-xx.
1213 1251 1422 1341 spes-at.
1674 1251 1737 1319 aas

504 1418 635 1488 xviii.
663 1415 726 1485 28.
755 1416 853 1501 Quod
875 1420 908 1484 tn
929 1419 1087 1509 singulis,
1108 1419 1228 1486 idemst
1248 1422 1281 1485 in
1305 1421 1452 1506 populis:
1483 1419 1574 1485 nulla
1595 1423 1648 1485 eat
1670 1422 1737 1485 tam

417 1525 521 1591 stulta
543 1526 679 1604 civitas,
696 1518 703 1602 l
723 1542 807 1610 quae
829 1543 896 1589 non
918 1525 1039 1590 iniuste
1061 1526 1223 1611 imperare
1244 1526 1336 1591 malit
1358 1543 1452 1611 quom
1475 1525 1604 1591 servire
1627 1522 1670 1605 [p.
1685 1516 1736 1585 lb.

418 1630 514 1692 iuste.
566 1627 637 1693 Nec
665 1645 747 1692 vero
775 1628 909 1717 longius
937 1628 1046 1695 abibo.
1104 1623 1228 1694 Corrsul
1258 1646 1323 1717 ego
1353 1629 1519 1713 quaesivi,
1548 1647 1643 1713 quom
1672 1647 1736 1720 uos

417 1730 493 1795 mibi
521 1733 641 1796 essetis
669 1732 702 1795 tn
729 1732 886 1809 consitio,
915 1730 956 1797 de
979 1731 1180 1798 Numantino
1203 1730 1349 1798 foedere.
1392 1729 1475 1814 Quis
1495 1732 1673 1821 ignorabat
1697 1729 1736 1814 Q.

416 1833 608 1919 Pompeium
636 1835 758 1901 iecisse
786 1835 922 1921 foedus,
948 1835 1061 1902 eadem
1090 1838 1122 1902 in
1151 1854 1252 1901 causa
1275 1854 1349 1901 csse
1371 1826 1591 1901 Mancinum?
1626 1835 1757 1920 Alieni

416 1939 469 2004 vir
491 1939 645 2023 optimus,
668 1940 764 2004 etlam
787 1940 892 2004 suasit
917 1942 1124 2029 rogationem
1148 1959 1198 2004 me
1217 1958 1260 2005 cx
1275 1941 1580 2007 senatusconsulto
1596 1938 1737 2014 terente,

414 2042 502 2106 alter
522 2042 682 2107 acerrime
703 2060 741 2106 ac
763 2039 924 2108 defendit.
964 2039 1002 2107 Si
1026 2043 1134 2127 pudor
1156 2045 1335 2127 quaeritur,
1356 2044 1385 2106 si
1407 2043 1572 2127 probitas,
1593 2044 1622 2107 st
1645 2040 1737 2126 fides,

414 2142 596 2211 Mancinus
616 2143 700 2209 hacc
722 2146 833 2210 attulit
839 2163 851 2231 3
872 2146 900 2210 si
922 2148 1019 2227 ratio,
1041 2148 1223 2231 consilium,
1244 2144 1431 2232 prudentia,
1451 2144 1630 2231 Pompeius
1651 2146 1737 2212 anti-

414 2251 493 2313 stat.
533 2246 651 2316 Utrum
673 2240 703 2298 ἥ
717 2240 747 2298 ³³
760 2240 790 2298 ἥ

862 2364 995 2451 [ntiqui
1015 2370 1119 2433 mrum
1135 2364 1287 2452 papiam]
1318 2448 1323 2460 .
1745 2373 1773 2421 ⁴⁰

498 2499 584 2563 XIX.
617 2494 669 2563 29.
703 2500 778 2563 Tum
799 2502 920 2563 omissis
939 2502 1141 2565 communibus
1167 2503 1206 2565 ad
1227 2502 1357 2584 propria
1377 2499 1508 2563 ueniebat
1528 2495 1736 2580 (Carneades).

413 2596 518 2660 Bonus
544 2596 607 2667 uir,
635 2595 750 2676 inquit,
777 2596 806 2657 ri
833 2595 938 2659 babeat
964 2614 1082 2660 seruum
1107 2597 1269 2678 sopitivum
1295 2596 1341 2657 oel
1361 2594 1480 2658 domum
1499 2594 1680 2658 insalubrem
1700 2613 1737 2657 oc

407 2690 602 2772 pestilentem,
625 2708 700 2771 quae
720 2689 796 2750 vitia
816 2690 898 2751 solus
918 2690 1006 2763 sciat,
1029 2698 1057 2753 et
1077 2690 1142 2753 ideo
1152 2690 1325 2772 proscribat
1338 2697 1371 2752 ut
1384 2689 1499 2762 umtdat,
1514 2697 1652 2751 utrumne
1659 2706 1735 2770 pro·

409 2784 541 2867 filebitur
557 2784 719 2865 supitioum
738 2801 857 2846 smoum
877 2784 922 2845 vel
936 2784 1120 2865 pestilentem
1142 2784 1262 2846 domum
1276 2804 1307 2845 se
1320 2783 1442 2846 uendere
1455 2802 1496 2845 on
1509 2782 1614 2846 celabit
1627 2788 1736 2863 empto·

412 2880 498 2941 remi
528 2877 563 2940 st
579 2878 777 2959 profitebitur,
800 2878 892 2940 bonus
913 2879 1039 2961 quidem,
1062 2880 1135 2960 quia
1155 2898 1215 2940 non
1232 2878 1326 2959 fallet,
1349 2878 1397 2940 red
1418 2886 1516 2941 tamen
1535 2878 1643 2941 stultus
1657 2877 1774 2940 iudi-ta

412 2971 546 3042 cabitur,
576 2973 648 3055 quia
675 2972 720 3035 vel
744 2990 842 3052 parco
870 2972 971 3034 vendet
996 2972 1042 3034 oel
1063 2972 1185 3033 omnino
1205 2990 1266 3033 non
1285 2972 1395 3035 condet.
1439 2971 1474 3034 Si
1495 2971 1649 3040 celaverit.
1679 2971 1737 3033 erit

412 3066 530 3150 quidem
550 3066 677 3147 sopiens,
700 3066 772 3147 quia
793 3066 839 3127 rei
859 3066 1003 3139 consulet,
1024 3065 1074 3128 sed
1096 3066 1173 3127 idem
1194 3065 1301 3136 nialus,
1324 3066 1397 3148 quia
1413 3065 1509 3145 fallet.
1554 3062 1685 3136 Rursum,
1709 3064 1737 3126 si

412 3160 543 3243 reperiat
564 3160 710 3242 aliquem,
740 3159 792 3240 qui
817 3160 1024 3222 aurichalcum
1053 3179 1083 3221 se
1101 3167 1184 3240 putet
1203 3159 1342 3231 vamme,
1373 3178 1440 3221 cum
1461 3159 1500 3220 rit
1521 3157 1596 3221 illud
1616 3176 1735 3230 aurum,

412 3264 465 3319 aut
480 3253 648 3335 plumbum,
671 3273 739 3316 cum
759 3254 799 3316 sit
820 3262 987 3335 arpentum,
1010 3253 1164 3326 tacebitne,
1187 3262 1220 3316 ut
1242 3253 1274 3316 id
1289 3272 1387 3335 parvo
1408 3261 1495 3326 emat,
1517 3272 1558 3315 an
1579 3250 1733 3326 indicabit,

411 3359 446 3412 ut
466 3350 597 3430 maqnoi
639 3348 770 3411 Stultum
792 3348 883 3429 plane
910 3348 1028 3411 uidetur
1052 3348 1140 3411 made
1160 3368 1278 3429 maqno.
1325 3348 1403 3412 Unde
1423 3347 1554 3430 intellcqi
1573 3347 1686 3410 uolebat
1706 3354 1773 3408 etto

412 3463 497 3520 eunt,
520 3444 572 3526 qui
592 3443 632 3505 sit
652 3442 750 3504 iustus
770 3460 807 3504 ac
827 3441 934 3512 bonus,
957 3441 1080 3504 stultum
1102 3461 1162 3504 esse
1183 3449 1314 3515 etcum,
1336 3443 1387 3524 qui
1408 3444 1535 3523 sapimoa
1557 3442 1687 3504 malum:
1708 3448 1735 3503 et

412 3547 511 3602 tamen
542 3538 606 3601 sine
633 3536 766 3616 pernicie
794 3536 864 3616 pieri
890 3554 978 3616 posse
1009 3545 1044 3597 ut
1076 3536 1137 3597 sint
1168 3536 1300 3599 bomines
1327 3543 1501 3618 paupertate
1530 3537 1669 3598 commoti.
1693 3566 1734 3579 -

412 3632 483 3695 XX.
505 3627 557 3692 30.
581 3630 815 3692 Transcendebat
835 3649 905 3710 erqo
927 3630 966 3692 ad
987 3631 1115 3699 maiora,
1138 3630 1171 3691 in
1192 3629 1297 3712 quibus
1316 3648 1401 3691 nemo
1411 3637 1511 3710 posset
1526 3629 1589 3691 sine
1600 3628 1735 3709 periculo

410 3726 489 3787 ritae
509 3726 607 3786 iustus
627 3743 698 3786 esse.
741 3723 862 3785 Dicebat
883 3724 980 3786 enim:
1016 3725 1125 3805 Nempe
1144 3724 1264 3786 iustitia
1285 3731 1327 3785 est
1347 3724 1495 3785 bominem
1514 3742 1574 3785 non
1594 3721 1733 3796 occidere,

411 3820 545 3882 alienum
562 3837 690 3899 prorsus
710 3837 771 3879 non
791 3820 948 3899 attinqere.
985 3819 1066 3897 Quid
1087 3838 1156 3900 erqo
1178 3819 1275 3880 iustus
1293 3819 1393 3899 sodet,
1409 3818 1437 3880 si
1447 3818 1526 3901 sorte
1540 3817 1772 3899 nausraqiumtt

407 3913 513 3994 fecerit
534 3920 561 3974 et
581 3912 693 3993 aliquis
713 3911 889 3974 imbecillior
908 3913 1023 3977 viribus
1043 3914 1175 3977 tabulam
1195 3915 1326 3996 ceperit?
1346 3933 1441 3977 nonne
1462 3914 1548 3975 illum
1568 3911 1670 3974 tabula
1686 3910 1736 3973 de·

410 4006 549 4078 turbabit,
571 4012 604 4066 ut
624 4007 686 4087 ipse
706 4006 880 4068 conscendat
901 4027 991 4087 eoque
1003 4009 1099 4070 niaus
1113 4008 1229 4081 euadat,
1244 4008 1378 4071 maaime
1392 4028 1459 4071 cum
1472 4008 1512 4069 sit
1525 4006 1626 4069 nullus
1638 4004 1734 4067 medio

411 4102 492 4165 mari
514 4101 619 4163 testis?
661 4101 696 4163 Si
717 4101 914 4181 sapientem,
934 4101 1042 4181 facien
1071 4102 1131 4182 ipsi
1152 4102 1230 4164 enim
1247 4102 1429 4182 pereundum
1450 4110 1507 4173 est,
1533 4099 1595 4161 nisi
1612 4097 1734 4180 fecerit:

410 4197 438 4258 ri
460 4202 557 4257 autem
578 4194 658 4255 mori
679 4193 820 4255 moluerit
841 4212 931 4275 quom
951 4213 1059 4256 manus
1079 4195 1191 4276 inferre
1212 4196 1311 4269 alteri,
1333 4196 1396 4258 iam
1416 4214 1486 4258 vero
1500 4195 1596 4256 iturus
1610 4192 1669 4263 ille,
1685 4191 1735 4253 sed

410 4290 518 4351 stultus
547 4298 605 4361 est,
634 4290 686 4370 qui
707 4290 785 4350 citae
806 4308 877 4349 suae
897 4307 958 4349 non
974 4297 1100 4368 parcat,
1129 4288 1200 4350 dum
1215 4289 1320 4369 parcit
1340 4289 1463 4351 alienae.
1506 4288 1595 4357 ltem.
1622 4285 1771 4348 siaciett

409 4402 533 4445 sotorum
549 4384 622 4461 fusa
642 4383 738 4444 bostes
759 4383 874 4462 insequi
895 4383 1042 4461 coeperint
1063 4390 1090 4443 et
1111 4383 1208 4444 iustus
1228 4383 1277 4444 ille
1297 4392 1403 4445 noctuas
1414 4382 1509 4463 suerit
1522 4381 1650 4463 aliquem
1664 4398 1735 4441 sau-

410 4479 490 4540 cium
511 4496 584 4558 equo
604 4476 790 4550 insidentem,
814 4476 877 4537 eine
893 4484 1008 4556 parcet,
1030 4484 1064 4536 ut
1085 4476 1147 4556 ipsc
1168 4476 1333 4550 occidatur,
1356 4496 1396 4539 an
1417 4476 1519 4538 deiciet
1541 4494 1580 4538 ea
1602 4493 1686 4555 equo,
1700 4480 1734 4534 ut

408 4572 472 4652 ipse
489 4572 585 4652 possit
605 4571 717 4633 bostem
737 4570 885 4652 effuqere?
905 4570 983 4651 quod
1002 4571 1030 4633 si
1048 4571 1168 4651 fecerit,
1190 4571 1318 4651 sumens,
1338 4571 1388 4633 red
1408 4571 1485 4634 idern
1505 4571 1612 4647 uum,
1633 4570 1734 4632 sinon

406 4667 526 4747 lecerit,
547 4667 653 4738 iustus,
675 4665 725 4728 sed
745 4666 822 4727 idem
842 4665 949 4726 stultus
969 4665 1009 4727 sit
1029 4684 1144 4728 necesse
1166 4674 1217 4728 est.
1259 4660 1311 4727 31.
1332 4667 1382 4728 lta
1403 4684 1473 4747 erqo
1494 4665 1644 4728 iustitiam
1665 4681 1733 4725 cum

408 4761 442 4822 in
462 4761 537 4823 duos
552 4769 657 4840 partes
678 4760 841 4830 diuisisset,
869 4759 996 4822 alteram
1022 4760 1139 4822 ciuilem
1166 4778 1227 4822 esre
1253 4759 1368 4833 dicens,
1399 4760 1525 4823 alteram
1553 4757 1771 4826 naturalem,st

407 4863 565 4935 utramque
585 4853 736 4923 nebuertit,
759 4854 837 4934 quod
857 4853 912 4915 illa
933 4853 1031 4916 ciuilis
1051 4855 1200 4935 sapierotia
1220 4855 1259 4916 sit
1274 4854 1399 4935 quidem,
1415 4854 1464 4917 sed
1478 4853 1596 4917 iustitia
1609 4870 1670 4912 non
1683 4851 1732 4918 sit,

407 4948 559 5010 naturalis
579 4956 677 5010 autem
698 4948 753 5009 illa
773 4948 892 5009 iustitia
912 4948 952 5009 sit
973 4948 1099 5029 quidem,
1121 4947 1172 5009 red
1191 4967 1251 5010 non
1273 4949 1313 5010 sit
1334 4949 1491 5029 sapientia.
1524 4946 1643 5028 Arquta
1663 4945 1734 5007 baec

401 5044 493 5125 plane
514 5062 550 5104 ac
570 5052 713 5105 venenata
733 5051 802 5105 sunt
823 5053 850 5105 et
870 5063 945 5124 quae
966 5043 1009 5105 Μ.
1028 5042 1145 5104 Tullius
1165 5061 1226 5104 non
1241 5043 1374 5123 potuerit
1395 5043 1534 5123 refellere.
1567 5040 1645 5104 Nam
1666 5059 1733 5102 cum

404 5138 501 5218 saciat
521 5138 658 5199 Laelium
677 5138 771 5199 Furio
793 5136 1011 5217 respondentem
1026 5154 1087 5217 pro
1108 5136 1281 5218 iustitiaque
1301 5136 1456 5211 dicentem,
1479 5136 1643 5218 inrelutata
1661 5135 1733 5196 baec

407 5239 561 5311 tamquam
577 5231 695 5311 foveam
710 5240 955 5313 praeterqressus
976 5239 1029 5306 est,
1052 5238 1085 5292 ut
1106 5229 1242 5293 uidentem
1255 5230 1331 5293 idem
1343 5232 1464 5294 Laelius
1477 5250 1537 5293 non
1551 5229 1770 5303 mauretania

408 5344 483 5406 quae
504 5325 537 5385 in
558 5326 671 5387 crimen
691 5326 835 5388 stultitiae
855 5333 983 5396 uenerat,
1006 5324 1056 5386 red
1069 5323 1155 5386 illam
1168 5324 1284 5387 civilem
1297 5324 1457 5404 defendisse
1470 5326 1628 5397 lautitiam,
1642 5342 1732 5403 quom

408 5417 522 5480 Furius
542 5419 720 5498 sapientiam
740 5418 858 5499 quidem
878 5438 939 5482 erse
959 5425 1152 5489 concesserat,
1174 5418 1224 5480 sed
1244 5419 1397 5481 iniuriam.
1441 5415 1625 5500 (Lactan
1638 5418 1731 5481 tius

409 5512 506 5574 Insita
523 5512 582 5574 dio.
606 5512 643 5586 v,
659 5506 719 5591 ta.)

475 5747 496 5795 t.
514 5745 720 5796 idenutbiosar:
747 5759 817 5797 roasr
835 5748 881 5799 co
907 5773 935 5784 -
962 5746 986 5797 ³.
1005 5730 1129 5797 rosrnrc
1156 5771 1184 5783 -
1211 5730 1317 5805 audac
1344 5773 1372 5785 -
1399 5746 1423 5797 6.
1442 5757 1526 5798 axso.
1546 5748 1566 5799 C
1586 5774 1613 5785 -
1642 5746 1681 5798 tt.
1700 5762 1732 5800 ao

404 5820 558 5883 pestilentem
575 5820 635 5871 lect.
654 5834 710 5871 var.
731 5844 759 5859 -
783 5823 825 5874 22.
843 5827 921 5884 potrrt
937 5822 1036 5887 aliquot
1052 5822 1131 5873 codd.
1150 5826 1178 5873 et
1194 5823 1367 5875 Rusucmona
1390 5848 1417 5859 -
1444 5823 1486 5873 26.
1504 5836 1522 5872 a
1538 5821 1624 5873 tabula
1640 5821 1682 5873 alii
1700 5848 1727 5860 -

406 5894 449 5945 ti.
466 5895 494 5945 tn
509 5897 590 5947 medic
605 5897 673 5946 mari
690 5898 749 5948 Otto
773 5922 808 5935 -
831 5898 872 5949 ti.
889 5899 943 5948 iarn
957 5912 1007 5948 non
1024 5899 1124 5961 ruptam
1138 5898 1180 5947 itte
1201 5896 1260 5949 iibri
1277 5897 1352 5959 dett,
1370 5899 1435 5950 item
1452 5899 1566 5961 Monac..
1584 5899 1637 5949 mm
1652 5899 1732 5952 mlta

407 5970 447 6021 ille
463 5968 506 6022 citt
530 5997 557 6009 -
581 5970 621 6023 aa.
636 5972 747 6038 potuerit
762 5972 842 6024 codd.
861 5972 917 6025 ters
933 5985 1028 6026 omncs
1045 5974 1118 6038 (item
1135 5973 1261 6038 nonant:
1276 5975 1360 6040 potuit
1375 5974 1405 6026 0.
