4342 7459
445 1200 535 1267 l008'
1001 1202 1215 1267 CICERONIS

444 1377 607 1421 numerum
635 1356 792 1419 distribuit
819 1358 991 1419 animorum
1021 1365 1052 1418 et
1077 1355 1215 1436 singulos
1243 1356 1382 1419 adiunxit
1409 1357 1450 1420 ad
1479 1358 1723 1441 singularique
1745 1363 1790 1425 ita

446 1454 535 1532 quasi
562 1454 592 1514 in
616 1470 740 1513 currum
768 1452 976 1513 universitatis
998 1450 1135 1530 inposuit
1160 1453 1474 1531 commonstravitque
1504 1451 1592 1531 leges
1611 1453 1727 1516 letales
1748 1473 1789 1517 ae

445 1548 641 1607 necessarias
662 1554 693 1605 et
712 1543 848 1607 ostendit
867 1548 1000 1624 primum
1019 1554 1120 1605 ortum
1141 1563 1236 1606 unum
1257 1544 1322 1605 lore
1342 1544 1487 1606 omnibus
1508 1564 1645 1627 eumque
1667 1547 1787 1610 mode-

446 1649 545 1702 ratum
576 1649 671 1718 atque
700 1648 892 1701 constantem
921 1657 981 1699 nec
1009 1638 1050 1700 ab
1079 1637 1141 1699 ullo
1168 1638 1371 1714 inminutum,
1406 1640 1482 1701 satis
1512 1649 1618 1702 autom
1636 1651 1670 1704 et
1690 1644 1785 1722 quasi

407 1754 422 1799 e
445 1738 563 1814 sparsis
589 1735 699 1796 animis
720 1732 784 1792 lore
803 1733 848 1793 uti
869 1735 963 1793 certis
983 1742 1156 1812 temporum
1176 1731 1348 1793 intervallis
1369 1741 1512 1794 oreretur
1531 1734 1664 1812 animal,
1694 1736 1783 1815 quod

446 1836 531 1889 esset
557 1826 597 1888 ad
627 1825 743 1887 cultum
763 1824 892 1886 deorum
913 1827 1130 1905 aptissumum.
1172 1823 1235 1886 Sed
1256 1842 1326 1885 cum
1346 1824 1463 1905 duplex
1484 1835 1570 1888 esset
1589 1838 1702 1892 natura
1723 1848 1783 1909 ge-

444 1922 529 1981 neris
550 1920 689 1997 humani,
711 1920 758 1979 sic
777 1938 813 1980 se
833 1937 884 1980 res
897 1918 1051 1995 babebat,
1073 1928 1108 1980 ut
1125 1921 1337 1999 praestantius
1357 1939 1456 2000 genus
1476 1931 1563 1983 esset
1576 1942 1704 1999 eorum,
1727 1926 1783 2005 qui

445 2024 552 2076 esseut
581 2014 673 2075 iuturi
702 2014 769 2074 vin'.
811 2014 889 2075 Cum
918 2023 1022 2075 autem
1050 2014 1171 2074 animos
1198 2014 1382 2093 corporibus
1401 2017 1590 2077 necessitate
1610 2018 1783 2079 insevisset

444 2125 578 2189 cumque
598 2105 638 2169 ad
658 2126 788 2186 corpora
808 2116 873 2168 tum
892 2109 1034 2169 accessio
1055 2108 1159 2185 ficret,
1181 2116 1244 2169 tum
1266 2108 1442 2181 abscessio,
1469 2111 1623 2190 principio
1644 2114 1780 2175 necesse

405 2210 511 2269 inerat
535 2220 662 2263 sensum
689 2203 842 2274 exsistere
869 2221 963 2263 unum
991 2220 1251 2282 communemque
1282 2208 1417 2266 omnium
1435 2195 1671 2266 vehementiore
1692 2215 1780 2268 motu

444 2296 612 2356 excitatum
637 2296 899 2375 coniunctumque
926 2305 1074 2374 naturae,
1102 2294 1217 2357 deinde
1247 2296 1406 2376 voluptate
1433 2306 1466 2358 et
1484 2297 1626 2361 molestia
1647 2300 1779 2362 mixtum

443 2407 597 2465 amorem,
625 2396 697 2468 post
721 2389 799 2450 iram
824 2397 855 2449 et
875 2399 992 2451 metum
1012 2399 1044 2451 et
1063 2389 1200 2470 reliquos
1221 2399 1322 2452 motus
1342 2392 1456 2468 animi,
1478 2392 1607 2454 comites
1629 2396 1778 2474 superio·

442 2482 511 2543 rum
527 2491 559 2543 et
577 2482 624 2542 bis
643 2484 738 2543 etiam
758 2484 910 2545 contrarie
931 2482 1140 2545 dissidentesr
1162 2502 1242 2563 quos
1262 2486 1314 2564 qui
1334 2486 1454 2545 ratione
1475 2487 1607 2562 rexerit,
1626 2487 1711 2548 iuste
1729 2487 1778 2547 vi·

442 2576 533 2651 serit,
553 2577 606 2654 qui
625 2584 729 2637 autem
749 2576 787 2635 iis
803 2593 838 2637 se
850 2575 1016 2652 dediderit,
1029 2577 1154 2638 iniuste.
1176 2581 1278 2658 Atque
1291 2576 1354 2653 ille,
1370 2578 1424 2657 qni
1436 2588 1521 2638 recte
1534 2587 1630 2659 atque
1644 2579 1777 2643 honesto

404 2691 433 2736 ss
442 2668 629 2730 curriculum
655 2668 778 2731 vivendi
798 2689 816 2730 a
838 2679 948 2732 natura
968 2669 1074 2732 datum
1095 2672 1279 2747 coniecerit,
1309 2670 1350 2734 ad
1368 2671 1446 2733 illud
1466 2681 1605 2748 astrum,
1639 2689 1776 2752 quocum

442 2772 533 2843 aptus
561 2763 666 2840 luerit,
696 2772 879 2824 revertetur.
920 2766 979 2839 Qui
1009 2773 1114 2826 autem
1142 2763 1335 2826 inmoderate
1365 2775 1398 2827 et
1426 2768 1630 2846 intemperate
1651 2767 1775 2843 vixerit,

442 2877 513 2920 eum
533 2857 691 2918 secundus
710 2867 796 2919 ortus
816 2859 847 2919 in
867 2859 996 2938 liguram
1016 2859 1200 2921 muliebrem
1227 2861 1402 2922 transferet.
1440 2861 1489 2937 Et,
1510 2860 1538 2920 si
1556 2878 1597 2920 ne
1616 2870 1684 2921 tum
1703 2864 1776 2941 qui·

441 2952 514 3014 dem
538 2951 631 3011 finem
657 2952 797 3013 vitiorum
824 2954 929 3028 laciet,
956 2954 1080 3031 gravius
1112 2956 1204 3015 etiam
1233 2953 1400 3016 iactabitur
1428 2963 1459 3015 et
1487 2955 1519 3014 in
1545 2956 1611 3015 suis
1634 2953 1775 3015 moribus

440 3044 610 3107 simillimas
630 3045 744 3124 figuras
764 3044 920 3125 pecudum
941 3056 973 3108 et
991 3047 1126 3108 terarum
1147 3048 1350 3109 transferetur
1369 3064 1473 3128 neque
1493 3048 1661 3108 terminum
1675 3046 1775 3110 malo·

402 3158 509 3207 serum
529 3141 616 3217 prius
635 3139 768 3218 aspiciet
786 3157 880 3218 quam
898 3139 982 3204 illam
1002 3141 1093 3219 sequi
1113 3140 1251 3221 coeperit
1269 3142 1526 3216 conversionem,
1556 3158 1652 3219 quam
1673 3141 1774 3204 babe-

439 3232 495 3294 bat
519 3233 551 3293 in
572 3233 694 3312 seipse
714 3232 853 3294 eiusdem
874 3243 906 3295 et
925 3234 1033 3295 similis
1052 3235 1190 3296 innatam
1210 3243 1242 3296 et
1261 3236 1394 3297 insitam.
1435 3234 1527 3310 Quod
1546 3243 1612 3296 tum
1638 3236 1773 3312 eveniet,

441 3346 511 3388 cum
536 3326 607 3403 illa,
634 3344 716 3406 quae
736 3345 776 3387 ex
794 3328 875 3406 igni,
899 3330 1015 3405 anima,
1036 3346 1133 3408 aqua,
1156 3338 1240 3391 terra
1258 3328 1435 3390 turbulenta
1455 3337 1488 3390 et
1503 3328 1635 3390 rationis
1658 3347 1775 3411 exper-

440 3424 483 3484 tia
500 3420 695 3498 insederint,
716 3424 834 3484 ratione
854 3421 1010 3503 depulerit
1028 3431 1058 3484 et
1076 3422 1117 3485 ad
1136 3425 1268 3504 primam
1287 3433 1382 3503 atque
1398 3425 1550 3505 pptimam
1578 3421 1774 3485 affectionem

439 3516 533 3578 animi
551 3518 739 3595 pervenerit.
779 3517 855 3577 Xlll.
878 3518 965 3591 Quae
985 3534 1055 3577 oum
1074 3517 1119 3583 ita,
1136 3507 1333 3596 designasset
1352 3535 1505 3597 seseque,
1526 3518 1553 3578 si
1567 3515 1650 3596 quid
1659 3526 1771 3597 postea

401 3608 556 3674 ntraudto
584 3618 638 3670 aut
666 3610 731 3670 vitii
756 3612 929 3687 evenisset,
962 3619 1049 3671 extra
1079 3628 1203 3671 omnem
1233 3610 1355 3689 culpam
1384 3626 1575 3690 causamque
1601 3612 1770 3690 posuisset,

438 3702 515 3766 alios
534 3704 567 3763 in
587 3709 718 3780 terram,
739 3704 816 3766 alios
834 3706 865 3765 in
884 3703 1006 3778 lunam,
1027 3704 1105 3766 alios
1124 3710 1156 3765 in
1175 3703 1313 3784 reliquas
1333 3703 1439 3766 mundi
1458 3713 1581 3786 partes,
1602 3712 1773 3784 quaesunt

438 3791 478 3855 ad
498 3791 668 3871 spatiorum
687 3795 836 3873 temporis
862 3794 1119 3870 significationem
1137 3790 1255 3876 [nome]
1278 3794 1478 3871 constitutae,
1507 3813 1663 3876 spargens
1683 3799 1773 3879 qussi

438 3885 574 3947 serebat.
613 3886 687 3947 Post
705 3892 809 3945 autem
829 3902 897 3945 eam
917 3884 1070 3945 sationem
1090 3881 1156 3960 dis,
1178 3892 1211 3944 ut
1230 3884 1273 3945 ita
1292 3884 1411 3960 dicam,
1432 3884 1609 3948 iunioribus
1628 3888 1772 3967 permisit

438 3988 472 4042 ut
499 3997 629 4059 corpora
659 3977 797 4039 mortalia
827 3977 1010 4056 effingerent
1035 3984 1249 4057 quantumque
1281 3987 1368 4038 esset
1389 3976 1544 4058 reliquum
1569 3997 1609 4041 ex
1637 3980 1772 4043 humano

399 4076 557 4150 acanimo,
579 4069 662 4152 quod
683 4069 813 4131 deberet
833 4068 999 4149 accedere,
1021 4068 1052 4130 id
1073 4088 1164 4130 omne
1185 4079 1216 4130 et
1235 4089 1315 4149 quae
1336 4071 1559 4150 consequentia
1574 4083 1770 4155 essentper-

436 4168 571 4248 polirent
604 4177 635 4228 et
663 4166 881 4242 absolverent,
912 4164 1025 4226 deinde
1056 4175 1090 4227 ut
1118 4167 1185 4225 huic
1206 4166 1351 4228 animanti
1373 4166 1529 4246 principes
1550 4187 1584 4229 se
1605 4167 1769 4250 ducesque

502 4402 524 4447 4Ι
546 4397 679 4446 αάίιιιιαᾱι
700 4398 720 4445 A
744 4420 769 4429 -
792 4395 816 4443 e.
838 4389 1070 4443 orereturA¹B¹V:
1093 4391 1359 4444 oriretur-A²B²EGO
1382 4421 1408 4431 -
1429 4395 1454 4446 6.
1477 4397 1539 4445 Post
1554 4408 1579 4445 v.
1604 4400 1769 4459 optinorum

435 4472 460 4521 in
474 4472 676 4535 CEGsequitur
687 4483 745 4533 cap.
761 4468 800 4519 ti.
815 4482 840 4531 p.
855 4468 927 4525 4009,
943 4469 972 4517 st
985 4482 1045 4532 sqq.
1070 4496 1096 4505 -
1116 4469 1139 4517 7.
1153 4468 1305 4518 iubebontss
1320 4495 1346 4506 -
1363 4469 1387 4519 8.
1410 4471 1507 4518 animos
1518 4470 1668 4532 corporibus
1679 4474 1768 4523 Perio-

434 4548 506 4597 nius:
524 4549 615 4596 animia
633 4558 742 4606 corporo
758 4545 846 4602 ARG,
867 4545 966 4591 enimus
978 4557 1087 4605 corporo
1100 4545 1129 4601 V,
1151 4547 1247 4593 amiens
1258 4545 1397 4605 corporali
1424 4572 1451 4582 -
1478 4548 1624 4596 necueitote
1645 4548 1717 4598 ABE
1738 4550 1766 4610 (A

434 4627 494 4686 post
515 4622 644 4685 syllabam
666 4621 793 4676 erasam):
820 4624 874 4667 tum
890 4620 1032 4667 necessitate
1049 4619 1104 4676 GV,
1127 4617 1200 4681 [cnm]
1221 4620 1362 4668 necessitate
1383 4620 1402 4668 Ο
1423 4645 1449 4655 ·-
1471 4621 1768 4685 inuenisset--corporo

432 4704 485 4747 tom
510 4711 563 4748 om.
586 4699 649 4746 G-
673 4695 698 4745 9.
719 4708 827 4755 corporo
850 4693 992 4743 Manutius:
1014 4707 1124 4756 corporo
1143 4696 1285 4744 necessitate
1304 4695 1367 4753 ΟΕ,
1391 4707 1499 4756 corporo
1519 4694 1682 4763 [msam]
1700 4699 1720 4747 0
1739 4724 1764 4735 -

432 4779 485 4822 tum
503 4768 569 4822 A²ez
590 4784 647 4819 cnm
665 4771 692 4827 E,
711 4783 765 4819 om.
780 4764 839 4818 A¹V
863 4795 890 4804 -
915 4769 954 4816 tt.
978 4771 1117 4818 excitatum
1133 4771 1339 4831 coniunctioneque
1360 4769 1510 4819 Perionius:
1530 4772 1644 4822 arbuto
1663 4776 1766 4823 cmissa-

431 4844 608 4910 ctoqneCEG
638 4871 664 4881 -
691 4846 729 4893 ta.
751 4846 915 4892 iroetmetu
933 4842 1006 4891 CEG
1032 4870 1065 4880 -
1090 4843 1240 4893 nsotosAB¹
1271 4868 1298 4880 -
1322 4844 1361 4894 43.
1381 4844 1419 4892 liis
1439 4845 1473 4892 C:
1493 4844 1540 4893 iiiia
1562 4846 1622 4903 EG,
1648 4849 1680 4897 iis
1700 4849 1720 4897 0
1738 4872 1762 4882 -

430 4922 557 4970 contrarie
581 4920 660 4969 lienr.
686 4919 848 4982 Stephanus:
878 4920 1019 4966 contrarios
1044 4919 1116 4967 CEG
1138 4944 1164 4954 -
1195 4920 1257 4968 inste
1281 4919 1375 4967 vixerit
1403 4921 1428 4967 in
1459 4931 1542 4981 marg.
1573 4920 1658 4970 babet
1686 4936 1699 4969 a
1729 4933 1764 4970 m.

431 5001 522 5047 vetere
536 5002 554 5045 A
570 5022 597 5031 -
618 4993 658 5044 tt.
680 4994 800 5043 dediderit
811 4992 954 5042 Lambinus
968 4997 1002 5051 (et
1015 4993 1072 5041 lori.
1087 4994 1131 5054 Al:
1150 4994 1339 5054 dederitEGV,
1361 4994 1471 5043 dederint
1491 4994 1510 5042 B
1534 5019 1559 5030 -
1580 5000 1658 5059 atqve
1671 4996 1766 5045 noneste

432 5072 516 5122 CEG:
535 5076 558 5121 et
574 5069 705 5118 boneeuo
724 5094 750 5103 -
774 5068 813 5117 tt.
835 5067 984 5129 transferret
1005 5064 1062 5117 Ev¹
1085 5094 1112 5103 -
1135 5068 1370 5117 drineAliEW:
1388 5074 1411 5117 et
1428 5069 1463 5116 sic
1479 5081 1509 5117 ne
1526 5064 1586 5117 Gv¹
1607 5094 1633 5104 -
1657 5070 1697 5118 ts.
1715 5077 1765 5119 ter·

430 5148 526 5196 minum
550 5145 676 5193 rnolorrnn
700 5144 785 5192 CEG:
813 5143 938 5192 maiorum
963 5143 1133 5192 terninano
1152 5169 1179 5178 —
1206 5145 1247 5193 20.
1265 5143 1370 5193 iniebat
1387 5142 1496 5193 A²B²E:
1516 5142 1589 5192 notet
1606 5148 1648 5204 At,
1671 5144 1764 5194 mpetu

431 5220 517 5270 B¹GV
536 5245 562 5254 —
581 5219 623 5268 tt.
642 5220 725 5267 etnni
741 5218 828 5266 similis
845 5217 891 5266 CE
914 5243 939 5251 -
968 5217 1067 5265 eueniru
1094 5218 1121 5266 Β1
1147 5244 1173 5252 -
1201 5218 1242 5267 22.
1269 5221 1365 5277 animo,
1391 5231 1470 5278 aquo,
1496 5223 1566 5267 terra
1596 5220 1762 5283 Wesenberg

430 5297 472 5357 lad
490 5297 566 5345 Tusc.
587 5295 658 5357 Disp.
678 5296 746 5343 l‘art.
766 5295 807 5341 ltl.
827 5307 852 5356 p.
872 5292 903 5341 49
921 5294 970 5351 mi:
992 5293 1079 5340 animo
1097 5297 1172 5352 utque
1188 5299 1259 5341 terro
1281 5294 1370 5351 CEG,
1390 5295 1488 5352 onimo,
1507 5307 1577 5356 oqvo
1594 5299 1674 5358 otqtse
1695 5300 1762 5345 tem

430 5388 492 5426 curn
517 5372 632 5422 victorio
657 5369 677 5417 0
704 5395 731 5404 -
757 5373 861 5428 experto
885 5366 964 5415 CEG¹
984 5392 1010 5401 -
1037 5366 1077 5417 23.
1102 5368 1201 5417 ratione
1229 5368 1314 5418 CEG:
1342 5369 1448 5431 deniqne
1474 5371 1574 5419 ratione
1602 5370 1622 5418 0
1654 5396 1681 5406 -
1706 5372 1763 5433 effr-

428 5451 533 5497 ctionem
552 5441 634 5495 BEV¹
656 5470 682 5479 -
712 5442 753 5491 26.
780 5440 849 5504 otios]
871 5441 981 5500 aliosque
1001 5441 1162 5499 A²B²EGV,
1192 5444 1309 5506 otioquoe
1328 5442 1368 5504 A¹,
1389 5443 1490 5504 otioque
1509 5441 1536 5493 B*
1566 5472 1594 5482 -
1622 5446 1650 5493 in
1670 5452 1760 5495 terren

430 5523 581 5573 perionius:
600 5521 626 5568 in
642 5524 713 5567 terro
731 5517 843 5575 BEGV,
862 5518 967 5565 introA
988 5517 1060 5563 -in
1082 5517 1169 5565 lunum
1193 5519 1342 5568 Perionius:
1372 5517 1398 5567 in
1420 5518 1482 5566 iano
1500 5519 1573 5568 CEG
1593 5544 1620 5556 -
1641 5521 1683 5570 at.
1702 5526 1760 5569 tess-

426 5600 497 5660 poris
512 5599 586 5659 eipno
597 5599 620 5644 et
631 5600 703 5642 notoe
721 5593 792 5641 CEG
811 5593 893 5652 (notae
910 5588 962 5639 dcl.
983 5588 1122 5650 Halmius.)
1143 5617 1169 5626 -
1188 5594 1229 5642 28.
1249 5594 1441 5642 consutionem
1459 5593 1551 5642 CEG:
1570 5597 1693 5645 soimeri
1708 5608 1760 5645 een

430 5674 491 5721 0-
509 5671 550 5720 29.
563 5664 735 5719 ersentB¹GV
751 5692 776 5701 -
795 5666 835 5715 30.
861 5667 945 5714 enimc
967 5678 1021 5716 orn.
1045 5664 1076 5716 A¹
1092 5690 1126 5704 -
1150 5670 1266 5718 accedere
1289 5667 1426 5718 A¹B¹GV:
1446 5670 1573 5718 accederet
1594 5670 1632 5728 13¹,
1652 5672 1759 5720 ornem

430 5746 487 5796 A²E
514 5772 539 5781 -
564 5744 717 5805 perpolirent
738 5745 756 5791 A
777 5744 818 5802 (es
835 5742 1008 5801 correctione)
1031 5742 1097 5791 82E:
1117 5743 1239 5804 polierent
1256 5742 1292 5799 θ’.
1310 5745 1472 5805 pertinerent
1491 5743 1539 5793 GV
1559 5771 1587 5780 -
1606 5742 1648 5794 tt.
1667 5750 1695 5795 vt
1714 5757 1756 5793 so·

430 5834 531 5889 perscr.
545 5819 626 5870 babet
637 5813 677 5881 Ai,
690 5830 744 5871 om.
760 5816 807 5865 GV
825 5842 852 5851 -
870 5816 995 5879 principes
1011 5829 1036 5867 ee
1052 5819 1173 5881 docesque
1185 5819 1327 5870 Manutius:
1338 5821 1479 5883 principun
1490 5832 1515 5870 se
1525 5820 1664 5885 docunque
1680 5818 1754 5871 CEG.
