4342 7459
758 1266 827 1330 un.
849 1264 904 1331 ru.
933 1265 1008 1331 cr».
1028 1265 1180 1334 rv-u.
1208 1263 1255 1352 ss
1275 1264 1401 1335 e-ie.
1675 1257 1738 1331 tea

408 1427 593 1495 mortalibus
614 1434 647 1493 et
667 1427 808 1491 omnium
830 1433 915 1492 esset
935 1434 968 1491 et
989 1426 1106 1492 cotidie
1129 1435 1293 1494 cresceret
1330 1430 1437 1495 Placet
1458 1431 1554 1513 igitur
1571 1438 1673 1498 tantas
1686 1451 1738 1497 res

408 1524 560 1608 opinione
582 1521 748 1586 stultorum
770 1521 917 1597 indicari,
939 1522 1028 1586 vobis
1049 1525 1251 1607 praesertim,
1274 1525 1329 1610 qui
1350 1525 1424 1589 illos
1446 1526 1575 1590 insanos
1597 1545 1669 1591 assa
1690 1526 1740 1590 di·

408 1618 514 1681 catis?
547 1617 584 1679 V.
606 1618 648 1679 At
663 1618 746 1681 euim
761 1618 938 1700 praesentis
954 1617 1099 1681 videmus
1115 1618 1206 1694 deos,
1227 1626 1263 1683 ut
1276 1619 1363 1702 apud
1377 1620 1534 1703 Regillum
1549 1622 1739 1697 Postumius,

408 1712 442 1773 in
464 1710 587 1774 Salaria
601 1710 762 1785 Vatinius,
784 1710 893 1773 nescio
909 1710 987 1793 quid
1003 1714 1096 1775 etiam
1113 1711 1154 1776 de
1169 1713 1343 1777 Locrorum
1358 1714 1442 1797 apud
1459 1714 1587 1798 Sagram
1602 1714 1737 1797 proelio.

409 1804 500 1880 Quos
521 1804 620 1885 igitur
640 1811 675 1868 tu
697 1803 895 1887 Tyndaridas
917 1805 1117 1887 appellabas,
1138 1806 1172 1870 id
1194 1815 1243 1870 est
1263 1806 1409 1872 homines
1430 1808 1562 1873 homine
1581 1815 1687 1882 natos,
1709 1815 1764 1874 eto

408 1919 491 1984 quos
521 1900 692 1974 Homerus,
722 1899 778 1982 qui
811 1918 922 1961 recens
951 1900 991 1962 ab
1019 1900 1149 1965 illorum
1177 1907 1281 1965 aetate
1302 1901 1377 1975 tuit,
1407 1902 1549 1985 sepultos
1572 1924 1643 1967 esse
1665 1903 1742 1969 dicit

409 1993 663 2067 Lacedaemone,
693 2011 750 2056 eos
772 1999 807 2056 tu
830 1991 1000 2056 cantheriis
1023 1995 1119 2071 albis,
1144 1995 1241 2059 nullis
1263 1995 1442 2071 calonibus,
1464 1998 1590 2061 obviam
1613 1997 1740 2062 Vatinio

407 2089 535 2151 venisse
566 2088 730 2151 existimas
759 2094 792 2151 et
819 2087 984 2150 uictoriam
1013 2089 1122 2173 populi
1152 2090 1284 2154 llomani
1306 2091 1434 2154 Vatinio
1464 2090 1587 2174 potins,
1617 2089 1741 2153 homini

408 2183 540 2256 rustico,
569 2201 666 2265 quam
688 2183 731 2247 Μ.
750 2180 877 2256 Catoni,
906 2182 961 2265 qui
985 2189 1052 2245 tum
1075 2191 1142 2246 erat
1163 2185 1325 2268 princeps,
1352 2184 1570 2249 nuntiavisset
1602 2185 1687 2267 Ergo
1710 2188 1743 2247 et

407 2275 488 2340 illud
517 2279 550 2339 in
579 2276 683 2350 silice,
717 2275 804 2360 quod
833 2275 930 2338 hodie
953 2284 1083 2359 apparet
1105 2279 1191 2360 apud
1213 2278 1369 2360 Regillum
1391 2286 1551 2363 tamquam
1573 2277 1741 2359 vestigium
1750 2281 1780 2343 t'o

408 2370 563 2452 ungulae,
586 2369 726 2433 Castoris
749 2370 823 2451 equi
839 2368 942 2432 credis
958 2373 1052 2433 esaei
1085 2366 1138 2433 la.
1162 2373 1274 2436 Nonne
1290 2373 1388 2436 mavis
1402 2371 1484 2435 illud
1499 2373 1639 2446 credere,
1655 2368 1743 2455 quod

409 2464 537 2547 probari
565 2470 686 2548 potest,
715 2464 837 2526 animos
862 2464 1096 2547 praeclarorum
1124 2466 1304 2540 hominum,
1334 2466 1446 2548 quales
1468 2466 1520 2529 isti
1543 2464 1743 2550 Tyndaridae

408 2558 550 2632 fuerunt,
572 2557 697 2621 divinos
720 2576 791 2620 erse
812 2564 846 2621 et
866 2562 1030 2631 aeternos,
1053 2579 1149 2641 quam
1172 2579 1246 2634 eos,
1273 2559 1329 2641 qui
1352 2559 1452 2623 semel
1474 2557 1604 2623 cremati
1626 2564 1743 2633 essent,

410 2652 555 2736 equitare
577 2660 610 2715 et
631 2650 664 2714 in
690 2651 758 2713 acie
786 2670 929 2734 pugnare
958 2652 1128 2734 potuisset
1162 2660 1232 2727 aut,
1260 2653 1288 2716 si
1312 2654 1374 2717 hoc
1395 2653 1465 2716 fieri
1491 2652 1632 2736 potuisse
1654 2650 1744 2728 dicia,

409 2746 523 2809 doceas
556 2751 698 2829 oportet,
734 2764 797 2827 quo
829 2745 943 2819 modo,
976 2765 1035 2807 nec
1067 2745 1200 2812 tabellas
1233 2747 1334 2810 aniles
1367 2746 1520 2830 proferas.
1579 2741 1630 2808 43.
1661 2747 1782 2811 Tumsa

409 2839 567 2914 Lucilius,
600 2842 649 2901 An
681 2837 760 2913 tibi,
793 2840 912 2922 inquit,
943 2838 1079 2903 fabellae
1112 2841 1285 2903 videntur?
1321 2859 1427 2904 nonne
1456 2840 1497 2904 ab
1523 2839 1559 2903 A.
1581 2839 1743 2903 Postumio

409 2933 521 2997 aedem
554 2933 674 2997 Castori
704 2939 736 2995 et
764 2933 887 2996 Polluci
922 2933 956 2995 in
987 2932 1059 2996 foro
1092 2932 1284 3008 dedicatum,
1317 2953 1423 2997 nonne
1456 2941 1585 2997 cenatus
1617 2932 1746 2997 conani·

410 3035 476 3091 tum
504 3026 545 3089 de
575 3027 701 3090 Vatinio
730 3026 846 3091 videat
888 3029 968 3090 Nam
996 3027 1037 3090 de
1067 3028 1166 3109 Sagra
1194 3027 1387 3092 Graecorum
1416 3027 1511 3094 etiam
1540 3035 1589 3091 eat
1616 3026 1744 3112 volgare

403 3122 628 3210 proverbium,
659 3123 715 3205 qui
744 3138 827 3203 quac
855 3118 1022 3184 adfirmant
1050 3122 1184 3185 certiora
1211 3141 1283 3186 esse
1310 3122 1420 3186 dicunt
1440 3141 1536 3206 quam
1558 3122 1629 3198 illa,
1661 3140 1744 3206 quae

409 3213 497 3298 apud
531 3216 671 3299 Sagram.
728 3215 787 3278 llis
821 3216 920 3298 igitur
954 3216 1140 3279 auctoribus
1177 3235 1283 3280 nonne
1319 3214 1417 3279 deber
1449 3214 1600 3280 moverit
1664 3217 1783 3284 'l'umtt

410 3309 522 3384 Cotta,
554 3309 765 3386 Rumoribus,
796 3308 924 3393 inquit,
956 3328 1079 3374 mecum
1111 3329 1256 3394 pugnas,
1289 3308 1407 3386 Balbe,
1440 3330 1500 3394 ego
1530 3316 1636 3374 autem
1665 3330 1684 3376 a
1713 3318 1753 3374 te‘

409 3401 548 3467 rationes
570 3403 590 3444 ¹
608 3401 626 3438 ¹*
643 3404 661 3438 *

496 3498 549 3560 Vl.
572 3492 623 3560 ll.
646 3498 819 3574 Secuntur,
841 3516 924 3580 quae
945 3496 1053 3562 futura
1075 3504 1165 3574 aunt3
1189 3499 1329 3582 elingere
1351 3498 1437 3562 enim
1457 3517 1553 3562 nemo
1574 3495 1608 3560 id
1628 3501 1745 3581 potest,

410 3591 496 3675 quod
519 3591 658 3656 futurum
680 3598 738 3655 est.
776 3593 879 3675 Saepe
901 3599 1006 3655 autem
1029 3612 1070 3655 ne
1092 3592 1172 3657 utile
1188 3593 1315 3677 quidem
1331 3600 1380 3657 est
1394 3593 1490 3669 scire,
1513 3591 1590 3676 quid
1605 3591 1744 3655 futurum

410 3687 472 3761 sit3
495 3687 646 3750 miserum
670 3694 719 3749 est
741 3687 824 3749 enim
847 3684 928 3748 nihil
949 3681 1165 3769 proficientem
1181 3688 1254 3770 angi
1269 3706 1329 3750 nec
1342 3687 1460 3751 habere
1475 3704 1516 3749 ne
1531 3685 1599 3769 spei
1615 3682 1783 3769 quidemat

411 3788 585 3843 extremum
615 3788 647 3843 et
672 3788 777 3844 tamen
799 3799 965 3844 commune
992 3780 1163 3856 solacium,
1190 3781 1375 3864 praesertim
1398 3801 1471 3844 cum
1492 3799 1551 3843 ros
1572 3777 1656 3844 idem
1678 3777 1745 3843 sato

412 3872 479 3937 lieri
501 3873 612 3936 dicatis
635 3876 759 3950 omnia,
782 3874 868 3958 quod
891 3881 997 3938 autem
1014 3893 1141 3957 semper
1155 3894 1197 3937 ex
1211 3875 1297 3938 omni
1313 3876 1501 3939 aeternitate
1516 3891 1625 3936 verum
1639 3871 1746 3947 luerit,

411 3969 444 4033 id
467 3987 537 4031 esse
558 3967 669 4033 iatum.
709 3967 795 4045 Quid
816 3969 911 4051 igitur
931 3969 1020 4032 iurat
1040 3977 1095 4031 aut
1116 3966 1192 4051 quid
1214 3968 1317 4032 adfert
1338 3969 1378 4033 ad
1401 3967 1577 4032 cavendum
1591 3966 1673 4030 scire
1688 3963 1747 4029 ali·

412 4062 491 4148 quid
517 4061 676 4137 futurum,
706 4083 778 4125 cum
806 4062 838 4126 id
868 4069 952 4125 certa
975 4061 1117 4124 futurum
1139 4062 1204 4125 siti
1237 4061 1328 4125 Unde
1356 4081 1453 4145 porro
1480 4061 1542 4124 ista
1570 4058 1745 4122 divinatio?

412 4158 485 4238 quis
506 4157 628 4219 invenit
649 4154 755 4219 fissum
778 4158 915 4220 iecoris?
947 4156 1019 4237 quis
1042 4155 1178 4221 cornicis
1201 4163 1327 4218 cantum
1350 4157 1498 4219 notavit?
1527 4153 1600 4237 quia
1623 4152 1784 4221 sortisieo

412 4250 526 4334 quibus
549 4269 607 4331 eqo
630 4250 740 4325 credo,
762 4271 821 4313 nec
843 4269 971 4333 possum
994 4249 1059 4312 Atti
1079 4249 1185 4323 Navii,
1208 4269 1304 4333 quem
1327 4248 1609 4323 commemorabas,
1632 4246 1746 4310 lituum

412 4353 623 4407 contemnere.
660 4344 721 4406 Sed
752 4344 807 4427 qui
834 4345 894 4406 ista
922 4342 1084 4407 intellecta
1113 4344 1191 4417 sint,
1224 4342 1466 4427 aphilosophir
1489 4342 1590 4405 debeo
1613 4339 1746 4415 discere,

411 4439 597 4522 praesertim
621 4458 692 4501 cum
715 4438 858 4521 plurimis
881 4438 920 4500 de
943 4438 1039 4500 rebus
1055 4436 1153 4500 divini
1176 4437 1226 4500 isti
1248 4436 1451 4499 mentiantur.
1496 4431 1548 4498 45.
1568 4436 1609 4498 At
1630 4432 1746 4498 medici

479 4701 502 4748 4.
521 4699 610 4748 cotidie
627 4698 694 4748 CV:
715 4698 815 4748 cottidie
832 4699 898 4756 AB;
917 4697 1037 4760 quottidie
1052 4697 1090 4754 E;
1109 4696 1218 4759 quotidie
1235 4696 1255 4745 0
1273 4720 1300 4732 -
1320 4694 1346 4745 3.
1360 4696 1498 4757 maceriis
1514 4695 1554 4753 V;
1569 4695 1746 4759 prmmitirl’

412 4778 563 4839 (praesenter
579 4786 671 4835 margo
688 4771 720 4837 V)
738 4798 765 4807 -
784 4774 894 4822 vidimus
910 4772 970 4823 cod.
990 4771 1184 4836 Glogavieusis,
1202 4772 1233 4821 0.
1251 4771 1290 4821 Cl.
1304 4772 1326 4821 ll
1343 4771 1359 4836 s
1377 4771 1401 4821 6.
1416 4796 1445 4807 -
1463 4776 1528 4836 apat
1544 4773 1565 4821 A
1584 4796 1611 4808 -
1630 4771 1747 4834 reptilem

414 4853 559 4914 (superscr.
578 4850 587 4897 i
605 4851 665 4912 post
681 4849 705 4911 q)
725 4852 763 4907 A;
787 4849 905 4911 reqiliam
921 4848 943 4896 V
962 4874 989 4883 -
1014 4846 1039 4898 A.
1061 4847 1175 4897 Vatinius
1192 4846 1320 4897 Heindorl
1329 4861 1334 4894 :
1361 4846 1476 4896 actionus
1493 4844 1524 4897 u.
1550 4845 1590 4897 Cl.
1609 4860 1635 4896 v.
1655 4848 1695 4897 48.
1717 4874 1743 4884 -

413 4938 514 4975 sacrorn
531 4926 550 4972 B
561 4924 580 4974 C
591 4920 679 4973 EPV¹
699 4950 726 4959 -
748 4923 845 4984 praelio
862 4924 881 4972 A
893 4924 912 4973 C
923 4923 942 4972 E
961 4948 987 4958 -
1007 4923 1032 4971 t.
1050 4923 1195 4982 tyndarides
1211 4921 1243 4970 V¹
1262 4947 1289 4957 -
1314 4921 1338 4973 t.
1358 4934 1456 4971 oneras
1473 4922 1617 4985 (euperem.
1635 4921 1658 4984 i)
1676 4924 1697 4972 A
1716 4947 1744 4958 -

412 5001 437 5049 Ἰ.
456 5003 484 5048 tu
500 5000 537 5048 B:
556 4999 660 5058 toq.V;
680 5002 708 5046 tu
724 5010 789 5060 qaae
806 4998 874 5054 AC;
894 5002 969 5058 tuque
986 4999 1021 5052 Ρς
1041 5010 1089 5058 quc
1105 5001 1132 5045 tu
1149 4996 1187 5054 E;
1207 4995 1319 5057 locitas,
1339 4997 1438 5058 Quinte.
1454 5023 1481 5033 -
1500 4998 1619 5048 canteriis
1634 4997 1747 5049 ACliV

414 5101 442 5112 -
462 5073 526 5124 albia
542 5072 606 5122 PV:
625 5072 690 5120 cluis
706 5074 744 5124 A:
763 5073 829 5122 aliua
846 5073 912 5129 cE;
931 5072 963 5121 ab
979 5072 1017 5119 liis
1033 5072 1052 5120 B
1071 5094 1098 5107 ··
1118 5072 1379 5122 acrimoniarum
1395 5070 1459 5124 ‘li-
1473 5071 1498 5122 9.
1513 5072 1607 5122 rustico
1622 5073 1746 5124 lominiP

414 5178 442 5188 -
463 5152 502 5200 40.
522 5153 586 5211 opat
603 5151 623 5198 A
643 5175 669 5185 -
688 5149 807 5211 reqilium
823 5148 903 5198 APV
923 5175 949 5183 -
970 5148 1009 5195 44.
1029 5147 1087 5207 cqot
1104 5158 1237 5210 superscr.
1257 5148 1283 5196 in
1301 5147 1322 5195 A
1341 5172 1368 5181 -
1387 5148 1467 5197 credis
1482 5146 1583 5196 erceV:
1602 5148 1747 5198 credidirere

413 5228 451 5284 A;
475 5226 617 5274 medumsse
640 5237 709 5274 corr.
730 5226 756 5273 in
778 5225 923 5273 credidisses
939 5223 976 5278 u;
996 5222 1128 5271 credidisse
1144 5222 1210 5279 CP3
1233 5222 1338 5272 crediue
1354 5222 1374 5272 E
1392 5248 1420 5258 -
1445 5223 1486 5273 tr.
1503 5220 1608 5285 probari
1625 5235 1693 5272 corr.
1713 5235 1745 5272 ex

410 5300 520 5364 protare
537 5302 557 5348 A
585 5321 612 5334 -
642 5300 681 5349 43.
701 5313 778 5361 worn
794 5300 867 5349 secra
882 5312 924 5348 eor
940 5297 984 5358 qui
1001 5299 1020 5346 P
1048 5322 1074 5331 —
1106 5296 1146 5345 46,
1168 5310 1251 5346 conoe
1266 5298 1326 5346 culo
1339 5299 1466 5360 portaenio
1482 5294 1505 5348 u
1532 5321 1561 5334 -
1590 5297 1629 5347 48.
1648 5298 1746 5348 aotloio

412 5374 514 5427 ABCV
531 5376 676 5438 (superscr.
690 5377 775 5424 eante
787 5388 804 5422 a
816 5374 861 5434 Bi:
879 5373 999 5421 wticinio
1016 5372 1053 5427 E;
1072 5372 1204 5422 accierat>
1224 5400 1251 5409 -
1270 5385 1346 5422 sacro
1364 5372 1507 5432 ACEPV;
1526 5372 1607 5422 ccctis
1623 5374 1642 5424 Β
1657 5399 1684 5409 -
1703 5374 1744 5423 20.

411 5457 474 5515 opat
489 5455 508 5500 A
530 5477 557 5486 -
576 5463 676 5498 sacram
695 5451 743 5500 ΟΡ
761 5474 788 5483 -
814 5449 855 5497 it.
873 5460 970 5497 mecam
986 5448 1098 5510 disputas
1115 5446 1184 5497 bodo
1201 5449 1220 5497 P
1239 5473 1267 5483 -
1289 5448 1331 5499 it.
1349 5451 1463 5499 rctioocr
1484 5445 1617 5499 ACEV¹:
1636 5447 1747 5498 rctloaar

412 5528 515 5590 requiro
536 5522 625 5574 uv²0
653 5550 679 5559 -
707 5523 747 5573 23.
770 5529 887 5574 ematur
903 5522 981 5573 BV¹z
1008 5529 1130 5573 recantar-
1153 5534 1221 5573 corr.
1241 5525 1266 5573 in
1284 5530 1408 5588 reparator
1430 5528 1468 5582 A;
1491 5528 1643 5586 permactor
1658 5534 1746 5573 correo

413 5604 450 5660 Ε;
469 5605 607 5664 sequantur
624 5598 685 5649 V‘O
700 5626 724 5636 -
745 5599 785 5650 il.
804 5601 868 5648 scire
884 5600 950 5660 quod
967 5598 1082 5661 totamm
1098 5603 1133 5647 ert
1151 5600 1170 5647 P
1183 5622 1210 5635 -
1224 5598 1265 5649 25.
1279 5600 1345 5650 cuim
1356 5601 1421 5650 estP
1435 5624 1461 5634 -
1475 5598 1517 5648 26.
1531 5603 1613 5647 tomen
1630 5608 1699 5647 corr.
1718 5598 1744 5647 tn

413 5682 466 5726 tom
484 5677 502 5725 B
523 5702 549 5712 -
568 5687 696 5725 comune
714 5687 782 5723 corr.
797 5688 828 5723 ex
845 5673 1032 5723 commonererV
1048 5700 1074 5710 -
1094 5673 1215 5722 solacium
1232 5674 1360 5726 ABCE:
1378 5674 1495 5723 solatium
1511 5672 1531 5722 0
1550 5697 1577 5707 -
1596 5672 1671 5721 iidem
1687 5669 1745 5723 V¹O

416 5777 444 5787 -
461 5750 503 5799 ti.
522 5750 607 5799 omnic
629 5751 776 5797 aeternitate
799 5749 830 5796 V¹
855 5774 881 5783 -
905 5747 945 5797 48.
963 5748 1045 5809 [caan
1066 5749 1165 5798 dicatio.
1185 5749 1280 5811 quidP
1305 5777 1331 5786 -
1356 5750 1417 5812 quid
1434 5749 1502 5812 [ante
1519 5747 1607 5812 icitur)
1624 5760 1693 5799 corr.
1712 5760 1746 5798 ex

414 5826 480 5889 quod
497 5829 515 5875 A
537 5853 561 5861 —
583 5824 687 5886 aliquod
703 5823 726 5870 V
738 5847 766 5859 -
785 5822 825 5873 30.
844 5824 901 5887 quic
916 5837 938 5873 c.
956 5835 978 5874 c.
996 5825 1094 5873 notauit
1110 5836 1164 5873 orn.
1178 5826 1197 5873 P
1209 5850 1235 5860 -
1251 5824 1291 5874 34.
1305 5825 1352 5876 otti
1368 5823 1440 5874 nauli
1457 5819 1536 5872 C'V:
1555 5824 1601 5873 atti
1617 5824 1679 5874 ocal
1695 5825 1745 5876 All

415 5898 523 5956 C¹EV3
542 5901 602 5951 Attii
618 5900 695 5950 Nooii
712 5897 741 5948 0.
761 5896 800 5948 Cl.
820 5898 839 5947 ll
859 5897 874 5961 ἕ
892 5898 916 5949 9.
934 5924 961 5936 -
979 5898 1153 5949 muneratos
1169 5897 1291 5951 ACEV¹
1306 5926 1332 5936 -
1352 5899 1392 5950 32.
1410 5901 1581 5961 coemam
1596 5897 1673 5947 V¹-
1688 5904 1747 5951 aaut

415 5974 555 6026 ABCEV
573 6001 601 6012 -
620 5973 661 6025 33,
679 5974 772 6024 diuinis
787 5974 828 6023 itti
843 5975 998 6025 mentiantur
1014 5971 1055 6033 44;
1072 5973 1116 6025 isti
1132 5974 1211 6025 diomi
1226 5974 1381 6027 muctar
1397 5971 1418 6024 0
1437 5998 1465 6012 -
1482 5972 1517 6025 ad
1532 5969 1618 6027 A¹V¹.
