4342 7459
800 1222 1330 1325 mumnffiem
1667 1232 1729 1299 m

408 1410 515 1495 liqui
544 1409 809 1491 magistratus
837 1425 884 1469 ne
912 1413 1044 1469 sunto:
1075 1404 1267 1488 auspicia
1295 1409 1454 1486 patrum
1481 1406 1618 1473 sunto,
1640 1399 1730 1462 olli-

409 1525 486 1588 qne
518 1524 562 1568 ec
595 1523 635 1566 se
667 1500 881 1586 produuto,
914 1499 984 1584 qni
1016 1498 1231 1563 comitiatu
1264 1514 1402 1560 creare
1435 1492 1620 1558 consules
1652 1493 1729 1556 rite

437 1597 578 1663 ossiet.

407 1619 429 1682 p
491 1689 682 1774 imperia,
711 1693 958 1771 potestates,
987 1687 1242 1769 legationes,
1270 1703 1352 1747 cum
1380 1689 1536 1746 senatus
1565 1681 1731 1744 creverit

408 1784 637 1869 populusve
667 1783 853 1855 iusserit,
882 1800 930 1844 ex
959 1781 1059 1843 urbe
1089 1786 1285 1852 exeunto,
1316 1775 1457 1839 duella
1488 1776 1594 1840 iusta
1621 1777 1756 1839 instet

408 1886 598 1963 gerunto,
626 1877 749 1941 sociis
779 1882 1002 1959 parcunto,
1033 1894 1074 1937 se
1103 1882 1143 1936 et
1170 1891 1265 1935 suos
1293 1871 1558 1942 continente,
1588 1866 1730 1952 populi

408 1973 472 2037 sui
500 1972 670 2055 gloriam
697 1978 887 2053 ungento,
916 1967 1074 2031 domum
1102 1987 1187 2030 cum
1220 1965 1341 2029 laude
1371 1963 1583 2028 redeunte.

492 2068 564 2130 Ilei
596 2083 694 2128 suae
725 2082 821 2146 ergo
851 2083 897 2126 ne
927 2062 1016 2144 quis
1047 2062 1208 2143 legatus
1237 2068 1332 2124 esto.

492 2159 636 2223 Plebes
675 2177 775 2241 quos
813 2177 882 2240 pro
919 2176 958 2219 se
995 2162 1136 2219 contra
1173 2155 1249 2217 vim
1285 2151 1434 2217 auxilii
1469 2171 1562 2235 ergo
1596 2149 1731 2215 decem

410 2255 604 2327 creasait,
635 2253 670 2315 ei
702 2251 856 2314 tribuni
887 2251 977 2313 eius
1006 2256 1144 2322 sunto,
1173 2245 1364 2331 quodque
1392 2247 1421 2308 ii
1453 2245 1769 2330 prohibessintto

411 2347 598 2431 quodque
627 2345 787 2429 plebem
818 2344 1048 2427 rogassint,
1078 2349 1203 2405 ratum
1232 2350 1334 2405 esto:
1364 2340 1585 2425 sanctique
1615 2347 1732 2403 sunto

411 2462 506 2507 neve
536 2440 691 2526 plebem
722 2439 854 2502 orbam
883 2438 1067 2501 tribunis
1097 2435 1375 2520 relinquunto.

496 2531 546 2597 lt).
569 2533 711 2597 Omnes
734 2530 997 2613 magistratus
1020 2530 1245 2612 auspicium
1266 2529 1533 2612 iudiciumque
1554 2528 1732 2601 habento,

411 2648 545 2715 exque
572 2628 608 2692 is
636 2633 808 2689 senatus
840 2633 947 2688 esto:
982 2625 1071 2687 eius
1103 2625 1260 2687 decreta
1289 2630 1375 2687 rata
1404 2631 1529 2686 sunto.
1563 2619 1635 2705 [ast
1666 2642 1733 2703 po·

412 2731 535 2786 testas
564 2740 631 2805 par
659 2721 824 2783 maiorve
857 2718 1115 2801 prohibessit,
1144 2718 1359 2801 perscripta
1388 2713 1589 2799 servante]
1742 2729 1770 2774 ro

494 2816 532 2879 is
562 2814 655 2878 ordo
684 2814 779 2877 vitio
809 2821 962 2883 vacato,
992 2812 1138 2875 ceteris
1167 2813 1370 2895 specimen
1398 2819 1494 2874 esto.

496 2908 657 2972 Creatio
680 2908 1006 2989 magistratuum,
1035 2906 1182 2968 iudicia
1213 2905 1368 2990 populi,
1390 2905 1492 2968 iussa
1514 2906 1632 2968 vetita
1653 2923 1734 2967 cum

411 3002 609 3085 suiiragio
642 3002 947 3074 eosciscentur,
982 3000 1264 3083 optumatibus
1299 3006 1415 3074 nota,
1452 2995 1568 3082 plebi
1601 2999 1735 3062 libera

412 3105 546 3161 sunto.

495 3192 548 3254 lii.
577 3193 646 3254 Ast
667 3188 764 3273 quid
787 3190 876 3264 erit,
899 3187 1001 3271 quod
1025 3195 1139 3251 extra
1162 3189 1422 3272 magistratus
1445 3188 1599 3252 onerari
1621 3197 1773 3251 ossussu

413 3285 479 3358 sit,
508 3285 571 3367 qui
601 3290 726 3347 soeret
755 3281 918 3367 populns
949 3287 1075 3343 creato
1106 3282 1219 3365 eique
1249 3283 1306 3345 ius
1335 3281 1515 3345 coerandi
1544 3281 1640 3345 dato.

498 3378 591 3441 Cum
618 3376 761 3460 populo
789 3375 1052 3457 patribusque
1075 3376 1213 3458 agendi
1236 3376 1300 3439 ius
1323 3384 1409 3439 esto
1430 3375 1599 3448 consuli,
1621 3393 1736 3459 prae·

413 3471 507 3545 tori,
530 3471 723 3552 magistro
746 3469 891 3552 populi
921 3470 1179 3552 equitumque
1202 3469 1335 3554 eique,
1359 3468 1472 3553 quein
1494 3477 1627 3553 patres
1648 3486 1736 3553 pro·

414 3564 516 3629 dunt
546 3563 760 3628 consulum
789 3564 1061 3645 rogandorum
1094 3582 1200 3646 ergo;
1231 3563 1511 3647 tribunisque,
1542 3581 1637 3648 quos
1660 3559 1736 3624 sibi

414 3657 552 3741 plebes
583 3658 778 3742 rogassit,
810 3658 871 3719 ius
904 3666 989 3720 esto
1019 3677 1104 3719 cnm
1132 3657 1316 3741 patribus
1346 3658 1517 3741 agendi:
1553 3655 1656 3721 idem
1687 3652 1774 3717 adso

413 3752 568 3835 plebem
601 3750 705 3836 quod
736 3770 857 3813 oesus
886 3752 966 3813 erit
994 3749 1167 3814 ierunto.

498 3845 611 3922 Quae
633 3865 718 3909 cnm
740 3844 890 3928 populo
912 3865 1096 3931 quaeque
1119 3847 1156 3909 in
1179 3846 1369 3930 patribus
1390 3853 1565 3930 agentur,
1587 3842 1737 3909 modica

413 3949 543 4006 sunto.

412 4206 457 4243 nec
477 4190 651 4254 immutansi:
670 4191 777 4241 conada
792 4197 827 4241 est
842 4190 887 4254 (ost
902 4204 956 4241 om.
969 4190 999 4251 Η)
1016 4192 1211 4254 magistratione
1228 4192 1385 4255 (magister-ue
1401 4192 1434 4252 Η)
1452 4198 1567 4243 mersat
1582 4192 1662 4255 (aeci
1679 4194 1736 4258 ΑΒ)

412 4269 503 4331 reliqui
513 4269 678 4331 magistratus
688 4280 720 4317 ns
729 4272 802 4315 mic
814 4268 847 4323 C;
866 4266 976 4316 comtes
985 4267 1136 4328 megistum
1143 4266 1240 4328 popuii,
1257 4279 1302 4315 asc
1317 4266 1408 4330 reliqui
1418 4269 1582 4331 magistratus
1590 4282 1636 4318 asc
1645 4274 1738 4329 escum,

414 4343 434 4394 0
447 4368 473 4378 -
488 4342 578 4405 rotiqae
588 4353 656 4404 mag.
669 4353 701 4390 as
710 4344 783 4389 ussto
795 4340 940 4391 christani
952 4343 1013 4403 post
1022 4340 1172 4403 disceptator
1183 4354 1208 4390 v.
1219 4341 1251 4391 26
1263 4339 1460 4406 transponenda
1469 4344 1515 4391 aut
1523 4341 1642 4392 eicienda
1653 4345 1737 4407 putat.

496 4428 521 4476 4.
538 4425 648 4487 aspicias
664 4428 702 4485 A,
729 4426 814 4486 aspias
830 4426 864 4484 B,
890 4427 917 4476 in
935 4426 957 4475 Η
980 4426 1095 4487 αωρίοίο
1108 4431 1213 4488 patrum
1228 4430 1300 4475 sunto
1324 4426 1350 4477 iu
1368 4438 1451 4489 marg.
1469 4424 1620 4492 suppletum
1638 4431 1687 4479 est.
1709 4453 1736 4465 -

413 4500 510 4563 04449444
526 4502 548 4551 Η
567 4526 594 4538 -
616 4501 643 4552 i.
659 4513 688 4550 sc
702 4512 728 4550 ss
744 4498 891 4550 Buecheler
907 4503 934 4550 st
950 4498 1065 4551 Vahlen:
1083 4500 1128 4571 ch
1142 4512 1168 4550 ss
1183 4502 1214 4563 A,
1232 4513 1279 4551 eoa
1295 4501 1327 4564 ii,
1346 4514 1379 4551 sc
1394 4514 1420 4551 ss
1436 4500 1483 4551 ΒΟ
1502 4527 1529 4537 -
1546 4502 1736 4553 mustac-

414 4574 438 4626 3.
452 4576 545 4639 possiet
560 4574 721 4626 Buecheler:
737 4577 834 4638 possint
849 4574 917 4637 Aii²,
932 4578 1025 4639 possim
1036 4576 1055 4626 B
1065 4572 1106 4635 ii¹,
1122 4574 1200 4637 possit
1216 4575 1236 4624 0
1253 4587 1315 4625 cum
1327 4575 1442 4627 Manutio
1460 4601 1487 4612 -
1507 4575 1531 4627 4.
1549 4578 1657 4627 ercam
1672 4577 1695 4629 Η
1711 4578 1739 4627 in

414 4663 509 4715 marg:
527 4652 623 4702 assuit
634 4648 701 4709 Ail¹,
719 4651 874 4701 amantii
893 4676 921 4687 -
939 4652 964 4702 i.
976 4652 1058 4701 socias
1069 4651 1098 4711 B,
1116 4652 1177 4700 aute
1194 4650 1267 4700 sodi
1283 4652 1324 4700 est
1340 4651 1399 4700 inA
1417 4662 1497 4714 parva
1515 4664 1578 4714 ras„
1597 4653 1661 4704 item
1679 4655 1739 4717 post

414 4730 522 4791 mesto
541 4751 568 4762 ·-
590 4730 740 4789 percantata
756 4725 778 4776 Η
795 4738 865 4776 corr.
879 4726 906 4776 in
920 4732 1095 4788 parmisque
1111 4725 1173 4789 (om.
1186 4723 1218 4787 ss)
1236 4749 1269 4760 -
1284 4736 1343 4773 asos
1358 4726 1531 4790 nescioquis:
1550 4740 1636 4779 seruos
1651 4729 1737 4790 ΑΗΟ,

412 4800 985 4864 ΜΗ·ρορ4444ωίΑ,ριφ4444ιυέΒ
1005 4827 1032 4838 -
1056 4800 1740 4866 i.iaa‹terettssatorspisussrgoB-t0.crat

413 4877 445 4926 sit
462 4876 493 4937 Η,
511 4874 560 4927 sed
577 4887 637 4939 sup.
650 4873 695 4925 lin.
712 4876 816 4925 orsam
840 4902 867 4911 -
894 4876 1027 4927 datiani
1044 4874 1159 4926 Vahlen:
1178 4880 1202 4925 st
1217 4874 1311 4926 meant
1328 4875 1415 4938 tisibus
1426 4876 1457 4939 Η)
1476 4878 1505 4938 c,
1524 4877 1573 4930 sed
1590 4880 1610 4930 B
1626 4881 1651 4929 st
1666 4891 1737 4929 corr.

414 4964 448 5001 ex
464 4951 483 5001 ii
500 4949 601 5015 velih
619 4951 642 5000 ei
659 4949 800 5001 om.editt.
821 4976 848 4987 -
867 4952 1021 5014 euincnpto
1037 4946 1070 5001 Ηι
1088 4975 1116 4986 -
1135 4951 1154 5001 ii
1171 4949 1217 5001 11¹:
1235 4951 1334 5011 ΗΑΒ,
1352 4952 1462 5013 irigsod
1478 4952 1510 5003 Ηι
1535 4980 1563 4991 -
1592 4955 1632 5003 44.
1649 4956 1738 5005 esich

414 5026 442 5075 in
459 5037 512 5076 res.
540 5050 567 5061 -
594 5031 731 5088 sanctaque
751 5025 774 5075 Η
802 5052 830 5063 -
859 5027 899 5076 ta.
916 5028 1086 5089 relinquente
1107 5026 1127 5075 B
1153 5051 1187 5063 -
1211 5026 1251 5076 43.
1270 5026 1458 5089 suspicimus
1473 5028 1641 5090 iadiciwnqus
1660 5028 1682 5078 Η
1708 5053 1736 5064 -

416 5097 456 5149 44.
473 5101 496 5149 is
512 5101 574 5150 AB:
592 5100 630 5150 itis
647 5101 678 5159 Η,
695 5101 727 5150 iis
744 5101 764 5150 0
782 5101 1040 5163 (ttqecqsetsasoasas
1056 5104 1086 5161 A,
1105 5102 1194 5166 priore
1210 5115 1227 5164 q
1243 5102 1376 5166 punctata)
1396 5128 1422 5140 —
1442 5109 1481 5153 ast
1497 5105 1529 5154 C:
1549 5109 1588 5153 ast
1602 5103 1624 5152 si
1640 5103 1660 5152 0
1677 5114 1740 5153 cum

414 5173 636 5237 wyttenbachio,
654 5187 703 5225 nos
721 5175 796 5234 haec,
815 5188 876 5226 cum
894 5176 947 5227 huc
965 5190 1017 5227 non
1035 5176 1175 5227 videantur
1190 5180 1335 5244 pertinere,
1353 5176 1517 5230 Buechelero
1534 5181 1641 5229 auctore
1654 5176 1740 5228 inclu-

416 5250 508 5299 simus.
529 5274 555 5285 —
576 5250 616 5298 ts.
631 5249 777 5312 probimit
793 5250 957 5314 Stephanus:
979 5252 1184 5314 probitatum
1205 5254 1352 5317 probiiessit
1367 5260 1466 5304 muas
1481 5255 1602 5316 scamna,
1621 5254 1655 5312 0;
1677 5265 1740 5315 pre·

416 5323 527 5385 bibessit,
545 5330 645 5374 motas
660 5337 726 5375 emis.
746 5324 803 5384 aiii;
821 5338 883 5377 nam
899 5339 949 5392 pro
965 5341 991 5378 se
1007 5327 1072 5378 dett.
1091 5330 1240 5393 paucies.
1259 5328 1301 5379 vei
1318 5329 1345 5379 8.
1358 5328 1385 5379 C.
1404 5327 1513 5380 hahent.
1533 5355 1560 5365 -
1579 5329 1620 5379 te.
1636 5330 1741 5391 podatis

416 5404 494 5449 msam
515 5400 575 5459 hii,
604 5403 708 5463 speeiem
723 5402 810 5451 mestio
832 5406 851 5453 A
879 5428 905 5440 —
936 5401 976 5453 48.
994 5405 1160 5454 mscisoeatar
1175 5416 1239 5456 nos:
1262 5405 1432 5454 wacioceatser
1448 5407 1482 5465 A,
1505 5416 1545 5454 eos
1561 5404 1691 5466 eingew
1707 5402 1739 5463 Η,

416 5476 598 5525 scsctmarcr
617 5477 654 5537 B,
680 5479 863 5527 mestar
883 5478 920 5532 0:
948 5491 1025 5539 quun
1045 5480 1190 5539 sumentur,
1211 5479 1337 5543 mirrapio
1356 5478 1516 5541 optimatibus
1539 5478 1687 5543 stephanus
1713 5477 1741 5528 ei

417 5551 558 5612 Manutius,
577 5565 654 5613 quun
669 5554 791 5616 suffragio
806 5554 978 5614 contueatur,
996 5555 1122 5617 cantapia
1137 5559 1188 5617 opt.
1208 5552 1309 5603 Vahlen
1329 5578 1356 5589 -
1383 5552 1577 5614 optimattbrsso
1596 5578 1624 5588 -
1642 5553 1683 5602 ti).
1702 5556 1742 5603 ast

417 5626 564 5677 Manutius:
587 5633 633 5677 sat
649 5629 678 5687 C,
697 5632 726 5677 st
741 5623 781 5691 A¹,
800 5633 840 5679 ast
855 5630 877 5679 st
893 5627 1075 5692 wattenbach
1093 5633 1120 5680 et
1137 5630 1157 5679 0
1183 5656 1216 5665 -
1239 5629 1328 5678 curari
1343 5639 1414 5677 ossas
1429 5627 1586 5679 Taureiiins:
1611 5628 1741 5679 cotardo

417 5711 472 5750 sess
488 5701 525 5761 Η,
552 5702 702 5763 masio
718 5715 773 5752 esses
790 5707 825 5762 A,
852 5709 979 5755 macore
995 5718 1065 5755 ossas
1081 5703 1222 5756 Turnebus
1247 5704 1375 5768 (mptstri
1392 5710 1459 5754 tusco
1474 5703 1577 5753 icario
1591 5715 1648 5753 essa
1664 5704 1691 5765 Β)
1710 5728 1737 5740 -

417 5774 612 5827 st.cotsrsttt
639 5801 666 5813 -
693 5778 866 5839 equine
888 5802 915 5815 -
940 5780 1252 5843 teprosmhoser-
1274 5778 1739 5843 st.trsouoequaea-ss..1›s.

418 5866 448 5930 li,
472 5843 540 5930 pis.
567 5870 600 5932 A,
627 5868 712 5921 sedit
737 5873 861 5934 punctata
887 5897 915 5909 -
941 5872 1129 5923 crematiiske
1153 5899 1179 5909 -
1206 5872 1619 5938 tamasztussshnttono
1643 5897 1670 5909 -
1697 5871 1740 5925 27.

418 5942 1085 6013 eostre-stasmptoatmssomoufl).
