4342 7459
667 1268 734 1331 Lrs.
748 1265 803 1330 lll.
831 1263 906 1329 (lar.
922 1263 1186 1328 xxlx-nxxx.
1214 1260 1261 1347 §ss
1276 1258 1467 1327 l03-ll0.
1668 1260 1731 1329 737

407 1432 515 1505 aliter,
538 1429 570 1492 id
593 1428 620 1491 si
642 1447 708 1490 non
728 1424 854 1498 fecerit,
876 1424 999 1488 nullum
1022 1433 1070 1488 est
1092 1423 1275 1509 periurium.
1318 1423 1372 1498 Ut,
1395 1424 1421 1488 si
1442 1380 1654 1507 praedonibus
1676 1446 1733 1509 pa-

408 1535 493 1591 etum
523 1544 581 1607 pro
612 1522 713 1605 capite
744 1521 879 1603 pretium
909 1540 972 1583 non
995 1518 1159 1593 attuleris,
1189 1518 1277 1582 nulla
1298 1517 1384 1581 traua
1406 1525 1471 1592 est,
1499 1538 1540 1581 ne
1561 1518 1588 1583 ai
1611 1519 1732 1584 iuratus

407 1618 538 1704 quidem
565 1617 597 1681 id
627 1636 693 1679 non
720 1612 845 1677 feceris.
895 1614 974 1676 llam
1004 1613 1106 1696 pirata
1134 1630 1201 1674 non
1230 1618 1278 1674 est
1306 1631 1346 1674 ex
1366 1610 1577 1696 perduellium
1599 1632 1731 1678 numero

407 1710 573 1786 delinitus,
603 1709 659 1774 sed
689 1707 865 1772 communis
886 1706 988 1770 bostis
1010 1706 1170 1769 omnium:
1201 1725 1273 1769 cum
1294 1706 1355 1769 boc
1377 1725 1436 1769 nec
1456 1701 1536 1770 fides
1558 1705 1653 1770 debet
1673 1726 1733 1771 nec

407 1808 457 1870 ius
485 1804 654 1869 iurandum
684 1823 755 1867 esse
785 1821 961 1866 commune.
1010 1795 1083 1862 t08.
1113 1801 1186 1863 Non
1207 1801 1291 1863 enim
1312 1799 1425 1864 falsum
1446 1799 1550 1864 iurare
1570 1801 1757 1885 periurareo

407 1910 472 1975 est,
500 1900 575 1973 sed,
604 1899 691 1983 quod
712 1915 758 1961 nx
777 1916 869 1960 ιιιιιιι
891 1915 943 1958 ιιι
966 1914 1140 1959 ssursrru
1162 1894 1297 1968 iuraris,
1326 1893 1408 1957 sicut
1427 1893 1533 1958 verbis
1554 1895 1734 1979 concipitur

408 2015 495 2060 more
517 2001 643 2066 nostro,
665 1991 697 2055 id
720 1989 912 2054 nonfacere
934 1990 1109 2072 periurium
1131 1996 1189 2051 est.
1234 1987 1319 2051 Scite
1341 1987 1426 2052 enim
1447 1986 1634 2071 Euripides:

575 2085 707 2151 lucari
743 2084 896 2166 lingua,
925 2090 1084 2146 mentem
1113 2082 1320 2146 iniuratam
1348 2100 1448 2164 gero.

406 2181 546 2266 Regulus
574 2200 651 2245 vero
680 2199 746 2243 non
775 2178 886 2242 debuit
914 2176 1116 2241 conditiones
1144 2177 1372 2261 pactionesque
1399 2175 1529 2241 bellicas
1550 2182 1584 2239 et
1602 2177 1733 2242 bostilcs

407 2270 591 2357 perturbare
621 2271 772 2357 periurio.
824 2270 902 2335 Cum
933 2269 1017 2333 iusto
1046 2268 1132 2333 enim
1155 2275 1187 2333 et
1208 2268 1351 2353 legitimo
1372 2267 1463 2332 boste
1483 2288 1535 2334 res
1556 2272 1733 2356 gerebatur,
1743 2283 1772 2332 to

407 2367 559 2432 adversus
582 2386 678 2451 quem
701 2373 734 2429 et
754 2372 855 2429 totum
877 2364 928 2427 ius
948 2361 1056 2427 fetiale
1080 2371 1112 2427 et
1133 2363 1231 2426 multa
1246 2368 1321 2427 suut
1334 2362 1404 2427 iura
1418 2367 1604 2431 communia.
1637 2367 1734 2444 Quod

409 2463 441 2526 ni
464 2462 508 2525 ita
529 2469 629 2536 esset,
657 2479 830 2542 numquam
858 2458 961 2522 claros
982 2457 1067 2523 viros
1091 2466 1220 2521 senatus
1242 2458 1366 2521 vinctos
1386 2457 1531 2523 hostibus
1552 2456 1734 2525 dedidisset.

407 2556 511 2619 XXX.
538 2551 610 2618 tott.
632 2556 673 2617 At
694 2573 769 2618 rero
790 2555 826 2616 Τ.
842 2553 990 2618 Veturius
1013 2559 1046 2616 et
1067 2552 1121 2637 sp.
1137 2551 1332 2627 Postumius,
1355 2571 1427 2615 cum
1448 2552 1563 2617 iterum
1585 2555 1735 2621 consules

409 2658 526 2725 essent,
548 2649 635 2735 quia,
658 2669 729 2712 cum
751 2647 833 2712 male
854 2653 1028 2731 pugnatum
1043 2644 1130 2729 apud
1147 2643 1301 2710 Caudium
1316 2654 1410 2721 esset,
1424 2645 1604 2729 legionibus
1617 2648 1735 2713 nostris

409 2743 600 2825 subiugum
623 2741 727 2806 missis
748 2761 859 2826 pacem
882 2761 953 2804 cum
976 2737 1169 2804 Samnitibus
1197 2737 1355 2815 iecerunt,
1385 2739 1485 2803 dediti
1507 2747 1581 2805 sunt
1602 2740 1657 2806 iis:
1687 2741 1773 2804 into

408 2838 496 2901 iussu
518 2836 601 2899 enim
625 2835 736 2918 populi
752 2844 944 2918 senatusque
958 2832 1109 2898 fecerent
1140 2833 1328 2918 Eodemque
1343 2839 1487 2918 tempore
1502 2834 1550 2897 Ti.
1561 2832 1736 2911 Numicius,

409 2931 449 3008 Q.
464 2931 615 3004 llaelius,
638 2930 693 3014 qui
715 2937 781 2993 tum
803 2928 923 2993 tribuni
944 2928 988 3011 pl.
1010 2935 1111 3002 erant,
1133 2926 1220 3012 quod
1243 2946 1353 2991 eorum
1373 2928 1563 2993 auctoritate
1584 2948 1650 3014 pax
1670 2936 1738 2995 crat

409 3024 508 3101 taeta,
537 3023 636 3087 dediti
660 3029 751 3098 sunt,
779 3029 816 3085 ut
836 3041 900 3106 pax
922 3021 1111 3086 Samnitium
1132 3021 1363 3106 repudiaretur.
1406 3023 1509 3108 Atque
1530 3021 1626 3090 buius
1648 3023 1737 3088 dedi·

409 3119 505 3183 tionis
526 3117 596 3201 ipse
611 3116 802 3191 Postumius,
824 3116 880 3200 qui
901 3114 1087 3193 dedebatur,
1108 3135 1220 3181 suasor
1242 3121 1274 3180 et
1294 3125 1406 3181 auctor
1427 3116 1498 3181 tuit.
1534 3117 1630 3194 Quod
1652 3118 1736 3184 idem

410 3211 519 3277 multis
547 3212 639 3276 annis
669 3217 742 3294 post
772 3210 806 3275 C.
827 3210 1011 3284 Mancinus,
1041 3209 1097 3293 qui
1126 3217 1164 3274 ut
1190 3209 1410 3286 Numantinis,
1443 3210 1633 3294 quibuscum
1667 3211 1775 3276 sines

410 3313 539 3372 senatus
568 3303 751 3370 auctoritate
778 3303 892 3367 foedus
919 3301 1056 3377 iecerat,
1090 3303 1276 3382 dederetur,
1305 3305 1501 3391 rogationem
1530 3307 1630 3372 suasit
1657 3327 1737 3384 eam,

410 3420 506 3486 quam
527 3399 563 3464 L.
577 3398 706 3472 Furius,
729 3397 803 3461 Sex.
818 3396 932 3461 Atilius
954 3417 996 3461 ex
1016 3404 1146 3462 senatus
1169 3400 1314 3467 consulto
1335 3399 1495 3466 terebant:
1524 3420 1588 3484 qna
1610 3410 1738 3487 accepta

410 3502 459 3558 est
479 3494 624 3558 hostibus
646 3489 783 3558 deditus.
826 3491 1000 3556 Honestius
1028 3492 1082 3556 bic
1109 3513 1205 3577 quam
1228 3494 1268 3572 Q.
1283 3494 1472 3578 Pompeius,
1501 3514 1585 3581 quo,
1611 3515 1682 3559 cum
1703 3493 1739 3558 in

410 3586 521 3651 eadem
543 3606 637 3651 causa
660 3592 755 3661 esset,
777 3585 968 3670 deprecante
989 3594 1120 3670 accepta
1141 3587 1196 3652 lex
1216 3608 1283 3653 non
1304 3596 1363 3653 eat.
1406 3588 1468 3653 llic
1483 3607 1538 3663 ea,
1553 3606 1636 3672 quae
1650 3586 1739 3651 vide·

409 3682 503 3745 batur
522 3679 654 3754 utilitas,
675 3679 747 3763 plus
769 3679 869 3744 valuit
890 3700 984 3764 quam
1005 3680 1166 3757 honestas,
1187 3681 1272 3766 apud
1294 3681 1476 3763 superiores
1496 3678 1643 3746 utilitatis
1664 3694 1776 3763 spe-aa

410 3775 476 3839 cies
502 3773 581 3838 falsa
612 3773 651 3837 ab
673 3773 849 3838 honestatis
871 3774 1060 3838 auctoritate
1082 3783 1230 3861 superata
1252 3783 1310 3840 est.
1362 3769 1435 3839 tto.
1466 3777 1526 3839 ont
1545 3796 1609 3840 non
1631 3774 1740 3842 debuit

410 3875 513 3932 ratum
536 3886 617 3941 esse,
640 3866 727 3951 quod
749 3875 816 3931 erat
836 3875 940 3931 aetum
961 3888 1021 3952 per
1040 3868 1137 3932 rim.»
1175 3868 1276 3946 Quasi
1298 3889 1374 3935 vero
1395 3868 1469 3934 forti
1491 3869 1625 3935 viroris
1640 3870 1740 3952 possit

410 3962 564 4026 adbiberi.
610 3962 694 4026 «Cur
720 3962 818 4045 igitur
845 3961 886 4025 ad
912 3969 1057 4026 senatum
1087 3963 1361 4047 proficiscebatur,
1391 3985 1463 4029 cum
1485 3962 1671 4047 praesertim
1699 3962 1740 4025 de

411 4056 542 4139 captivis
565 4054 768 4120 dissuasurus
790 4058 917 4119 esserto
953 4055 1049 4131 Quod
1071 4057 1243 4121 maximum
1266 4057 1300 4121 in
1315 4078 1355 4123 eo
1370 4065 1434 4135 est,
1449 4058 1482 4121 id
1497 4053 1739 4142 reprehenditis.

410 4152 482 4214 Non
511 4150 595 4213 enim
624 4169 683 4213 suo
715 4149 833 4214 iudicio
863 4149 968 4224 stetit,
999 4150 1054 4213 sed
1084 4151 1225 4234 suscepit
1254 4171 1398 4226 causam,
1426 4159 1462 4215 ut
1483 4157 1568 4215 esset
1588 4147 1777 4214 iudiciumeo

412 4251 559 4307 senatus:
592 4244 643 4307 cui
675 4243 736 4307 nisi
766 4244 836 4326 ipse
856 4246 975 4307 'auctor
1003 4243 1134 4318 fuisset,
1169 4245 1284 4329 captivi
1313 4245 1457 4329 protecto
1479 4244 1596 4308 Poenis
1622 4241 1741 4306 redditi

412 4344 528 4400 essent.
566 4337 613 4400 lta
640 4336 807 4401 incolumis
836 4336 870 4399 in
899 4337 1001 4419 patria
1023 4337 1163 4420 Regulus
1186 4339 1362 4403 restitisset.
1406 4337 1499 4414 Quod
1522 4338 1597 4421 quia
1618 4336 1740 4419 patriae

412 4450 476 4493 non
498 4429 577 4493 utile
600 4430 740 4512 putavit,
770 4431 889 4494 idcireo
912 4430 972 4494 sibi
994 4430 1163 4495 bonestum
1185 4439 1219 4496 et
1240 4434 1358 4497 sentire
1379 4432 1435 4497 illa
1456 4439 1489 4498 et
1509 4432 1573 4517 pati
1596 4431 1741 4496 credidit.

413 4526 490 4587 Nam
521 4523 608 4608 quod
629 4525 738 4599 aiunt,
769 4524 854 4609 quod
878 4523 971 4588 valde
992 4524 1073 4588 utile
1096 4523 1153 4601 sit,
1180 4525 1214 4589 id
1236 4525 1305 4591 lieri
1325 4526 1513 4600 bonestum,
1543 4524 1641 4589 immo
1663 4544 1740 4589 vero

413 4637 501 4692 esse,
531 4637 595 4680 non
617 4614 697 4681 beri.
739 4618 797 4682 Est
818 4619 902 4683 enim
923 4618 1003 4684 nibil
1027 4620 1124 4695 utile,
1155 4619 1242 4705 quod
1263 4619 1350 4684 idem
1371 4640 1436 4685 non
1457 4620 1642 4694 bonestum,
1670 4638 1778 4694 necao

414 4713 488 4796 quia
509 4711 606 4787 utile,
634 4711 822 4787 bonestum,
851 4713 924 4789 sed,
953 4713 1029 4797 quia
1050 4714 1237 4789 honestum,
1266 4713 1355 4778 utile.
1400 4712 1472 4790 Qua
1499 4733 1534 4777 re
1563 4732 1605 4778 ex
1633 4712 1740 4777 multis

478 4890 503 4939 4.
520 4888 653 4951 secede:
670 4888 789 4951 [mo
809 4916 837 4929 -
855 4888 1025 4955 ildepertus]
1043 4900 1058 4940 o
1076 4891 1263 4941 cumGrntcro
1280 4888 1579 4953 et1.lt.tleuslngero.
1595 4915 1622 4926 -
1640 4887 1742 4951 muso

412 4978 476 5016 a·
495 4962 716 5014 debemus-
738 4965 763 5016 7.
782 4964 1279 5016 seomaezsctmcrtsn
1304 4989 1332 5000 -
1359 4962 1740 5029 8.aero]teaeee,snpcracr.

413 5053 450 5090 m.
468 5049 673 5103 seuuemo
698 5066 724 5078 -
750 5041 775 5090 s.
794 5037 1323 5099 ceedutensslltllae,coedtctoecab:
1342 5038 1588 5091 medtcttmo-
1606 5037 1744 5089 electiles

414 5124 498 5176 emp
515 5139 548 5151 -
565 5113 900 5177 tbpeisetopertarbm
917 5127 932 5165 ο
951 5139 979 5153 -
997 5115 1038 5165 44.
1055 5113 1144 5177 Molo
1160 5113 1233 5166 Abo
1252 5138 1280 5152 -
1307 5114 1347 5163 ta.
1365 5114 1463 5165 ιι4ιιο4οι
1478 5117 1534 5165 Ao:
1551 5108 1740 5163 mmbllab

413 5215 447 5227 -
463 5189 891 5250 mommorenciacensem
910 5189 1079 5241 Μυκη
1099 5215 1127 5227 —
1153 5188 1195 5240 43.
1215 5188 1240 5239 T.
1259 5199 1288 5239 o:
1307 5185 1741 5253 st.s1teb,c(supemer.t)n

416 5289 443 5300 -
463 5262 754 5328 Splspun'usltteb
783 5292 809 5303 -
838 5264 878 5317 44.
897 5262 1166 5329 ΜΜΨώω
1193 5264 1341 5327 eoum
1358 5264 1393 5323 lt;
1420 5259 1659 5328 cumeum·
1682 5265 1745 5311 enat

415 5340 603 5401 amoenorum
619 5352 635 5390 o
654 5365 682 5376 -
701 5341 742 5390 45.
760 5340 885 5393 mano:
904 5341 943 5392 tte
959 5340 1015 5399 lla,
1033 5339 1081 5401 bb's
1097 5350 1113 5388 e
1131 5362 1159 5376 -·
1180 5338 1220 5388 46.
1238 5338 1577 5401 entmmctustecerouto
1597 5362 1623 5374 -
1642 5333 1746 5387 oseas

414 5417 538 5465 mouere
549 5417 588 5477 ,0.
601 5416 700 5464 mutuus
717 5416 752 5476 ιι,
775 5416 878 5467 cccmus
893 5418 1013 5467 messus
1026 5418 1065 5478 ,0.
1083 5414 1182 5465 msc·
1197 5425 1229 5475 a,
1247 5413 1276 5465 ct.
1292 5414 1421 5465 nouus.
1435 5415 1465 5477 ο.
1482 5413 1581 5464 moso
1596 5422 1625 5470 e,
1643 5410 1746 5461 tomus

414 5491 587 5551 misceturque
603 5490 701 5539 mitius
718 5489 755 5551 a,
782 5491 885 5541 ababa
899 5492 1067 5553 meatuum
1082 5489 1180 5539 emese
1199 5486 1257 5539 Ab.
1294 5486 1363 5538 «Pal.
1387 5492 1479 5541 noster
1499 5499 1552 5539 non
1573 5485 1629 5536 abit
1649 5483 1683 5534 ab
1705 5484 1744 5533 eta

416 5561 498 5623 libris,
517 5565 563 5627 qut
579 5563 734 5628 praeterunt
751 5564 786 5614 rt.
798 5564 934 5627 illm,
949 5568 978 5628 Q.
990 5565 1135 5616 demittam
1153 5565 1231 5614 Gaur.
1251 5585 1279 5597 —
1298 5561 1339 5611 49.
1358 5562 1491 5613 debebctssr
1508 5562 1529 5612 ll
1549 5587 1576 5598 -
1594 5560 1635 5611 id.
1650 5560 1681 5611 G.
1693 5557 1744 5610 All

418 5638 700 5700 -22.1..(uriosC:
726 5640 859 5691 em
875 5652 891 5692 c
909 5654 971 5692 cum
988 5638 1186 5703 Oudendorpto.
1215 5660 1243 5674 -·
1270 5637 1505 5702 mmmmm]
1522 5636 1618 5688 acc
1646 5659 1675 5673 -
1701 5634 1744 5686 ld.

416 5715 745 5776 quamquompompetuso
765 5740 792 5751 -
810 5711 1292 5766 somosmtuoeuctorttceoh-
1310 5712 1510 5764 mosomus
1530 5738 1557 5751 -
1576 5709 1748 5763 tuentem

416 5787 481 5837 b-
500 5788 779 5853 tqttorrequtssadc
807 5816 836 5827 -
862 5791 1114 5853 commemo
1140 5814 1167 5826 ·-
1194 5787 1424 5855 &meilocon
1448 5813 1475 5825 -
1502 5784 1746 5855 [mmmmm

416 5864 523 5915 asem
541 5887 569 5901 -
589 5862 1098 5929 emmerammum.

500 5953 591 6002 omo
605 5954 631 6005 r.
647 5955 685 6006 tv.
1452 5955 1495 6026 pp
