4342 7459
736 1244 805 1310 ns.
820 1245 861 1309 44.
893 1244 968 1309 crs.
984 1244 1155 1308 xr-xn.
1182 1241 1229 1328 §s
1244 1240 1390 1309 44-44.
1684 1232 1747 1303 seo

424 1407 533 1472 lanum
556 1413 588 1469 et
608 1402 833 1488 Inpudentiae3
862 1405 996 1469 virtutes
1018 1404 1120 1477 enim,
1142 1425 1207 1468 non
1228 1406 1302 1469 vitia
1325 1423 1511 1470 consecrare
1532 1403 1632 1467 decet
1669 1402 1746 1465 Ara·

424 1521 487 1585 que
517 1507 639 1563 vetusta
668 1499 702 1560 in
716 1498 844 1561 -Palatio
866 1498 974 1561 Febris
1005 1507 1036 1562 et
1064 1498 1161 1562 altera
1182 1500 1335 1583 Esquiliis
1356 1500 1458 1563 Malae
1478 1499 1636 1560 Fortunae
1657 1495 1747 1558 dete·

424 1594 535 1659 standa
567 1601 662 1678 atque
694 1593 797 1656 omnia
829 1594 898 1656 eius
930 1594 1016 1656 modi
1049 1593 1246 1675 repudianda
1277 1602 1359 1657 sunt.
1412 1591 1505 1669 Quod
1540 1592 1567 1654 si
1600 1588 1746 1673 lingenda

424 1688 567 1761 nomina,
596 1687 829 1769 †Vioaepotae
855 1687 962 1770 potius
985 1684 1157 1771 [vincendi]
1180 1696 1275 1773 atque
1300 1682 1467 1773 [potiundi]
1492 1686 1597 1748 Statae
1619 1677 1746 1767 [standi]

424 1784 678 1865 cognominaque
701 1781 834 1843 Statoris
856 1788 887 1843 et
909 1780 1019 1843 luvicti
1043 1782 1126 1845 lovis
1148 1803 1316 1868 rerumque
1339 1781 1586 1865 expetendarum
1608 1778 1772 1872 nomina-t

425 1875 560 1947 Salutis,
588 1873 743 1946 Honoris,
773 1872 869 1956 Opis,
898 1874 1068 1936 Victoriae.
1125 1875 1346 1961 Quoniamque
1376 1877 1614 1958 exspectatione
1643 1891 1748 1937 rerum

423 1966 577 2032 honarum
607 1967 737 2049 erigitur
766 1968 906 2041 animus,
935 1975 1019 2031 recte
1050 1970 1145 2032 etiam
1170 1971 1247 2054 Spes
1275 1992 1292 2034 a
1316 1970 1459 2034 Calatino
1488 1975 1668 2032 consecrata
1690 1972 1747 2029 est.

421 2064 624 2145 Fortunaque
646 2061 687 2124 sit
707 2061 757 2124 vel
773 2061 875 2124 Huius
898 2061 961 2125 diei
983 2095 1026 2107 -
1041 2081 1112 2125 nam
1137 2063 1220 2127 valet
1241 2066 1274 2127 in
1296 2084 1406 2129 omnes
1427 2064 1551 2127 dies-
1572 2062 1622 2124 vel
1636 2059 1748 2141 Respi-

421 2158 508 2220 ciens
538 2156 578 2219 ad
606 2175 698 2239 opem
726 2154 907 2230 ferendam,
937 2156 988 2220 vel
1016 2158 1112 2232 Fors,
1141 2158 1173 2219 in
1197 2178 1263 2242 quo
1284 2159 1394 2222 incerti
1418 2178 1509 2221 casus
1531 2151 1747 2239 significantur

423 2251 539 2335 magis,
561 2250 612 2314 rel
636 2239 822 2332 Primigenia
844 2270 862 2313 a
884 2251 1058 2334 gignendo,
1081 2270 1187 2315 comes
1209 2261 1274 2315 tum
1299 2252 1318 2289 ³*
1335 2253 1353 2286 *
1370 2252 1388 2285 ³*
1755 2253 1784 2299 ⁴⁰

505 2345 576 2407 ΧΠ.
610 2339 662 2405 29.
692 2345 854 2407 Feriarum
883 2344 1102 2430 lestorumque
1132 2346 1253 2408 dierum
1282 2346 1364 2409 ratio
1387 2347 1420 2408 in
1442 2344 1549 2407 liheris
1571 2343 1746 2426 requietem

422 2439 527 2502 litium
549 2437 698 2500 habetet
720 2439 910 2521 iurglomm,
939 2440 971 2500 in
994 2441 1094 2502 servis
1117 2459 1248 2522 operum
1272 2449 1305 2503 et
1326 2439 1486 2502 lahorem:
1517 2457 1596 2522 quas
1618 2454 1748 2517 compo·

421 2532 495 2595 sitio
517 2531 591 2594 anni
614 2530 758 2594 conferre
783 2531 877 2595 dehet
900 2532 940 2595 ad
962 2531 1189 2616 perfectionem
1212 2553 1343 2617 operum
1365 2533 1562 2596 rusticorum.
1600 2528 1692 2606 Quod
1707 2528 1747 2591 ad

420 2634 543 2709 tempus
570 2631 607 2687 ut
635 2621 883 2709 [sacrificiomm]
913 2627 1084 2689 libamenta
1114 2636 1279 2690 serventur
1299 2624 1445 2711 letusque
1468 2645 1632 2710 pecorum,
1662 2641 1746 2707 quae

421 2720 503 2782 dicta
530 2718 563 2779 in
592 2719 662 2799 lege
691 2725 781 2791 sunt,
805 2718 972 2802 diligenter
994 2717 1138 2784 hahenda
1160 2723 1238 2785 ratio
1261 2721 1465 2785 intercalandi
1489 2729 1551 2783 est:
1587 2718 1673 2804 quod
1697 2719 1783 2780 m-ts

420 2814 565 2876 stitutum
597 2812 698 2894 perite
729 2814 871 2875 aNuma
893 2815 1105 2895 posteriorum
1128 2812 1311 2896 pontificum
1333 2816 1533 2899 neglegentia
1554 2813 1745 2876 dissolutum

420 2915 477 2969 est.
521 2906 585 2967 lam
613 2905 691 2968 illud
721 2925 761 2966 ex
789 2906 942 2970 institutis
972 2905 1156 2990 pontificum
1186 2918 1218 2971 et
1248 2912 1450 2993 haruspicum
1473 2930 1537 2972 non
1559 2906 1744 2970 mutandum

420 3007 477 3073 est,
500 2998 616 3083 quihus
639 2996 749 3061 hostiis
771 2999 999 3063 immolandum
1023 3004 1165 3086 quoique
1188 3003 1259 3077 deo,
1281 3006 1331 3067 cni
1354 3006 1534 3078 maioribus,
1557 3003 1607 3065 cui
1627 3002 1746 3064 lacten·

420 3093 514 3165 tibus,
537 3092 588 3155 cni
611 3091 759 3165 maribus,
783 3093 834 3154 cui
856 3092 993 3157 leminis.
1039 3097 1148 3158 Plures
1171 3105 1275 3160 autem
1298 3097 1428 3161 deorum
1452 3099 1603 3169 omnium,
1626 3094 1743 3177 singuli

418 3188 615 3271 singulorum
638 3187 817 3250 sacerdotes
839 3197 871 3251 et
891 3190 1107 3271 respondendi
1130 3190 1207 3253 iuris
1230 3200 1260 3253 et
1275 3188 1540 3255 conficiendarum
1556 3190 1782 3273 religionum„

417 3283 598 3345 facultatem
621 3280 778 3344 adferunt.
823 3283 966 3366 Cumque
988 3285 1084 3347 Vesta
1114 3286 1203 3368 quasi
1227 3284 1330 3349 locum
1353 3286 1456 3360 urhis,
1487 3295 1521 3349 ut
1543 3285 1663 3347 Graeco
1685 3302 1743 3344 no-

418 3379 503 3441 mine
526 3385 574 3439 est
595 3375 769 3459 appellata,
800 3379 883 3460 qnod
914 3397 971 3439 nos
994 3397 1093 3460 prope
1115 3376 1198 3439 idem
1223 3378 1391 3453 Graecum,
1421 3400 1481 3441 44444
1503 3380 1742 3461 interpretatum

416 3489 531 3535 nomen
554 3477 713 3540 tenemus,
737 3471 902 3553 complexa
924 3471 981 3544 sit,
1004 3474 1034 3534 ei
1056 3470 1208 3534 colendae
1230 3474 1368 3555 virgines
1390 3475 1545 3556 praesint,
1567 3481 1601 3534 ut
1623 3469 1743 3552 advigi-

416 3566 500 3628 letur
520 3563 645 3627 lacilius
668 3564 707 3626 ad
731 3565 906 3628 custodiam
928 3566 1011 3649 ignis
1034 3572 1066 3629 et
1080 3566 1217 3628 sentiant
1232 3568 1381 3630 mulieres
1395 3575 1538 3629 naturam
1553 3562 1741 3627 seminarum

417 3681 542 3723 omnem
565 3661 740 3724 castitatem
763 3663 838 3743 pati.
1749 3660 1779 3708 ²⁸

483 3856 507 3904 4.
526 3855 631 3903 uirtutes
647 3853 728 3903 A²e²:
746 3856 840 3904 uirtute
857 3850 886 3904 Βι
896 3857 926 3915 Η,
944 3856 1040 3905 uirtuti
1051 3852 1082 3907 A¹
1100 3882 1126 3892 -
1146 3871 1196 3906 uon
1214 3858 1234 3907 ll
1254 3855 1309 3920 (sed
1322 3859 1347 3908 in
1360 3859 1437 3916 rael:
1456 3862 1479 3907 44
1491 3857 1546 3917 ΑΒ,
1563 3854 1624 3904 haut
1635 3853 1740 3913 44444444,

415 3932 516 3980 minime
533 3927 648 3984 Vahlen;
668 3932 754 3991 possis
772 3933 851 3980 ettam
868 3945 913 3980 nec
929 3933 1058 3994 suspicari
1078 3958 1104 3967 -
1124 3935 1267 3983 consecrari
1284 3932 1360 3982 codd.
1375 3934 1439 3983 dett.
1459 3932 1522 3982 440
1550 3958 1577 3967 -
1602 3940 1742 3988 44444444

416 4011 445 4062 A.
465 4019 510 4055 erc
529 4009 586 4066 (cru
603 4004 682 4066 corr.)
701 4018 765 4065 quae
782 4006 801 4055 Β
819 4008 937 4067 (Araque,
956 4019 1020 4066 quea
1035 4009 1200 4057 vetutissimo
1216 4013 1251 4057 est
1268 4009 1294 4057 iu
1305 4009 1358 4058 Pul.
1378 4010 1407 4068 0)
1427 4034 1451 4043 -
1472 4008 1496 4056 4.
1515 4008 1649 4056 vetretum
1666 4002 1741 4055 hlad·

415 4084 472 4142 vig:
496 4085 589 4129 uetus*
605 4080 671 4142 (sup.
685 4078 727 4128 lin.
742 4082 799 4141 4444)
817 4080 843 4128 444
860 4082 895 4141 A,
913 4085 983 4129 uetus
1000 4082 1035 4129 tr'u
1054 4083 1130 4140 (corr.
1145 4087 1215 4131 uetus
1226 4082 1306 4144 444444)
1325 4084 1358 4140 Β,
1382 4087 1450 4131 uelut
1466 4083 1492 4130 r'rs
1510 4082 1588 4144 (corr.
1605 4085 1677 4129 uetus
1692 4082 1742 4127 4444

413 4156 447 4215 irs)
466 4154 487 4203 H
515 4179 542 4189 -
570 4154 670 4213 capnitis
685 4155 732 4203 All
762 4181 787 4189 -
815 4155 958 4203 4444444444
975 4162 1051 4217 utque
1066 4157 1160 4219 scripsi
1178 4162 1323 4220 praeeunte
1343 4157 1470 4220 ttadstgto
1494 4158 1550 4218 (qui
1568 4155 1742 4220 proposuerat

412 4229 571 4279 auertendae
587 4228 684 4291 utquct:
711 4230 862 4291 detestotque
879 4232 942 4288 All,
966 4231 1148 4292 detestaturque
1166 4232 1198 4290 Β,
1221 4233 1425 4294 detestuthueO
1454 4258 1480 4268 -
1508 4231 1531 4279 3.
1550 4231 1584 4278 dc
1599 4230 1738 4277 uomiucA

412 4305 437 4355 in
456 4319 507 4356 ras.
526 4304 609 4354 habet
639 4331 671 4341 -
697 4302 720 4353 4.
740 4305 811 4353 utrae
827 4310 900 4365 potue
925 4306 993 4362 444444
1006 4310 1082 4366 potue
1098 4305 1186 4355 adde
1203 4320 1290 4370 supe
1307 4310 1337 4366 A,
1356 4307 1404 4356 sed
1422 4308 1477 4355 uice
1493 4307 1520 4355 in
1539 4305 1600 4365 444.)
1618 4309 1641 4353 et
1655 4303 1741 4363 potius

412 4382 514 4443 (epotius
532 4380 558 4441 Β)
582 4380 696 4428 uincendi
717 4385 793 4440 atque
811 4380 925 4441 potiundi
945 4381 1085 4428 stotcscndi
1107 4384 1256 4443 cognomino
1273 4395 1338 4445 quoe
1354 4382 1454 4431 44444444
1471 4382 1507 4439 C,
1538 4379 1621 4429 verba
1638 4375 1739 4426 inclusa

412 4453 509 4505 delevit
532 4456 665 4512 Goerenz;
695 4454 838 4515 Viccepotce
854 4460 888 4503 est
902 4456 986 4516 potius
1003 4458 1054 4503 etc.
1075 4454 1233 4518 Feldhuegel
1264 4484 1287 4493 -
1316 4463 1392 4518 atqua
1408 4456 1496 4505 844444
1512 4465 1646 4515 rerumque
1662 4463 1740 4512 erpe-

410 4530 553 4589 tcudarum,
571 4528 666 4577 Salutis
683 4531 734 4578 etc.
754 4529 850 4588 Christ,
870 4528 977 4591 reliquis
994 4528 1089 4580 deletis
1109 4556 1136 4565 -
1155 4532 1179 4581 e.
1198 4532 1286 4582 inuicti
1304 4532 1332 4590 Β,
1351 4531 1430 4581 inuito
1446 4531 1495 4581 All
1517 4557 1542 4567 -
1562 4528 1586 4577 6.
1605 4527 1739 4589 quonium·

411 4620 458 4668 que
474 4603 627 4656 Turnebus:
646 4606 766 4667 quonium
783 4618 854 4665 quera
872 4600 900 4654 u*
911 4598 951 4666 ll',
970 4606 1090 4666 quoniam
1107 4618 1182 4666 quom
1199 4607 1264 4668 (euru
1275 4602 1314 4667 Bt)
1331 4604 1394 4665 AB2,
1419 4604 1652 4668 quoniamquidem
1669 4602 1689 4650 ll
1708 4626 1736 4637 -

411 4679 631 4730 nomenante
660 4705 688 4716 -
715 4679 918 4740 &Fortunaque
935 4686 1022 4742 quoru
1038 4679 1089 4740 (vel
1106 4681 1219 4731 Fortuna
1236 4683 1333 4745 quaest)
1352 4679 1512 4740 Buecheler,
1537 4679 1579 4728 cui
1596 4678 1627 4726 sit
1643 4674 1738 4726 lalsum

411 4757 525 4815 videtur,
539 4755 610 4820 quod
623 4766 718 4804 omnes
730 4752 789 4804 illae
803 4755 931 4804 Fortunae
944 4769 1007 4806 4444
1019 4754 1104 4805 cultae
1117 4757 1176 4806 sint.
1198 4783 1225 4792 -
1243 4758 1316 4807 huius
1326 4760 1360 4807 A:
1378 4758 1477 4807 huiusce
1493 4755 1567 4806 ltll0
1586 4780 1611 4790 -
1631 4752 1740 4813 respierrs

412 4827 478 4881 A¹lt¹
497 4856 523 4866 -
544 4831 568 4879 9.
587 4843 657 4891 opem
673 4832 704 4890 A,
722 4828 771 4879 sed
788 4842 826 4879 em
843 4830 868 4879 ln
887 4842 938 4879 ras.
960 4855 982 4865 -
1005 4831 1094 4880 4444444
1110 4844 1153 4880 cor
1169 4835 1189 4882 A
1207 4832 1232 4882 in
1251 4845 1303 4881 ras.
1321 4831 1404 4882 hahet
1420 4858 1453 4869 -
1470 4831 1510 4881 40.
1521 4825 1673 4893 primipeaiia
1687 4827 1737 4876 All

414 4932 440 4942 —
460 4920 477 4955 4
492 4905 616 4969 gignendo
632 4907 668 4965 A,
693 4903 741 4954 sed
759 4905 790 4953 do
811 4906 837 4954 in
859 4918 966 4963 rasura,
992 4908 1158 4969 macipamdo
1175 4908 1194 4957 Β
1221 4932 1248 4943 -
1275 4913 1408 4957 correctum
1424 4907 1473 4957 All
1494 4910 1523 4967 (4
1539 4908 1564 4956 tn
1582 4909 1601 4955 A
1620 4906 1646 4954 in
1664 4903 1736 4964 444),

413 4995 470 5029 cum
487 4974 541 5030 eslii
557 4981 575 5030 Β
596 5006 622 5014 —
643 4980 683 5029 44.
698 4980 802 5042 quietem
821 4977 854 5029 ll²
872 5005 896 5017 -
920 4980 960 5029 44.
979 4981 1060 5030 titium
1076 4981 1148 5031 teter
1164 4984 1199 5032 A:
1217 4982 1289 5031 44444
1304 4984 1386 5033 litium
1401 4983 1482 5033 BllO
1499 5008 1527 5019 -
1545 4978 1578 5032 rr‘r
1593 4982 1618 5031 ln
1635 4992 1738 5042 44444444

410 5060 430 5107 A
449 5058 474 5107 in
493 5070 545 5107 res.
565 5053 646 5103 habet
662 5081 695 5091 -
711 5055 862 5116 conposittor
880 5057 923 5104 AB
945 5082 970 5090 -
991 5055 1030 5106 43.
1050 5057 1083 5105 od
1102 5057 1135 5106 ll:
1155 5063 1178 5106 44
1194 5058 1250 5117 AB,
1268 5058 1316 5108 sed
1334 5059 1359 5107 ln
1377 5061 1397 5108 A
1415 5072 1444 5108 4-4
1460 5058 1527 5109 delet
1543 5064 1567 5107 44
1581 5070 1627 5118 per
1643 5056 1669 5104 in
1683 5065 1735 5103 res.

410 5133 451 5181 est
470 5157 497 5168 -
517 5130 628 5192 quodcd
640 5127 725 5178 ltlolz:
745 5131 811 5192 quod
828 5130 890 5189 CO,
917 5132 1085 5194 praeiverant
1102 5131 1260 5195 Feldhuegel
1278 5135 1305 5182 44
1322 5132 1415 5192 Halm,
1441 5132 1483 5183 llle
1507 5134 1640 5183 conteiens
1662 5134 1738 5189 utque

409 5206 443 5254 cd
458 5212 552 5268 tempus
568 5208 604 5263 ut,
623 5203 666 5253 hic
682 5210 758 5266 utque
774 5207 808 5253 444
824 5211 919 5267 tempus
936 5208 988 5255 eto.
1014 5233 1047 5243 -
1073 5205 1113 5256 44.
1131 5209 1315 5271 scrupeorum
1335 5211 1364 5257 444
1380 5206 1512 5270 glossema
1530 5220 1592 5258 cum
1610 5203 1736 5254 Vahlenlo

410 5282 443 5340 (v.
462 5282 493 5330 N.
513 5291 581 5329 mus.
601 5279 675 5329 rhen.
694 5280 759 5338 lllll,
778 5281 873 5344 peut)
891 5280 1054 5339 lnclusimus,
1073 5283 1118 5345 qui
1136 5287 1275 5347 practerea
1294 5285 1419 5333 coniecit:
1441 5290 1469 5333 ut
1483 5284 1586 5348 {ruqarm
1602 5281 1738 5331 libamento

410 5358 460 5406 etc.
482 5383 508 5392 -
528 5354 691 5403 4444444444
704 5355 734 5414 ll,
752 5354 831 5404 444444
842 5363 922 5407 ments
933 5356 961 5414 Β,
980 5356 1185 5406 trouaoamrru
1202 5359 1330 5420 (extreme
1347 5373 1361 5409 4
1378 5373 1408 5409 44
1421 5362 1500 5419 corr.)
1517 5361 1537 5408 A
1558 5385 1584 5394 -·
1605 5358 1643 5407 tt.
1657 5358 1738 5405 44444-

410 5429 780 5485 commemorarentur
801 5456 827 5469 ·—
848 5432 888 5481 46.
907 5444 925 5480 4
940 5444 1018 5480 nuuc
1035 5431 1053 5481 Β
1072 5445 1141 5482 4444.
1161 5445 1192 5482 er
1210 5446 1305 5482 usuum
1322 5447 1340 5483 4
1359 5462 1391 5472 -
1418 5434 1456 5484 47.
1475 5433 1516 5497 ec]
1534 5438 1556 5482 44
1573 5432 1595 5481 44
1616 5459 1641 5468 -
1661 5445 1737 5481 urau-

407 5506 491 5565 picum
509 5506 529 5553 A
548 5505 573 5553 444
592 5517 644 5554 444.
665 5530 691 5540 -
713 5504 751 5554 tu.
771 5506 860 5567 cutque
876 5505 945 5566 13²0,
964 5508 1073 5568 quuique
1091 5507 1112 5556 ll
1137 5533 1164 5543 -
1193 5508 1232 5557 49.
1252 5509 1344 5572 stupuit
1360 5510 1522 5573 Stephanus:
1545 5507 1686 5569 4444444444
1707 5534 1733 5544 -

407 5580 448 5629 20.
467 5580 677 5641 conficiendarum
694 5579 753 5629 cod.
773 5578 826 5630 Pal.
840 5581 886 5630 tv:
911 5582 1108 5644 confitendorum
1125 5583 1182 5643 CO,
1199 5585 1404 5633 coutiuerrdurum
1421 5585 1500 5643 Belle,
1518 5584 1737 5644 recuperatarum

407 5653 534 5716 Wagner,
552 5656 781 5704 conservandarum
797 5657 903 5716 Davles,
927 5657 1157 5707 courrttaeuccrum
1173 5660 1264 5708 nescio
1281 5660 1350 5723 quis,
1373 5672 1429 5707 cum
1443 5660 1493 5722 ttdo
1508 5660 1657 5708 tuendarum
1675 5658 1736 5722 tip-

407 5728 471 5787 sins,
488 5730 686 5792 profitendarum
704 5728 803 5779 Vahlen
821 5729 838 5781 l.
852 5731 894 5780 cit.
914 5743 973 5795 pag.
983 5732 1047 5789 2993
1074 5732 1117 5781 esl
1132 5734 1251 5795 44444444
1267 5735 1398 5798 4444944444
1419 5737 1538 5784 nostrum
1561 5736 1616 5784 «4444
1631 5734 1735 5797 heiligen

407 5803 573 5868 Haudtungou
589 5806 740 5865 cusricltteu,
751 5807 912 5858 oollsieheun.
931 5834 964 5844 -
980 5808 1021 5858 st.
1039 5820 1097 5856 eum
1113 5810 1133 5857 A
1152 5808 1178 5858 ln
1191 5820 1242 5859 444.
1256 5808 1338 5860 habet
1356 5836 1382 5846 -
1402 5810 1443 5860 22.
1462 5823 1512 5859 uorr
1529 5810 1539 5859 4
1555 5808 1614 5859 cod.
1627 5810 1732 5871 Legem.

409 5891 443 5927 cx
459 5881 545 5929 cont:
563 5881 677 5931 om.c0
703 5906 729 5917 -
757 5882 799 5932 43.
816 5884 950 5946 comiaco
965 5880 1118 5934 Turnebus:
1136 5886 1298 5948 conspecuc
1321 5910 1350 5923 -
1375 5884 1417 5937 24.
1435 5890 1556 5935 eutem
1572 5886 1688 5952 tipslus:
1707 5886 1734 5936 tu

407 5960 530 6006 44444444
547 5957 650 6020 (ustura
666 5956 685 6007 Β
703 5958 782 6021 corr.)
800 5958 831 6009 c.
