4342 7459
662 1230 730 1294 sn.
751 1230 776 1293 1.
808 1229 881 1293 cn.
904 1226 1200 1292 xavm-xa1x.
1226 1226 1273 1312 44
1296 1223 1486 1293 too-ite.
1677 1226 1740 1292 cio

493 1391 661 1453 Interea
692 1388 753 1453 sol
782 1389 894 1452 albus
922 1390 1097 1453 recessit
1125 1391 1164 1453 in
1194 1388 1323 1451 iniere
1351 1390 1505 1465 noctis3

492 1485 599 1547 Exin
630 1483 808 1546 candida
839 1504 882 1546 se
912 1483 1040 1546 radiis
1072 1483 1187 1547 dedit
1215 1483 1295 1545 iota
1323 1482 1433 1546 foras
1463 1483 1548 1557 lux,

493 1580 542 1641 Et
571 1578 694 1641 simul
723 1597 769 1640 ex
799 1576 881 1639 alio
909 1578 1029 1660 longe
1059 1578 1338 1660 pulcherruma
1365 1598 1534 1662 praepes

492 1673 624 1736 Laeva
656 1672 816 1735 volavit
843 1672 942 1735 avis.
987 1671 1108 1734 Simul
1137 1691 1282 1734 aureus
1311 1672 1492 1735 exoritur
1522 1673 1597 1747 sol,

494 1766 654 1829 Cedunt
683 1765 727 1828 de
755 1766 871 1829 caelo
901 1774 963 1828 ter
992 1773 1183 1849 quattuor
1210 1785 1381 1847 corpora
1409 1776 1550 1831 sancta
1747 1774 1763 1819 ³

492 1860 648 1935 Avium,
681 1859 955 1943 praepetibus
978 1880 1065 1921 sese
1088 1859 1341 1943 pulchrisque
1372 1859 1479 1923 locis
1510 1862 1613 1926 dent.

495 1954 711 2036 Conspicit
740 1953 836 2016 inde
864 1954 943 2016 sibi
973 1953 1059 2015 data
1089 1953 1273 2017 Romulus
1304 1973 1393 2017 esse
1422 1955 1564 2038 priora,

493 2048 699 2131 Auspicio
730 2048 844 2130 regni
875 2047 1070 2110 stabilita
1100 2065 1259 2110 scamna
1288 2047 1517 2132 solumque.

495 2142 608 2204 xiix.
633 2137 704 2204 409.
728 2140 791 2205 Sed
813 2150 849 2204 ut
869 2142 956 2204 unde
977 2141 1041 2203 huc
1063 2142 1205 2223 digressa
1226 2151 1285 2216 est,
1307 2140 1419 2205 eodem
1442 2144 1551 2206 redeat
1573 2145 1690 2207 oratio:
1712 2145 1740 2207 si

409 2236 489 2300 nihil
512 2257 628 2320 queam
652 2236 815 2319 disputare
837 2256 930 2320 quam
954 2236 1084 2298 obrem
1108 2234 1252 2318 quidque
1274 2232 1337 2308 liat,
1360 2243 1393 2299 et
1414 2242 1535 2299 tantum
1558 2239 1652 2301 modo
1670 2238 1778 2302 fieriu

408 2350 464 2404 ea,
487 2350 571 2413 quae
589 2330 851 2403 commemoravi,
881 2330 1027 2402 doceam,
1056 2348 1208 2412 parumne
1230 2330 1368 2412 Epicuro
1393 2330 1589 2395 Carneadive
1610 2353 1741 2416 respon·

408 2426 522 2487 deami
575 2424 685 2499 ouidi
718 2425 746 2487 si
776 2423 872 2487 etiam
900 2423 982 2486 ratio
1011 2431 1116 2486 exstat
1145 2419 1333 2486 artificiosae
1363 2426 1599 2506 praesensionis
1626 2425 1741 2501 facilis,

408 2517 534 2581 dirime
556 2525 663 2580 autem
686 2517 782 2602 paulo
806 2517 993 2580 obscuriori
1015 2535 1098 2601 quae
1120 2516 1205 2579 enim
1228 2516 1322 2591 ertia,
1345 2537 1427 2599 quae
1446 2517 1635 2600 fulgoribus,
1657 2537 1741 2604 quac

408 2611 575 2695 portemia,
598 2631 679 2693 quae
701 2612 794 2675 astris
816 2612 1084 2694 praesentiuntur,
1106 2609 1186 2672 haec
1208 2617 1318 2673 notata
1339 2620 1414 2675 sunt
1435 2612 1657 2675 observatione
1672 2611 1742 2676 diu·

409 2713 511 2768 turna.
555 2704 667 2768 Adfert
687 2714 794 2768 autem
816 2713 956 2767 vetustas
979 2704 1126 2766 omnihus
1148 2704 1181 2765 in
1202 2702 1298 2767 rebus
1320 2703 1494 2787 longinqua
1519 2706 1742 2771 observatione
1750 2714 1780 2760 ⁴³

408 2798 630 2863 incredibilem
652 2800 836 2862 seientiam:
859 2818 941 2882 quae
966 2805 1072 2879 potest
1094 2817 1165 2860 esse
1188 2797 1283 2861 etiam
1305 2797 1375 2861 sine
1397 2805 1485 2861 motu
1500 2806 1597 2882 atque
1612 2799 1743 2883 inpulsu

408 2892 559 2966 deorum,
580 2912 667 2966 cum,
689 2891 766 2976 quid
789 2912 831 2954 ex
852 2910 980 2974 quoque
1003 2890 1130 2954 eveniat
1150 2898 1183 2953 et
1204 2890 1281 2973 quid
1304 2910 1464 2975 quamque
1486 2911 1553 2954 rem
1576 2892 1742 2975 significet,

409 2985 522 3050 crebra
543 2985 818 3049 animadversione
841 2993 1043 3068 perspectum
1065 2992 1123 3048 est.
1168 2980 1241 3047 440.
1271 2984 1379 3047 Altera
1401 2984 1553 3049 divinatio
1582 2994 1631 3049 est
1651 2995 1742 3051 natu·

409 3079 494 3153 ralis,
517 3087 553 3144 ut
573 3088 647 3142 ante
669 3077 758 3155 dixi3
781 3099 862 3163 quae
885 3077 1017 3162 physice
1039 3077 1223 3161 disputandi
1245 3078 1421 3141 subtilitate
1443 3078 1610 3143 referenda
1631 3089 1680 3143 est
1700 3080 1742 3146 ed

409 3182 552 3238 naturam
575 3174 724 3246 deorum,
752 3192 771 3236 a
794 3193 875 3257 qua,
897 3179 934 3234 ut
955 3172 1146 3234 doctissimis
1168 3172 1477 3256 sapientissimisque
1499 3172 1633 3255 placuit,
1662 3173 1781 3237 hau-a·

409 3277 476 3332 atos
499 3269 621 3331 animos
642 3274 676 3330 et
697 3267 812 3330 libatos
834 3266 999 3340 habemus,
1021 3285 1156 3347 cumque
1179 3267 1285 3329 omnia
1306 3266 1466 3348 completa
1487 3274 1519 3329 et
1539 3266 1657 3331 referta
1679 3269 1743 3332 sint

409 3371 539 3425 aeterno
561 3382 658 3425 sensu
680 3369 712 3425 et
733 3368 839 3424 mente
857 3360 980 3432 divina,
1004 3379 1136 3423 necesse
1151 3368 1200 3422 est
1214 3360 1405 3442 contagione
1420 3359 1601 3422 divinorum
1618 3361 1742 3424 animoa

409 3455 564 3518 humanos
587 3454 792 3517 commoveri.
838 3454 900 3515 Sed
923 3453 1091 3536 vigilantes
1113 3453 1211 3516 animi
1234 3452 1317 3517 vitae
1339 3449 1581 3517 necessitatibus
1601 3456 1743 3518 serviunt

410 3548 642 3632 diiunguntque
665 3568 700 3611 44
721 3568 741 3611 a
762 3548 913 3611 societate
935 3547 1044 3609 divina
1066 3546 1179 3611 vinclis
1201 3546 1344 3629 corporis
1365 3547 1510 3629 inpediti.
1539 3541 1611 3610 444.
1627 3548 1741 3611 Rarum

411 3650 458 3704 est
480 3640 640 3726 quoddam
670 3661 770 3723 genus
796 3661 923 3715 eorum,
952 3642 1006 3723 qui
1030 3661 1064 3703 se
1086 3661 1105 3703 a
1127 3660 1259 3723 corpore
1280 3649 1416 3703 avocent
1444 3640 1538 3704 etad
1562 3640 1781 3705 divinar-nat

410 3756 515 3799 rerum
539 3735 753 3818 cognitionem
776 3756 851 3798 cura
874 3736 959 3797 omni
982 3735 1157 3819 studioque
1178 3736 1351 3818 rapiantur.
1384 3735 1506 3797 llorum
1521 3743 1596 3797 sunt
1610 3736 1742 3819 auguria

410 3849 474 3893 uon
498 3828 597 3892 divini
619 3830 774 3911 impetus,
800 3829 856 3893 sed
878 3829 1012 3892 rationis
1035 3829 1210 3891 humanae:
1241 3847 1313 3890 nam
1336 3836 1368 3891 et
1389 3837 1502 3891 natura
1522 3827 1630 3891 lutura
1652 3848 1744 3912 prae-

409 3925 572 3997 sentiunt,
608 3931 643 3985 ut
677 3941 830 4005 aquarum
861 3923 1023 3986 eluviones
1053 3930 1086 3984 et
1114 3921 1373 4005 deflagrationem
1402 3920 1540 3985 futuram
1569 3923 1742 4005 aliquando

409 4017 489 4081 caeli
511 4024 608 4099 atque
631 4024 793 4079 terrarum.
837 4016 900 4080 biii
923 4024 1026 4079 autem
1049 4016 1083 4078 in
1104 4036 1139 4079 re
1161 4015 1287 4099 publica
1309 4015 1490 4089 exercitati,
1519 4026 1556 4079 ut
1584 4019 1624 4080 de
1646 4019 1743 4086 Athe·

411 4109 514 4173 niensi
537 4109 655 4172 Solone
685 4109 879 4193 accepimus,
910 4110 1064 4171 orientem
1088 4109 1286 4192 tyrannidem
1310 4108 1409 4171 multo
1432 4117 1506 4172 aute
1528 4112 1780 4195 prospiciuuttto

410 4223 491 4287 quos
515 4202 686 4287 prudentes
708 4223 879 4285 possumus
902 4203 1022 4275 dicere,
1044 4202 1076 4263 id
1097 4211 1146 4265 est
1164 4202 1381 4285 providentes,
1400 4203 1526 4266 divinos
1542 4207 1630 4268 nullo
1648 4208 1742 4270 modo

409 4315 596 4379 possumus,
624 4316 688 4359 non
711 4296 782 4378 plus
805 4316 900 4378 quam
922 4295 1081 4357 Milesium
1104 4295 1253 4370 Thalem,
1276 4296 1349 4379 qui,
1372 4304 1408 4358 ut
1429 4296 1645 4380 obiurgatores
1667 4321 1742 4365 suos

410 4391 613 4453 convinceret
641 4390 887 4473 ostenderetque
918 4389 1011 4452 etiam
1041 4388 1286 4473 philosophum,
1316 4392 1342 4452 si
1365 4391 1394 4452 ei
1417 4391 1616 4454 commodum
1647 4403 1742 4470 esset,

409 4485 575 4566 pecuniam
607 4483 710 4547 iacere
740 4503 851 4567 posse,
883 4502 1010 4546 omnem
1032 4483 1152 4557 oleam,
1174 4492 1343 4567 antequam
1366 4484 1480 4546 florere
1503 4487 1678 4570 coepisset,
1707 4489 1741 4553 in

409 4597 485 4660 agro
514 4577 640 4642 hlilesio
670 4579 825 4642 cotmisse
854 4578 979 4641 dicitur.
1031 4572 1103 4639 449.
1136 4577 1412 4641 Animadverterat
1438 4578 1573 4642 fortasse
1602 4583 1779 4664 quadamts

475 4802 499 4851 t.
519 4802 595 4851 iluuc
613 4815 721 4853 versum
738 4804 800 4866 post
816 4814 887 4851 vers.
906 4802 984 4865 444444
1000 4815 1026 4866 p.
1040 4800 1102 4860 sti,
1115 4799 1147 4850 44
1165 4800 1313 4863 transponit
1331 4800 1415 4864 Bergk
1433 4802 1459 4850 in
1477 4802 1596 4861 Quaestt.
1609 4805 1742 4857 Enniana-

408 4889 469 4927 rum
486 4889 559 4939 spec.
579 4890 648 4927 novo
666 4876 765 4940 (italae,
779 4877 860 4939 4860).
881 4902 908 4913 -
928 4878 955 4926 ic
972 4891 1026 4926 om.
1040 4871 1071 4926 A¹
1084 4901 1111 4911 -
1131 4876 1154 4925 4.
1170 4881 1230 4925 oeta
1241 4874 1387 4925 Weteflsld
1402 4902 1426 4912 -
1448 4876 1507 4926 44444
1518 4880 1538 4927 Α
1551 4901 1579 4913 -
1599 4879 1623 4929 3.
1640 4881 1741 4941 pulcer·
1826 4923 1828 4927 .

407 4954 476 5002 44444
492 4954 512 5004 0
530 4979 557 4990 -
582 4951 606 5003 4.
626 4952 683 5001 auis
698 4958 722 5001 et
737 4953 811 5000 4444444
828 4951 913 5002 4449ι
930 4978 957 4987 -
985 4953 1048 5002 uota.
1067 4952 1148 5001 Simul
1167 4964 1193 4999 a.
1212 4951 1329 4998 emoritur
1345 4950 1394 5010 4444
1418 4950 1507 5001 cedunt
1523 4951 1643 5003 distinxi:
1668 4958 1740 5005 cota:

407 5028 482 5079 444444
497 5042 523 5077 u.
542 5026 922 5088 444444444404444444144
941 5053 967 5062 -
987 5028 1011 5076 o.
1031 5033 1142 5088 quotuor
1158 5021 1283 5083 iiiivto,
1302 5030 1404 5085 4444444
1421 5024 1517 5075 ititschl
1536 5028 1561 5076 in
1579 5040 1648 5078 mus.
1662 5029 1738 5081 rhen.

408 5102 479 5161 titii,
492 5101 556 5159 4094
580 5114 606 5152 v.
625 5102 705 5152 etiam
724 5101 832 5151 Lachm.
846 5100 996 5151 adhaeret.
1015 5114 1041 5165 p.
1053 5101 1101 5151 493
1118 5128 1150 5138 -
1168 5101 1191 5150 6.
1208 5100 1413 5162 praepetibus„
1424 5104 1486 5151 dont
1503 5102 1599 5155 Gellius
1616 5106 1670 5164 Vll,
1683 5108 1740 5157 4-

407 5176 432 5225 i.
448 5176 540 5237 444444
557 5176 590 5225 a:
612 5176 835 5238 propviomlllv
855 5200 882 5212 -
907 5175 931 5225 8.
949 5175 1060 5225 4444444444
1078 5177 1112 5225 C:
1136 5174 1295 5236 stabilitaque
1311 5175 1372 5225 cod.
1391 5176 1491 5226 Ciolaui
1509 5179 1572 5229 eto
1598 5206 1631 5217 -
1655 5182 1679 5230 9.
1698 5184 1741 5232 sed

407 5252 508 5300 atinde
525 5251 565 5310 44,
582 5252 625 5301 aad
640 5252 706 5300 44444
722 5251 770 5301 ΗΟ
790 5275 817 5287 -
836 5250 1019 5314 44444444Ηο
1039 5276 1064 5285 -
1085 5248 1408 5313 44444444414444444-
1427 5253 1533 5314 quicque
1548 5252 1649 5315 ΑΒἫ,
1668 5259 1741 5325 qute-

408 5326 560 5387 444484-
588 5324 794 5387 4444444449
815 5323 1298 5386 -ttpcutoantccoscm'orit-
1324 5325 1548 5388 44444444ωο-
1569 5331 1741 5381 4444444444-

407 5400 477 5450 tiaii
499 5427 524 5436 -
549 5401 700 5463 4444444444
717 5399 748 5447 V¹
767 5423 793 5433 -
819 5399 860 5448 44.
878 5411 912 5449 cc
928 5410 1006 5463 quoae
1025 5399 1046 5448 ii
1065 5423 1093 5434 -
1117 5397 1307 5462 caupilus
1326 5422 1353 5434 -
1380 5399 1419 5450 t8.
1437 5399 1527 5449 444444
1543 5404 1630 5451 enimc
1646 5406 1741 5455 44444·

407 5474 966 5536 444444,444444444444444444444444-
992 5475 1032 5526 444.
1050 5473 1225 5535 4444444449
1245 5498 1271 5509 ·-
1296 5473 1474 5525 4444444444
1494 5498 1520 5511 -
1544 5477 1738 5545 4444444444.

408 5549 483 5601 iius
504 5577 531 5587 -·
549 5556 609 5601 4444
623 5551 642 5601 C
657 5575 684 5585 -
703 5549 745 5600 44.
757 5550 905 5612 4444444444
921 5550 1055 5599 Davisius:
1075 5548 1214 5613 4444444444
1230 5548 1264 5607 C,
1282 5550 1429 5611 4444444444
1445 5550 1480 5611 0,
1498 5562 1579 5613 quarn
1597 5550 1739 5607 lectionem

409 5625 462 5677 noli
479 5626 625 5677 detundere
649 5623 708 5675 coll.
727 5625 753 5683 l,
771 5623 830 5687 464
857 5649 884 5660 -
910 5626 1000 5674 ocimo
1014 5637 1060 5673 444
1077 5625 1098 5674 ii
1126 5649 1153 5660 -
1182 5624 1223 5673 43.
1241 5623 1403 5686 4444444444
1425 5625 1546 5676 Davisius
1569 5627 1685 5678 malebat
1710 5656 1738 5668 -

408 5703 499 5752 444444
514 5702 670 5765 4444444444
686 5700 749 5750 ii-
769 5697 809 5749 44.
823 5699 1015 5762 444444444444
1031 5700 1064 5746 va
1076 5724 1104 5735 -
1122 5699 1164 5748 it.
1182 5703 1205 5747 44
1221 5698 1249 5746 to
1264 5703 1359 5747 444444
1374 5699 1462 5761 Moru
1480 5697 1569 5749 malim
1584 5726 1611 5738 -
1632 5702 1672 5753 48.
1685 5704 1741 5753 444-

408 5778 494 5828 utone
509 5776 650 5827 Turnebus
667 5774 787 5836 (Advers.
801 5773 832 5835 V,
843 5774 900 5835 tbi:
917 5776 1042 5837 4444444444
1052 5773 1136 5834 asi,
1153 5774 1273 5837 44444444
1289 5773 1311 5823 il
1331 5800 1357 5809 -
1374 5773 1554 5836 sutwmmv
1569 5798 1596 5811 ·-
1614 5775 1656 5827 49.
1669 5778 1741 5830 4444-

410 5847 1125 5911 444444494,4444444444444Η-40.444444444-
1151 5845 1469 5912 344444414444444-
1496 5848 1738 5903 dmutilavisti-

411 5921 1352 5989 timeant-ttqmctuovt-qwtmcinttoeaii.
