4342 7459
430 1199 513 1270 loct
986 1204 1200 1270 CICERONIS

429 1352 686 1441 Languilicosquo
704 1362 765 1421 Leo
785 1360 897 1441 proflat
915 1359 999 1421 ierus
1018 1370 1072 1420 ore
1093 1358 1223 1422 calores.

428 1456 502 1517 Post
521 1454 675 1516 modicum
695 1455 838 1534 quatiens
857 1453 949 1532 Virgo
968 1453 1053 1532 lugat
1071 1462 1139 1515 orta
1161 1472 1319 1533 vaporem.

428 1549 575 1610 Autumni
593 1558 714 1610 reserat
733 1557 838 1628 portas
859 1556 1037 1628 aequatque
1056 1546 1166 1610 diurna

429 1643 580 1722 Tempora
599 1643 757 1703 nocturnis
777 1639 926 1721 dispenso
946 1639 1049 1701 sidere
1071 1641 1174 1717 libra,

428 1736 467 1797 iit
485 1736 563 1797 letos
583 1753 686 1797 ramos
705 1733 845 1796 denudat
862 1734 985 1796 ilamma
1006 1736 1113 1814 Nepat.

427 1829 517 1906 Pigra
537 1829 757 1908 Sagittipotens
777 1826 928 1889 iaculatur
947 1829 1058 1906 frigora
1082 1829 1185 1889 terris.

427 1923 539 1983 Bruma
559 1920 631 2000 gelu
650 1921 787 2000 glacians
804 1920 914 1983 iubare
934 1922 1033 2001 spirat
1052 1922 1249 2002 Capricorni:

428 2016 527 2089 Quam
547 2017 688 2094 sequitur
707 2013 838 2076 nebulas
859 2032 967 2075 rorans
987 2013 1091 2093 liquor
1108 2013 1189 2077 altus
1208 2016 1342 2094 Aquari:

294 2191 296 2193 Ι
427 2110 524 2170 'l'anta
545 2126 639 2188 supra
659 2109 804 2186 circaque
824 2108 846 2183 †
865 2108 970 2185 vigent
989 2107 1042 2169 ubi
1062 2108 1199 2170 flumina.
1239 2106 1343 2170 Mundi

427 2205 466 2264 At
487 2200 597 2263 dextra
617 2201 768 2280 laevaque
789 2202 849 2262 ciet
868 2208 935 2263 rota
955 2199 1069 2280 fulgida
1090 2201 1170 2263 Solis

427 2295 538 2357 llobile
558 2293 756 2371 curriculum,
777 2304 808 2356 et
826 2297 930 2357 Lunae
949 2295 1114 2358 simulacra
1138 2297 1287 2359 feruntur.

428 2391 565 2469 Squama
584 2389 644 2450 sub
664 2397 792 2450 aeterno
813 2398 983 2469 conspectu
1003 2398 1082 2452 torta
1105 2391 1255 2453 Draconis

426 2483 563 2544 Eminet:
584 2482 664 2544 hanc
683 2484 763 2544 inter
782 2481 949 2561 fulgentem
970 2482 1072 2545 sidera
1096 2491 1217 2563 septem

426 2577 536 2656 Magna
555 2579 653 2657 quatit
672 2575 816 2654 stellans,
838 2595 932 2657 quam
952 2594 1082 2639 servans
1103 2595 1193 2639 serus
1212 2579 1244 2638 in
1269 2576 1330 2640 alta

428 2668 579 2731 Conditur
599 2671 714 2732 Oceani
735 2671 801 2750 ripa
822 2689 891 2732 cum
911 2668 981 2732 luce
1000 2672 1124 2732 Bootes.

502 2766 725 2842 (Burmanni
744 2764 865 2826 Anthol.
886 2766 952 2826 Lat.
974 2763 994 2825 Ι.
1016 2767 1052 2827 V.
1073 2766 1132 2846 Ep.
1153 2767 1201 2828 ll.
1222 2765 1256 2828 T.
1278 2765 1306 2826 2.
1328 2783 1359 2845 p.
1381 2764 1458 2842 318.)

615 2899 746 3020 'xvun
791 2952 963 3022 ElUSDEM
985 2953 1062 3022 AUT
1085 2953 1199 3022 ALlUS
1224 2952 1506 3022 ueluuauunut

847 3093 899 3159 DE
922 3093 1060 3162 AMORE
1084 3092 1320 3163 rssulunuuu.

1075 3232 1102 3295 1.

426 3345 528 3410 Crede
547 3353 645 3408 ratem
664 3345 776 3423 ventis,
796 3345 930 3408 animum
951 3362 991 3406 ne
1011 3343 1107 3406 crede
1132 3343 1264 3425 puellis:

501 3442 641 3520 Namque
661 3447 711 3502 est
728 3440 858 3501 leminea
880 3441 972 3501 tutior
990 3437 1074 3500 unda
1094 3437 1166 3500 lide.

1076 3572 1105 3632 2.

425 3684 550 3746 Femina
569 3682 652 3746 nulla
672 3683 754 3744 bona
774 3690 822 3744 est
841 3690 883 3760 et,
905 3683 931 3742 si
950 3681 1032 3744 bona
1053 3682 1180 3760 contigit
1199 3679 1277 3759 ulla,

501 3780 613 3840 Nescio
633 3796 695 3858 quo
715 3778 775 3839 lato
796 3795 847 3838 ras
868 3775 947 3839 mala
967 3778 1047 3840 lacta
1071 3776 1164 3839 bona.

426 3871 540 3948 (ibid.
567 3870 588 3933 1.
618 3874 670 3932 ΙΙΙ.
698 3871 756 3951 Ep.
785 3874 832 3933 88.
857 3871 890 3931 T.
921 3872 947 3931 1.
967 3888 999 3950 p.
1021 3869 1088 3933 541.
1110 3878 1275 3948 utrumque
1293 3868 1435 3947 iungens.
1454 3864 1563 3929 Divisit
1579 3866 1749 3944 Lemaire.)

932 4173 1246 4187 —ffl

759 4418 1420 4550 n.unacnnura

792 4677 1036 4746 Ltssuouuu
1059 4675 1375 4745 INCERTORUM.

983 4871 1190 4882 -——..—

813 5044 836 5111 1.
866 5043 890 5111 E
923 5043 1051 5111 tluuts
1088 5040 1338 5110 RHETORlClS.

499 5211 525 5272 1.
564 5205 688 5268 ileliora
708 5210 866 5284 unguenta
886 5210 973 5279 sunt,
994 5219 1076 5281 quae
1096 5207 1231 5275 terram,
1253 5217 1345 5280 quam
1366 5215 1448 5279 quae
1467 5215 1592 5261 crocum
1612 5199 1748 5280 sapiunt.

423 5302 593 5381 (Plinius
622 5301 657 5362 ll.
684 5299 720 5360 Ν.
749 5297 769 5359 l.
799 5298 881 5358 Xlll.
911 5315 937 5357 c.
965 5297 994 5356 4.
1024 5295 1083 5372 (3.)
1103 5292 1124 5356 l.
1146 5293 1237 5355 Xllll.
1260 5311 1287 5354 c.
1307 5293 1336 5355 5.
1358 5292 1396 5354 ci.
1419 5292 1492 5355 Cic.
1516 5290 1556 5354 de
1575 5293 1630 5355 0r.
1650 5291 1672 5354 l.
1693 5295 1748 5356 111.

398 5415 451 5578 ,θ’
472 5397 525 5552 252..
542 5396 745 5552 g'ligagicero
776 5485 902 5567 quidem
938 5487 970 5548 in
1012 5484 1183 5548 Rhetoricis
1219 5482 1367 5545 iudicium
1404 5482 1538 5544 subiecit
1567 5480 1749 5546 inventioni.

423 5583 711 5662 (Quintilianus
731 5585 759 5660 3,
780 5584 809 5660 3,
830 5584 858 5644 6.
882 5581 919 5642 cl.
941 5579 981 5642 de
1000 5578 1089 5641 libris
1108 5579 1279 5641 Rhetoricis
1299 5575 1467 5653 Quintil.
1489 5579 1518 5652 3,
1539 5578 1568 5655 6,
1588 5576 1652 5655 ut.)

486 5831 512 5881 ti.
528 5828 658 5882 uitauit
671 5825 814 5896 spaldings
830 5839 906 5893 susp.
