4342 7459
442 1241 507 1309 158
892 1248 948 1312 llll
964 1246 1139 1313 'DEORUM
1162 1245 1325 1313 natust

442 1405 591 1481 mortale,
613 1426 678 1470 non
700 1412 785 1470 εεεει
806 1423 901 1471 omno
921 1407 1095 1470 mutabile:
1117 1407 1161 1471 ita
1182 1406 1319 1470 efficitur
1341 1413 1376 1469 ut
1396 1425 1490 1469 omne
1509 1421 1626 1488 corpus
1639 1403 1772 1470 mortale

443 1500 493 1564 sit.
528 1500 651 1563 Etenim
682 1519 776 1563 omne
802 1518 916 1582 corpus
944 1509 998 1563 aut
1025 1519 1110 1583 aqua
1132 1508 1187 1563 aut
1208 1509 1263 1564 aer
1284 1508 1340 1563 aut
1362 1500 1446 1581 ignis
1466 1507 1522 1563 aut
1542 1507 1627 1564 terra
1648 1508 1699 1564 est
1718 1506 1774 1566 eut

442 1593 490 1666 id,
512 1592 598 1676 quod
621 1601 670 1656 est
691 1601 874 1656 concretum
895 1611 936 1656 ex
957 1593 996 1657 iis
1017 1603 1072 1656 aut
1093 1614 1133 1656 ex
1156 1594 1264 1677 aliqua
1285 1601 1374 1678 parte
1389 1613 1515 1667 aorums
1537 1594 1651 1656 horum
1666 1600 1771 1658 eutem

442 1686 521 1748 nihil
550 1695 597 1749 εει
627 1687 704 1768 quin
733 1687 876 1750 intereat.
919 1683 972 1749 31.
999 1689 1077 1751 Nam
1102 1696 1134 1751 et
1156 1696 1314 1751 terrenum
1337 1706 1431 1752 omne
1454 1685 1607 1751 dividitur
1627 1695 1661 1772 ει
1680 1705 1775 1750 umor

417 1781 485 1844 iila
507 1780 612 1843 mollis
634 1788 698 1854 est,
722 1790 758 1843 ut
778 1779 871 1843 facile
893 1782 993 1864 premi
1016 1781 1200 1864 conlidique
1223 1782 1340 1865 possit;
1363 1782 1447 1863 ignis
1468 1801 1543 1843 vero
1564 1789 1596 1844 et
1616 1788 1673 1844 air
1687 1780 1774 1842 omni

440 1874 535 1956 pulsu
566 1871 716 1937 facillime
749 1874 880 1956 pellitur
908 1883 1085 1957 natumque
1118 1876 1233 1939 cedens
1262 1892 1310 1939 est
1338 1894 1484 1938 maxume
1507 1883 1539 1937 et
1560 1873 1774 1957 dissupobilis.

440 1967 671 2049 Praetereaque
692 1968 800 2030 omnia
821 1968 900 2030 haec
922 1977 988 2031 tum
1010 1970 1189 2043 intereunt,
1212 1988 1284 2031 cum
1306 1968 1339 2032 in
1362 1976 1505 2031 naturam
1527 1968 1774 2035 aliamcouvea-

441 2068 564 2134 tuetur,
593 2058 681 2143 quod
711 2059 758 2134 fit,
788 2082 859 2125 cum
888 2070 971 2125 terra
992 2062 1025 2125 in
1047 2082 1162 2145 equam
1184 2083 1220 2126 se
1243 2063 1335 2125 vertit
1357 2069 1389 2126 ει
1412 2082 1482 2124 cum
1505 2082 1547 2125 ex
1567 2080 1652 2144 aqua
1674 2062 1776 2126 oritur

441 2160 510 2228 adr,
533 2173 574 2216 ex
595 2162 669 2218 aere
691 2152 814 2220 aether.
845 2174 981 2239 cumque
1004 2156 1115 2220 cadem
1138 2156 1276 2220 vicissim
1299 2164 1384 2218 retro
1406 2163 1593 2219 commeant.
1631 2152 1775 2229 Quodsi

403 2254 479 2311 l⁰ea
500 2249 674 2320 intereunt,
704 2268 721 2311 e
744 2249 862 2329 quibus
884 2258 1009 2313 constat
1029 2269 1123 2314 omne
1145 2251 1275 2323 animal,
1303 2249 1426 2312 nullum
1448 2256 1497 2311 est
1517 2247 1634 2310 animal
1658 2246 1775 2331 sempi-

442 2349 575 2404 ternum.
620 2342 704 2404 Xlll.
726 2339 778 2403 32.
800 2343 855 2415 Et,
877 2351 913 2405 ut
934 2342 1011 2405 haec
1030 2344 1227 2417 omittamus,
1250 2353 1355 2407 tumen
1370 2341 1487 2405 animal
1503 2340 1624 2405 nullum
1639 2339 1774 2403 inueniri

439 2441 558 2517 potest,
588 2435 674 2517 quod
704 2456 808 2518 neque
836 2444 944 2499 netum
974 2456 1123 2519 umquam
1154 2439 1195 2500 sit
1221 2445 1253 2500 et
1275 2457 1400 2520 semper
1421 2436 1462 2498 sit
1483 2434 1634 2497 futurum.
1671 2432 1774 2497 Omne

441 2526 524 2590 enim
546 2528 661 2591 animat
683 2548 796 2592 sensus
818 2530 932 2593 habet:
956 2532 1051 2593 sentit
1075 2531 1171 2612 igitur
1193 2539 1225 2593 et
1247 2530 1350 2593 calido
1373 2538 1405 2593 et
1426 2527 1539 2610 frigida
1561 2535 1593 2590 et
1616 2525 1720 2590 dulcia
1741 2533 1774 2590 et

441 2638 548 2683 amara
577 2641 635 2684 nec
664 2631 767 2706 potest
795 2622 862 2685 ullo
884 2642 980 2686 sensu
1006 2624 1147 2687 ineunda
1168 2625 1329 2706 accipere,
1350 2643 1415 2685 noa
1439 2622 1583 2704 accipere
1606 2620 1773 2686 contraria.

404 2722 433 2768 ιδ
442 2714 477 2782 Si
497 2713 594 2794 igitur
616 2715 786 2799 voluptatis
808 2737 936 2779 sensum
959 2719 1056 2800 capit,
1079 2717 1200 2782 doloris
1222 2719 1317 2780 etiam
1332 2718 1435 2798 capit;
1458 2714 1546 2798 quod
1560 2722 1667 2778 autem
1683 2713 1775 2777 dolo·

441 2828 508 2872 rem
530 2806 662 2891 accipit,
684 2809 716 2870 id
738 2810 874 2893 accipiat
891 2812 984 2873 etiam
1006 2811 1166 2874 interitum
1190 2831 1318 2874 necesse
1341 2820 1408 2873 est:
1431 2829 1525 2872 omne
1545 2808 1643 2890 igitur
1657 2806 1774 2872 animat

443 2898 658 2964 confitendum
682 2912 730 2965 est
752 2922 822 2965 esse
844 2904 988 2966 mortale.
1031 2902 1084 2966 33.
1107 2906 1288 2978 Praeterea,
1311 2904 1337 2966 si
1361 2902 1439 2986 quid
1462 2900 1621 2983 estquod
1644 2918 1705 2964 nec
1719 2920 1774 2963 vo·

440 2995 594 3079 luptatem
622 2997 740 3061 sentiat
768 3017 826 3060 nec
854 2995 1011 3071 dolorem,
1044 2998 1078 3060 id
1100 2998 1217 3061 animal
1241 3017 1311 3060 esse
1334 3017 1396 3060 uon
1420 3004 1543 3077 potest;
1575 2995 1628 3058 ein
1655 3002 1773 3068 autem,

441 3088 527 3171 quod
551 3090 666 3153 animal
688 3099 752 3168 est,
775 3092 807 3155 id
830 3091 884 3155 illa
908 3112 1036 3156 necesse
1052 3099 1101 3155 est
1119 3091 1252 3164 sentiat,
1274 3098 1307 3152 et
1322 3089 1408 3172 quod
1425 3106 1465 3151 ea
1478 3089 1573 3152 sentit
1586 3107 1650 3150 nou
1667 3094 1774 3170 potest

402 3191 511 3245 stesso
538 3191 717 3259 aeternum,
746 3195 778 3248 ει
808 3205 901 3250 omne
923 3184 1040 3248 animal
1064 3186 1179 3248 sentit:
1207 3182 1331 3246 nullum
1352 3184 1450 3263 igitur
1471 3181 1586 3246 animal
1609 3188 1772 3245 aeternum

440 3284 499 3339 est.
536 3277 701 3341 Praeterea
723 3280 846 3342 nullum
870 3288 1064 3362 potestesse
1087 3277 1219 3351 animal,
1241 3279 1274 3339 in
1297 3296 1362 3359 quo
1384 3295 1449 3339 non
1468 3285 1501 3338 et
1514 3274 1668 3357 adpetitio
1685 3275 1728 3339 sit
1741 3280 1773 3337 et

442 3370 612 3434 declinatio
640 3373 801 3435 naturalis.
844 3374 1049 3454 Appetuntur
1075 3381 1181 3434 autem
1213 3390 1294 3451 quac
1320 3369 1494 3433 secundum
1517 3377 1661 3433 naturam
1684 3374 1772 3440 suut,

441 3463 639 3528 declinantur
660 3467 832 3539 contraria,
861 3474 893 3529 et
919 3486 1013 3529 omne
1042 3465 1158 3527 animel
1188 3464 1307 3547 adpetit
1328 3461 1482 3545 quaedam
1506 3470 1537 3524 ει
1557 3462 1639 3544 sugit
1662 3481 1681 3524 a
1702 3462 1772 3544 qui-

440 3556 585 3622 busdam.
619 3557 713 3633 Quod
736 3567 841 3622 autem
862 3558 995 3641 refugit,
1018 3559 1050 3621 id
1074 3567 1184 3620 contra
1206 3567 1347 3620 naturam
1364 3565 1429 3631 est,
1451 3565 1484 3618 et
1498 3556 1585 3637 quod
1600 3564 1650 3619 est
1663 3564 1770 3619 contre

403 3661 599 3724 uncturam,
622 3651 654 3712 id
676 3652 770 3714 habet
791 3653 854 3715 vim
876 3653 1100 3716 interimendi:
1129 3672 1222 3715 omne
1245 3671 1321 3732 ergo
1344 3650 1460 3713 animal
1483 3651 1617 3713 intereat
1638 3668 1769 3714 necesse

441 3754 499 3808 est.
542 3740 593 3805 3t.
617 3745 862 3808 Innumerabilia
889 3756 976 3821 sunt,
1008 3747 1183 3829 exquibus
1206 3745 1289 3808 ellici
1312 3745 1446 3826 cogique
1477 3744 1579 3826 possit
1599 3743 1679 3806 nihil
1701 3762 1771 3807 esse

441 3838 531 3921 quod
553 3859 679 3901 sensum
702 3840 817 3901 habeat
840 3841 916 3921 quin
940 3840 971 3903 id
995 3842 1148 3913 intereat;
1173 3840 1290 3901 etenim
1313 3859 1350 3900 ea
1372 3840 1456 3920 ipsa,
1480 3857 1562 3919 quae
1583 3838 1772 3909 sentiuntur,

440 3939 476 3994 ut
498 3931 613 4013 frigus,
637 3940 671 3993 ut
692 3932 787 4005 calor,
810 3941 846 3996 ut
859 3933 1016 4016 voluptas,
1038 3936 1190 4008 nidulos,
1211 3942 1246 3997 ut
1260 3942 1374 4008 cetera,
1397 3954 1469 3997 cum
1485 3927 1675 4014 amplificata
1690 3937 1772 4002 sunt,

441 4026 640 4098 interimunt,
671 4046 728 4088 nec
749 4026 848 4089 ullum
870 4028 988 4091 animal
1011 4027 1148 4091 estsine
1171 4048 1287 4091 sensu:
1316 4027 1561 4107 nullum-igitur
1581 4021 1698 4086 animal
1720 4042 1773 4085 ae·

402 4128 564 4183 aeternum
588 4129 644 4183 est.
689 4121 771 4182 xlv.
793 4122 919 4182 Etenim
942 4131 998 4184 aut
1020 4123 1156 4204 simplex
1179 4131 1226 4183 est
1248 4128 1359 4184 natura
1381 4121 1566 4193 animantis,
1590 4127 1625 4180 ut
1641 4119 1690 4180 vel
1714 4126 1773 4179 ter·

441 4234 515 4276 rena
547 4214 587 4276 sit
617 4214 665 4276 vel
696 4216 789 4296 ignea
813 4216 861 4276 vel
886 4216 1032 4277 animalis
1055 4217 1104 4278 vel
1128 4216 1250 4290 umida,
1282 4216 1366 4298 quod
1391 4215 1484 4297 quale
1509 4214 1611 4276 sitne
1634 4209 1772 4291 intellegi

441 4307 570 4389 quidem
593 4316 712 4390 potest,
734 4316 789 4370 aut
811 4318 995 4372 concretum
1019 4329 1058 4371 ex
1082 4309 1228 4390 pluribus
1251 4311 1385 4382 naturis,
1409 4328 1540 4390 quarum
1565 4326 1657 4368 suum
1680 4324 1773 4387 quae·

442 4421 505 4483 que
527 4387 632 4465 lo'eum
653 4402 782 4476 habeat,
805 4423 866 4484 quo
890 4412 1018 4465 naturae
1042 4405 1071 4466 vi
1093 4403 1226 4477 seratur,
1257 4404 1319 4465 alia
1342 4403 1501 4474 infimum,
1524 4399 1584 4462 alia
1608 4419 1772 4469 summum,

507 4661 531 4710 3.
550 4662 577 4711 id
593 4675 646 4711 om.
667 4664 685 4713 P
705 4688 731 4697 —
756 4668 792 4711 εει
808 4669 951 4711 concretum
968 4677 1000 4712 ex
1017 4666 1049 4714 iis
1065 4669 1111 4712 εει
1128 4677 1161 4711 ec
1178 4664 1267 4723 aliquo
1285 4663 1365 4711 tcv
1384 4663 1417 4721 (in
1432 4666 1448 4710 t
1464 4660 1627 4723 superseri
1644 4663 1706 4709 ante
1719 4660 1770 4719 iisl:

440 4743 475 4788 εει
491 4743 633 4786 concretum
649 4750 683 4785 eas
698 4738 736 4786 iis
753 4744 797 4786 εει
814 4752 847 4787 cc
863 4739 951 4799 aliquo
970 4739 1035 4794 BE;
1063 4752 1096 4787 σε
1112 4739 1149 4786 liis
1166 4742 1307 4786 concretum
1323 4742 1359 4785 εει
1382 4742 1426 4784 εει
1449 4749 1481 4783 es
1499 4737 1585 4797 utiquo
1602 4736 1638 4793 P;
1663 4741 1698 4784 εει
1714 4748 1773 4782 εοε-

441 4817 536 4860 cretum
557 4826 591 4861 σε
613 4813 699 4874 aliqua
722 4813 741 4862 0
768 4839 793 4848 -
819 4827 916 4862 eorum.
936 4829 1009 4862 orum
1028 4816 1170 4877 (supensos.
1190 4813 1219 4873 ll)
1239 4814 1256 4860 Β
1277 4836 1303 4847 -
1324 4810 1348 4860 i.
1367 4812 1456 4859 homor·
1473 4808 1524 4860 ‘tto
1549 4838 1575 4847 -
1600 4812 1625 4860 5.
1644 4811 1724 4859 moitis
1741 4812 1774 4857 εει

442 4885 534 4936 CEV²
551 4888 598 4949 (llis
614 4892 649 4935 εει
666 4901 719 4937 om.
736 4886 793 4945 V'r:
812 4889 885 4936 molle
900 4893 936 4938 εει
954 4891 1029 4938 ΑΒΡ
1049 4893 1125 4947 (corr.
1141 4902 1172 4936 ex
1184 4887 1279 4936 εεειιεει
1291 4890 1325 4947 Α,
1343 4900 1375 4935 ex
1393 4887 1478 4934 molest
1491 4887 1517 4945 ll)
1534 4912 1559 4919 -
1579 4886 1660 4944 premi
1677 4883 1770 4934 EPV:

438 4964 524 5023 promi
541 4966 620 5024 (corr.
640 4963 666 5012 in
681 4963 787 5024 praesui)
805 4965 840 5022 Α,
857 4967 956 5025 praemi
973 4965 991 5012 li
1003 4967 1021 5012 C
1035 4980 1040 5017 ;
1059 4964 1189 5023 comprimi
1207 4963 1226 5010 0
1242 4987 1267 4996 -
1288 4962 1311 5009 ti.
1329 4962 1403 5022 pulsu
1420 4958 1458 5011 il:
1478 4960 1584 5022 impulsu
1597 4959 1616 5008 Ο
1631 4985 1658 4995 -
1678 4972 1774 5008 muas*

441 5051 498 5086 mos
514 5050 648 5101 superscr.
669 5051 705 5086 ru.
724 5050 779 5087 sec.
801 5042 819 5086 A
841 5065 866 5074 -
887 5040 910 5087 7.
927 5045 1109 5099 praetereoque
1126 5036 1281 5085 sucuv:
1298 5042 1431 5096 praetereo
1449 5035 1538 5083 EO·
1558 5035 1580 5082 9.
1600 5048 1634 5083 εε
1650 5031 1710 5083 aere
1726 5034 1773 5084 AB

442 5112 538 5163 EPV:
557 5118 579 5161 et
596 5125 630 5161 esc
647 5125 705 5161 oers
723 5113 759 5165 C;
778 5119 801 5160 ει
818 5126 895 5173 quum
911 5114 1088 5161 εεεινεθ-
1104 5112 1143 5159 ιι).
1158 5113 1432 5159 ιειενεεει--εοεειει
1450 5106 1471 5157 ii
1490 5134 1516 5142 —
1536 5122 1549 5157 ε
1567 5109 1721 5160 ABCPV:
1743 5121 1774 5157 εε

443 5188 491 5236 EO
510 5211 537 5222 -
563 5187 601 5234 il.
621 5189 788 5235 ommittomus
806 5188 855 5237 AC
876 5214 903 5223 -
927 5187 966 5237 ll.
985 5188 1053 5235 notio
1071 5185 1100 5233 V'
1122 5213 1146 5221 -
1170 5186 1279 5235 iocunde
1298 5185 1377 5233 ACE
1394 5210 1426 5219 -
1449 5198 1498 5231 oon
1516 5180 1554 5233 u:
1573 5189 1596 5231 et
1613 5198 1663 5231 non
1680 5183 1709 5231 0.
1735 5180 1771 5231 Cl.

443 5275 468 5324 p.
482 5261 539 5319 i59,
553 5262 577 5311 9.
599 5288 624 5297 -
645 5262 685 5310 49.
703 5263 730 5311 id
747 5264 791 5311 illo
809 5275 878 5311 corr.
898 5276 933 5311 m.
952 5276 1006 5311 soc.
1027 5276 1058 5310 ex
1076 5263 1110 5310 ad
1126 5262 1171 5309 illa
1190 5262 1208 5307 V
1231 5285 1256 5295 -
1277 5267 1298 5308 ει
1316 5261 1381 5319 quod
1398 5273 1428 5307 εε
1445 5261 1516 5306 εεειιι
1533 5257 1618 5307 om.C
1641 5284 1665 5291 -
1686 5258 1774 5306 illest

440 5343 570 5387 ueternum
587 5338 607 5385 0
627 5364 653 5372 -
673 5338 712 5385 εἰ.
731 5339 865 5386 modum
883 5339 908 5385 in
928 5350 1019 5385 rasura
1038 5344 1055 5385 ll
1078 5363 1096 5371 -
1119 5336 1157 5386 ts.
1178 5341 1211 5383 εει
1228 5342 1251 5384 ει
1268 5336 1334 5396 quod
1350 5340 1440 5383 contro
1456 5340 1577 5381 notorem
1594 5337 1628 5381 εει
1645 5334 1671 5379 in
1690 5344 1771 5393 marg.

442 5414 460 5462 B
482 5438 507 5447 -
530 5413 566 5460 ιδ.
586 5412 746 5460 ιειενεειεεει
763 5412 810 5463 V¹;
835 5411 991 5459 interimendi
1014 5411 1033 5472 (i
1051 5412 1111 5473 post
1130 5413 1196 5458 inter
1212 5413 1237 5458 in
1257 5424 1347 5460 rasura
1368 5413 1446 5459 trium
1464 5408 1617 5466 litterarum)
1636 5410 1671 5460 Az
1694 5408 1772 5455 iuter-

440 5488 515 5538 ouodi
534 5487 561 5536 li.
582 5486 646 5535 Vide
664 5487 697 5535 ad
717 5500 742 5549 p.
762 5487 818 5545 257,
837 5487 877 5535 20.
900 5511 927 5520 -
950 5486 990 5533 28.
1009 5490 1036 5531 ει
1052 5485 1146 5546 frigus,
1165 5484 1287 5540 osculor,
1315 5490 1342 5532 ει
1359 5484 1487 5543 εειεριεε,
1506 5482 1630 5540 uidetur,
1649 5486 1677 5529 ει
1693 5487 1774 5531 cetere

442 5562 529 5614 A'BC
549 5564 584 5621 (in
602 5564 620 5611 B
638 5562 720 5612 verba
738 5567 766 5610 ει
782 5561 898 5622 uoluptas
914 5565 940 5607 ει
957 5559 1028 5607 dolor
1044 5559 1224 5621 superscripto
1243 5559 1327 5617 sunt):
1348 5564 1374 5605 ει
1390 5559 1472 5620 {rigas
1489 5564 1515 5605 ει
1532 5557 1602 5604 color
1619 5556 1735 5616 uoluptas
1748 5560 1774 5604 ει

441 5639 512 5686 dolor
528 5642 556 5685 ει
571 5642 654 5686 cetero
671 5637 748 5694 A¹V;
767 5641 795 5684 ει
810 5636 892 5697 frigus
907 5639 930 5683 et
947 5634 1017 5682 color
1034 5638 1062 5681 ut
1079 5633 1193 5693 εειεριεε
1211 5638 1233 5680 ει
1250 5633 1321 5680 dolor
1331 5639 1358 5681 ει
1370 5639 1452 5681 cetero
1465 5633 1500 5682 E:
1519 5640 1546 5679 ει
1562 5632 1644 5693 frigus
1660 5637 1688 5679 ut
1704 5631 1774 5679 color

441 5713 566 5773 uoluptas.
585 5717 612 5760 ει
628 5717 711 5761 coloro
729 5713 763 5767 P;
782 5715 810 5758 ut
825 5710 908 5772 frigus
923 5710 1002 5766 color,
1020 5708 1136 5768 voluptas
1153 5708 1232 5765 dolor,
1251 5714 1277 5755 ει
1293 5710 1412 5757 εειενει)
1433 5734 1458 5743 -
1479 5707 1518 5756 39.
1538 5708 1661 5755 intereunt
1679 5704 1726 5755 ΕΡ
1745 5730 1772 5739 -

443 5788 484 5837 30.
503 5795 538 5837 εει
554 5794 684 5837 oeternum
702 5787 720 5834 C
742 5812 767 5821 -
788 5789 833 5832 εει
849 5784 875 5832 in
894 5797 984 5833 rasura
1004 5797 1030 5834 m
1054 5796 1109 5833 sec.
1123 5787 1161 5839 ις
1180 5788 1207 5830 ει
1224 5784 1273 5832 PV
1287 5808 1312 5818 —
1335 5784 1375 5833 34.
1394 5784 1480 5832 ismido
1498 5782 1570 5832 wll:
1590 5781 1693 5828 tumido
1710 5779 1729 5828 0
1746 5806 1771 5815 —

442 5862 482 5910 as.
501 5868 642 5911 concretum
660 5860 724 5924 (scil.
738 5860 863 5921 εειειεεε)
880 5857 916 5912 u:
936 5866 1052 5910 εεεετειε
1068 5864 1103 5910 εει
1121 5859 1140 5911 0
1158 5884 1184 5895 -
1204 5857 1245 5909 33.
1264 5859 1291 5906 ει
1308 5872 1376 5908 corr.
1396 5871 1428 5909 ex
1445 5862 1473 5908 ει
1490 5857 1511 5904 V
1529 5884 1560 5892 —
1576 5856 1678 5921 Ῑενειει
1695 5855 1773 5905 lam·

443 5935 538 5986 binus:
558 5940 679 6000 efferatur
695 5936 756 5989 tto.
