4342 7459
437 1227 500 1294 642
976 1230 1029 1294 DE
1052 1229 1223 1294 omens

439 1394 556 1470 solum,
578 1388 632 1457 sed
655 1391 750 1456 etiam
771 1389 805 1454 iu
827 1388 954 1454 dicendi
978 1391 1203 1455 exercitatione
1225 1389 1296 1464 feci,
1319 1389 1402 1453 idem
1425 1388 1481 1454 tibi
1505 1408 1624 1455 censeo
1645 1387 1755 1456 facien·

439 1490 525 1564 dum,
546 1498 582 1552 ut
602 1507 659 1569 par
680 1486 724 1549 sis
747 1486 779 1548 in
800 1485 967 1569 utriusque
990 1486 1144 1549 orationis
1165 1483 1324 1548 facultate.
1370 1484 1472 1559 Quam
1487 1484 1621 1567 quidem
1641 1484 1681 1548 ad
1695 1504 1756 1550 ran

440 1604 514 1658 nos,
536 1590 572 1645 ut
592 1580 751 1654 videmur,
774 1598 921 1661 magnum
944 1580 1106 1643 attulimus
1128 1579 1345 1642 adiumentum
1367 1577 1548 1642 hominibus
1571 1577 1707 1653 nostrie,
1725 1584 1757 1642 ut

439 1697 503 1741 non
525 1674 619 1739 modo
642 1673 831 1737 Graecarum
862 1672 1034 1736 litterarum
1064 1672 1177 1748 rudes,
1207 1673 1262 1736 sed
1286 1672 1380 1736 etiam
1403 1672 1489 1737 docti
1510 1673 1708 1758 aliquantum
1727 1691 1758 1736 aa

415 1771 629 1835 carbitrentur
656 1767 789 1850 adeptos
818 1773 851 1829 et
878 1765 918 1829 ad
948 1766 1116 1831 dicendum
1146 1777 1178 1831 et
1206 1766 1246 1831 ad
1275 1766 1490 1831 iudicandum.
1534 1763 1566 1829 2.
1596 1765 1703 1844 Quam
1722 1765 1759 1830 ab

438 1885 505 1928 rem
528 1862 629 1925 disces
653 1871 687 1925 tu
710 1860 838 1944 quidem
861 1882 880 1925 a
901 1855 1047 1944 prihcipa
1069 1861 1163 1926 huius
1185 1861 1297 1926 aetatis
1318 1859 1582 1946 philosophorum
1609 1867 1643 1925 et
1661 1858 1759 1924 discet

438 1978 533 2044 quam
555 1957 611 2019 diu
632 1955 741 2031 voles3
770 1962 835 2018 tam
854 1955 910 2017 diu
931 1963 1036 2018 autem
1058 1954 1142 2018 velle
1163 1953 1309 2029 debebis,
1333 1953 1440 2037 quoad
1462 1961 1493 2018 te
1515 1961 1672 2039 quantum
1693 1972 1761 2037 pro·

437 2047 525 2114 licias
547 2069 612 2113 uon
633 2048 815 2131 paerdtebit.
860 2047 923 2111 Sed
953 2054 1059 2111 tamen
1089 2056 1196 2112 nostra
1222 2048 1333 2131 legans
1355 2067 1419 2111 non
1442 2047 1575 2111 multum
1597 2067 1619 2112 a
1638 2045 1762 2132 Peripa·

439 2144 543 2211 teticis
557 2142 761 2218 dissidentia,
775 2142 927 2227 quoniam
941 2143 1067 2227 utrique
1083 2141 1235 2206 Socratici
1250 2150 1282 2205 et
1296 2142 1451 2206 Platonici
1463 2141 1611 2205 volumus
1625 2159 1711 2214 esee,
1723 2137 1761 2203 da

401 2238 533 2301 corebus
554 2237 634 2319 ipsis
657 2244 746 2301 utere
768 2245 824 2300 tuo
847 2235 1021 2300 iudicio-
1035 2235 1116 2298 nihil
1139 2237 1222 2300 enim
1245 2234 1386 2319 impedio
1400 2269 1451 2311 -,
1467 2236 1643 2300 orationem
1658 2241 1760 2298 antem

437 2332 581 2396 Latinam
617 2327 734 2398 efficies
767 2329 909 2414 profecto
938 2329 1082 2412 legendis
1114 2329 1231 2394 nostris
1259 2329 1444 2412 pleniorem.
1497 2330 1564 2393 Nec
1597 2347 1674 2394 vero
1702 2326 1761 2390 boc

439 2429 624 2505 arroganter
651 2423 771 2487 dictum
794 2423 970 2487 existimari
992 2423 1107 2500 velim;
1137 2443 1208 2487 nam
1231 2421 1478 2506 philosophandi
1500 2422 1668 2488 scientiam
1688 2439 1761 2486 eon·

438 2517 555 2582 cedens
577 2517 695 2592 multis,
717 2519 802 2600 quod
826 2523 875 2580 est
895 2517 1029 2580 oratoris
1051 2517 1227 2599 proprium,
1249 2523 1331 2601 apte,
1346 2514 1504 2592 distinete,
1519 2523 1632 2581 ornate
1646 2514 1760 2590 dicere,

438 2612 589 2696 quoniam
611 2611 644 2674 in
667 2630 706 2675 eo
729 2610 834 2675 studio
857 2617 990 2674 aetatem
1013 2610 1211 2693 consumpsi,
1234 2610 1260 2675 si
1283 2611 1315 2673 id
1337 2611 1414 2674 mihi
1436 2629 1575 2686 assumo,
1596 2608 1711 2676 videor
1729 2607 1761 2674 id

401 2719 510 2770 etmao
539 2706 608 2770 iure
638 2705 775 2787 quodam
805 2704 899 2768 modo
931 2703 1104 2767 vindicare.
1145 2699 1175 2765 S.
1198 2699 1302 2780 Quam
1324 2706 1454 2770 obrem
1476 2724 1590 2788 magno
1612 2721 1712 2788 opere
1730 2708 1761 2766 te

437 2799 562 2872 hortor,
584 2798 626 2862 mi
645 2798 765 2871 Cicero,
788 2806 906 2862 utnon
929 2797 1032 2860 solum
1054 2799 1212 2861 orationes
1235 2819 1331 2873 meas,
1354 2801 1409 2863 sed
1429 2800 1489 2863 hos
1512 2799 1610 2864 etiam
1632 2797 1674 2862 de
1694 2795 1761 2882 phl-

438 2892 583 2979 losophia
604 2891 712 2966 libros,
734 2891 790 2977 qni
811 2892 873 2958 iam
894 2891 959 2958 illia
980 2890 1050 2956 fere
1075 2911 1110 2956 aa
1124 2900 1311 2976 aequauerat
1326 2893 1469 2958 studiosa
1484 2893 1590 2977 legam
1614 2892 1664 2957 vir
1678 2891 1761 2956 enim

438 2988 539 3052 maior
558 2988 592 3051 iu
613 2986 676 3051 illis
699 2985 840 3061 dicendi,
870 2986 926 3050 sed
947 2985 1009 3048 hoo
1030 3007 1158 3070 quoque
1181 2986 1348 3050 colendum
1370 2997 1419 3051 est
1440 2986 1610 3072 aequabile
1632 2994 1664 3050 et
1685 2993 1761 3050 tear

437 3089 579 3167 peratum
601 3080 752 3145 orationis
773 3099 882 3162 genus.
924 3081 966 3142 Et
986 3079 1018 3142 id
1042 3080 1172 3162 quidem
1193 3080 1313 3142 nemini
1335 3080 1429 3144 video
1444 3081 1640 3146 Graecorum
1660 3077 1761 3142 adbuc

398 3178 620 3259 ”contigisse
644 3182 679 3237 ut
699 3172 783 3237 idem
804 3183 940 3257 utroque
962 3173 995 3235 iu
1017 3195 1133 3257 genere
1157 3174 1333 3238 elaboraret
1356 3183 1608 3259 sequereturque
1631 3181 1665 3238 et
1684 3168 1760 3236 illud

436 3270 562 3334 forense
590 3268 715 3333 dicendi
743 3275 777 3332 et
795 3267 857 3331 hoc
878 3268 1021 3350 quietum
1045 3267 1226 3352 disputandi
1249 3288 1367 3351 genus,
1395 3269 1456 3332 nisi
1477 3267 1559 3331 forte
1580 3267 1759 3331 nemetum

436 3364 607 3428 Phalereus
629 3363 663 3426 in
684 3364 744 3426 hoc
766 3382 899 3426 numero
921 3361 1031 3425 haberi
1047 3370 1166 3445 potest,
1183 3355 1360 3446 disputator
1373 3362 1512 3436 subtilia,
1527 3371 1637 3427 orator
1650 3379 1759 3445 parum

436 3458 625 3532 vehemens,
654 3455 755 3520 dulcis
785 3465 906 3531 tamen,
936 3463 971 3518 ut
992 3455 1202 3539 Theophrasti
1231 3456 1420 3538 discipulum
1446 3456 1552 3537 possis
1578 3472 1760 3538 agnoscere·

435 3554 501 3614 Noe
529 3557 633 3614 autem
664 3559 817 3633 quantum
847 3551 880 3613 in
909 3556 1045 3633 utroque
1076 3549 1320 3632 profecerimus,
1353 3550 1486 3613 aliorum
1518 3549 1561 3612 eit
1594 3549 1758 3621 iudicium,

398 3652 606 3727 aautrumque
633 3652 717 3706 certe
746 3643 844 3707 secuti
875 3663 992 3706 sumus.
1043 3639 1073 3704 l.
1102 3643 1258 3724 Equidem
1284 3650 1316 3705 et
1341 3644 1504 3706 Platonem
1526 3641 1707 3718 existumo,
1733 3638 1761 3704 ai

436 3757 535 3819 genus
557 3735 683 3800 forense
705 3736 830 3800 dicendi
852 3742 985 3800 tractare
1008 3736 1176 3809 voluisset,
1200 3735 1382 3818 gravissime
1404 3743 1437 3800 et
1457 3735 1681 3820 copiosissime
1702 3751 1759 3818 po·

435 3831 535 3895 tuisse
556 3828 661 3893 dicere
683 3837 715 3894 et
735 3829 995 3903 Demosthenem,
1018 3829 1046 3891 si
1067 3829 1137 3904 illa,
1160 3849 1243 3913 quae
1265 3829 1429 3894 aPlatona
1451 3829 1619 3905 didicerat,
1642 3828 1761 3894 tenuia-

436 3934 485 3988 set
505 3932 537 3987 et
558 3924 763 4006 pronuntiare
786 3924 954 3996 voluisset,
984 3928 1095 3986 ornate
1122 3923 1356 4008 splendideque
1377 3923 1481 3989 faeere
1503 3925 1656 4009 potuisse.
1698 3922 1761 3986 Bo·

437 4019 573 4103 demque
601 4017 697 4082 modo
728 4017 767 4080 de
790 4016 958 4080 Aristotele
987 4025 1019 4079 et
1048 4017 1185 4081 Isocrate
1215 4016 1342 4088 iudico,
1375 4037 1510 4101 quorum
1538 4025 1672 4103 astemoe
1701 4035 1759 4084 ane

399 4114 542 4177 costudio
564 4111 738 4174 delectatus
761 4110 950 4192 contempsit
972 4111 1115 4173 alterum.

520 4208 559 4268 11.
588 4205 651 4268 Sed
674 4226 745 4268 cum
767 4205 948 4268 statuissem
971 4205 1108 4268 scribere
1133 4205 1172 4268 ad
1196 4214 1225 4268 te
1248 4205 1368 4290 aliquid
1390 4204 1453 4267 hoo
1475 4212 1633 4287 tempore,
1664 4204 1763 4268 multa

437 4299 585 4384 posthac,
612 4300 652 4362 ab
680 4318 718 4362 eo
742 4298 840 4361 ordiri
863 4298 999 4362 maxime
1023 4299 1124 4371 volui,
1154 4299 1240 4382 quod
1264 4308 1297 4362 et
1318 4299 1412 4362 aetati
1435 4306 1508 4361 tuae
1530 4306 1615 4361 esset
1636 4299 1761 4382 aptissi-

437 4415 523 4457 mum
545 4403 576 4457 et
597 4393 776 4456 auctoritati
799 4412 898 4455 meae.
936 4394 1014 4454 h'am
1037 4413 1108 4454 cum
1132 4393 1231 4454 multa
1254 4393 1316 4453 sint
1339 4394 1369 4453 in
1393 4391 1597 4474 philosophia
1612 4398 1644 4455 et
1658 4392 1761 4475 gravia

438 4495 469 4550 et
497 4487 585 4550 utilia
612 4495 757 4548 accurate
788 4486 981 4568 copioseque
1011 4505 1029 4547 a
1052 4485 1249 4569 philosophis
1273 4484 1445 4568 disputata,
1477 4485 1632 4549 latissime
1654 4493 1760 4568 patere

399 4582 585 4644 aavidentur
615 4599 668 4653 ea,
699 4599 779 4662 quae
810 4578 849 4641 de
880 4577 992 4642 officiis
1015 4578 1128 4641 tradita
1151 4579 1189 4641 ab
1212 4578 1275 4640 illis
1299 4585 1330 4640 et
1351 4585 1520 4660 praecepta
1542 4585 1627 4642 suut.
1670 4578 1761 4641 Nulla

438 4677 522 4738 enim
551 4675 632 4737 vitae
662 4693 734 4756 pars
758 4693 863 4755 neque
886 4673 1021 4755 publicis
1043 4692 1149 4754 neque
1171 4671 1303 4754 privatis
1326 4691 1429 4755 neque
1451 4670 1633 4735 forensibus
1655 4689 1759 4754 neque

438 4768 618 4830 domesticis
646 4767 680 4828 in
710 4768 822 4841 rebus,
852 4787 955 4850 neque
983 4766 1009 4827 si
1037 4774 1140 4829 tecum
1163 4785 1238 4848 agas
1260 4765 1357 4849 quid,
1388 4785 1492 4848 neque
1515 4767 1541 4829 si
1565 4786 1637 4830 eum
1658 4764 1759 4827 altero

439 4863 621 4935 contrahas,
650 4881 762 4923 vacare
785 4856 890 4921 officio
914 4865 1033 4941 potest,
1056 4860 1089 4920 in
1112 4880 1213 4941 eoque
1236 4867 1267 4922 et
1290 4859 1425 4922 colendo
1448 4860 1508 4922 sita
1531 4859 1615 4923 vitae
1637 4865 1685 4921 est
1707 4860 1762 4920 ho-

439 4963 545 5017 nestas
567 4955 669 5017 omnis
692 4963 724 5017 et
745 4952 943 5037 neglegendo
967 4954 1140 5036 turpitudo.
1183 4952 1213 5016 5.
1235 4954 1339 5037 Atque
1360 4952 1439 5016 haec
1463 4952 1594 5035 quidem
1618 4952 1761 5036 quaestio

506 5187 530 5235 t.
549 5187 607 5236 dem
626 5183 777 5236 Lambinus.
799 5210 825 5221 -
849 5187 874 5235 b.
893 5185 1048 5235 arbitrentur
1063 5198 1090 5234 se
1106 5187 1322 5248 aliquantutum
1343 5212 1367 5221 -
1387 5186 1528 5236 discerdiam
1545 5186 1565 5236 C
1582 5186 1672 5247 (etiam
1689 5183 1714 5245 b)
1732 5206 1760 5220 -

439 5262 463 5313 S:
485 5262 611 5312 &cretici
628 5261 662 5310 C:
680 5265 704 5309 et
715 5259 838 5309 Socratici
855 5259 911 5319 alii;
932 5259 972 5324 [et]
984 5261 1108 5310 Socratici
1126 5271 1141 5311 o
1161 5287 1188 5296 -
1209 5261 1248 5309 tl.
1267 5261 1312 5309 boc
1328 5266 1480 5323 arroganter
1496 5261 1515 5310 C
1529 5260 1667 5321 (etiamb):
1688 5271 1763 5309 mro-

438 5347 528 5406 pcater
543 5341 589 5388 aec
605 5349 620 5389 o
636 5361 671 5375 -
688 5336 727 5384 45.
746 5347 897 5396 meropes-e
913 5336 1055 5392 althei,
1075 5347 1157 5385 onao
1177 5362 1204 5371 -
1223 5336 1263 5385 ti.
1281 5336 1397 5397 itlirseae
1413 5347 1439 5385 se
1454 5338 1500 5385 Ao
1518 5335 1553 5396 {in
1571 5338 1595 5385 a
1610 5347 1637 5385 se
1652 5333 1761 5385 eadm.

438 5414 598 5481 superseri:
617 5412 666 5463 illie
681 5410 734 5472 scre
751 5410 917 5472 bllabpoz
937 5411 991 5460 illos
1008 5412 1061 5471 sere
1078 5409 1230 5461 Lambinus.
1247 5436 1275 5448 -
1295 5411 1334 5461 ⁴8.
1348 5413 1375 5460 in
1386 5411 1435 5461 iltis
1446 5413 1530 5460 metor
1546 5421 1563 5460 c
1582 5435 1610 5447 ·-
1634 5408 1673 5458 tP.
1687 5420 1770 5473 μ·

439 5491 591 5542 orationiso
611 5514 636 5523 -
662 5486 734 5535 uideo
750 5487 843 5535 canini
860 5490 881 5535 a
901 5511 926 5520 -
953 5486 1033 5535 adlice
1051 5487 1137 5536 om.B
1158 5510 1185 5519 -
1209 5485 1250 5534 20.
1268 5486 1295 5534 in
1311 5491 1418 5549 utroque
1434 5489 1455 5536 a
1474 5512 1499 5524 -
1525 5483 1672 5535 elaboraret
1686 5485 1764 5536 um-

437 5567 530 5617 binus:
550 5562 713 5613 laboraretC
741 5584 768 5596 -
797 5561 837 5610 25.
857 5563 972 5611 estimoo
1000 5587 1021 5596 -
1054 5561 1095 5609 27.
1116 5557 1330 5622 quoecPlotone
1347 5573 1437 5611 om.a
1464 5587 1490 5597 -
1520 5560 1562 5610 29.
1580 5557 1760 5609 comanc-

439 5642 468 5691 de
484 5644 581 5689 socrate
596 5641 619 5687 et
635 5637 665 5686 de
681 5635 806 5685 aristotele
822 5643 837 5683 ο
854 5659 882 5671 -
907 5636 948 5685 ³0.
967 5636 1102 5686 delectatus
1117 5635 1260 5685 metudio
1277 5647 1292 5683 o
1311 5661 1338 5670 -
1364 5636 1404 5685 32.
1422 5636 1535 5685 camme
1550 5633 1621 5684 uolui
1638 5633 1673 5685 C:
1696 5629 1772 5682 coest

437 5717 582 5765 memineo
605 5738 632 5748 -
660 5711 699 5761 33.
719 5714 743 5760 et
759 5713 820 5759 anta
837 5711 929 5773 precia
945 5722 1033 5761 omo
1060 5736 1085 5747 -
1113 5708 1154 5759 Sl.
1173 5710 1353 5772 aphilosophis
1369 5714 1514 5760 troctotoo
1535 5737 1562 5748 -
1589 5708 1631 5759 aa.
1650 5713 1765 5769 apru-

438 5796 511 5852 ceplo
527 5788 578 5841 del.
598 5786 776 5845 Ruhnkeniue,
794 5798 820 5834 v.
832 5786 961 5836 blnemos.
981 5787 1001 5835 ll
1020 5799 1046 5849 p.
1059 5784 1107 5835 lt9
1125 5797 1166 5848 sq.
1194 5810 1221 5820 -
1248 5785 1287 5836 38.
1306 5786 1333 5834 in
1350 5799 1425 5847 eoque
1441 5791 1464 5836 at
1481 5785 1582 5836 colendo
1598 5783 1718 5834 ausa:
1736 5782 1764 5830 ta

433 5868 515 5926 'eoqaoe
532 5861 666 5916 cernendo
682 5860 720 5922 Ba
738 5860 765 5910 ia
781 5872 858 5922 eoque
873 5860 973 5911 colendo
990 5871 1006 5910 ο
1023 5885 1051 5896 -·
1079 5858 1121 5910 39.
1139 5865 1162 5911 ct
1178 5860 1243 5925 mal.
1261 5860 1380 5912 anab:
1400 5861 1465 5912 etin
1480 5859 1546 5925 aeql.
1565 5861 1636 5910 lico
1657 5884 1682 5895 -
1707 5861 1765 5908 tta·-

437 5936 545 5998 pidoll.
