4342 7459
713 1260 850 1325 nunu
871 1255 1104 1343 ssu-nnn
1118 1259 1172 1323 vu
1194 1256 1308 1325 cmc
1330 1254 1420 1344 stu.
1670 1257 1735 1326 uno

408 1421 534 1485 nonest
576 1419 731 1503 Loquitur
759 1418 800 1484 ad
827 1419 1040 1493 voluntatem,
1071 1416 1228 1503 quidquid
1250 1418 1471 1484 denuntiatum
1494 1425 1542 1484 est
1561 1417 1651 1497 fucit,
1679 1422 1736 1486 sd·

408 1521 564 1587 sectetur,
592 1512 732 1588 adsidet,
760 1520 951 1576 muneretur.
1003 1512 1089 1588 Quid
1118 1512 1230 1577 borum
1260 1519 1309 1576 est
1337 1510 1453 1576 liberii
1488 1512 1568 1597 quid
1595 1513 1735 1600 deniqne

408 1608 491 1671 servi
514 1627 578 1670 non
599 1607 732 1670 inertis?
775 1606 829 1668 lll.
852 1602 903 1668 l0.
927 1605 1034 1681 Quint
1055 1607 1117 1669 iam
1139 1604 1195 1669 ille
1216 1603 1390 1689 cupidius,
1412 1624 1497 1690 qnae
1516 1606 1643 1673 ridetur
1663 1628 1735 1674 esse

408 1701 583 1773 liberalior.
605 1701 747 1774 bonoris,
769 1699 905 1782 imperii,
927 1700 1175 1781 provinciarum,
1196 1718 1291 1782 quam
1313 1697 1392 1763 dure
1413 1706 1463 1764 est
1483 1699 1623 1778 domine,
1638 1724 1734 1788 quum

407 1795 595 1879 imperiose,
617 1813 713 1879 quum
736 1793 922 1857 vehemens!
952 1792 1101 1875 Cethego,
1123 1790 1245 1861 bomini
1267 1811 1333 1856 nou
1354 1792 1596 1876 probatissimo,
1617 1798 1758 1862 erunt

407 1890 605 1974 sospitent,
635 1888 690 1971 qui
712 1886 773 1950 sibi
794 1906 866 1950 esse
887 1885 1073 1969 amplissimi
1095 1884 1301 1961 videbuntur,
1323 1906 1457 1952 muners
1477 1888 1617 1966 mittere,
1638 1900 1735 1956 noctu

407 1986 516 2051 venire
542 1983 672 2045 domum
699 1981 741 2044 sd
769 2000 857 2054 eum,
893 1976 1039 2064 precibus
1066 1978 1210 2065 denique
1237 1979 1427 2064 supplicare.
1478 1980 1571 2058 Quae
1597 1986 1735 2050 servitus

407 2086 466 2153 est,
491 2077 517 2142 si
539 2076 620 2139 brec
640 2074 770 2138 libertos
793 2073 967 2137 existimari
990 2076 1120 2155 potestt
1142 2072 1250 2149 Quidl
1272 2093 1344 2138 cum
1360 2074 1541 2160 cupiditatis
1556 2075 1736 2143 dominatus

408 2171 547 2237 excessit
567 2176 601 2233 et
621 2168 701 2232 nlius
724 2174 774 2231 est
796 2167 942 2231 dominus
964 2174 1095 2229 exortus
1117 2186 1159 2229 ex
1181 2167 1375 2232 conscicntia
1395 2177 1608 2253 peccatorum,
1629 2173 1735 2250 timor,

409 2286 504 2351 quum
527 2270 576 2329 est
595 2262 651 2327 illu
673 2261 798 2335 misero,
819 2280 915 2344 quam
937 2260 1017 2324 dura
1038 2261 1191 2324 servitus!
1228 2260 1494 2327 Adulescentibus
1513 2264 1611 2348 penlo
1625 2265 1773 2351 loque-⁴⁰

407 2360 545 2424 cioribus
572 2364 622 2422 est
649 2354 873 2428 serviendum,
903 2372 1030 2429 omnes,
1060 2354 1118 2437 qui
1139 2353 1261 2438 aliquid
1283 2356 1365 2422 scire
1386 2356 1547 2435 videntur,
1576 2367 1736 2444 tunquam

408 2453 529 2517 domini
550 2451 714 2515 timentur.
757 2446 860 2511 ludex
888 2467 965 2512 vero
993 2456 1147 2532 quantum
1173 2447 1269 2513 bubet
1295 2450 1508 2526 doninstum,
1535 2473 1601 2537 quo
1624 2453 1736 2520 timore

407 2553 559 2610 nocentes
581 2540 703 2608 ndlioitl
748 2543 797 2605 An
826 2561 889 2604 non
920 2549 970 2605 est
997 2540 1101 2605 omnis
1128 2548 1232 2606 metus
1260 2544 1419 2609 servituri
1460 2541 1514 2608 tl.
1546 2545 1631 2622 Quid
1653 2545 1738 2611 vslst

408 2641 505 2724 igitur
534 2638 590 2702 illu
619 2635 872 2726 eloquentissimi
895 2635 972 2710 viri,
1005 2636 1040 2697 L.
1063 2634 1185 2711 Crsssi,
1215 2636 1346 2720 copiose
1368 2638 1468 2721 msgis
1490 2657 1587 2723 quem
1608 2640 1736 2722 sapiens

408 2733 529 2798 oratio:
569 2730 715 2814 «Eripite
737 2748 797 2792 nos
819 2749 861 2791 ex
882 2729 1081 2793 ecrousen
1125 2728 1215 2805 Quse
1244 2737 1294 2795 est
1318 2731 1381 2795 istu
1407 2732 1545 2797 servitus
1565 2738 1630 2796 tum
1652 2731 1774 2797 elurou

408 2826 530 2890 bonini
553 2833 682 2908 umque
704 2822 827 2887 nobili?
850 2820 961 2885 Omnis
983 2822 1082 2885 enimi
1104 2822 1260 2887 debilitati
1282 2831 1315 2887 et
1333 2823 1465 2889 humilis
1486 2831 1520 2889 et
1538 2823 1629 2890 innoti
1651 2824 1737 2890 tini·

411 2914 495 2983 ¹dilus
517 2919 654 3005 servitus
676 2924 735 2981 est.
780 2915 902 2979 «Nolite
925 2916 1030 2979 sinere
1052 2936 1110 2979 nos
1132 2917 1283 3001 cuiqnsm
1304 2917 1453 2983 senne.»
1497 2919 1535 2983 ln
1556 2919 1737 2985 libertatem

408 3011 563 3078 rindiosri
586 3011 673 3074 volti
716 3009 857 3073 llinime.
901 3008 987 3085 Quid
1010 3010 1096 3073 enim
1117 3010 1284 3094 adiungit?
1329 3012 1416 3076 sliisi
1437 3011 1527 3077 vobis
1547 3013 1734 3079 universis·

409 3105 577 3169 Dominum
599 3112 738 3178 mutere,
768 3122 833 3166 nou
855 3101 936 3167 liber
957 3122 1029 3166 esse
1050 3102 1127 3166 solt.
1173 3103 1322 3180 «Quibus
1344 3112 1377 3170 et
1393 3125 1566 3192 possum
1586 3116 1620 3171 et
1639 3108 1737 3172 debs-

409 3220 509 3264 κιαι.»
540 3200 604 3263 Nos
626 3217 712 3273 vero,
733 3197 760 3261 si
783 3196 913 3280 quidem
934 3197 1042 3260 enimn
1064 3198 1194 3262 excelso
1216 3205 1248 3261 et
1269 3198 1334 3263 ulto
1357 3206 1390 3263 et
1409 3199 1579 3266 virtutibus
1600 3209 1773 3285 suggest

408 3301 477 3358 rsto
498 3313 625 3367 snmus,
646 3312 707 3356 neo
728 3291 882 3355 debemus
903 3309 962 3354 nec
984 3309 1162 3374 possumus.
1206 3292 1255 3355 Tu
1275 3311 1372 3375 posse
1392 3298 1425 3357 te
1446 3293 1562 3368 dicito,
1582 3294 1736 3378 quonism

409 3386 541 3471 quidem
569 3394 677 3470 potes,
708 3386 826 3450 debere
853 3403 893 3447 ne
921 3384 1060 3458 dixeris,
1088 3384 1238 3468 quonism
1266 3384 1348 3450 nibil
1368 3386 1538 3471 quisquam
1560 3386 1654 3452 debet
1673 3386 1737 3452 nisi

409 3479 498 3563 qnod
520 3486 570 3544 est
590 3487 682 3562 turpe
703 3500 768 3542 non
790 3479 934 3542 reddere.
968 3478 1031 3542 Sed
1052 3478 1132 3542 bueo
1154 3478 1318 3543 bectenus.
1350 3479 1409 3545 lllo
1423 3480 1546 3555 rident,
1561 3496 1625 3566 qno
1638 3478 1736 3543 nodo

409 3573 583 3655 imperator
602 3592 673 3636 esse
695 3572 807 3657 possit,
828 3592 902 3636 oum
923 3592 996 3638 eum
1019 3591 1060 3637 ue
1080 3571 1216 3637 liberum
1237 3572 1367 3657 quidem
1387 3591 1459 3638 esse
1478 3574 1561 3639 ratio
1575 3580 1608 3638 et
1620 3572 1736 3637 veritus

409 3666 479 3749 ipsu
500 3666 675 3731 convincet
1742 3675 1773 3724 ss

972 3874 1176 3891 m

841 4058 1215 4129 Pnunnoxort
1256 4061 1315 4126 Π.

529 4219 607 4286 ''Oss
625 4218 726 4304 μόνος
747 4221 767 4285 ὅ
788 4220 896 4300 σοφὸς
918 4219 1080 4298 πλούσιος.

537 4318 644 4407 [Quod
665 4324 753 4388 solus
774 4323 901 4406 sapiens
923 4319 1036 4408 diseo]

495 4461 520 4524 1.
552 4458 604 4526 te.
638 4462 730 4539 Quae
757 4471 806 4528 est
834 4462 894 4527 istu
921 4463 955 4528 iu
982 4461 1259 4529 commemorande
1279 4460 1415 4546 pecunie
1435 4467 1491 4526 tna
1508 4465 1573 4526 tum
1592 4460 1737 4528 insolens

411 4556 602 4620 ostentetiot
646 4557 783 4621 Solusne
805 4564 839 4621 tu
861 4556 970 4623 direct
1013 4559 1073 4622 Pro
1103 4556 1135 4621 di
1163 4551 1373 4620 immortales!
1411 4575 1514 4638 egone
1534 4576 1586 4620 nse
1606 4553 1776 4629 audissesc

410 4650 533 4735 aliquid
561 4660 593 4715 et
621 4651 771 4717 didicisse
800 4671 865 4715 non
887 4652 1063 4735 pendeam?
1101 4651 1237 4715 Solusne
1258 4648 1367 4713 direct
1403 4648 1508 4726 Quid,
1535 4649 1563 4714 si
1584 4667 1626 4713 ne
1647 4649 1736 4714 dives

410 4744 562 4828 quidem?
592 4746 687 4829 quid,
709 4746 737 4809 si
759 4765 881 4829 psuper
903 4746 1021 4810 etism?
1065 4746 1169 4822 Quen
1191 4745 1276 4809 enim
1297 4742 1511 4827 intellegi-ns
1530 4744 1661 4809 divitem
1681 4750 1738 4808 sut

409 4835 472 4911 boc
493 4837 623 4901 verbnm
645 4839 679 4902 in
701 4858 766 4923 quo
788 4839 916 4904 bomine
937 4841 1108 4924 ponimust
1153 4838 1277 4923 Opinon
1298 4838 1331 4902 in
1353 4856 1412 4913 eo,
1440 4837 1518 4923 quoi
1546 4844 1635 4903 tento
1664 4856 1738 4922 pos·

409 4930 510 4994 sessio
540 4938 610 5007 est,
641 4937 677 4996 nt
703 4931 745 4995 sd
774 4931 946 4997 liberaliter
974 4932 1147 4998 vivendum
1173 4931 1265 4998 incile
1295 4937 1466 4996 contentus
1487 4930 1550 5009 sit,
1581 4931 1637 5016 qui
1657 4929 1739 4995 nibil

410 5030 561 5107 quaem,
589 5023 672 5088 nibil
692 5025 840 5110 adpetet,
869 5024 950 5091 nibil
971 5033 1061 5111 optet
1080 5024 1230 5111 emplius.
1279 5021 1332 5091 t3.
1359 5025 1493 5092 monus
1515 5031 1644 5111 oportet
1664 5032 1775 5099 tuusne

476 5273 501 5325 t.
519 5274 721 5337 &quidit-
739 5272 1427 5342 munnere(rociensem,etmpuntttl:
1445 5274 1588 5327 sttco-
1606 5272 1739 5325 boussu-

409 5349 1019 5410 mnsszmroswumotvs-
1045 5349 1361 5404 summoturum
1387 5375 1416 5388 —
1441 5348 1738 5412 tumulatores

411 5448 440 5460 -
452 5425 479 5474 b.
490 5422 590 5488 obstem
606 5424 625 5473 Β
645 5450 674 5461 -
692 5424 843 5485 tondbert
857 5424 966 5490 scripsl:
979 5426 1083 5489 mucis
1093 5425 1126 5488 V,
1139 5425 1244 5489 prscsll
1260 5423 1524 5489 (sedsposteriorin
1536 5423 1738 5485 reclamet·

410 5500 441 5559 Α,
463 5498 557 5550 litteris
574 5502 635 5563 post
651 5512 665 5548 c
680 5512 791 5564 prorsus
807 5500 942 5559 evonidts;
963 5500 1075 5563 mmet,
1093 5500 1355 5564 deotpusmttcsrs
1370 5497 1445 5549 editt.
1473 5523 1501 5535 -
1529 5495 1555 5548 8.
1573 5495 1739 5558 cupidum

411 5574 485 5624 0-
514 5573 796 5637 tiltopsntlortbssll
823 5598 852 5612 -
881 5573 919 5627 tl.
942 5574 989 5625 tlto
1010 5575 1072 5637 stop.
1092 5574 1193 5626 A¹Bv¹
1214 5568 1670 5639 (sedllttsroeosinbtnroslt
1696 5569 1740 5623 tlls

409 5648 460 5711 loc.
477 5649 518 5710 Αἱ,
541 5648 586 5699 ttls
607 5650 658 5713 top.
681 5647 713 5699 v¹
742 5674 770 5687 -
801 5649 842 5700 46.
860 5648 982 5701 rotund
1002 5647 1043 5711 Αἱ,
1070 5651 1101 5697 ut
1121 5646 1243 5699 ridetur:
1269 5646 1398 5699 muoso
1416 5644 1496 5709 Α’Β,
1522 5644 1636 5697 dsbttltos
1659 5643 1683 5695 V
1707 5667 1736 5684 ·-

408 5724 826 5787 troetoC-ttl.olssdtosrs1t
852 5748 880 5762 ·-
907 5719 1736 5789 tt.udmssotpoutssup.lin.m.t)edtcttov-ii.

405 5800 526 5862 potsstv
552 5822 580 5837 -
608 5798 818 5852 usnemu
845 5824 872 5836 -
900 5798 1066 5851 stum
1094 5823 1121 5837 -
1148 5794 1739 5863 rt.ouoosotsssopsmstoec:1sotsss

409 5871 1541 5939 summum.]0-so.usteouo-es.qoosepown¹v-
1565 5869 1736 5922 cuveorr.

410 5946 1445 6015 exus-se.pcwsooe¹;mrunpoeseosts-es.mnuc.
1508 5966 1513 5980 ·
