4342 7459
678 1227 759 1324 aa.
782 1259 837 1322 nr
866 1257 939 1323 cn.
961 1259 1242 1323 xxrx-xxxr.
1272 1257 1318 1342 §a
1341 1256 1483 1323 ro-ra.
1685 1248 1746 1319 aas

421 1440 546 1495 verum,
567 1426 603 1483 ut
624 1438 696 1493 eos,
718 1419 773 1503 qui
795 1418 887 1481 nobis
910 1419 1064 1482 carissimi
1088 1438 1157 1483 esse
1179 1419 1330 1495 debeant,
1352 1440 1454 1504 aeque
1470 1440 1506 1483 ac
1520 1426 1645 1483 nosmet
1659 1420 1746 1502 ipsos

421 1532 576 1589 amemus3
604 1520 640 1577 ut
667 1533 742 1577 vero
770 1512 859 1594 plus,
887 1512 956 1575 fieri
980 1512 1066 1576 nullo
1088 1523 1181 1595 pacto
1203 1520 1320 1596 potest.
1352 1516 1398 1577 Ne
1421 1515 1593 1598 optandum
1616 1513 1745 1597 quidem

420 1607 521 1670 estin
542 1606 695 1681 amicitia,
717 1614 753 1669 ut
775 1625 825 1668 me
847 1606 902 1668 ille
924 1606 996 1689 plus
1019 1627 1114 1689 quam
1136 1628 1187 1681 se,
1210 1627 1269 1689 ego
1284 1607 1372 1669 illum
1387 1608 1458 1692 plus
1474 1630 1566 1691 quam
1582 1627 1651 1681 me;
1675 1627 1745 1689 per·

421 1700 555 1764 turbatio
578 1700 676 1773 vilae,
699 1700 727 1762 si
748 1700 790 1763 ita
811 1700 869 1773 sit,
891 1708 987 1783 atque
1010 1697 1186 1763 officiorum
1210 1701 1349 1763 omnium
1372 1711 1595 1785 consequatur.

501 1794 605 1856 XXX.
635 1793 697 1856 Sed
725 1793 765 1855 de
794 1795 855 1855 hoc
882 1793 976 1856 alias:
1005 1813 1090 1855 nunc
1118 1793 1198 1855 illud
1227 1794 1301 1856 salis
1331 1802 1393 1868 est,
1422 1814 1487 1856 non
1509 1794 1683 1858 attribuere
1705 1793 1769 1856 aaa

418 1888 619 1951 amissionem
641 1888 813 1950 amicorum
837 1886 992 1948 miseriam
1015 1894 1172 1961 nostram,
1194 1907 1234 1950 ne
1257 1887 1330 1949 illos
1351 1888 1534 1971 plusquam
1556 1890 1618 1970 ipsi
1638 1888 1746 1961 velint,

419 1982 445 2045 si
472 1982 626 2055 sentiant,
655 1981 727 2064 plus
757 1988 842 2044 certe
865 1999 959 2062 quam
982 1987 1107 2042 nosmet
1128 1981 1215 2065 ipsos
1238 1979 1415 2063 diligamus.
1449 1984 1527 2045 Nam
1552 1981 1638 2065 quod
1659 1982 1747 2044 aiunt

417 2075 588 2159 plerosque
617 2074 889 2137 consolationibus
917 2073 995 2135 nihil
1026 2074 1123 2136 levari
1152 2075 1393 2156 adiunguntque
1423 2076 1637 2138 consolatores
1659 2076 1746 2156 ipsos
1777 2117 1787 2149 Ι

417 2165 560 2231 confiteri
590 2187 624 2230 se
658 2169 809 2242 miseros,
843 2188 912 2231 cum
940 2167 979 2229 ad
1010 2187 1065 2230 eos
1094 2170 1247 2250 impetum
1276 2189 1365 2230 suum
1395 2170 1520 2249 fortuna
1547 2169 1746 2242 converterit,

416 2270 584 2343 utrumque
607 2259 806 2334 dissolvitur;
829 2269 904 2323 sunt
926 2261 1009 2322 enim
1031 2262 1091 2323 ista
1106 2281 1169 2323 non
1186 2270 1316 2323 naturae
1333 2262 1423 2334 vitia,
1446 2262 1501 2325 sed
1518 2264 1638 2347 culpae.
1662 2262 1783 2325 stul-⁴⁰

416 2356 516 2418 titiam
545 2363 650 2418 autem
680 2376 827 2418 accusare
851 2354 993 2437 quamvis
1017 2356 1145 2437 copiose
1168 2354 1251 2417 licet.
1286 2357 1360 2417 Nam
1384 2357 1491 2439 etqui
1514 2377 1578 2419 non
1602 2358 1746 2419 levantur

415 2450 475 2533 ipsi
503 2470 534 2512 sc
560 2450 600 2511 ad
627 2450 784 2512 miseriam
814 2449 949 2511 invitant
976 2455 1008 2510 el
1034 2450 1089 2530 qui
1117 2468 1192 2510 suos
1214 2468 1306 2510 casus
1329 2448 1421 2510 aliter
1443 2449 1566 2525 ierunt,
1592 2459 1687 2532 atque
1711 2456 1746 2512 ut

415 2552 559 2606 auctores
581 2543 653 2606 aliis
674 2542 736 2624 ipsi
758 2542 901 2615 luerunt,
923 2562 986 2603 non
1010 2550 1082 2603 sunt
1105 2541 1279 2603 vitiosiores
1301 2562 1396 2624 quam
1418 2543 1484 2605 fere
1507 2544 1667 2627 plerique,
1690 2543 1745 2626 qui

415 2638 499 2699 avari
521 2656 648 2709 avaros,
671 2637 790 2718 gloriae
813 2634 947 2718 cupidos
969 2635 1097 2717 gloriosi
1120 2635 1373 2717 reprehendunt3
1403 2646 1451 2699 est
1472 2638 1556 2699 enim
1580 2637 1744 2718 proprium

414 2732 567 2795 stultitiae
588 2731 723 2793 aliorum
746 2730 822 2793 vitia
846 2749 992 2802 cernere,
1015 2730 1159 2792 oblivisci
1180 2749 1321 2818 suorum.
1354 2726 1404 2790 ll.
1429 2730 1491 2792 Sed
1514 2732 1660 2793 nimirum
1683 2730 1782 2792 hoca

415 2845 598 2888 maxumum
625 2832 674 2886 est
703 2825 972 2905 experimentum,
1002 2842 1073 2884 cum
1096 2829 1218 2884 constet
1239 2823 1467 2903 aegritudinem
1490 2833 1644 2888 vetustate
1667 2823 1744 2899 tolli,

414 2919 494 2982 hana
517 2919 581 2980 vim
603 2937 668 2980 non
691 2937 760 2980 esse
782 2918 815 2980 in
838 2916 890 2978 die
912 2917 1064 2999 positam,
1088 2915 1144 2978 sed
1167 2916 1199 2976 in
1222 2917 1411 2997 cogitatione
1435 2918 1590 2982 diuturna.
1623 2921 1702 2982 Nam
1717 2922 1744 2983 si

414 3020 445 3075 et
472 3011 584 3074 eadem
613 3032 665 3074 res
692 3018 741 3073 est
769 3019 801 3072 et
832 3010 916 3071 idem
946 3016 995 3072 est
1021 3009 1135 3082 homo,
1171 3010 1225 3092 qui
1249 3017 1355 3091 polest
1376 3013 1548 3094 quicquam
1571 3013 1611 3075 de
1633 3012 1744 3074 dolore

414 3106 545 3179 mutari,
567 3107 592 3167 si
615 3125 720 3187 neque
743 3105 782 3167 de
805 3125 861 3177 eo,
883 3113 1012 3187 propter
1030 3103 1115 3185 quod
1132 3102 1230 3175 dolet,
1254 3105 1422 3187 quicquam
1445 3113 1495 3187 est
1515 3114 1667 3168 mutatum
1690 3126 1744 3167 ne-

413 3220 474 3281 que
505 3199 545 3261 de
573 3217 627 3272 eo,
660 3200 714 3283 qui
739 3198 849 3261 dolet?
891 3198 1048 3278 Cogitatio
1075 3197 1171 3277 igitur
1193 3195 1341 3259 diuturna
1363 3197 1442 3260 nihil
1466 3218 1534 3260 esse
1557 3199 1590 3259 in
1613 3218 1646 3260 re
1670 3197 1781 3261 malina

413 3293 515 3357 dolori
539 3293 699 3368 medetur,
721 3313 785 3355 non
808 3293 877 3376 ipsa
899 3291 1098 3353 diuturnitas.

495 3387 615 3449 xxxi.
646 3388 704 3449 llic
733 3387 808 3449 mihi
837 3385 983 3448 adserunt
1012 3384 1262 3457 mediocritates,
1300 3405 1383 3468 quae
1414 3386 1440 3448 si
1472 3385 1631 3448 naturales
1660 3391 1744 3463 sunt,

413 3481 487 3566 quid
520 3501 601 3563 opus
627 3490 676 3544 est
701 3480 943 3543 consolatione?
973 3486 1085 3541 natura
1115 3479 1199 3540 enim
1228 3480 1297 3561 ipsa
1323 3480 1502 3543 terminabit
1524 3478 1666 3541 modum:
1694 3478 1743 3540 sin

413 3576 606 3660 opinabiles,
629 3575 738 3657 opinio
762 3582 827 3636 tota
850 3574 986 3636 tollatur.
1022 3573 1105 3634 Satis
1128 3573 1248 3634 dictum
1270 3592 1340 3636 esse
1362 3574 1497 3636 arbitror
1513 3573 1742 3655 aegritudinem

414 3689 480 3732 esse
502 3669 685 3752 opinionem
709 3667 782 3729 mali
805 3668 997 3751 praesentis,
1020 3668 1053 3728 in
1075 3686 1138 3748 qua
1162 3667 1311 3747 opinione
1333 3667 1411 3730 illud
1435 3668 1526 3742 insit,
1550 3675 1587 3729 ut
1607 3668 1780 3749 aegritu-ro

413 3760 516 3824 dinem
547 3763 709 3845 suscipere
738 3769 890 3844 oporteat.
934 3759 984 3821 75.
1007 3760 1144 3822 Additur
1170 3761 1209 3822 ad
1237 3761 1318 3822 hane
1340 3758 1554 3824 definitionem
1577 3781 1595 3823 a
1618 3763 1743 3823 Zenone

412 3866 512 3929 recte,
541 3864 576 3917 ut
604 3856 660 3918 illa
682 3856 789 3938 opinio
819 3856 992 3937 praesentis
1019 3853 1092 3916 mali
1115 3854 1157 3915 sit
1178 3873 1297 3916 recens.
1329 3857 1397 3918 lloc
1420 3867 1523 3919 autem
1546 3854 1675 3919 verbum
1698 3856 1743 3917 sic

413 3952 674 4031 interpretantur,
697 3956 817 4011 utnon
841 3958 960 4011 tanturn
984 3947 1063 4009 illud
1086 3967 1195 4010 recens
1219 3969 1288 4012 esse
1310 3951 1423 4023 velint,
1446 3952 1531 4033 quod
1555 3951 1649 4035 paulo
1671 3958 1743 4012 ante

412 4043 574 4115 acciderit,
608 4042 681 4115 sed,
715 4063 809 4126 quam
840 4043 895 4104 diu
924 4044 956 4104 in
985 4043 1040 4104 illo
1071 4042 1200 4123 opinato
1229 4044 1311 4106 malo
1334 4046 1380 4107 vis
1403 4044 1557 4127 quaedam
1584 4046 1674 4117 insit,
1709 4051 1744 4105 ut

411 4138 514 4220 vigeat
543 4145 575 4198 et
601 4136 715 4198 haheat
743 4136 901 4219 quandam
931 4136 1138 4208 viriditatem,
1170 4145 1233 4198 tam
1264 4137 1318 4199 diu
1346 4138 1524 4220 appelletur
1546 4158 1666 4199 recens.
1705 4137 1779 4198 Ulao

411 4229 580 4292 Artemisia
603 4230 682 4302 itta,
698 4230 833 4292 Mausoli
850 4229 959 4291 Cariae
982 4230 1065 4311 regis
1089 4250 1185 4301 uxor,
1210 4251 1291 4312 quae
1314 4232 1422 4293 nobile
1445 4232 1523 4294 illud
1547 4232 1742 4293 Halicarnasi

410 4323 483 4385 tecit
504 4323 723 4404 sepulchrum,
747 4345 842 4406 quam
867 4323 921 4384 diu
947 4322 1045 4395 viril,
1069 4323 1149 4384 vixit
1171 4325 1202 4384 in
1227 4324 1327 4396 luctu,
1351 4324 1527 4407 eodemque
1551 4326 1643 4386 ctiam
1669 4344 1742 4385 con-

410 4417 490 4480 tecta
513 4418 686 4479 contabuit.
721 4419 802 4478 Huic
825 4425 891 4479 erat
914 4417 966 4477 illa
990 4416 1100 4497 opinio
1125 4416 1240 4478 cotidie
1263 4438 1386 4491 recens,
1412 4439 1493 4501 quae
1517 4427 1580 4480 tum
1604 4418 1742 4501 denique

411 4532 471 4574 non
494 4511 671 4593 appellatur
695 4532 821 4582 recens,
845 4532 913 4572 cum
937 4518 1092 4572 vetustate
1115 4512 1249 4573 exaruit.
1320 4580 1327 4594 .

495 4606 582 4666 llaec
605 4605 700 4686 igitur
722 4602 827 4666 cilicia
850 4613 923 4666 sunt
945 4603 1192 4678 consolantium,
1216 4605 1326 4668 tollere
1349 4607 1577 4688 aegritudinem
1600 4606 1778 4670 tunditusss

410 4708 464 4762 aut
491 4697 602 4761 sedare
626 4706 681 4759 aut
703 4699 868 4760 detrahere
891 4718 984 4780 quam
1015 4698 1194 4780 plurumum
1218 4707 1272 4760 aut
1294 4701 1488 4783 supprimere
1512 4721 1569 4761 nec
1590 4700 1655 4780 pati
1678 4719 1742 4760 ma-

411 4814 486 4856 nare
514 4793 641 4873 longius
671 4800 725 4853 aut
751 4792 790 4854 ad
820 4793 881 4853 alia
910 4791 1085 4854 traducere.
1127 4790 1178 4854 76.
1202 4794 1281 4855 Sunt
1302 4795 1356 4875 qui
1387 4815 1482 4854 unum
1506 4790 1642 4855 officium
1666 4812 1741 4855 con·

411 4887 542 4951 solantis
566 4894 692 4970 putent,
717 4887 834 4948 malum
856 4886 935 4949 illud
958 4888 1085 4948 omnino
1109 4907 1171 4948 non
1195 4907 1279 4961 esse,
1303 4895 1337 4948 ut
1361 4888 1501 4949 Cleanthi
1525 4889 1643 4969 placel3
1667 4895 1741 4949 sunt
1807 4945 1813 4954 .

1413 5031 1471 5039 ..ο-

474 5132 497 5179 2.
517 5134 544 5183 at
561 5142 622 5177 aero
640 5129 659 5177 C
680 5154 706 5162 ·-
725 5130 749 5176 5.
769 5127 893 5176 atribuere
911 5123 939 5175 G¹
951 5128 1007 5175 R¹B
1029 5154 1053 5161 -
1074 5127 1097 5177 9.
1115 5128 1219 5189 fortuna
1238 5141 1289 5177 orn.
1305 5129 1324 5177 C
1338 5154 1364 5162 -
1385 5129 1424 5178 to.
1439 5129 1575 5178 stultitiaC
1592 5157 1618 5165 —
1639 5131 1677 5180 te.
1692 5132 1740 5192 ipsi

407 5218 435 5255 se
450 5207 484 5254 ad
502 5206 637 5255 Davisius:
661 5204 708 5264 ipsi
725 5204 758 5251 ad
776 5205 809 5254 C:
832 5204 879 5263 ipsi
901 5204 934 5250 ad
954 5217 978 5250 sc
996 5203 1027 5250 0.
1056 5202 1110 5251 «Cl.
1130 5202 1144 5264 ἓ
1162 5204 1208 5252 8ὶε
1233 5205 1377 5252 incitatione
1394 5203 1459 5262 (scil.
1479 5206 1524 5265 sai)
1543 5207 1576 5252 ad
1593 5206 1737 5263 dolendum;

407 5281 499 5343 §dl-
519 5280 560 5328 W.
584 5306 608 5313 -
629 5277 664 5340 ut]
683 5279 715 5326 ad
734 5275 763 5328 G¹
783 5305 808 5312 -
831 5279 870 5327 tt.
889 5277 954 5340 sant]
971 5279 1050 5325 solam
1067 5273 1097 5325 (3¹
1113 5302 1138 5313 -
1160 5278 1198 5326 ld.
1218 5292 1366 5326 maxumam
1384 5292 1518 5341 superscr.
1533 5279 1588 5329 arel
1606 5295 1659 5328 men
1677 5282 1695 5329 B
1710 5306 1737 5315 -

406 5354 635 5417 suprimendumt]
658 5381 683 5389 -
708 5354 863 5415 aegritudine
881 5354 929 5400 ott
947 5380 980 5387 —
1000 5354 1063 5399 tollil
1081 5354 1129 5402 GR
1149 5378 1175 5387 -
1202 5354 1239 5400 ll.
1260 5354 1352 5401 diarria
1370 5356 1417 5402 Gll
1437 5358 1463 5402 el
1485 5356 1559 5413 (corr.
1580 5355 1638 5403 ead.
1659 5368 1693 5403 m.
1714 5356 1739 5404 iu

406 5431 538 5486 diuturna]
558 5430 576 5477 B
597 5456 622 5464 -
642 5431 662 5477 si
679 5434 701 5477 el
720 5429 805 5476 eadem
823 5431 857 5476 C:
876 5429 897 5476 si
914 5429 999 5477 eadem
1017 5428 1076 5482 alii.¹
1097 5427 1162 5485 mr„
1181 5440 1249 5489 quae
1268 5430 1396 5489 sequitur,
1416 5430 1589 5491 epexegesiu:
1607 5431 1740 5488 sineque

406 5506 438 5553 de
453 5519 495 5562 co,
511 5510 616 5565 propter
632 5505 698 5564 quad
715 5505 790 5561 dolet,
810 5503 944 5564 quicquam
961 5508 994 5551 est
1005 5506 1142 5558 mutatam,
1163 5515 1256 5562 nequo
1268 5504 1297 5549 de
1308 5516 1345 5559 eo,
1364 5504 1407 5563 qui
1419 5504 1481 5550 dolet
1496 5523 1507 5544 n
1523 5505 1562 5552 W.
1579 5531 1603 5538 -
1620 5505 1659 5553 ru.
1674 5506 1740 5565 qaod

407 5593 478 5630 corr,
493 5578 552 5627 ead.
567 5591 602 5627 m.
617 5580 642 5627 in
656 5581 697 5640 qui
711 5583 729 5625 G
746 5605 768 5614 —
791 5579 883 5626 diurna
901 5580 949 5627 Gli
968 5604 994 5612 -
1014 5579 1053 5625 tt.
1073 5578 1107 5626 ad
1123 5577 1169 5625 hac
1186 5577 1245 5624 rnilri
1263 5578 1400 5637 afferentur
1416 5579 1610 5626 mediocritates:
1628 5592 1739 5638 quac--

406 5654 577 5702 consolatione
593 5655 691 5701 Nonius
710 5666 726 5716 p
749 5653 788 5700 til.
811 5680 837 5688 -
861 5654 1018 5700 mediocritas
1036 5654 1083 5700 ott
1103 5680 1134 5687 -
1159 5653 1197 5700 ΞΕ).
1218 5651 1253 5712 at]
1271 5658 1293 5699 et
1312 5653 1330 5699 t]
1353 5679 1377 5687 -
1399 5653 1438 5700 tt.
1459 5653 1596 5700 alicarnasi
1614 5654 1647 5709 C;
1667 5654 1740 5702 ltali-

407 5730 524 5777 carnassi
541 5728 560 5774 0
577 5754 600 5762 -
621 5727 661 5776 dl.
680 5726 855 5787 appellabatur
872 5729 905 5776 C.
926 5726 990 5774 l'idc
1006 5726 1060 5775 adl
1080 5727 1146 5788 535.
1164 5754 1189 5760 -
1210 5727 1250 5775 38.
1268 5727 1362 5790 parient]
1379 5733 1465 5788 poterit
1481 5729 1566 5774 docere
1586 5726 1734 5777 Lambinus.

410 5803 600 5852 averissimunr
619 5806 658 5852 est
672 5807 697 5851 et
710 5806 890 5851 necessarium
905 5802 1023 5851 Lambini
1042 5802 1256 5864 supplementum
1270 5803 1356 5850 doecre
1369 5802 1409 5863 (ei.
1425 5803 1491 5864 §il
1506 5801 1545 5849 at.
1560 5803 1614 5860 stip
1634 5806 1738 5864 nequis

410 5882 501 5927 autem
525 5877 685 5926 conterendo
705 5878 749 5935 tv,
769 5878 799 5928 83
825 5880 888 5939 (una
910 5878 1009 5925 sanatio
1031 5883 1078 5935 est,
1102 5891 1184 5926 ornnes
1204 5878 1339 5937 opinabiles
1355 5879 1415 5939 esse)
1433 5876 1573 5938 Archetypi
1596 5875 1738 5927 lectionem

410 5951 556 6003 detondere
574 5952 649 6012 velit,
669 5965 765 6002 moneo
783 5957 855 6002 certe
872 5967 951 6003 anam
967 5954 1157 6003 consolationem
1174 5953 1347 6005 scribendum
1364 5954 1453 6015 luisse,
1473 5967 1524 6003 non
1540 5966 1617 6002 unum
1628 5954 1737 6018 alliciam
