4342 7459
835 1287 839 1304 ,
873 1224 1123 1296 FRAGMENTA.

339 1387 450 1447 Vicinus
467 1388 583 1444 rubeant
600 1388 699 1453 nubes,
720 1404 776 1444 non
795 1390 931 1445 crastinus
950 1391 1052 1457 imber,

336 1482 399 1540 Non
418 1484 469 1539 tibi
487 1491 619 1541 nocturno
638 1490 676 1539 est
694 1485 849 1539 metuendus
867 1491 987 1556 tempore
1003 1487 1123 1544 nimbus.

338 1577 371 1635 Si
389 1576 462 1635 Solis
481 1579 558 1634 radii
575 1581 664 1650 niens
683 1580 816 1636 absconsa
835 1580 952 1636 tenebris

338 1672 489 1732 Marcentes
507 1676 596 1730 nitido
615 1676 775 1746 depromant
794 1675 900 1732 lumina
921 1677 1012 1740 eaelo,

338 1765 393 1836 (Ut
412 1782 482 1825 oum
501 1766 586 1827 Luna
606 1783 713 1828 means
733 1766 915 1847 Hyperionis
935 1768 1028 1828 officit
1046 1768 1130 1847 orbi,

340 1858 543 1936 stinguunsur
561 1858 639 1920 radii
656 1876 749 1921 oaeoa
772 1860 901 1938 caligine
927 1862 1035 1940 teoti;)

339 1953 394 2011 Aut
413 1955 520 2012 Phoebo
538 1958 684 2011 instantem
704 1959 829 2011 tardanti
847 1959 958 2013 reddere
977 1959 1078 2025 lucem,

340 2048 375 2107 se
394 2058 449 2106 toto
467 2053 586 2121 [undant
606 2053 660 2107 late
679 2054 760 2124 ionea
778 2053 876 2108 nubila
895 2054 987 2122 caelo,

339 2143 403 2202 Non
420 2147 491 2201 sicco
509 2162 665 2218 praepnans
685 2146 774 2201 arebit
792 2147 902 2217 pulvere
923 2147 1017 2212 tellus,

340 2238 395 2296 Nec
414 2241 480 2304 tibi,
501 2242 538 2304 si,
559 2242 665 2312 superis
684 2257 744 2297 cum
764 2238 812 2296 Sol
830 2248 869 2297 est
886 2243 1031 2314 promimus
1051 2244 1124 2308 oris,

343 2330 467 2391 Obscura
485 2335 581 2390 radios
599 2342 759 2406 praesum
779 2336 836 2391 luce
854 2337 975 2401 uidebis,

342 2426 385 2485 Sit
402 2430 493 2500 pudor
511 2436 560 2484 aut
577 2429 702 2500 pluviam
722 2436 770 2486 aut
788 2437 880 2486 ventos
899 2432 989 2486 uitare
1006 2432 1124 2500 suturm.

344 2520 456 2594 Quoque
475 2523 543 2578 adeo
561 2540 673 2598 surpens
691 2526 782 2595 primo
801 2524 884 2580 iubar
903 2540 1021 2595 aequore
1042 2525 1161 2580 condunt

342 2615 464 2675 Maiores
484 2617 623 2683 tenebrae,
644 2620 737 2674 maior
754 2620 934 2689 supereminet
955 2619 1051 2674 imber.

344 2708 395 2767 Sin
415 2713 490 2767 tenui
508 2712 611 2768 lateant
629 2714 706 2768 radii
727 2713 861 2785 calipine,
893 2713 985 2784 qualis

345 2806 394 2862 Est
412 2813 518 2863 tenerae
535 2808 620 2877 [acies
637 2807 752 2863 nebulae
771 2814 795 2862 et
814 2807 959 2863 subtilibus
978 2808 1099 2871 umbris,

348 2900 480 2960 Vnsturus
498 2902 606 2973 rapidis
626 2898 674 2957 Sol
693 2900 884 2957 obscurabitur
902 2903 1016 2956 austris.

346 2992 400 3052 Sed
416 3012 515 3067 neque,
537 2998 563 3051 si
581 2997 674 3067 cinpat
691 2996 772 3067 niqra
791 2995 933 3066 splendore
951 2995 1075 3064 corolla,

346 3088 423 3146 Suda
442 3091 534 3154 dabit,
556 3106 661 3162 quoque
679 3096 718 3145 est
739 3088 811 3146 Solis
830 3092 949 3145 vicinior
967 3098 1059 3154 astro,

347 3179 408 3249 Quo
427 3182 550 3253 nipcior,
571 3182 665 3251 peior:
686 3181 768 3235 binae
785 3181 946 3235 saevissima
964 3182 1054 3252 sipna.

345 3273 478 3347 Adspice,
497 3291 564 3331 num
582 3284 669 3332 terras
689 3292 749 3332 rum
769 3273 817 3332 Sol
835 3278 916 3346 petit,
939 3284 988 3331 aut
1005 3277 1074 3347 petit
1092 3276 1202 3346 undas,

345 3368 487 3425 Erisbcant
503 3371 604 3442 nubes,
626 3369 735 3442 (diem
754 3370 866 3426 Parels'a
887 3366 992 3442 Graii)

346 3462 370 3520 A
390 3462 481 3520 Borea
501 3471 550 3520 aut
569 3465 669 3522 Austro
689 3472 738 3521 aut
756 3482 774 3519 a
793 3463 885 3521 borea
904 3471 930 3521 et
949 3465 985 3520 ab
1010 3461 1128 3527 Austro,·

347 3557 471 3631 Adspice,
493 3566 517 3614 et
536 3560 608 3615 banc
625 3576 713 3615 seron
733 3575 790 3614 non
807 3575 938 3629 umquam
956 3558 1061 3630 neplipe
1079 3574 1185 3614 cusam.

345 3650 471 3725 Namque
490 3659 635 3724 utrumque
653 3655 724 3722 sacis
742 3655 768 3709 si
786 3654 884 3710 nubila
901 3670 1011 3725 surpere
1032 3668 1123 3709 cernes

347 3747 462 3805 Aemula
482 3748 619 3804 Pboebeae
636 3749 807 3819 mediumque
825 3749 900 3819 apud
918 3764 1041 3818 aequm
1060 3746 1212 3811 Phoebum,

347 3841 435 3899 Nulla
453 3858 533 3899 mora
551 3849 605 3906 est,
626 3842 716 3897 subito
735 3844 911 3899 &muninus
929 3843 1034 3914 inpruit
1052 3842 1151 3897 imber.

348 3934 401 3992 Sin
419 3935 524 3992 boreas
542 3952 629 3991 mam
647 3936 717 3991 caeli
736 3936 785 3991 sub
804 3936 927 3992 culmina
948 3936 1047 3991 nubem

348 4030 480 4101 limmat,
501 4037 588 4086 metue
606 4047 625 4086 a
644 4029 748 4095 borea,
770 4032 814 4086 sin
833 4029 947 4099 Auster,
969 4032 1005 4087 ab
1024 4029 1137 4087 Austro.

348 4124 457 4182 iunctus
476 4127 530 4181 erit
547 4126 673 4195 nimbus,
693 4126 718 4179 si
737 4126 847 4181 iunctae
864 4125 982 4181 nubibus
1001 4125 1102 4180 undas.

349 4219 424 4289 Quin
441 4223 525 4278 stiam
544 4221 650 4276 occidui
668 4221 801 4291 spectabis
820 4221 911 4277 litoris
930 4237 999 4291 ora,

349 4315 428 4372 Certa
447 4316 498 4371 ts'bi
517 4317 624 4372 occidui
643 4316 806 4371 monstrabit
829 4316 919 4371 litoris
939 4331 1001 4371 ora.

348 4408 405 4469 Ast
426 4415 531 4468 autom
551 4405 635 4467 tonui
652 4423 734 4485 quoe
751 4405 865 4468 condet
882 4404 998 4466 lumino
1017 4405 1134 4467 Phatne

348 4504 436 4577 Sipna
454 4505 503 4559 dat
521 4505 552 4559 in
573 4501 678 4559 Cancro
697 4511 820 4574 spectans
839 4502 985 4574 aquilonia
1003 4504 1094 4575 ilabsa
1113 4497 1117 4508 '

350 4599 384 4655 llt
402 4601 525 4671 asininae
545 4600 618 4654 tenui
635 4599 729 4654 stellae
747 4598 896 4670 sulpure
914 4599 1066 4654 micantes:

348 4693 410 4751 Has
427 4709 483 4749 non
502 4695 632 4749 distantes
650 4695 768 4749 nimium
785 4694 934 4749 nimiumve
950 4695 1123 4765 propinquas

349 4787 484 4859 Dispescit
502 4789 624 4859 spatium
641 4788 732 4844 cubito
749 4802 806 4843 non
824 4787 908 4843 latius
930 4803 1002 4843 uno:

350 4881 406 4939 llla
423 4882 497 4938 subit
515 4880 638 4946 Borean,
660 4881 732 4937 subit
751 4882 818 4937 baec
836 4884 956 4938 vicinior
975 4880 1117 4938 Austrum.

349 4976 411 5033 Has
429 4975 528 5033 Asinos
547 4978 658 5045 dicunt,
680 4978 800 5032 mediam
818 4976 950 5048 Pnaesepe
972 4982 1120 5041 vocarunt,

351 5068 434 5141 Quod
449 5072 539 5127 subito
559 5072 681 5143 liquidas
699 5090 779 5144 saepe
797 5074 932 5129 euanescit
951 5073 982 5127 in
1000 5089 1104 5141 auras,

352 5165 418 5224 Cum
437 5166 509 5222 caeli
527 5167 610 5222 nituit
628 5166 787 5238 penitabilis
806 5183 880 5223 aura
899 5168 1002 5231 sereni,

351 5258 519 5333 Coniunpens
537 5262 658 5332 penninos
676 5262 814 5318 subtracto
833 5262 920 5317 sidere
938 5258 1060 5316 Asellus:

349 5355 467 5411 Postilla
485 5356 620 5411 undosam
638 5358 741 5427 poteris
759 5364 880 5428 spectare
891 5356 1051 5429 procellam.

350 5447 383 5506 Si
401 5452 485 5522 reipsa
503 5452 539 5505 sit
558 5450 677 5515 Pbatne,
699 5454 814 5523 pernimis
833 5452 910 5508 color
928 5468 998 5507 unus
1017 5453 1048 5506 in
1070 5451 1155 5505 astris

351 5540 384 5601 ss·
401 5545 504 5608 nuent,
524 5544 627 5616 pluuiis
646 5546 794 5602 declivibus
813 5563 883 5602 asoa
908 5546 1064 5602 madebunt.

352 5637 384 5697 Si
403 5637 509 5694 boreae
524 5640 641 5710 propios
659 5641 799 5712 lanquenti
818 5647 924 5711 torpeat
942 5643 1005 5712 ipsse

352 5731 429 5790 Nube
448 5733 535 5789 latens
553 5751 651 5800 caeca,
672 5736 758 5790 niteat
777 5736 895 5791 vicinior
913 5734 1032 5801 Austro,

353 5825 411 5884 Par
428 5829 553 5884 metuisse
570 5827 671 5886 Notum
690 5836 744 5886 est:
765 5836 862 5887 contra
880 5830 925 5887 bic
943 5832 969 5886 si
986 5835 1124 5893 marceat,
1153 5826 1200 5884 ills

439 5993 625 6044 litum-N.
