4342 7459
705 1294 774 1358 an.
795 1294 821 1357 1.
849 1293 926 1357 cn.
947 1292 1204 1362 xva-xvuc
1230 1291 1278 1378 §s
1298 1289 1443 1357 rra-cr.
1693 1278 1732 1348 ur

409 1463 557 1540 cesserit3
584 1470 616 1527 at
642 1469 753 1526 contra
779 1462 918 1544 gaudere
945 1468 1071 1526 nosmet
1101 1461 1284 1526 omittendis
1306 1461 1483 1538 doloribus,
1515 1460 1608 1526 etlam
1630 1461 1658 1525 si
1680 1480 1737 1524 ro-

408 1559 512 1644 luplas
533 1578 582 1633 ea,
603 1578 686 1641 quae
707 1577 834 1620 sensum
858 1564 995 1630 moveat,
1018 1555 1105 1619 nulla
1121 1557 1325 1631 successerit3
1348 1575 1451 1639 eoque
1466 1556 1605 1638 intellegi
1620 1562 1739 1639 potest,

408 1660 525 1735 quanta
553 1653 703 1735 voluptas
730 1653 860 1715 sitnon
891 1651 1009 1715 dolere.
1051 1649 1104 1714 57.
1127 1652 1189 1714 Sed
1218 1656 1254 1713 ut
1281 1650 1321 1713 iis
1342 1652 1434 1714 bunis
1456 1651 1623 1732 erigimur,
1653 1668 1737 1732 quac

408 1754 641 1831 eupcatamus,
669 1746 715 1809 sic
744 1745 897 1808 laetamur
918 1745 976 1819 iis,
998 1764 1081 1827 quae
1101 1745 1320 1820 recordamur3
1347 1745 1436 1808 stulti
1457 1752 1562 1807 autem
1583 1744 1737 1808 maloram

409 1841 562 1903 memoria
583 1848 789 1924 torquentur,
821 1840 979 1923 sapientes
1001 1839 1084 1902 bona
1106 1839 1276 1923 praeterita
1296 1848 1383 1922 grata
1404 1838 1622 1901 recordatione
1644 1850 1761 1900 reno-c

408 1941 479 1997 rata
500 1932 671 1997 delectant.
711 1935 769 1997 Est
789 1940 895 1996 autem
918 1934 1012 1995 situm
1034 1935 1068 1997 in
1090 1933 1198 2008 nobis,
1219 1941 1255 1996 ut
1276 1940 1309 1996 et
1328 1933 1462 1998 adversa
1477 1934 1568 2015 quasi
1584 1937 1738 2015 perpetua

408 2029 567 2095 oblivione
598 2030 769 2095 obruamus
799 2036 832 2091 et
853 2029 991 2092 secunda
1013 2026 1152 2090 iucunde
1173 2046 1210 2089 ac
1231 2027 1371 2089 suaviter
1392 2025 1636 2089 meminerimus.
1674 2022 1737 2086 Sed

407 2142 479 2185 cum
501 2142 555 2197 ea,
577 2142 660 2207 quae
681 2123 929 2207 praeterierunt,
950 2122 1015 2184 acri
1034 2122 1140 2185 animo
1162 2129 1193 2183 et
1213 2128 1335 2185 attento
1357 2122 1529 2195 intuemur,
1551 2126 1618 2182 tum
1636 2114 1680 2193 fit,
1702 2124 1738 2179 ut

407 2218 571 2299 aegritudo
594 2227 762 2301 sequatur,
785 2218 813 2280 si
835 2217 889 2280 illu
912 2216 994 2279 mala
1015 2216 1095 2290 sint,
1117 2214 1254 2288 laetitia,
1275 2216 1303 2279 si
1323 2215 1418 2286 bona.

490 2312 606 2374 xvlll.
635 2310 662 2373 0
692 2310 886 2393 praeclaram
909 2310 1000 2372 beate
1022 2307 1148 2371 vivendi
1171 2316 1204 2371 et
1224 2317 1363 2392 apertam
1387 2316 1419 2372 et
1440 2309 1614 2392 simplicem
1636 2314 1669 2372 et
1689 2307 1775 2371 ‹li-tc

408 2411 525 2468 restam
553 2404 656 2467 viami
696 2403 773 2466 Cum
805 2404 889 2465 enim
918 2411 1003 2466 certe
1031 2403 1112 2466 nihil
1140 2403 1261 2465 bomini
1290 2404 1393 2486 possit
1413 2402 1527 2467 melius
1548 2423 1618 2466 esse
1640 2421 1736 2486 quam

406 2517 519 2561 vacare
541 2498 629 2561 omni
652 2498 764 2560 dolore
787 2505 819 2559 et
841 2496 987 2560 molestia
1007 2496 1193 2579 perfruique
1215 2497 1361 2560 maximis
1384 2504 1417 2561 ct
1436 2496 1533 2559 animi
1549 2502 1581 2559 ot
1598 2496 1737 2579 corporis

406 2590 639 2674 voluptatibus,
661 2591 833 2665 videtisne,
856 2610 951 2674 quum
973 2591 1051 2654 nibil
1073 2592 1354 2675 praetermittatur,
1378 2589 1465 2674 quod
1482 2592 1577 2653 vitam
1598 2591 1736 2663 adiuvet,

408 2703 472 2767 qno
500 2684 628 2749 lucilius
656 2685 707 2759 id,
737 2685 823 2768 quod
850 2684 1046 2766 propositum
1069 2692 1131 2758 est,
1162 2704 1319 2747 summum
1341 2684 1458 2747 bonum
1480 2684 1736 2767 consequamur?

409 2777 529 2841 Clamat
549 2780 721 2861 Epicurus,
746 2778 789 2850 is,
812 2797 907 2860 quem
929 2797 986 2839 vos
1008 2778 1103 2840 nimis
1126 2777 1341 2859 voluptatibus
1364 2795 1434 2840 esse
1455 2776 1599 2839 deditum
1622 2773 1775 2849 dicitis,tc

406 2892 471 2934 non
493 2891 591 2954 posse
612 2872 751 2934 iucunde
773 2872 851 2944 vivi,
880 2870 942 2933 nisi
970 2871 1147 2952 sapienter,
1176 2870 1309 2932 honeste
1338 2869 1487 2953 iusteque
1508 2870 1649 2943 vivatur,
1676 2885 1737 2930 nec

407 2966 582 3048 sapienter,
609 2966 758 3039 bonerto,
789 2966 886 3038 iuste,
910 2963 973 3026 uisi
995 2964 1143 3027 iucunde.
1186 2961 1238 3025 58.
1259 2965 1369 3046 Neque
1392 2963 1477 3025 enim
1499 2962 1611 3025 civitas
1631 2963 1665 3025 in
1687 2981 1739 3024 se·

408 3058 531 3122 ditione
552 3057 645 3121 beata
667 3078 737 3121 esse
758 3065 863 3140 potest
885 3077 943 3119 nec
963 3058 997 3118 in
1012 3058 1170 3120 discordia
1185 3057 1384 3121 dominorum
1401 3056 1531 3119 domus:
1553 3057 1738 3138 quominus

407 3152 533 3217 animus
561 3171 581 3216 a
611 3172 648 3215 se
673 3153 743 3235 ipse
765 3151 922 3214 dissidens
950 3170 1122 3234 secumque
1146 3152 1328 3215 discordans
1349 3157 1476 3233 gustare
1497 3157 1618 3234 partem
1640 3149 1737 3212 ullam

407 3246 551 3332 liquidae
585 3245 758 3329 voluptatis
791 3253 823 3307 et
853 3245 970 3309 liberae
997 3251 1112 3329 potest.
1156 3245 1254 3327 Atqui
1281 3241 1496 3326 pugnantibus
1518 3250 1549 3305 et
1571 3243 1781 3306 contrariisrc

407 3341 522 3406 studiis
554 3341 759 3423 consiliisque
792 3360 918 3422 semper
946 3346 1039 3403 utens
1069 3338 1147 3401 nibil
1180 3338 1281 3422 quieti
1310 3338 1432 3412 videre,
1465 3335 1545 3399 nibil
1575 3336 1739 3421 tranquilli

408 3442 523 3519 potest.
567 3432 620 3497 59.
642 3434 736 3510 Quod
759 3435 785 3496 si
809 3434 951 3516 corporis
974 3433 1169 3516 gravioribus
1191 3431 1311 3495 morbis
1331 3433 1415 3496 vitae
1438 3430 1618 3494 iucunditas
1640 3432 1740 3513 impe·

409 3529 511 3603 ditur,
541 3536 663 3612 quanto
691 3529 791 3609 magis
821 3528 919 3590 animi
941 3527 1059 3591 morbis
1081 3528 1228 3609 impediri
1250 3546 1382 3591 necesse
1403 3527 1471 3590 estl
1508 3526 1612 3590 Animi
1633 3534 1738 3589 autem

408 3623 509 3686 morbi
533 3628 608 3685 suut
629 3622 818 3704 cupiditates
841 3622 1012 3682 immensae
1035 3626 1067 3682 et
1088 3620 1199 3683 inanes
1219 3621 1416 3696 divitiarum,
1437 3620 1572 3702 gloriae,
1594 3621 1740 3685 domina·

408 3716 520 3789 tinnis,
542 3714 783 3779 libidinosarum
799 3716 892 3777 etiarn
909 3714 1122 3796 voluptatum
1144 3716 1301 3777 accedunt
1314 3714 1541 3797 aegritudines,
1564 3713 1777 3788 molestiaene

408 3829 578 3882 maerores,
600 3810 658 3892 qui
680 3809 821 3871 exedunt
842 3807 964 3869 animos
989 3804 1225 3891 conficiuntque
1247 3808 1330 3871 curis
1352 3809 1515 3871 bominum
1530 3827 1596 3870 non
1614 3806 1739 3869 intelle·

408 3903 551 3985 gentium
580 3901 660 3965 nibil
688 3901 860 3964 dolendum
889 3920 960 3963 esse
989 3901 1111 3973 animo,
1129 3900 1226 3984 ‘qnod
1249 3903 1291 3965 ait
1311 3922 1329 3965 a
1352 3902 1461 3966 dolore
1482 3904 1622 3984 corporis
1650 3920 1739 3986 prae·

408 3996 491 4059 renti
522 3993 670 4058 futurove
691 3996 881 4058 seiunctum.
920 3995 984 4057 Nec
1005 4014 1081 4057 vero
1104 3996 1275 4077 quisquam
1297 3995 1412 4059 stultus
1435 4015 1499 4077 uon
1519 3996 1633 4059 borum
1655 4015 1740 4057 mor·

408 4091 519 4154 borum
551 4089 662 4171 aliquo
690 4089 829 4151 laborat:
859 4107 952 4150 nemo
980 4088 1076 4169 igitur
1108 4096 1157 4151 est
1184 4108 1249 4150 non
1271 4090 1376 4152 miser.
1418 4087 1469 4150 60.
1492 4089 1623 4152 Accedit
1643 4091 1738 4153 ctiam

409 4205 511 4258 mors,
541 4203 636 4265 quae,
667 4184 758 4265 quasi
782 4204 893 4245 saxum
921 4183 1069 4254 Tantalo,
1102 4203 1226 4264 semper
1251 4184 1426 4266 impendet,
1457 4191 1522 4246 turn
1545 4185 1776 4267 superstitio,³o

409 4298 472 4362 qua
503 4279 559 4361 qui
593 4287 641 4339 est
670 4277 826 4349 imbutus,
857 4276 984 4359 quietus
1014 4296 1083 4337 esse
1111 4296 1281 4358 numquam
1310 4285 1424 4361 potest.
1469 4280 1635 4341 Praeterea
1656 4280 1738 4342 bona

409 4372 578 4454 praeterita
599 4391 665 4433 non
687 4372 915 4443 meminerunt,
937 4371 1155 4453 praesentibus
1177 4392 1240 4433 non
1260 4372 1423 4446 fruuntur3
1445 4372 1549 4435 futura
1571 4373 1665 4436 modo
1683 4392 1738 4434 ex-

409 4474 565 4548 metant,
597 4485 679 4547 quae
711 4465 787 4547 quia
819 4473 904 4526 certa
926 4483 995 4526 esse
1020 4484 1085 4526 non
1107 4474 1255 4547 possunt,
1285 4463 1494 4529 coniiciuntur
1516 4475 1548 4530 et
1569 4487 1685 4549 angore
1707 4473 1740 4527 et

410 4566 511 4631 metu,
534 4561 736 4641 maximeque
758 4560 955 4630 cruciantur,
980 4578 1051 4620 cum
1074 4579 1145 4621 sero
1167 4563 1309 4624 sentiunt
1331 4561 1446 4623 trustra
1469 4581 1503 4622 se
1517 4570 1571 4623 aut
1586 4560 1739 4642 pecuniae

410 4651 570 4715 studuisse
593 4661 648 4715 aut
669 4653 810 4735 imperiis
832 4662 887 4715 aut
908 4652 1021 4734 opibus
1044 4660 1099 4713 aut
1125 4651 1253 4733 gloriae.
1290 4654 1400 4716 Nullas
1422 4655 1506 4717 enim
1528 4662 1776 4716 consecunturar

410 4745 601 4827 voluptates,
629 4766 762 4829 quarum
790 4746 931 4828 potiendi
960 4766 1015 4827 spe
1041 4746 1225 4809 inflammati
1254 4748 1370 4810 multos
1399 4748 1521 4811 labores
1543 4766 1739 4828 magnosque

410 4847 624 4922 susceperant.
668 4835 719 4902 bl.
741 4841 823 4902 Ecce
846 4849 951 4902 autem
973 4839 1027 4901 alii
1051 4840 1165 4902 minuti
1188 4848 1218 4903 et
1239 4842 1384 4923 augusti,
1410 4849 1464 4904 aut
1485 4842 1591 4904 omnia
1613 4861 1741 4924 semper

1291 5031 1738 5039 —————-.-.—.——.-...-

472 5157 497 5207 6.
516 5162 540 5206 et
556 5169 609 5206 om.
629 5158 648 5206 Β
671 5184 693 5194 -
716 5157 740 5206 7.
759 5156 875 5220 amanda]
893 5155 977 5205 scania
993 5157 1012 5205 Β
1031 5180 1058 5190 -
1078 5154 1103 5204 8.
1123 5158 1216 5203 attento
1233 5157 1268 5204 ll:
1287 5155 1380 5205 intento
1395 5155 1493 5215 ΒΜο;
1513 5156 1546 5206 ci.
1565 5156 1598 5207 dc
1611 5158 1682 5207 Orat.
1696 5158 1738 5215 ΙΙΙ,

409 5232 474 5295 Sti.
490 5257 514 5268 -
535 5234 596 5293 tam]
614 5246 670 5281 carn
683 5234 700 5281 Β
715 5258 741 5267 -
762 5233 786 5282 9.
800 5234 897 5281 taetitia
913 5234 934 5281 si
952 5232 1016 5280 bona
1029 5234 1061 5280 A:
1080 5230 1247 5279 albicantia
1264 5231 1355 5279 ΒΜ-
1377 5230 1589 5295 taquamquam
1605 5234 1738 5293 Blnonlll

411 5334 435 5344 -
457 5306 498 5357 tl.
516 5321 699 5368 moseqaamar
716 5310 734 5356 B
756 5336 781 5342 -
803 5309 843 5356 ⁴7.
862 5309 928 5357 enim
944 5310 980 5356 A:
999 5320 1053 5355 orn.
1073 5307 1107 5363 Β;
1128 5305 1209 5368 [eninr]
1228 5307 1253 5355 Μ
1269 5332 1302 5342 -
1321 5306 1360 5354 49.
1380 5307 1513 5356 dicmdana
1530 5311 1590 5357 Α-
1610 5310 1650 5357 20,
1670 5310 1740 5368 atqui

407 5384 468 5432 AB:
488 5385 635 5446 atquaO-
656 5385 697 5432 tt.
717 5383 796 5442 quiete
808 5384 840 5440 Β,
860 5384 908 5432 sed
927 5383 998 5431 idem
1016 5382 1147 5440 tranquilli
1160 5407 1186 5415 -
1201 5380 1241 5428 22.
1254 5381 1471 5429 citac—-morbis
1486 5394 1540 5431 orn.
1555 5383 1574 5431 E
1591 5386 1654 5444 (non
1668 5383 1695 5442 Β)
1710 5408 1737 5416 -

408 5458 446 5506 it.
465 5459 525 5519 imp.
544 5471 638 5507 nesam
652 5463 731 5519 potest
750 5457 804 5515 [sed
823 5472 916 5507 neccsse
934 5456 1002 5506 linea
1020 5470 1035 5504 a
1054 5469 1093 5519 pr.
1113 5469 1148 5505 rn.
1168 5454 1299 5504 subducta
1318 5456 1481 5517 significatur
1497 5455 1650 5516 delendum)
1670 5459 1689 5505 Α
1710 5482 1736 5491 -

408 5531 446 5580 at.
465 5534 581 5581 inmanes
597 5535 655 5582 ΑΒ.
674 5533 713 5582 Ci.
727 5532 743 5595 S
756 5534 787 5581 53
805 5537 831 5581 et
848 5533 881 5582 de
899 5533 1094 5596 permutatione
1114 5532 1208 5579 borum
1222 5529 1365 5579 verborum
1379 5531 1420 5590 lv,
1433 5531 1448 5595 5
1460 5531 1500 5581 23.
1515 5558 1542 5567 -
1562 5532 1742 5580 dominationes

408 5606 485 5655 ΑΒΕ
499 5633 525 5642 -
545 5608 585 5655 26.
600 5609 707 5655 audam
725 5609 787 5666 (eac.
802 5608 855 5665 lili)
874 5609 970 5655 animos
985 5608 1070 5656 ABE:
1091 5608 1187 5655 animos
1204 5607 1310 5655 eadunt
1327 5606 1347 5654 0
1362 5633 1388 5642 —
1408 5608 1448 5656 27.
1462 5621 1480 5655 n
1495 5607 1587 5667 dolore]
1605 5606 1681 5655 adare
1692 5608 1739 5664 Δίς

407 5682 485 5729 adore
500 5680 532 5730 Α2
552 5708 576 5718 -
601 5683 642 5731 29.
661 5687 695 5729 cst
713 5681 775 5729 nli:
800 5695 886 5729 eornm
903 5694 964 5730 cum
983 5682 1074 5731 Ursino
1093 5682 1113 5730 0
1133 5707 1159 5716 -
1178 5680 1274 5730 Accedit
1286 5706 1324 5717 ·—
1336 5680 1443 5731 imbntnr
1460 5680 1535 5730 affert
1553 5682 1652 5731 Nonius
1670 5682 1740 5730 blar-

409 5755 489 5806 cellus
507 5771 533 5820 p.
552 5756 613 5816 iil,
633 5757 673 5805 29.
696 5783 722 5791 -
746 5755 786 5804 ³0.
805 5758 921 5817 impendit
940 5757 994 5817 (sic)
1014 5756 1061 5805 BE
1082 5782 1108 5790 -
1128 5762 1180 5805 tam
1198 5757 1258 5817 qnia
1275 5758 1317 5817 qai
1335 5759 1396 5817 tom.
1415 5756 1562 5818 mosronia)
1581 5757 1688 5805 Nonius.
1710 5779 1736 5791 -

408 5831 447 5882 dl.
463 5834 575 5893 pecuniis
593 5834 610 5880 Β
628 5858 661 5867 -
686 5831 727 5879 3Ἱ.
753 5831 816 5879 Εεεο
836 5838 920 5879 antem
941 5833 1004 5879 matt
1024 5832 1114 5879 minuti
1138 5838 1161 5880 ct
1178 5833 1278 5895 angusti
1295 5839 1317 5881 et
1334 5836 1418 5882 omnia
1435 5848 1453 5883 s.
1472 5835 1538 5894 desp.
1558 5836 1603 5880 ant
1618 5833 1739 5893 malivoli,

408 5907 498 5966 iwidi,
522 5908 621 5969 danais
642 5911 689 5964 ast,
713 5904 828 5967 tunsam,
852 5906 979 5966 medici,
1002 5907 1153 5956 mornrnost
1174 5908 1273 5958 Nouius
1296 5909 1375 5958 blare.
1399 5922 1425 5972 p.
1444 5907 1502 5969 ata,
1521 5907 1562 5956 27.
1584 5933 1611 5942 -
1637 5908 1737 5972 minati]

408 5981 501 6029 minaci
519 5981 550 6038 Β;
570 5981 664 6031 inimici
682 5981 701 6031 Ε
722 6006 748 6017 -
768 5980 820 6047 aut]
837 5986 865 6030 nt
881 5983 909 6032 Β.
