4342 7459
443 1268 488 1336 90
726 1278 781 1344 DE
801 1276 958 1342 Fuimus
978 1275 1177 1342 nouorum
1197 1276 1250 1341 ET
1271 1275 1472 1343 MALORUM

442 1445 557 1511 iniuate
578 1445 664 1513 laeta
682 1448 880 1524 eondnnnnt,
902 1449 957 1533 qui
978 1467 1038 1512 aaa
1052 1446 1146 1510 facile
1160 1441 1286 1509 efficere
1300 1445 1414 1529 possit,
1437 1444 1525 1529 quod
1540 1453 1682 1522 conetur,
1705 1467 1764 1511 nee

442 1538 603 1617 oblinere,
631 1544 660 1606 ai
681 1544 837 1616 effecerit,
858 1551 891 1606 et
912 1562 989 1626 opea
1010 1541 1062 1605 rel
1082 1540 1229 1603 fortunae
1250 1539 1301 1602 rel
1323 1539 1443 1622 ingenii
1464 1540 1643 1605 liberalitati
1665 1543 1765 1625 megia

442 1635 651 1711 eonveninnt,
681 1656 746 1720 qua
774 1637 829 1720 qui
858 1644 1005 1711 utuntur,
1039 1634 1293 1700 benevolentiam
1322 1634 1384 1697 eibi
1406 1635 1578 1698 conciliant
1595 1643 1644 1710 et,
1677 1637 1765 1721 qnod

441 1727 639 1811 aptiaaimum
662 1729 772 1794 ettad
793 1731 902 1814 quieta
922 1728 1107 1803 vivendum,
1137 1728 1312 1802 damiatem,
1340 1729 1523 1810 praesertim
1545 1749 1617 1792 num
1638 1733 1766 1794 omniuo

417 1820 530 1884 annua
558 1823 601 1886 ait
627 1841 722 1886 eauaa
742 1821 904 1907 peccandi.
946 1819 998 1885 53.
1021 1822 1111 1898 Quae
1133 1822 1219 1885 euim
1240 1822 1429 1906 cupiditates
1449 1841 1470 1886 a
1490 1831 1604 1886 natura
1624 1822 1767 1907 proficie-

442 1922 567 1989 ountur,
594 1914 689 1978 facile
720 1917 891 1999 explentur
912 1916 981 1980 aine
1001 1916 1068 1980 ulla
1089 1915 1222 1980 iniuria:
1252 1935 1335 1999 quae
1357 1922 1461 1981 autam
1483 1917 1595 1980 inanea
1615 1925 1705 1993 aunt,
1727 1919 1766 1982 iia

441 2007 615 2089 parendum
644 2028 709 2073 non
739 2017 800 2075 eat.
836 2010 924 2074 Nihil
954 2011 1038 2074 enim
1068 2008 1279 2073 desiderabile
1300 2008 1546 2091 eononpiaeunt,
1575 2011 1711 2094 pluaqne
1733 2013 1767 2074 in

440 2099 510 2182 ipaa
530 2101 647 2167 iniuria
668 2104 847 2169 detrimenti
870 2112 919 2168 eat
932 2124 1028 2188 qnam
1050 2104 1084 2168 in
1098 2105 1138 2168 iia
1152 2104 1246 2167 rebua
1262 2103 1483 2180 emolumenti,
1506 2123 1588 2187 quaa
1604 2105 1769 2186 pariuntur

440 2192 567 2258 iniuria.
602 2196 713 2280 ltaque
734 2217 775 2261 ne
798 2198 948 2262 iustitiam
970 2198 1101 2283 quidem
1122 2205 1208 2262 recte
1223 2198 1297 2281 quia
1312 2197 1429 2262 dixerit
1443 2217 1501 2280 per
1513 2217 1549 2261 aa
1564 2198 1665 2280 ipsam
1680 2207 1770 2282 opta·

405 2286 554 2364 nbilam,
576 2290 633 2355 aed
656 2291 732 2375 quia
754 2292 958 2356 iucunditatis
981 2293 1031 2357 vel
1052 2292 1220 2375 plurimum
1243 2293 1363 2354 alferat.
1399 2293 1477 2355 Nam
1501 2290 1591 2374 diligi
1613 2298 1646 2354 et
1660 2310 1768 2354 eanum

441 2400 512 2444 aare
532 2381 702 2448 ineundum
724 2394 773 2450 eat
793 2394 975 2470 propterea,
998 2386 1075 2470 quia
1097 2386 1244 2449 tutiorem
1269 2386 1363 2448 vitem
1384 2391 1416 2448 et
1430 2383 1621 2468 voluptatem
1644 2384 1768 2468 plenio-

440 2494 506 2538 rem
528 2473 635 2542 efficit.
677 2481 788 2564 ltaque
809 2500 874 2545 non
896 2481 937 2544 ob
960 2500 998 2544 ea
1019 2479 1125 2543 nolum
1144 2479 1362 2551 incommoda,
1385 2497 1469 2562 qnae
1484 2478 1634 2542 eveniunt
1651 2477 1769 2561 impro-

439 2567 504 2643 bia,
531 2567 714 2653 fugiendam
738 2575 972 2656 improbitatem
998 2582 1165 2658 putamus,
1193 2574 1250 2637 aed
1279 2573 1379 2637 multo
1408 2572 1501 2636 etiam
1523 2572 1638 2655 magis,
1669 2572 1767 2656 quod,

440 2661 533 2725 euius
552 2664 586 2727 in
606 2666 715 2730 animo
735 2675 896 2743 vereatur,
925 2689 1100 2753 numquam
1128 2668 1207 2730 sinit
1227 2687 1300 2731 eum
1322 2666 1494 2748 respirare,
1521 2686 1693 2750 numquam
1716 2685 1769 2729 ao·

404 2755 617 2838 requiescere.
659 2757 711 2824 54.
733 2760 828 2837 Quod
850 2763 877 2826 ai
898 2782 939 2826 ne
961 2764 1100 2847 ipserum
1123 2760 1252 2845 quidam
1274 2761 1423 2824 virtmum
1446 2760 1534 2834 lana,
1561 2761 1596 2823 in
1617 2780 1682 2845 que
1702 2780 1768 2823 ma·

441 2849 527 2913 xime
554 2859 730 2919 ceterorum
757 2855 1020 2941 pbilosophorum
1043 2856 1183 2920 exsultat
1203 2854 1319 2928 oratio,
1350 2853 1490 2935 reperire
1511 2853 1632 2918 exitum
1654 2861 1768 2936 potant,

440 2943 503 3007 uiai
533 2944 686 3030 dirigatur
706 2950 747 3013 ad
769 2950 980 3034 voluptatem,
1009 2950 1154 3032 voluptaa
1180 2956 1286 3012 autem
1309 2955 1358 3011 eat
1378 2947 1462 3020 aola,
1490 2967 1573 3031 qnae
1595 2968 1654 3012 noa
1676 2957 1770 3013 venet

440 3037 480 3100 ad
510 3058 546 3103 ae
574 3049 606 3104 at
632 3043 753 3108 alliciat
780 3053 893 3128 suapte
920 3053 1046 3120 natura,
1079 3064 1146 3108 non
1176 3050 1372 3125 potestesse
1394 3042 1540 3117 dubium,
1571 3044 1652 3126 quin
1672 3043 1706 3106 id
1727 3044 1771 3107 ait

441 3152 597 3198 nummum
619 3145 715 3221 atque
737 3147 911 3204 extremum
932 3139 1090 3203 bonorum
1112 3137 1254 3202 omnium
1273 3136 1430 3220 beateque
1452 3135 1559 3200 vivere
1581 3136 1662 3200 nibil
1684 3137 1768 3200 aliud

403 3225 483 3292 aoait
502 3228 566 3293 nial
587 3250 660 3294 eum
682 3231 843 3314 voluptate
865 3232 981 3297 vivere.

525 3323 624 3387 xvu.
652 3321 703 3389 55.
734 3326 817 3389 Huio
849 3333 954 3391 certae
983 3326 1154 3410 stabilique
1185 3325 1360 3389 sententiae
1389 3342 1471 3407 quaa
1500 3323 1564 3387 aiut
1591 3325 1770 3400 coniuncta,

440 3416 608 3499 explicabo
627 3418 729 3484 brevi.
763 3419 877 3484 Nullus
898 3421 933 3484 in
953 3422 1031 3506 ipsia
1054 3441 1145 3486 error
1166 3428 1217 3484 eat
1236 3416 1351 3481 finibus
1373 3417 1529 3482 bonorum
1551 3418 1769 3494 etmalorum,

440 3509 474 3573 id
496 3519 545 3576 eat
565 3512 600 3576 in
621 3514 783 3598 voluptate
802 3523 859 3578 aut
878 3515 912 3579 in
934 3516 1056 3589 dolore,
1080 3513 1138 3578 aed
1160 3514 1192 3579 in
1217 3512 1256 3576 iia
1277 3511 1371 3575 rebus
1387 3517 1536 3593 peceant,
1557 3532 1643 3587 oum,
1665 3515 1771 3597 aqui-

441 3605 500 3669 bua
521 3605 601 3670 bueo
622 3605 811 3685 efficiantur,
833 3611 989 3693 ignorent
1031 3609 1136 3673 Animi
1158 3613 1264 3671 autem
1291 3605 1468 3687 voluptates
1491 3613 1523 3668 et
1543 3605 1668 3671 dolores
1681 3608 1769 3671 nasei

403 3700 575 3765 ”latemur
595 3722 614 3766 e
635 3704 777 3786 eorporis
793 3704 1008 3787 voluptatibus
1023 3710 1056 3766 et
1071 3701 1246 3765 doloribus.
1275 3701 1386 3782 ltaque
1401 3698 1553 3774 oonoedo,
1574 3701 1768 3784 quodmodo
1795 3735 1798 3746 ·

442 3795 586 3870 dioebaa,
612 3797 728 3862 eadere
754 3817 863 3872 cauae,
895 3798 922 3861 ai
945 3797 1000 3880 qui
1023 3815 1041 3859 a
1063 3796 1180 3858 nostris
1202 3793 1295 3856 aliter
1316 3791 1514 3866 existimant,
1537 3813 1617 3875 quos
1640 3793 1770 3877 quidem

440 3886 535 3952 video
557 3910 628 3954 aeae
649 3890 783 3966 multea,
809 3891 866 3955 aed
898 3890 1080 3972 imperitam
1112 3909 1302 3972 quamquam
1324 3895 1429 3951 autem
1452 3895 1484 3951 et
1505 3889 1657 3953 laetitiam
1676 3891 1769 3954 nobie

442 3980 586 4066 voluptas
614 3985 712 4049 animi
740 3992 774 4048 et
801 3984 977 4049 molestiam
1003 3982 1096 4046 dolor
1125 3982 1252 4056 afferat,
1280 4002 1387 4046 eorum
1417 3989 1521 4045 tamen
1545 3991 1716 4069 utrumque
1738 3992 1770 4049 at

442 4083 545 4141 ortum
568 4097 639 4142 ease
661 4100 679 4143 e
701 4099 831 4162 corpore
853 4077 940 4141 etad
956 4097 1071 4159 eorpus
1086 4075 1211 4151 referri,
1233 4095 1294 4139 neo
1308 4075 1349 4139 ob
1365 4095 1433 4140 eam
1449 4095 1574 4140 eausam
1589 4096 1654 4141 non
1670 4078 1768 4141 multo

405 4169 578 4239 amatores
609 4192 680 4237 eane
708 4180 741 4238 et
761 4172 942 4255 voluptatea
964 4180 996 4235 et
1017 4171 1146 4236 dolorea
1175 4171 1273 4235 auimi
1294 4191 1389 4254 quam
1411 4171 1562 4253 eorporis.
1599 4172 1677 4233 Nam
1700 4191 1769 4234 eon·

442 4283 521 4346 pore
552 4265 632 4328 nibil
655 4265 716 4331 nisi
740 4286 890 4348 praeaena
911 4272 946 4328 et
964 4265 1050 4350 quod
1073 4266 1163 4328 adest
1184 4266 1301 4328 sentire
1322 4284 1507 4348 poaaumua,
1537 4265 1641 4328 animo
1663 4273 1768 4329 autem

443 4364 476 4419 et
496 4359 666 4440 praeterita
687 4366 719 4422 et
739 4359 854 4423 sutura
891 4360 931 4423 Ut
953 4360 1037 4423 enim
1059 4379 1161 4443 aeque
1176 4359 1358 4434 doleamne,
1379 4379 1451 4422 oum
1466 4378 1598 4441 corpore
1614 4358 1768 4434 dolemus,

442 4447 512 4516 fieri
540 4461 645 4517 tamen
666 4472 835 4538 permagna
860 4453 1001 4518 aoeeaaio
1022 4460 1143 4537 potest,
1171 4453 1199 4517 si
1220 4453 1351 4536 aliquod
1372 4460 1536 4516 aeternum
1557 4458 1589 4514 et
1609 4449 1768 4516 infinitum

442 4548 625 4631 impendero
651 4547 769 4611 melum
798 4547 892 4611 nobie
918 4548 1106 4631 opinemurt
1132 4547 1218 4630 quod
1240 4546 1315 4610 item
1337 4545 1413 4608 licet
1433 4544 1604 4608 uanaserra
1625 4545 1657 4606 in
1679 4544 1769 4609 volu·

405 4650 578 4725 asptatem,
598 4648 634 4705 ut
655 4660 694 4706 ea
714 4641 816 4704 maior
836 4641 893 4716 ait,
915 4642 942 4705 ai
963 4641 1045 4706 nibil
1066 4641 1130 4705 tale
1152 4647 1340 4703 metuamua.
1383 4636 1434 4702 56.
1456 4640 1522 4702 lam
1544 4637 1622 4701 illud
1638 4639 1768 4722 quidem

442 4737 644 4819 perspicuum
668 4742 731 4809 eat,
752 4734 850 4803 animi
872 4736 1040 4799 mammam
1061 4742 1117 4798 ant
1131 4734 1325 4816 voluptatem
1347 4739 1403 4796 aut
1421 4732 1599 4798 molestiam
1621 4731 1694 4813 plns
1715 4740 1770 4797 aut

443 4831 483 4893 ad
505 4829 629 4892 beatam
651 4829 766 4894 autad
788 4828 935 4893 mineram
957 4829 1051 4892 vium
1073 4830 1185 4891 adema
1207 4829 1374 4902 momenti,
1399 4846 1495 4910 quam
1518 4845 1627 4889 eorum
1649 4834 1770 4889 utrum-

443 4923 507 4997 vis,
535 4922 684 5006 sineque
705 4922 761 4986 diu
782 4924 824 4987 ait
844 4923 879 4985 in
900 4941 1040 5006 corpore.
1083 4923 1154 4984 Non
1181 4920 1285 5003 planet
1305 4928 1412 4984 autam
1440 4920 1578 4982 detracta
1607 4918 1768 5001 voluptate

443 5014 671 5098 aegritudinem
699 5015 805 5079 atatim
827 5015 998 5100 consequi,
1024 5017 1084 5080 niai
1106 5016 1141 5079 in
1162 5015 1331 5098 voluptatis
1354 5014 1457 5078 locum
1481 5011 1574 5075 dolor
1593 5010 1675 5074 t'orte
1697 5030 1769 5074 auc·

508 5298 1768 5370 ⁴,anan-unamquamquam-teponniacu-emanara-

442 5376 1769 5438 hamtonae-tattetatartaaziatnrinaunuu*naamitaru-namon.

442 5450 1771 5519 rumoremque-o.q=anaa1quue;quoau-ra.eaqeempeao-

441 5545 496 5582 rem
517 5531 592 5594 allinit
609 5534 644 5580 A:
664 5530 801 5593 plantor-om
819 5529 973 5592 aduraim
996 5529 1070 5592 efficit
1087 5528 1155 5585 um
1177 5525 1328 5587 voluptatem
1344 5524 1568 5587 effloitpleatorem
1584 5526 1605 5575 0
1624 5552 1651 5563 -·
1672 5526 1712 5575 ⁴2.
1729 5525 1769 5589 aa]

442 5602 591 5658 ΜΝ·
617 5617 682 5668 qaae
701 5609 726 5654 et
745 5604 933 5654 munta-
952 5605 992 5653 t5.
1011 5599 1118 5664 quidam]
1139 5601 1199 5662 qaid
1220 5601 1269 5651 BE
1289 5626 1314 5638 -
1341 5600 1380 5650 46.
1399 5601 1669 5662 amttampotaatAB:
1692 5605 1771 5663 potest

442 5674 1771 5736 manuo-20.enmom.a¹-aa.aua0;amss-eiqaaoasnE-2e.canerecaaaa

443 5756 589 5806 Victoriae:
607 5755 800 5805 eedaraoama
815 5751 936 5804 codd·
955 5751 1157 5815 quidemom.l3
1177 5749 1261 5797 -Ὴ,
1280 5737 1373 5797 at‘om.
1391 5749 1409 5798 B
1427 5774 1454 5783 —
1474 5749 1515 5799 28.
1534 5747 1642 5809 etmel]
1660 5747 1772 5798 atdolo-

443 5841 484 5881 raa
505 5830 565 5879 mol.
583 5828 603 5879 Ε
620 5855 648 5865 -
673 5830 760 5892 afferet
777 5823 835 5879 a¹n
853 5853 882 5863 -
901 5827 942 5878 32.
961 5827 1167 5876 dobomaanos:
1187 5824 1313 5873 doum
1328 5825 1412 5873 naimo
1434 5824 1513 5874 codd.
1538 5826 1565 5874 et
1584 5825 1617 5884 03
1645 5824 1772 5874 mamea

445 5896 1770 5969 [mla-cmmemore-a³.atteeuoodd.-eeemwn]ooemaeauu-

444 5972 1769 6045 ee.qemlqeodu-ae.mtmtmoanma:mwtmamaatmteuo-aa.nabteom.u.
