4342 7459
717 1282 784 1345 aa.
806 1282 845 1344 v.
875 1282 951 1345 cu.
972 1281 1173 1345 xn-xm.
1201 1279 1247 1364 §l
1269 1280 1415 1345 aa-aa.
1670 1270 1730 1338 rar

407 1474 469 1515 nou
500 1459 590 1524 ante,
620 1451 675 1514 sed
706 1459 805 1526 retro,
835 1451 945 1533 fugere
972 1452 1067 1534 plane
1090 1454 1215 1534 seipse
1238 1461 1270 1517 et
1290 1454 1450 1516 bominem
1473 1472 1592 1515 exuens
1615 1470 1656 1513 ex
1676 1449 1735 1511 bo-

407 1546 491 1608 miue
513 1553 659 1608 naturam
682 1546 789 1607 odisse
810 1544 963 1608 rideatur.
1006 1547 1109 1621 Quam
1133 1547 1261 1609 obrem
1284 1548 1377 1610 etiam
1400 1548 1557 1610 sessiones
1579 1543 1734 1628 quaedam

408 1648 439 1701 et
460 1641 536 1701 flexi
557 1638 715 1723 fractique
738 1647 857 1712 motus,
881 1639 991 1722 quales
1014 1648 1232 1722 protervorum
1254 1640 1417 1703 bominum
1442 1648 1495 1702 aut
1510 1639 1650 1703 mollium
1666 1655 1736 1698 esse

407 1732 526 1805 solent,
549 1742 659 1796 contra
682 1743 825 1797 naturam
849 1743 939 1807 sunt,
961 1743 1013 1807 ut,
1036 1735 1130 1797 etiam
1153 1735 1179 1796 si
1202 1735 1299 1796 animi
1323 1735 1399 1797 vitio
1421 1734 1452 1796 id
1472 1733 1609 1804 eveniat,
1631 1739 1736 1794 tamen

407 1827 439 1888 iu
470 1845 604 1908 corpore
634 1828 791 1891 immutari
821 1827 959 1890 bominis
986 1837 1097 1890 natura
1124 1828 1281 1892 videatur.
1324 1825 1375 1890 36.
1398 1830 1508 1911 ltaque
1536 1847 1553 1890 e
1579 1825 1759 1888 contrarios

408 1918 561 1981 moderati
591 1921 842 2003 aequabilesque
874 1921 1017 1993 babitus,
1045 1922 1228 1984 affectiones
1249 1941 1389 2005 ususque
1412 1923 1554 2005 corporis
1580 1919 1645 2003 apti
1667 1937 1737 1981 esse

408 2011 448 2074 ad
479 2019 624 2077 naturam
659 2014 816 2078 videntur.
860 2016 926 2076 lam
954 2035 1030 2079 vero
1060 2014 1185 2078 animus
1214 2035 1278 2077 nou
1307 2033 1377 2078 esse
1406 2016 1523 2087 solum,
1558 2014 1613 2077 sed
1643 2013 1736 2075 etiam

408 2108 572 2171 cuiusdam
596 2109 682 2172 modi
705 2109 801 2173 debet
822 2129 909 2184 esse,
931 2116 966 2170 ut
987 2115 1019 2169 et
1040 2108 1143 2171 omnis
1167 2111 1262 2192 partis
1284 2129 1358 2172 suas
1379 2109 1494 2171 babeat
1514 2108 1683 2171 incolumis
1707 2111 1739 2167 et

407 2201 447 2263 de
468 2203 638 2265 riualibus
661 2203 748 2266 nulla
771 2204 862 2266 desit.
903 2205 1006 2286 Atque
1028 2204 1061 2265 iu
1084 2203 1229 2265 sensibus
1252 2210 1301 2266 est
1322 2224 1378 2267 sua
1401 2204 1554 2285 cuiusque
1571 2205 1681 2274 virtus,
1703 2207 1739 2261 ut

409 2316 449 2357 ue
478 2294 556 2379 quid
587 2297 753 2379 impediat,
783 2318 848 2378 quo
878 2300 981 2359 minus
1010 2317 1068 2359 suo
1091 2316 1202 2359 sensus
1227 2298 1363 2380 quisque
1386 2317 1515 2361 munere
1536 2296 1686 2377 iungatur
1706 2294 1737 2355 in
1748 2306 1776 2349 to

407 2390 446 2450 iis
466 2388 562 2451 rebus
580 2390 727 2453 celeriter
742 2392 955 2474 expediteque
972 2389 1200 2473 percipiendis,
1224 2411 1305 2473 quae
1321 2390 1480 2454 subiectae
1495 2397 1568 2453 sunt
1582 2388 1738 2452 sensibus.

407 2484 491 2545 xlll.
517 2485 625 2548 Animi
648 2492 753 2547 autem
778 2494 809 2547 et
831 2487 899 2547 eius
919 2484 1015 2546 animi
1031 2484 1144 2565 partis,
1168 2505 1249 2566 quae
1265 2486 1410 2570 princeps
1426 2493 1474 2548 est
1489 2502 1635 2567 quaeque
1650 2500 1738 2543 meus

408 2579 604 2650 nominatur,
634 2579 742 2661 plures
774 2588 849 2641 sunt
871 2579 1019 2651 virtutes,
1050 2577 1105 2639 sed
1129 2578 1192 2641 duo
1216 2580 1315 2662 prima
1337 2597 1469 2660 genera:
1499 2597 1596 2639 unum
1620 2593 1738 2647 earum,

408 2691 490 2753 quae
511 2672 738 2753 ingenerantur
755 2681 867 2756 suapte
883 2681 995 2735 natura
1009 2672 1273 2756 appellanturque
1288 2693 1352 2734 uon
1369 2672 1582 2743 voluntariae,
1603 2669 1737 2731 alterum

407 2772 511 2827 autem
535 2784 658 2839 earum,
681 2786 764 2849 quae
787 2767 818 2828 in
842 2766 1005 2828 voluntate
1027 2766 1148 2847 positae
1171 2766 1270 2848 magis
1291 2766 1422 2849 proprio
1440 2766 1569 2828 nomine
1584 2760 1776 2847 appellarim

408 2858 526 2931 solent,
558 2879 691 2942 quarum
725 2868 773 2923 est
802 2860 961 2922 excellens
991 2860 1023 2920 in
1051 2858 1228 2921 animorum
1258 2858 1352 2922 laude
1375 2859 1577 2942 praestantia.
1621 2856 1738 2919 Prioris

408 2952 535 3033 generis
559 2961 608 3016 est
630 2953 791 3027 docilitas,
813 2954 981 3015 memoria:
1005 2952 1173 3035 quaesere
1196 2952 1302 3015 omnia
1324 2952 1603 3037 appellanturuuo
1618 2949 1737 3032 ingenii

408 3049 554 3119 nomine,
577 3066 697 3130 easque
719 3047 850 3110 virtutes
873 3048 927 3129 qui
948 3046 1065 3108 babent
1087 3046 1244 3126 ingeniosi
1266 3054 1429 3109 vocantur.
1471 3046 1610 3108 Alterum
1633 3053 1737 3107 antem

410 3160 509 3224 genus
532 3149 581 3204 est
603 3160 786 3222 magnarum
809 3159 1020 3222 verarumque
1040 3140 1207 3214 virtutum,
1230 3159 1309 3220 quas
1324 3140 1521 3222 appellamus
1535 3138 1738 3209 voluntarias,

410 3241 444 3296 ut
465 3234 685 3317 prudentiam,
715 3236 969 3316 temperantiam,
996 3230 1229 3306 fortitudinem,
1258 3232 1411 3297 iustitiam
1433 3240 1464 3294 et
1491 3232 1631 3314 reliquas
1654 3232 1776 3294 eius-ao

409 3329 479 3391 dem
503 3328 640 3409 generis.
1696 3339 1699 3345 ’

492 3418 543 3483 37.
565 3422 606 3483 Et
628 3424 807 3486 summatim
830 3421 959 3505 quidem
981 3420 1061 3484 baec
1084 3430 1174 3485 erant
1196 3421 1235 3483 de
1258 3441 1390 3504 corpore
1410 3418 1738 3503 animoquedicenda,

410 3516 525 3599 quibus
554 3515 645 3598 quasi
676 3516 880 3579 informatum
909 3524 972 3588 est,
1005 3516 1081 3598 quid
1108 3514 1247 3578 bominis
1276 3523 1387 3577 natura
1416 3513 1573 3597 postulet:
1607 3532 1648 3576 ex
1674 3534 1738 3596 quo

411 3609 611 3691 perspicuum
635 3616 698 3683 est,
727 3610 877 3690 quoniam
901 3610 962 3691 ipsi
985 3628 1003 3671 a
1026 3609 1117 3672 nobis
1140 3608 1309 3690 diligamur
1330 3608 1499 3691 omniaque
1522 3615 1554 3670 et
1580 3609 1610 3669 iu
1634 3608 1739 3670 animo

410 3704 493 3766 etin
516 3722 652 3786 corpore
674 3703 814 3784 perfecta
836 3703 968 3766 velimus
991 3723 1078 3777 esse,
1102 3722 1140 3764 ea
1162 3704 1254 3765 nobis
1277 3704 1346 3785 ipsa
1368 3721 1439 3765 cara
1461 3722 1531 3764 esse
1553 3710 1683 3785 propter
1704 3712 1775 3764 sero

410 3805 440 3859 ct
460 3800 492 3860 iu
515 3798 555 3860 iis
578 3817 649 3859 esse
671 3797 711 3860 ad
733 3798 814 3859 bene
838 3795 1007 3858 vivendum
1029 3804 1189 3859 momenta
1212 3798 1359 3859 maxima.
1404 3797 1481 3858 Nam
1504 3797 1555 3858 cui
1576 3798 1738 3878 proposita

409 3892 450 3954 sit
476 3892 675 3953 conservatio
706 3891 773 3962 sni,
805 3909 936 3953 necesse
967 3898 1015 3952 est
1036 3890 1110 3951 buic
1132 3898 1237 3971 partes
1261 3908 1390 3973 quoque
1413 3890 1461 3952 sui
1484 3908 1570 3951 caras
1594 3910 1663 3951 esse
1687 3909 1737 3951 ca·

409 3985 587 4067 rioresque,
616 4004 680 4066 quo
710 3984 916 4065 perfectiores
938 3985 1001 4045 siut
1023 3991 1055 4046 et
1076 3983 1175 4064 magis
1198 3984 1230 4046 in
1254 4003 1312 4045 suo
1334 4001 1449 4064 genere
1472 3982 1655 4045 laudabiles.
1692 3983 1738 4043 Ea

411 4078 491 4139 enim
515 4078 578 4140 vita
602 4077 778 4159 expetitur,
808 4096 890 4159 quae
917 4077 958 4138 sit
988 4078 1083 4138 animi
1114 4076 1320 4158 corporisque
1343 4076 1468 4158 expleta
1490 4076 1675 4149 virtutibus,
1704 4076 1735 4136 in

410 4191 511 4253 eoque
542 4192 698 4233 summum
730 4171 847 4232 bonum
877 4170 950 4250 poni
979 4190 1110 4231 necesse
1133 4178 1196 4241 est,
1228 4170 1354 4252 qnando
1378 4169 1506 4250 quidem
1528 4169 1560 4230 id
1584 4170 1646 4231 tale
1669 4180 1776 4229 esscoo

411 4263 519 4336 debet,
542 4271 577 4325 ut
597 4284 702 4325 rerum
727 4262 976 4345 expetendarum
1000 4264 1040 4325 sit
1064 4271 1250 4324 extremum.
1288 4261 1359 4336 Quo
1381 4263 1507 4343 cognito
1523 4262 1657 4324 dubitari
1674 4282 1737 4323 non

410 4365 513 4439 potest
536 4358 627 4439 quin,
651 4378 721 4419 cum
744 4357 805 4438 ipsi
828 4356 973 4418 bomines
996 4357 1055 4418 sibi
1080 4359 1145 4419 sint
1165 4377 1223 4439 per
1238 4376 1272 4417 se
1287 4363 1319 4417 et
1334 4375 1390 4417 sua
1405 4363 1517 4438 sponte
1531 4355 1610 4426 cari,
1635 4364 1738 4436 partes

410 4471 536 4533 quoque
569 4457 601 4513 et
629 4451 770 4533 corporis
800 4460 832 4513 et
860 4452 954 4512 animi
981 4461 1013 4512 et
1035 4470 1142 4513 earum
1166 4471 1289 4522 rerum,
1321 4469 1402 4532 quae
1424 4449 1549 4510 suntin
1572 4450 1739 4529 utriusque

411 4551 496 4605 motu
520 4552 551 4606 et
574 4552 677 4616 statu,
701 4564 757 4606 sua
781 4546 909 4606 caritate
933 4545 1075 4607 colantur
1092 4552 1122 4606 et
1138 4564 1195 4627 per
1210 4564 1243 4605 se
1259 4544 1347 4625 ipsae
1362 4550 1561 4624 appetantur.
1595 4539 1645 4601 38.
1662 4541 1739 4615 Qni-

410 4636 467 4697 bus
491 4637 644 4719 expositis
668 4638 768 4700 facilis
791 4646 837 4698 cst
853 4640 1049 4711 coniectura,
1073 4658 1110 4700 ea
1127 4637 1262 4699 maxime
1279 4657 1348 4699 esse
1364 4635 1541 4717 expetenda
1559 4656 1598 4697 ex
1614 4635 1776 4707 nostrisa.

412 4749 493 4811 quae
516 4730 684 4813 plurimum
709 4731 827 4792 babent
850 4731 1027 4811 diguitatis,
1055 4739 1089 4792 ut
1112 4732 1249 4811 optimae
1272 4731 1424 4811 cuiusque
1447 4729 1555 4812 partis,
1580 4748 1660 4812 quae
1685 4749 1740 4808 per

411 4844 445 4885 se
468 4833 650 4906 expetatur,
674 4825 773 4887 virtus
796 4826 835 4887 sit
858 4826 1035 4905 expetenda
1059 4825 1204 4886 maxime.
1242 4825 1288 4886 lta
1311 4821 1364 4885 liet
1386 4831 1420 4885 ut
1441 4823 1539 4884 animi
1559 4825 1655 4886 virtus
1672 4843 1739 4883 cor·

412 4918 498 4998 poris
521 4918 628 4979 virtuti
651 4926 865 4999 anteponatur
889 4917 1049 5000 animique
1072 4920 1204 4980 virtutes
1230 4937 1295 4979 non
1317 4917 1510 4979 voluntarias
1532 4918 1659 4978 vincant
1680 4917 1740 4978 vir·

410 5016 491 5072 tutes
514 5010 730 5084 voluntariae,
753 5030 836 5093 quae
853 5010 982 5093 quidem
1006 5012 1133 5094 proprie
1155 5011 1286 5074 virtutes
1320 5010 1520 5093 appellantur
1542 5010 1740 5092 multumque

413 5103 593 5176 excellunt,
617 5112 785 5187 propterea
808 5105 892 5187 quod
915 5125 956 5165 ex
978 5106 1100 5167 ratione
1122 5106 1307 5187 gignuntur,
1331 5124 1395 5186 qua
1409 5104 1488 5166 nibil
1504 5104 1597 5166 estin
1612 5104 1778 5167 bominem

476 5348 498 5395 t.
517 5347 638 5395 horataem
660 5358 753 5395 exuens
774 5359 807 5394 aa
828 5346 926 5395 boariae
943 5348 977 5395 B:
1000 5347 1123 5397 bominem
1144 5362 1177 5397 aa
1198 5348 1295 5397 bonine
1316 5360 1409 5397 sarteas
1433 5348 1515 5397 ceteri
1532 5346 1626 5405 codd.;
1650 5361 1741 5396 macru

409 5423 530 5471 baum
547 5436 580 5471 ec
596 5421 694 5470 bomine
712 5432 773 5468 cum
792 5422 938 5470 Goerenzio
957 5421 976 5469 0
997 5448 1022 5456 -
1042 5424 1066 5470 o.
1086 5423 1181 5471 mutari
1199 5424 1218 5472 Β
1238 5450 1264 5459 -
1290 5424 1314 5472 6.
1333 5424 1386 5483 opti
1404 5424 1468 5473 ob:
1487 5428 1548 5484 opto
1566 5424 1585 5472 0
1605 5446 1632 5458 -
1652 5424 1675 5471 8.
1695 5437 1741 5468 ‹ru-

410 5500 518 5559 meam]
535 5499 605 5547 cuius
622 5498 641 5546 B
659 5524 691 5532 -
709 5509 758 5544 csse
775 5496 843 5544 debet
861 5497 881 5545 0
902 5523 926 5532 -
947 5509 1006 5543 sarus
1023 5510 1075 5544 uon
1095 5509 1149 5545 om.
1169 5496 1188 5544 Β
1208 5522 1232 5531 -
1254 5497 1278 5545 9.
1297 5501 1372 5556 atque
1388 5497 1450 5546 BE:
1471 5497 1542 5556 aaut
1559 5498 1579 5546 0
1596 5523 1622 5531 -
1641 5503 1669 5545 ut
1686 5509 1739 5546 om.

411 5574 429 5623 Β
448 5599 474 5608 -
495 5574 535 5620 Η.
553 5573 648 5633 portis,
668 5571 740 5633 quoe]
756 5572 874 5632 partique
891 5572 941 5620 ΒΕ
963 5597 986 5605 -
1009 5570 1047 5621 ll.
1068 5571 1174 5620 cllmrm
1186 5598 1200 5607 -
1211 5596 1222 5606 ·
1234 5572 1361 5620 uoluntate
1377 5584 1430 5620 om.
1444 5573 1463 5621 B
1477 5574 1537 5633 tnon
1550 5571 1578 5631 Β)
1593 5596 1620 5607 -
1639 5573 1679 5621 ts.
1692 5586 1741 5619 uu·

409 5673 457 5714 tan
474 5666 537 5715 EG:
563 5678 616 5713 orn.
637 5665 688 5712 ΒΟ
712 5690 738 5698 -
765 5665 803 5711 46.
822 5677 877 5712 exc.
895 5663 1062 5712 mulorumE
1089 5691 1115 5700 -
1140 5665 1178 5712 aa.
1198 5664 1377 5725 quoappcltus
1400 5665 1434 5719 Β;
1461 5678 1512 5725 quo
1529 5665 1738 5727 appetamu—

410 5741 450 5788 20.
469 5739 505 5802 ut]
523 5744 546 5788 et
563 5739 582 5787 B
602 5764 627 5773 -
648 5739 745 5799 generis
762 5738 868 5786 eiusdem
886 5740 904 5787 Β
924 5765 949 5773 -
971 5737 1011 5785 23.
1031 5738 1091 5796 quid
1109 5739 1243 5788 Bromius:
1263 5741 1330 5800 quod
1347 5739 1424 5789 codd.
1439 5740 1496 5789 eto
1511 5766 1536 5774 -
1557 5738 1599 5789 al.
1618 5746 1640 5789 et
1657 5741 1742 5789 animo

410 5821 433 5863 ct
449 5827 554 5875 corpora
571 5814 588 5862 B
609 5840 636 5847 -
656 5813 697 5861 26.
716 5813 761 5873 bys
776 5814 809 5871 Β,
828 5814 902 5863 biso
922 5838 947 5847 -
967 5818 1092 5861 momentu
1110 5826 1163 5862 om.
1180 5814 1198 5862 Β
1219 5837 1245 5850 -
1265 5814 1305 5863 ΞΒ.
1325 5813 1382 5875 quo]
1400 5813 1449 5861 duo
1466 5813 1514 5861 ΒΕ
1529 5838 1554 5848 -
1575 5813 1615 5863 30.
1634 5814 1740 5877 quidone]

411 5890 470 5951 qaid
491 5889 540 5938 ΒΕ
564 5915 590 5924 -
620 5887 660 5937 3l.
679 5900 727 5937 auo
746 5888 902 5939 ocarttotall
927 5914 953 5924 -
982 5888 1021 5937 35.
1042 5889 1179 5951 adpetendo
1197 5889 1223 5939 ll
1239 5888 1393 5953 typothetae
1411 5900 1502 5937 errore
1526 5913 1553 5923 -
1579 5889 1620 5950 aa]
1638 5889 1691 5938 aa
1712 5913 1738 5926 -

411 5964 451 6014 36.
470 5962 576 6013 labeant
593 5963 736 6014 Emestias.
