4342 7459
462 1196 524 1261 478
656 1201 901 1268 FRAGMENTA
922 1204 1207 1272 altisonantiam
1228 1206 1400 1278 DEORUM
1420 1209 1594 1284 NATURA.

461 1367 496 1423 ut
517 1359 641 1427 Velleio
665 1361 774 1426 Cottae
796 1363 970 1448 disputatio
993 1365 1112 1440 verior,
1134 1366 1212 1434 mihi
1235 1367 1323 1436 Balbi
1339 1368 1379 1436 ad
1395 1370 1535 1440 veritatis
1552 1371 1791 1448 similitudinem

460 1455 623 1520 videretur
646 1477 716 1520 esse
739 1459 938 1548 propensior.

640 1851 895 2009 Fragmenta
929 1852 1123 1972 librorum
1157 1854 1208 1972 dc
1243 1855 1606 1979 detrimontum.

978 2202 1040 2260 EX
1057 2200 1187 2261 amno
1205 2202 1262 2261 m.

539 2334 569 2401 l.
599 2337 781 2402 Lactantius
802 2336 906 2399 lostit
928 2335 1033 2399 Divin.
1055 2335 1096 2409 ΙΙ,
1118 2332 1149 2401 3.
1186 2336 1370 2418 Imellipedat
1391 2338 1494 2402 Cicero
1511 2340 1594 2421 solra
1613 2360 1693 2422 esse,
1714 2363 1789 2425 puae

453 2435 586 2497 homines
605 2432 787 2501 adorarent:
807 2450 881 2492 nam
900 2449 969 2492 cum
989 2430 1084 2495 multa
1101 2430 1246 2504 diaisset,
1267 2450 1343 2512 prcus
1356 2430 1396 2494 ad
1410 2434 1590 2499 marmanum
1607 2436 1788 2519 relipionum

429 2530 600 2600 noakrent,
622 2528 668 2589 ait
688 2536 787 2587 tamen
808 2544 874 2587 non
895 2543 966 2588 esse
989 2523 1045 2586 illa
1065 2525 1162 2608 vulgo
1185 2525 1389 2609 disputanda,
1411 2546 1452 2594 ne
1472 2538 1637 2614 susceptas
1659 2532 1786 2615 publice

451 2622 623 2706 religiones
645 2619 818 2703 disputatio
840 2618 912 2681 talis
935 2619 1125 2700 exstinguat.

536 2712 566 2777 ἓ.
593 2716 775 2777 Lactantius
797 2714 874 2777 inst.
896 2713 960 2775 div.
982 2713 1022 2786 lt,
1038 2709 1068 2775 8.
1106 2713 1209 2775 Cicero
1230 2714 1266 2777 de
1286 2727 1400 2780 natura
1421 2716 1544 2780 deorum
1562 2718 1723 2800 dapum
1742 2721 1787 2785 sic

450 2814 516 2876 ait:
549 2811 688 2873 Primum
714 2808 812 2890 igitur
838 2827 903 2869 non
926 2816 973 2870 est
997 2806 1160 2888 probabile
1182 2828 1252 2872 eam
1275 2812 1435 2874 materiam
1455 2830 1577 2886 rerum,
1608 2812 1695 2877 unde
1718 2823 1786 2879 orta

450 2913 525 2969 sunt
546 2905 666 2979 omnia,
689 2922 759 2966 esse
782 2902 889 2965 divina
911 2901 1108 2983 providentia
1124 2902 1283 2977 effectam,
1306 2905 1363 2967 sod
1379 2905 1494 2967 habere
1509 2915 1541 2969 et
1556 2906 1708 2974 hahuisse
1722 2910 1786 2974 uim

412 3015 441 3062 ro
450 3009 484 3063 et
504 3008 646 3062 naturam
669 3017 768 3061 suam.
807 2997 847 3059 Ut
867 2996 964 3077 igitur
986 2994 1090 3068 saber,
1113 3016 1183 3058 cum
1201 2998 1277 3081 qaid
1300 2996 1520 3063 aedificaturus
1543 3009 1606 3076 est,
1628 3022 1694 3066 non
1714 3002 1785 3087 ipse

447 3093 523 3156 iacit
543 3094 724 3166 materiam,
746 3091 802 3154 sed
824 3111 862 3154 ea
884 3091 998 3163 utitur,
1021 3109 1104 3174 quae
1126 3092 1169 3154 sit
1190 3102 1317 3174 parata,
1339 3093 1493 3178 fictorque
1515 3094 1592 3159 item
1614 3115 1707 3161 aeras
1738 3098 1784 3161 sic

447 3189 501 3251 isti
516 3187 741 3271 ‘providentiae
764 3185 891 3249 divinae
913 3185 1076 3246 materiam
1100 3195 1227 3266 praesto
1250 3207 1320 3252 essa
1337 3188 1497 3270 oportuit,
1519 3208 1697 3272 nonquam
1714 3190 1782 3273 ipse

445 3280 578 3356 iaceret,
601 3282 657 3344 sed
680 3301 776 3366 quam
799 3279 930 3344 haberet
951 3287 1103 3361 paratam.
1138 3279 1231 3355 Quod
1246 3284 1273 3345 si
1288 3303 1354 3347 non
1370 3292 1418 3347 est
1431 3303 1450 3345 a
1465 3282 1526 3346 deo
1542 3285 1675 3349 materia
1688 3283 1781 3361 issu,

446 3395 487 3439 ne
508 3385 593 3440 terra
615 3377 742 3459 quidem
766 3383 797 3438 et
818 3394 901 3458 aqua
922 3382 955 3437 et
976 3380 1031 3436 air
1053 3381 1084 3436 et
1107 3374 1189 3457 ignis
1211 3395 1230 3438 a
1252 3374 1313 3440 deo
1335 3376 1437 3441 iactus
1458 3385 1517 3441 est.

409 3485 438 3531 ts
529 3469 560 3534 3.
590 3471 748 3534 Arnobius
769 3470 823 3543 ΙΙΙ,
844 3466 865 3529 6
887 3489 936 3552 sq.
972 3468 1088 3530 Adduci
1101 3501 1141 3517 -·
1155 3470 1211 3533 loc
1231 3480 1264 3533 ut
1278 3472 1435 3534 credamur
1447 3491 1509 3535 mon
1524 3492 1697 3555 possumus,
1720 3474 1778 3538 im·

445 3568 600 3630 mortalem
621 3566 706 3627 iilam
723 3564 1074 3644 praestantissimamque
1095 3572 1238 3626 naturum
1258 3566 1389 3629 diuisum
1409 3587 1470 3629 esse
1485 3586 1544 3647 per
1564 3588 1660 3631 maus
1674 3578 1701 3632 et
1720 3589 1780 3632 esre

440 3670 560 3743 partem
581 3679 674 3720 unam
693 3677 802 3727 mares,
821 3667 940 3737 partem
957 3676 1018 3719 esse
1033 3658 1160 3719 aderam
1170 3659 1310 3736 seminas.
1346 3662 1440 3737 Quem
1454 3662 1573 3742 quidem
1586 3663 1684 3725 locum
1694 3664 1779 3744 plene

443 3755 632 3818 iamdudum
644 3754 776 3815 homines
789 3753 919 3833 pectoris
936 3752 998 3813 oioi
1012 3760 1075 3813 tam
1090 3754 1234 3815 Romania
1249 3754 1360 3816 litteris
1373 3756 1560 3836 explicavere
1574 3776 1666 3838 quam
1683 3758 1779 3823 Gras-

443 3852 503 3925 cis,
538 3858 565 3911 et
593 3857 661 3910 aute
686 3866 788 3909 omnes
811 3846 942 3918 Tullius,
973 3847 1104 3909 Bouiani
1131 3846 1347 3910 disertissimus
1366 3850 1500 3930 ameria,
1530 3851 1646 3913 nullam
1666 3855 1779 3916 witus

404 3945 606 4026 soimpietatis
626 3943 786 4013 invidiam,
808 3942 942 4021 inoenue,
963 3949 1135 4002 constanter
1155 3950 1184 4003 et
1206 3941 1308 4015 libere,
1330 3944 1404 4023 quid
1424 3962 1516 4024 super
1536 3945 1594 4007 tali
1606 3948 1778 4026 opinatione

441 4041 577 4109 sentiret,
600 4041 717 4118 'pietate
743 4056 812 4097 cum
832 4036 947 4100 maiore
967 4035 1166 4096 monstravit:
1194 4055 1214 4097 a
1235 4056 1293 4116 quo
1314 4038 1342 4097 si
1363 4056 1411 4099 res
1431 4056 1548 4100 summe
1567 4040 1677 4103 iudicii
1697 4043 1776 4104 oeri-

441 4143 500 4195 tote
528 4134 730 4212 conscriptas,
760 4150 818 4191 non
845 4130 1001 4191 verborum
1027 4130 1204 4192 luculentias
1227 4132 1412 4211 perperetis,
1441 4142 1586 4212 perorata
1606 4147 1682 4198 essct
1703 4138 1775 4200 laec

440 4248 534 4290 causo
554 4248 607 4289 nec
627 4227 787 4294 secundos,
810 4234 842 4285 ut
861 4225 990 4299 dicitur,
1014 4227 1147 4287 actiones
1166 4225 1252 4286 nobis
1273 4226 1310 4287 ad
1331 4227 1495 4306 infantibus
1512 4228 1690 4307 postularet.
1719 4229 1774 4292 Sed

439 4324 511 4404 quid
531 4325 661 4403 aucupia
682 4321 839 4382 verborum
852 4320 1090 4400 splendoremque
1104 4321 1250 4380 sermonis
1265 4322 1329 4400 peti
1342 4322 1379 4382 ab
1393 4322 1570 4394 leudicam,
1595 4342 1664 4384 cum
1678 4326 1773 4385 sciam

399 4426 500 4480 asesse
520 4438 581 4479 non
597 4436 724 4497 paucos,
750 4416 802 4495 qui
821 4423 996 4476 aversentur
1016 4424 1043 4474 et
1062 4415 1183 4493 supinat
1205 4415 1297 4475 libros
1317 4416 1351 4476 de
1372 4416 1428 4476 loc
1449 4416 1523 4489 eius,
1547 4436 1601 4479 nec
1621 4419 1655 4480 in
1669 4438 1774 4481 aurem

437 4513 527 4573 velint
548 4513 702 4573 admittere
722 4510 873 4571 lectionem
894 4509 1068 4588 opinionum
1090 4526 1216 4569 auarum
1234 4520 1429 4589 praesumpta
1449 4511 1627 4583 vincentem,
1651 4533 1773 4594 cumque

437 4607 515 4668 alios
544 4607 668 4667 audiam
694 4607 854 4666 mussitare
882 4604 1073 4683 indiqnonter
1100 4611 1127 4661 et
1152 4602 1250 4663 dicere
1276 4612 1413 4683 oportere
1434 4605 1527 4665 statui
1545 4624 1601 4685 per
1622 4616 1769 4681 senatum,

437 4703 611 4764 aboleantur
640 4710 673 4763 ut
702 4701 774 4762 laec
802 4700 931 4779 scripta,
958 4698 1064 4778 quitus
1087 4697 1261 4759 aaronem
1288 4698 1393 4780 reticio
1413 4697 1621 4779 comprobatur
1641 4710 1669 4763 et
1689 4710 1770 4763 cetu-

437 4798 524 4858 statis
545 4797 736 4876 opprimatur
755 4794 945 4855 auctoritas?

501 5022 525 5070 2.
543 5033 571 5068 s.
591 5031 673 5068 rosan
690 5006 819 5068 crca'aoms
836 5026 871 5066 na
887 5027 990 5065 aaaron
1005 5027 1100 5064 arruns
1118 5027 1191 5063 arnan
1209 5026 1312 5064 rsnrros
1329 5025 1476 5064 arrrrcrrus
1492 5026 1624 5066 rsarcrras
1638 5031 1769 5073 crcreorrrs

434 5109 470 5148 oa
490 5106 653 5145 orrrnsrronr
674 5107 747 5143 arasa
769 5105 860 5143 narsus
882 5105 978 5142 rscrrrr
999 5092 1065 5149 ΛΒ;
1091 5103 1119 5138 a.
1144 5103 1225 5140 rasari
1248 5100 1378 5139 crcrnoms
1400 5101 1435 5138 os
1454 5101 1557 5139 nsanos
1577 5104 1673 5142 arram
1695 5109 1768 5145 arara

434 5184 538 5223 rastros
559 5181 706 5220 arrarcrras
721 5180 862 5217 rsrrcrrsn.
879 5167 1061 5223 FEt1c1rEaV;
1087 5168 1121 5215 M.
1144 5166 1216 5215 Tullii
1233 5165 1357 5214 Ciceronis
1373 5164 1402 5212 de
1419 5166 1522 5214 deorum
1541 5170 1637 5215 natura
1656 5168 1719 5218 tiber
1734 5171 1771 5219 ΙΙΙ

433 5250 546 5311 explicit.
572 5246 689 5297 Eiusdem
712 5245 741 5292 de
761 5242 894 5292 diuinitate
915 5241 1162 5303 inertissimae,
1190 5241 1337 5304 displiciunt
1357 5244 1407 5289 tres
1427 5239 1486 5293 libri
1506 5242 1536 5291 da
1551 5246 1648 5292 natma
1663 5244 1768 5294 deorsum

432 5326 514 5375 marci
530 5323 583 5385 tuln
599 5320 720 5373 ciceronis
737 5318 763 5368 Ε.

498 5401 522 5450 5.
543 5397 684 5459 eouamris
702 5394 852 5443 Lactantius
866 5391 963 5442 librum
977 5406 1029 5443 non
1044 5395 1190 5453 memoret,
1210 5404 1242 5441 ex
1253 5403 1306 5456 quo
1318 5391 1386 5442 hoec
1398 5391 1450 5442 sint
1461 5391 1565 5451 hausta,
1585 5395 1664 5443 tertio
1674 5399 1764 5448 tamen

431 5472 500 5525 libro
518 5473 552 5522 de
570 5474 600 5522 N.
614 5473 644 5522 D.
658 5469 811 5521 adscribere
825 5466 911 5518 nullus
923 5467 1047 5530 equidem
1061 5466 1197 5523 dubitavi,
1216 5479 1287 5526 nam,
1307 5468 1336 5513 ut
1347 5466 1384 5514 ait
1395 5464 1436 5515 itte
1450 5464 1494 5515 lib.
1508 5466 1518 5513 Ι
1536 5465 1593 5515 Div.
1607 5468 1671 5519 last.
1684 5483 1709 5520 c.
1724 5472 1762 5533 ti,

431 5556 496 5601 mrsu
513 5550 575 5599 tiber
591 5548 678 5598 tertius
694 5545 723 5595 de
739 5550 835 5592 natura
852 5544 954 5591 deorsam
970 5555 1054 5592 omnes
1068 5543 1181 5604 funditus
1197 5542 1327 5605 religiones
1344 5541 1431 5590 comtit
1446 5554 1477 5590 ac
1494 5540 1564 5590 delet.
1592 5542 1667 5595 idem
1679 5544 1714 5595 de
1726 5546 1763 5595 tra

431 5625 475 5675 dei
497 5639 520 5673 c.
539 5626 584 5673 tt:
610 5622 703 5672 Tullius
725 5620 798 5668 terrio
821 5620 850 5667 de
871 5625 966 5667 natura
983 5618 1085 5666 morum
1102 5615 1165 5665 libro
1181 5615 1291 5664 dissolvit
1304 5614 1418 5676 publicas
1434 5614 1573 5677 rettploncs.
1600 5618 1665 5670 Vide
1683 5622 1719 5672 ste
1736 5623 1764 5670 et

431 5700 606 5761 augustinum
624 5698 653 5747 C.
672 5697 703 5745 Ι).
718 5694 747 5754 V,
761 5694 802 5743 9.·
822 5695 907 5743 Daris.
928 5719 955 5730 -
976 5694 1015 5743 tt.
1037 5693 1131 5741 acesto
1149 5693 1247 5740 certius
1265 5690 1377 5751 ridetur,
1395 5690 1512 5740 Arnobio
1529 5691 1555 5741 tn
1574 5697 1664 5745 mente
1682 5694 1761 5745 luisse

431 5774 536 5822 tertium
555 5771 588 5822 de
602 5773 656 5821 nat.
669 5769 744 5820 deor.
757 5766 882 5819 librum·
898 5768 983 5817 Daris.
1002 5770 1035 5817 m
1051 5765 1112 5815 vide
1131 5780 1163 5815 ne
1183 5765 1249 5814 haec
1260 5763 1409 5816 Arnobiana
1422 5778 1473 5815 non
1486 5764 1520 5815 ad
1535 5768 1641 5818 tertium
1653 5767 1759 5829 libram,

430 5847 478 5899 sed
496 5847 530 5897 ad
548 5849 568 5897 tt
587 5847 601 5911 g
619 5846 651 5896 95
668 5844 832 5910 pertineant:
850 5842 917 5893 Nam
934 5844 1000 5908 quod
1016 5847 1039 5892 et
1055 5843 1135 5892 mama
1151 5841 1208 5891 deos
1225 5846 1248 5890 st
1263 5841 1370 5902 laminas
1385 5853 1436 5890 esse
1452 5842 1547 5901 dicitis,
1566 5843 1627 5905 quid
1643 5849 1764 5909 sequatur

429 5922 525 5973 omero.
543 5920 665 5987 acumem
681 5919 774 5971 mirari
786 5917 849 5971 satis
863 5930 914 5969 non
926 5930 1038 5987 purum,
1055 5916 1122 5971 uude
1138 5916 1172 5967 ad
1182 5917 1244 5969 utor
1254 5916 1381 5981 miriones
1391 5920 1471 5969 omar
1480 5914 1648 5987 &macons
1658 5919 1761 5973 men.
