4342 7459
918 1274 995 1339 cn.
1016 1276 1041 1339 1.
1068 1273 1115 1360 §s
1138 1272 1239 1342 t-o.
1564 1300 1568 1306 ·
1674 1276 1737 1344 cta

409 1434 550 1501 breviter
572 1442 604 1499 et
625 1433 790 1499 commode
811 1433 895 1500 dicta
917 1436 1087 1502 memoriae
1109 1436 1297 1501 mandabam
1325 1434 1456 1520 fierique
1478 1437 1644 1504 studebam
1667 1441 1735 1504 eins

409 1528 579 1615 prudentia
606 1527 738 1592 doctior.
788 1528 860 1604 Quo
890 1538 1013 1594 mortuo
1043 1549 1093 1593 me
1120 1531 1160 1594 ad
1189 1530 1369 1616 pontificem
1396 1533 1579 1597 Scaevolam
1607 1535 1735 1611 contuli,

409 1644 505 1708 quem
527 1643 623 1686 unum
646 1630 774 1686 nostrae
796 1623 932 1687 civitatis
955 1632 986 1687 et
1006 1625 1135 1706 ingenio
1159 1633 1191 1688 et
1213 1626 1332 1689 iustitia
1356 1628 1658 1709 praestantissimum
1679 1648 1735 1691 au·

409 1717 470 1781 deo
492 1714 610 1779 dicere.
647 1715 711 1778 Sed
733 1717 773 1780 de
794 1718 857 1780 boc
876 1718 966 1791 alias,
989 1738 1073 1781 nunc
1094 1718 1191 1782 redeo
1214 1717 1253 1782 ad
1276 1738 1439 1802 augurem.
1483 1717 1514 1783 2.
1539 1720 1615 1783 Cum
1639 1740 1734 1803 saepe

407 1810 520 1884 multa,
542 1818 608 1873 tum
631 1811 760 1874 memini
782 1811 866 1875 domi
889 1812 922 1874 in
945 1811 1133 1897 hemicyclio
1156 1812 1335 1886 sedentem,
1363 1820 1398 1875 ut
1418 1814 1556 1887 solebat,
1579 1833 1650 1876 cum
1673 1830 1758 1895 egos

409 1923 510 1969 essem
534 1923 597 1967 una
619 1911 651 1966 et
671 1904 763 1985 pauci
785 1903 954 1969 admodum
978 1904 1164 1980 familiares,
1191 1907 1224 1969 in
1247 1925 1320 1969 eum
1342 1926 1521 1969 sermonem
1544 1908 1632 1970 illum
1655 1908 1734 1969 inci·

408 1998 494 2072 dere,
516 1998 571 2080 qui
595 2006 661 2061 tum
683 1996 751 2061 lere
773 1999 879 2063 multis
901 2007 969 2062 erat
991 2001 1023 2062 in
1046 2019 1112 2062 ore.
1143 1999 1315 2063 Meministi
1337 1999 1423 2062 enim
1445 1999 1605 2083 prolecto,
1619 2001 1732 2072 Attice,

408 2100 440 2157 et
457 2101 507 2157 'eo
536 2093 655 2175 magis,
688 2090 774 2175 quod
806 2094 839 2154 P.
865 2093 1006 2177 Sulpicio
1032 2093 1164 2157 utebare
1194 2094 1348 2168 multum,
1380 2111 1450 2156 cum
1472 2096 1500 2157 is
1522 2093 1666 2157 tribunus
1687 2094 1732 2177 pl.

408 2186 536 2270 capitali
563 2185 637 2250 odio
667 2185 747 2261 aQ.
770 2185 939 2268 Pompeio,
971 2187 1025 2270 qui
1048 2195 1113 2250 tum
1137 2195 1204 2250 erat
1225 2186 1351 2261 consul,
1380 2185 1565 2261 disciderat,
1593 2208 1731 2273 quocum

408 2282 665 2345 coniunctissime
687 2286 719 2343 et
740 2281 953 2344 amantissime
976 2281 1108 2354 vixerat,
1130 2289 1249 2363 quanta
1270 2287 1354 2343 esset
1374 2280 1539 2344 bominum
1563 2282 1612 2344 vel
1632 2282 1770 2349 admi-to

406 2377 486 2438 ratio
508 2376 558 2439 vel
580 2374 720 2459 querela.
763 2370 793 2434 3.
816 2376 926 2456 ltaque
950 2384 1016 2438 tum
1039 2375 1209 2449 Scaevola,
1237 2395 1308 2437 cum
1331 2375 1363 2437 in
1387 2395 1455 2438 eam
1476 2376 1576 2459 ipsam
1599 2376 1733 2438 mentio·

406 2487 479 2530 nem
500 2468 679 2541 incidisset,
702 2467 852 2551 exposuit
873 2470 965 2533 nobis
987 2488 1163 2533 sermonem
1188 2469 1286 2531 Laelii
1309 2468 1506 2533 deamicitia
1528 2469 1669 2532 habitum
1691 2471 1731 2533 ab

406 2562 464 2624 illo
486 2582 593 2624 secum
616 2569 741 2625 etcum
763 2559 863 2625 allero
886 2582 1019 2645 genero,
1049 2563 1083 2626 C.
1105 2562 1239 2636 Fannio,
1262 2564 1359 2626 Marci
1380 2563 1465 2638 lilio,
1488 2564 1598 2645 paucis
1619 2564 1731 2628 diebus

407 2662 480 2737 post
499 2662 634 2718 mortem
652 2654 799 2717 Africani.
842 2655 919 2718 Eius
941 2656 1166 2738 disputationis
1188 2646 1359 2720 sententias
1382 2659 1553 2721 memoriae
1575 2658 1731 2733 mandavi,

408 2768 488 2832 quas
509 2748 570 2813 boc
592 2749 674 2812 libro
697 2749 832 2831 exposui
854 2746 1006 2812 arbitratu
1029 2770 1119 2813 meo:
1143 2751 1233 2832 quasi
1258 2750 1341 2812 enim
1364 2752 1452 2834 ipsos
1469 2750 1581 2813 induxi
1597 2752 1770 2833 loquente

407 2850 454 2905 tes
476 2863 517 2906 ne
542 2843 709 2926 «inquam»
733 2852 765 2906 et
789 2843 932 2926 «inquit»
961 2845 1088 2925 saepius
1115 2844 1370 2927 interponeretur
1394 2853 1490 2927 atque
1512 2852 1547 2907 ut
1567 2853 1730 2927 tamquam

407 2958 426 3001 a
448 2937 669 3021 praesentibus
685 2957 790 3000 coram
804 2937 913 3000 baberi
929 2957 1032 3001 sermo
1048 2937 1218 3000 videretur.
1255 2932 1286 2997 b.
1303 2936 1379 2999 Cum
1396 2937 1480 3000 enim
1495 2957 1591 3021 saepe
1606 2956 1731 3001 mecum

407 3050 534 3114 ageres,
562 3038 599 3093 ut
620 3030 659 3092 de
681 3031 819 3094 amicitia
842 3031 1011 3094 scriberem
1034 3029 1176 3112 aliquid,
1205 3028 1299 3112 digna
1321 3029 1398 3092 mibi
1421 3049 1473 3093 res
1495 3051 1566 3093 oum
1590 3033 1731 3095 omnium

408 3125 590 3208 cognitione
612 3132 677 3188 tum
701 3132 809 3187 nostra
829 3124 1042 3187 familiaritate
1066 3123 1132 3186 visa
1155 3130 1212 3185 est.
1256 3124 1366 3206 ltaque
1387 3122 1448 3186 leci
1469 3144 1534 3185 noo
1555 3123 1674 3187 invitus
1695 3131 1732 3187 ut

406 3217 590 3302 prodessem
612 3218 720 3282 multis
742 3228 853 3301 rogatu
875 3225 939 3280 tuo.
973 3217 1035 3280 Sed
1058 3224 1094 3279 ut
1114 3217 1146 3279 in
1164 3216 1283 3279 Catone
1298 3217 1426 3290 Maiore,
1449 3218 1503 3300 qui
1525 3225 1573 3281 est
1594 3218 1768 3300 scriptusac

407 3314 446 3376 ad
468 3320 500 3376 te
522 3312 563 3375 de
585 3320 760 3387 senectute,
784 3311 934 3375 Catonem
957 3310 1068 3373 induxi
1091 3330 1199 3373 senem
1223 3309 1452 3393 disputantem,
1476 3312 1551 3394 quia
1573 3311 1661 3374 nulla
1683 3310 1731 3372 vi·

408 3406 542 3469 debatur
562 3406 666 3488 aptior
687 3426 841 3491 persona,
864 3427 948 3490 quae
971 3405 1010 3467 de
1032 3405 1087 3467 illa
1109 3412 1212 3468 aetate
1234 3404 1438 3486 loqueretur,
1468 3424 1562 3487 quam
1584 3405 1652 3467 eius
1674 3403 1730 3488 qui

408 3508 441 3565 et
461 3501 638 3563 diutissime
660 3521 759 3564 senex
780 3501 893 3563 luisset
914 3507 947 3562 et
968 3501 999 3562 in
1016 3500 1084 3583 ipsa
1100 3508 1264 3563 senectute
1279 3507 1405 3581 praeter
1418 3508 1541 3563 ceteros
1556 3498 1730 3561 floruisset:

408 3596 467 3669 sio,
490 3616 560 3658 cum
582 3596 813 3677 accepissemus
834 3614 853 3656 a
875 3594 1017 3677 patribus
1040 3596 1176 3657 maxime
1199 3593 1434 3657 memorabilem
1463 3594 1497 3656 C.
1522 3592 1621 3655 Laelii
1643 3600 1677 3655 et
1697 3593 1731 3654 P.

408 3688 565 3770 Scipionis
588 3686 830 3751 lamrliaritatem
852 3688 961 3761 luisse,
983 3688 1099 3751 idonea
1121 3687 1198 3750 mibi
1215 3687 1312 3749 Laelii
1333 3706 1469 3768 persona
1490 3688 1558 3750 risa
1580 3692 1629 3748 est
1648 3703 1768 3768 quaere

408 3782 447 3843 de
469 3782 607 3845 amicitia
629 3801 667 3844 ea
689 3782 758 3865 ipsa
780 3779 966 3856 dissereret,
996 3801 1077 3865 quae
1107 3780 1264 3863 disputata
1289 3780 1330 3842 ab
1357 3800 1395 3843 eo
1422 3780 1618 3844 meminisset
1639 3778 1732 3841 Scae·

407 3875 491 3939 vola.
534 3875 641 3939 Genus
663 3884 769 3939 autem
793 3876 854 3938 boc
875 3895 1055 3938 sermonum
1078 3875 1217 3957 positum
1239 3874 1272 3936 in
1288 3873 1451 3936 bominum
1466 3882 1608 3935 veterum
1624 3879 1732 3934 aucto·

407 3970 500 4032 ritate
531 3977 563 4032 et
592 3989 699 4033 eorum
730 3970 896 4032 illustrium
920 3968 991 4051 plus
1014 3968 1122 4031 neseio
1145 3988 1207 4049 quo
1230 3974 1320 4051 pacto
1344 3966 1471 4029 videtur
1490 3966 1608 4029 babere
1630 3965 1732 4047 gravi·

408 4065 491 4127 tatis.
535 4065 646 4146 ltaque
675 4066 743 4146 ipse
773 4082 841 4126 mea
864 4063 972 4145 legens
995 4063 1039 4124 sic
1061 4058 1193 4124 adficior
1212 4060 1384 4134 interdum,
1411 4067 1447 4123 ut
1470 4059 1637 4130 Catonem,
1665 4076 1731 4119 non

409 4178 459 4221 me
482 4159 567 4242 loqui
590 4158 778 4220 existimem.
822 4155 852 4217 5.
876 4155 937 4219 Sed
961 4163 995 4217 ul
1016 4161 1082 4217 tdm
1106 4156 1144 4217 ad
1168 4174 1275 4217 senem
1299 4174 1397 4215 senex
1420 4152 1459 4216 de
1483 4159 1663 4223 senectute,
1686 4149 1768 4218 sicso

408 4251 469 4315 boc
498 4253 578 4314 libro
605 4251 643 4314 ad
672 4253 808 4313 amicum
837 4249 1047 4312 amicissimus
1073 4249 1184 4331 scripsi
1212 4246 1251 4310 de
1279 4247 1428 4309 amicilia.
1476 4247 1556 4308 'l'um
1584 4252 1632 4306 est
1651 4242 1730 4305 ,Cato

409 4344 550 4418 locutus,
579 4365 644 4427 quo
667 4351 733 4406 erat
755 4364 847 4406 nemo
869 4342 935 4404 sere
958 4343 1065 4404 senior
1088 4341 1281 4423 temporibus
1304 4339 1383 4413 illis,
1413 4359 1508 4401 nemo
1530 4336 1732 4421 prudentior:

408 4458 492 4501 nunc
514 4439 639 4500 Laelius
663 4447 694 4501 et
716 4438 842 4520 sapiens
870 4470 909 4482 —
939 4437 984 4498 sic
1007 4436 1090 4497 enim
1114 4443 1162 4498 est
1182 4434 1309 4497 habitus
1332 4466 1372 4477 -
1400 4442 1431 4495 et
1452 4432 1611 4496 amicitiae
1633 4430 1732 4512 gloria

409 4532 569 4594 excellens
592 4530 631 4594 de
655 4532 789 4594 amicitia
813 4530 970 4612 loquetur.
1003 4529 1050 4591 'l'u
1074 4529 1167 4590 velim
1190 4547 1208 4590 a
1232 4547 1281 4589 me
1303 4527 1443 4590 animum
1459 4544 1630 4609 parumper
1644 4543 1733 4586 aver-

408 4634 473 4700 tas,
501 4626 643 4688 Laelium
665 4625 753 4708 loqui
775 4624 880 4708 ipsum
902 4632 1002 4707 putes.
1048 4622 1082 4686 C.
1105 4622 1244 4685 Fannius
1266 4628 1298 4683 et
1319 4621 1358 4697 Q.
1381 4619 1563 4683 Mucius'ad
1586 4637 1770 4686 socerumss

474 4934 498 4982 l.
517 4931 625 4982 beuta
640 4930 824 4980 commodetis
843 4954 870 4965 -
889 4927 1093 4979 commendabam
1110 4927 1130 4978 E
1148 4954 1175 4966 -
1200 4928 1224 4979 3.
1242 4929 1344 4979 tulleta
1359 4930 1394 4991 G,
1412 4930 1442 4977 ut
1457 4940 1553 4991 saepe,
1570 4926 1734 4977 indestricv

411 5033 438 5045 -
457 5007 533 5056 audio
551 5008 569 5055 c
591 5033 617 5042 -
636 5006 659 5055 5.
679 5005 759 5053 mullo
774 5005 894 5053 sanauit
909 5007 964 5053 taen
980 5004 1011 5066 l),
1030 5004 1056 5052 in
1075 5003 1093 5051 S
1110 5002 1170 5053 ead.
1189 5015 1226 5054 m.
1244 5004 1270 5053 tn
1289 5015 1372 5065 marg.
1391 5001 1453 5052 edd.
1470 5006 1592 5053 meret
1609 5027 1637 5038 -
1655 5001 1734 5051 bemt-

408 5081 487 5142 ciclpc
504 5083 539 5141 G,
561 5080 697 5129 comaclo
714 5078 782 5129 BSV
805 5080 845 5137 (in
861 5078 1088 5140 bemicpcliodomi
1105 5078 1139 5140 D)
1168 5103 1196 5114 -
1226 5090 1345 5142 meno
1363 5079 1427 5129 DG:
1450 5076 1685 5141 etcpoBESVO
1704 5101 1730 5112 —
1780 5094 1782 5097 ·

408 5157 434 5207 7.
452 5157 504 5218 {cre
520 5156 604 5205 mullis
619 5160 675 5204 eret
692 5153 848 5204 BEGSW:
873 5154 958 5203 mutis
972 5155 1024 5215 (ere
1040 5158 1098 5202 erat
1114 5154 1203 5213 liern,
1225 5154 1277 5215 [ere
1294 5159 1350 5203 erct
1367 5152 1480 5204 omeliae
1496 5154 1532 5213 D,
1555 5154 1607 5214 (erc
1623 5150 1736 5201 omntbrss

408 5237 464 5282 crat
480 5224 508 5279 S*
519 5234 545 5279 et
557 5229 640 5290 ΗΜ,
657 5230 709 5292 sere
721 5228 850 5293 [omnibus]
862 5234 917 5279 crau
937 5230 974 5285 0;
993 5228 1106 5278 omnibus
1123 5227 1178 5290 (vel
1195 5229 1292 5288 mullis]
1317 5229 1369 5278 lem
1392 5227 1480 5278 Valles
1502 5226 1606 5291 glossae
1626 5226 1734 5276 nomine

410 5310 565 5370 suspectum
584 5306 641 5355 eret
668 5331 694 5340 -
722 5306 893 5355 enimomb
922 5330 947 5339 -
976 5303 1001 5353 8.
1019 5303 1208 5353 sseeares-
1234 5303 1274 5353 ll.
1293 5302 1451 5354 lumem
1471 5330 1498 5340 -
1524 5302 1686 5351 caenomG
1705 5324 1732 5333 -

410 5383 450 5431 ti.
469 5380 501 5429 ab
517 5381 560 5429 illo
577 5394 630 5430 om.
647 5381 667 5428 V
686 5406 713 5414 -
734 5380 773 5429 la.
791 5379 891 5444 penno]
903 5392 988 5428 socero
1004 5380 1021 5427 S
1041 5405 1067 5415 -
1088 5380 1128 5429 lb.
1148 5378 1195 5426 isto
1211 5378 1275 5427 libro
1292 5378 1309 5426 S
1327 5403 1353 5414 -
1374 5377 1537 5442 ipsca1ectll
1557 5401 1584 5413 -
1603 5376 1736 5425 istrodwt

409 5454 442 5505 G’
459 5480 486 5492 -
512 5456 551 5505 46.
571 5461 646 5516 atque
662 5456 717 5504 ideo
732 5456 833 5516 [comm
851 5454 1020 5516 lompucmD
1045 5480 1071 5489 -
1098 5454 1137 5503 ll.
1155 5467 1236 5503 senno
1252 5452 1372 5503 bobxtS
1395 5479 1421 5490 ·-
1445 5451 1526 5514 saepe]
1545 5449 1685 5500 oAtts'cell
1706 5474 1732 5484 -

410 5528 450 5579 le.
468 5529 599 5579 κη’ὸονοηι
616 5530 660 5581 tibi
677 5531 775 5591 aliquid
792 5533 812 5581 ll
834 5557 858 5567 -
879 5536 932 5580 tum
948 5529 1094 5579 oomimnll
1115 5554 1141 5563 -
1161 5529 1201 5577 to.
1214 5528 1298 5577 multis
1311 5528 1451 5589 prodessem
1469 5528 1495 5586 S,
1512 5526 1597 5574 multis
1610 5524 1736 5587 prodesset

409 5606 431 5656 D
451 5631 477 5641 -
497 5606 527 5655 de
543 5612 633 5669 coactu
650 5612 692 5655 tuo
711 5608 731 5656 l)
752 5634 779 5642 -
797 5607 894 5655 maiore
908 5604 955 5667 soci
972 5606 1053 5668 quic
1075 5632 1101 5641 -
1120 5605 1254 5665 inscriptus
1270 5599 1302 5652 θ’
1319 5627 1347 5639 -
1373 5604 1414 5653 it.
1432 5607 1552 5650 momente
1567 5600 1593 5648 id
1609 5604 1644 5648 est
1660 5599 1736 5648 Coto-

408 5681 503 5731 neml)
524 5707 550 5716 -
570 5680 700 5730 biscocco
717 5680 814 5729 diut.E
833 5705 859 5715 -
879 5678 919 5730 tt.
938 5680 1050 5728 maxime
1067 5680 1179 5729 omlis
1198 5704 1224 5713 -
1245 5677 1376 5740 Cludit
1397 5704 1423 5713 -
1446 5675 1486 5725 ³0.
1504 5676 1573 5738 bose
1589 5676 1736 5725 extimum

408 5754 476 5812 ΒΨ,
500 5755 638 5804 aestimem
655 5757 724 5818 loqui
741 5758 758 5804 S
786 5781 812 5791 -
832 5756 867 5804 cd
890 5768 972 5805 mers
987 5768 1063 5804 senec
1080 5755 1117 5814 D,
1136 5756 1166 5802 ut
1176 5753 1290 5812 videtur,
1309 5753 1337 5801 et
1348 5749 1424 5801 llilds
1444 5751 1478 5799 ad
1495 5750 1639 5800 usatites
1654 5760 1736 5797 men

408 5843 485 5880 senec
501 5833 531 5886 G,
549 5832 583 5879 cd
599 5845 680 5881 smero
695 5846 741 5894 epo
757 5845 833 5880 senec
849 5831 927 5891 BSV,
951 5831 985 5879 ad
1002 5836 1025 5880 to
1041 5843 1123 5879 senen
1139 5841 1216 5878 senec
1234 5829 1326 5885 bern..
1345 5828 1379 5877 ud
1395 5839 1476 5877 senem
1492 5839 1568 5876 sena
1583 5826 1657 5875 muse
1673 5824 1733 5874 Ε-

410 5907 451 5958 et.
469 5908 495 5955 ln
511 5907 556 5957 boc
574 5909 594 5957 ll
614 5932 640 5942 —
659 5908 748 5968 scripsi
766 5908 795 5957 de
811 5907 909 5957 am.C:
928 5908 959 5957 de
974 5906 1048 5955 amic.
1067 5904 1155 5965 scripsi
1172 5905 1192 5952 0
1212 5929 1239 5939 -
1258 5902 1299 5952 32.
1317 5902 1370 5963 lere
1385 5914 1457 5951 semo
1474 5900 1518 5950 SV
1539 5927 1566 5938 -
1585 5898 1737 5950 abbatim

408 5986 445 6035 etl
462 5982 483 6034 u
503 6008 529 6019 -
554 5981 594 6033 dl.
613 5982 729 6045 loquetur
745 5981 884 6032 BEGSV:
902 5981 1014 6045 bouitas·
1030 5981 1111 6045 Dl‘llo
1131 6007 1158 6019 -
1178 5980 1240 6031 ren
1256 5979 1277 6032 E
1295 6005 1323 6018 -
1342 5979 1456 6029 sobam
1471 5991 1490 6027 u
1505 5989 1545 6029 me
1561 5977 1591 6028 0.
