4342 7459
434 1259 496 1328 ato
659 1301 664 1310 ·
766 1262 1088 1352 ruscunaussun
1109 1260 1439 1326 orsaorsrrounn

434 1427 473 1490 sit
494 1434 549 1490 aut
569 1428 611 1490 sit
632 1428 749 1489 bonum
772 1425 888 1509 potius.
931 1420 983 1485 sl.
1005 1423 1083 1485 llam
1106 1422 1132 1485 si
1155 1443 1209 1486 cor
1231 1428 1286 1483 aut
1307 1420 1436 1503 sanguis
1458 1427 1512 1482 aut
1533 1418 1698 1483 cerebrum
1713 1427 1762 1483 est

433 1522 573 1594 animus,
605 1528 703 1593 certa,
733 1519 883 1602 quoniam
911 1525 960 1580 est
986 1536 1119 1598 corpus,
1148 1515 1288 1579 interibit
1310 1534 1378 1577 cum
1405 1514 1530 1595 reliquo
1552 1532 1702 1596 corpore;
1732 1514 1761 1576 si

434 1615 538 1677 anima
559 1622 622 1688 est,
643 1612 776 1675 sortasse
800 1610 1022 1692 dissipabitur;
1044 1611 1070 1672 si
1096 1609 1192 1691 iguis,
1217 1609 1434 1689 extinguetur3
1458 1607 1485 1668 si
1510 1614 1558 1668 est
1580 1605 1761 1669 Aristoxeni

435 1708 612 1781 harmonia,
642 1705 841 1769 dissolvetur.
889 1703 975 1778 Quid
1005 1704 1045 1765 dc
1075 1702 1268 1766 Dicaearcho
1298 1700 1417 1773 dicam,
1450 1700 1506 1783 qui
1529 1698 1760 1763 nihilomnino

411 1802 572 1865 cantuum
596 1801 679 1864 dicat
700 1802 796 1863 esse?
817 1798 874 1860 llis
896 1797 1059 1860 sententiis
1083 1797 1229 1860 omnibus
1252 1794 1329 1857 nibil
1353 1800 1424 1877 post
1447 1801 1579 1856 mortem
1600 1795 1757 1875 pertinere

434 1893 473 1958 ad
497 1914 688 1978 quemquam
710 1899 831 1974 potest;
854 1892 970 1975 pariter
992 1891 1074 1953 enim
1099 1911 1170 1953 cum
1192 1890 1254 1951 vita
1277 1908 1390 1952 sensus
1412 1887 1581 1960 amittitur3
1604 1906 1668 1949 uon
1689 1905 1761 1949 seu·

435 1989 541 2051 tientis
561 1996 666 2051 autem
688 1986 767 2048 nihil
790 1991 839 2047 est
860 1984 958 2047 ullam
981 1984 1013 2046 in
1043 1992 1162 2066 partem
1186 1982 1270 2065 quod
1293 1982 1427 2045 intersit.
1464 1980 1667 2063 Reliquorum
1689 2001 1759 2044 sen·

435 2081 549 2144 tentiae
578 2099 667 2162 spem
693 2074 854 2151 adierunt,
887 2078 913 2139 si
944 2085 974 2140 te
1004 2077 1065 2139 hoc
1089 2076 1168 2139 lorte
1190 2075 1339 2148 delectat,
1362 2095 1457 2157 posse
1476 2076 1617 2148 animos,
1647 2094 1759 2138 cume

435 2173 622 2256 corporibus
648 2173 856 2244 excesserint,
885 2169 917 2233 in
947 2171 1067 2234 caelum
1090 2171 1179 2253 quasi
1203 2170 1235 2232 in
1259 2169 1450 2233 domicilium
1472 2189 1563 2231 suum
1585 2170 1760 2252 pervenire.

399 2270 471 2331 toA.
495 2268 545 2330 hle
567 2286 643 2329 vcro
664 2264 816 2338 delectat,
837 2264 932 2347 idque
954 2264 1089 2347 primum
1110 2265 1153 2326 ita
1167 2285 1238 2327 esse
1251 2264 1364 2335 velim,
1387 2262 1518 2336 deinde,
1541 2262 1760 2325 etiamsinon

436 2362 493 2435 sit,
516 2361 592 2423 mibi
614 2356 798 2443 persuaderi
821 2365 925 2421 umen
948 2357 1051 2420 velim.
1088 2359 1130 2419 M.
1153 2357 1236 2432 Quid
1259 2357 1316 2419 tibi
1339 2377 1414 2439 ergo
1441 2376 1537 2440 opera
1558 2360 1667 2419 nostra
1681 2376 1761 2438 opus

437 2457 507 2517 esti
541 2472 613 2515 num
644 2450 825 2535 eloquentia
851 2450 1013 2514 Platonem
1044 2471 1193 2534 superare
1222 2455 1414 2533 possumus?
1450 2449 1568 2512 Evolve
1595 2448 1763 2532 diligenter

437 2549 505 2611 eius
528 2566 599 2609 eum
623 2546 749 2618 librum,
780 2546 834 2629 qui
858 2553 906 2608 est
929 2545 969 2606 de
990 2543 1278 2626 animoznamplius
1302 2543 1387 2628 quod
1411 2542 1571 2606 desideres
1592 2542 1670 2605 nihil
1692 2543 1761 2605 erit.

436 2640 473 2704 A.
495 2641 566 2703 Feci
589 2639 783 2701 mehercule
806 2638 987 2720 etquidem
1011 2639 1154 2721 saepius;
1177 2637 1233 2701 sed
1250 2638 1433 2722 nescioquo
1449 2638 1560 2710 modo,
1582 2637 1655 2699 dum
1679 2636 1785 2719 Ιιιςο,Ι

400 2752 427 2797 rs
437 2734 613 2804 adsentior,
637 2752 708 2796 cum
731 2734 823 2815 posui
846 2733 959 2796 librum
983 2739 1014 2795 et
1037 2751 1158 2794 mecum
1182 2732 1250 2813 ipse
1272 2730 1311 2793 de
1334 2732 1565 2794 immortalitate
1584 2731 1762 2794 animorum

437 2826 527 2908 coepi
558 2826 709 2909 cogitare,
737 2825 884 2889 adsensio
913 2826 1015 2888 omnis
1042 2823 1096 2887 illa
1119 2825 1263 2887 elabitur.
1306 2822 1356 2885 25.
1382 2826 1421 2887 M.
1445 2823 1530 2898 Quid
1552 2824 1635 2887 hoc‘t
1665 2822 1763 2887 dasne

437 2927 492 2983 aut
520 2938 648 2982 manere
670 2920 792 2982 animos
814 2927 887 3001 post
909 2928 1041 2982 mortem
1064 2927 1120 2981 aut
1140 2926 1239 2981 morte
1263 2920 1331 3001 ipsa
1353 2918 1519 2982 interiret,
1546 2918 1583 2980 A.
1604 2919 1653 2980 Do
1675 2938 1762 2981 vero.

437 3012 479 3075 M.
499 3010 605 3085 Quint
627 3012 653 3074 si
675 3016 841 3075 maneant?
863 3011 899 3074 A.
915 3015 1026 3076 Beatos
1042 3032 1112 3074 esse
1128 3011 1278 3074 concedo.
1310 3013 1350 3074 Μ.
1366 3012 1421 3075 Sin
1436 3012 1614 3074 intereant?
1637 3010 1674 3073 A.
1689 3013 1761 3075 Non

437 3124 507 3168 esse
537 3105 684 3181 miseros,
712 3108 862 3189 quoniam
890 3127 929 3169 ne
956 3107 1019 3168 sint
1047 3106 1197 3187 quidcm;
1228 3125 1299 3168 nam
1325 3106 1406 3169 istuc
1434 3106 1533 3168 coacti
1561 3125 1579 3167 a
1606 3113 1638 3167 te
1666 3105 1762 3187 paulo

400 3206 510 3267 manta
541 3200 765 3263 concessimus.
811 3202 853 3263 M.
883 3200 955 3274 Quo
982 3198 1075 3262 modo
1105 3199 1200 3280 igitur
1226 3206 1280 3260 aut
1316 3220 1371 3261 cur
1401 3207 1532 3261 mortem
1562 3198 1678 3261 malum
1705 3198 1763 3261 tibi

438 3292 539 3355 videri
560 3290 656 3365 dicis,
682 3314 764 3376 quae
788 3304 841 3356 aut
862 3294 970 3356 beatos
993 3313 1051 3355 nos
1074 3290 1189 3355 efficiet
1210 3294 1322 3355 animis
1344 3294 1539 3355 manentibus
1559 3299 1690 3356 autnon
1704 3291 1762 3356 rni-

438 3406 526 3449 seros
549 3406 644 3449 sensu
666 3388 822 3450 carentis?

522 3479 592 3540 llll.
614 3475 665 3540 26.
698 3478 734 3541 A.
763 3482 894 3561 Expone
923 3479 1034 3561 igitur,
1066 3480 1127 3541 nisi
1156 3480 1321 3542 molestum
1345 3490 1408 3554 est,
1436 3482 1590 3569 primum,
1613 3482 1638 3544 si
1661 3488 1761 3562 potes,

437 3574 560 3637 animos
582 3591 744 3635 remanere
766 3581 1008 3654 postmortem,
1030 3581 1113 3645 tum,
1136 3574 1161 3634 si
1185 3574 1288 3636 minus
1311 3574 1344 3635 id
1366 3575 1523 3638 obtinebis
1545 3584 1655 3638 -est
1677 3576 1762 3639 enim

401 3665 571 3734 ssarduum
594 3699 652 3739 -,
683 3665 812 3728 docebis
834 3685 942 3727 carere
964 3668 1048 3727 omni
1073 3666 1154 3727 malo
1177 3677 1320 3730 mortem.
1358 3670 1424 3750 Ego
1446 3670 1529 3731 euim
1553 3669 1633 3731 istuc
1655 3670 1761 3750 ipsum

439 3777 551 3821 vereor
572 3778 612 3821 ue
635 3758 750 3821 malum
772 3759 827 3832 sit,
849 3780 913 3820 nou
928 3758 1001 3820 dico
1016 3779 1123 3821 carere
1139 3780 1248 3833 sensu,
1271 3762 1326 3824 sed
1343 3762 1513 3824 carendum
1530 3781 1609 3824 esse.
1641 3764 1683 3825 M.
1697 3763 1762 3823 Au·

439 3852 576 3915 oloribus
605 3852 734 3934 quidem
762 3851 801 3915 ad
833 3853 923 3915 istam
952 3853 1153 3925 sententiam,
1184 3874 1278 3935 quam
1304 3856 1351 3917 vis
1381 3856 1530 3929 obtineri,
1557 3857 1604 3918 uti
1633 3856 1761 3937 optimis

437 3966 620 4030 possumus,
649 3946 736 4029 quod
764 3946 795 4007 in
817 3946 963 4008 omnibus
985 3947 1088 4008 causis
1111 3956 1142 4009 et
1163 3947 1256 4010 debet
1284 3958 1316 4010 et
1341 3950 1421 4011 solet
1449 3950 1553 4011 valere
1581 3950 1761 4031 plurimum,

438 4049 470 4102 et
497 4041 630 4122 primum
654 4039 783 4122 quidem
810 4040 902 4111 omni,
921 4040 1124 4122 antiquitate,
1154 4061 1235 4124 quae
1258 4063 1323 4124 quo
1346 4043 1476 4125 propius
1498 4043 1606 4105 aberat
1627 4043 1666 4105 ab
1688 4052 1760 4107 ortu

401 4144 471 4201 soet
492 4133 597 4196 divina
620 4134 786 4215 progenie,
809 4133 868 4195 hoc
893 4134 1003 4194 melius
1026 4153 1062 4195 ea
1086 4132 1232 4206 sortasse,
1256 4156 1337 4217 quae
1360 4144 1449 4198 erant
1464 4156 1554 4208 vera,
1577 4136 1734 4199 cernebat

522 4222 573 4287 27.
597 4226 704 4308 ltaque
728 4247 823 4289 unum
840 4226 917 4288 illud
933 4235 999 4288 erat
1014 4227 1141 4289 insitum
1159 4230 1268 4310 priscis
1287 4230 1360 4301 illis,
1379 4249 1459 4313 quos
1475 4248 1609 4291 cascos
1624 4229 1762 4313 appellat

438 4322 572 4390 Ennius,
596 4339 665 4381 esse
687 4320 718 4380 in
743 4329 840 4382 morte
863 4340 990 4382 sensum
1013 4341 1116 4403 neque
1139 4344 1270 4385 excessu
1295 4324 1375 4384 vitae
1402 4324 1447 4384 sic
1470 4322 1566 4384 deleri
1589 4323 1760 4395 hominem,

439 4422 473 4475 ut
493 4412 635 4476 funditus
658 4414 817 4486 interirct3
840 4414 937 4496 idque
959 4435 1030 4476 cum
1053 4415 1159 4477 multis
1181 4417 1250 4478 aliis
1272 4416 1376 4488 rebus,
1399 4424 1463 4477 tum
1484 4411 1676 4498 epontificio
1692 4417 1761 4478 iure

438 4516 470 4569 et
484 4528 501 4570 e
517 4508 714 4569 caerimoniis
729 4508 966 4591 sepulchrorum
985 4508 1126 4589 intellegi
1143 4509 1231 4582 licet,
1256 4531 1334 4592 quas
1351 4512 1505 4571 maxumis
1520 4510 1654 4591 ingeniis
1670 4530 1762 4592 prae·

400 4601 496 4669 sediti
518 4621 576 4663 nec
598 4609 684 4663 tanta
706 4621 780 4663 cura
801 4602 972 4663 coluissent
995 4622 1051 4663 nec
1067 4602 1197 4664 violatas
1220 4613 1282 4666 tam
1305 4603 1491 4685 inexpiabili
1512 4604 1665 4685 religione
1688 4625 1760 4666 sau·

439 4697 575 4767 xissent,
608 4694 669 4756 nisi
702 4695 844 4756 haereret
873 4696 905 4756 in
936 4715 1044 4757 eorum
1072 4697 1228 4759 mentibus
1256 4708 1384 4760 mortem
1414 4718 1476 4760 non
1506 4697 1667 4759 interitum
1690 4717 1760 4761 esse

438 4789 541 4852 omnia
564 4787 723 4850 tollentem
747 4797 842 4869 atque
865 4788 1038 4861 delentem,
1063 4790 1118 4850 sed
1142 4790 1299 4870 quandam
1323 4792 1413 4871 quasi
1436 4789 1652 4871 migrationem
1676 4809 1761 4852 com·

439 4883 704 4961 mutationemque
726 4881 823 4954 vitae,
855 4901 936 4964 quae
958 4876 990 4942 in
1012 4882 1104 4945 claris
1127 4884 1202 4947 viris
1225 4894 1255 4946 et
1276 4884 1402 4947 feminis
1425 4884 1489 4946 dux
1511 4885 1544 4945 in
1566 4883 1688 4945 caelum
1710 4904 1761 4946 so-

438 4975 517 5037 leret
539 4995 623 5045 esse,
646 4974 679 5035 in
701 4974 813 5036 ceteris
836 4975 923 5036 humi
946 4976 1134 5039 retineretur
1155 4985 1186 5039 et
1207 4986 1403 5061 permaneret
1417 4986 1531 5040 tamen.
1568 4973 1618 5037 28.
1637 4978 1685 5040 Ex
1700 4976 1761 5041 boc

401 5076 472 5134 teet
493 5075 671 5129 nostrorum
694 5066 842 5149 opinione

670 5159 853 5222 Romulus
875 5160 913 5222 in
935 5162 1041 5226 caelo
1064 5185 1148 5228 cum
1171 5166 1234 5229 dis
1256 5170 1336 5250 agit
1357 5186 1509 5239 aevum,

1294 5330 1311 5335 Δ-
1322 5330 1371 5336 -—
1386 5328 1666 5336 ---—--.‹--—-—-
1678 5331 1692 5335 .«
1703 5329 1760 5337 -.

504 5421 527 5469 t.
546 5424 592 5469 cat
607 5423 668 5470 aute
684 5422 788 5483 nequis
803 5434 937 5485 superscr.
951 5424 975 5472 ln
993 5425 1013 5471 G
1028 5451 1054 5460 -
1073 5424 1098 5472 ἱ.
1116 5437 1220 5487 corpore
1234 5427 1376 5487 tsnperscr.
1390 5423 1449 5474 ead.
1464 5438 1499 5474 m.
1513 5431 1627 5488 tempore·
1645 5428 1680 5480 B:
1699 5434 1761 5477 terso·

437 5496 605 5559 poreGll-
624 5495 828 5554 8.roraaoeo
848 5522 874 5531 -
896 5498 934 5547 ta.
953 5500 1092 5557 quadan
1112 5526 1138 5535 -
1159 5501 1197 5548 49.
1217 5501 1285 5563 nom]
1303 5502 1354 5548 iarn
1373 5502 1434 5550 C-
1453 5502 1552 5550 istadO
1571 5528 1597 5538 -
1616 5502 1716 5552 idco·
1734 5504 1759 5554 in

439 5583 529 5622 rasura
547 5572 566 5619 G
592 5596 619 5608 -
643 5571 684 5619 st.
703 5571 793 5632 emeat
811 5571 879 5619 Bake
897 5570 913 5620 l.
932 5571 949 5621 l.
969 5588 993 5636 p.
1012 5574 1052 5622 rt.
1075 5602 1102 5611 -
1126 5575 1166 5623 2³.
1185 5576 1294 5626 anm.
1312 5578 1332 5622 n·
1347 5577 1452 5636 potero
1472 5602 1498 5611 -
1515 5581 1593 5637 poem
1609 5589 1679 5626 corr.
1699 5578 1758 5626 ead.

439 5645 1004 5708 m.inpotcsG-il.obtesabisGlt¹-
1029 5650 1234 5699 ibistado-
1258 5650 1494 5713 'tdnelmoG-
1519 5649 1757 5701 sanemus-

437 5720 478 5768 30.
496 5721 627 5771 meast
643 5733 712 5770 corr.
731 5722 756 5770 in
773 5720 889 5770 mehor
906 5723 938 5772 ll:
956 5723 1085 5772 mmbcnt
1102 5726 1120 5773 n
1139 5728 1165 5772 et
1183 5723 1265 5784 (alteri
1282 5738 1296 5772 r
1312 5737 1446 5787 superscr.
1459 5728 1483 5772 sl
1502 5727 1522 5773 G
1541 5751 1567 5760 -
1587 5725 1615 5773 34
1647 5726 1760 5776 romoslt

440 5820 467 5830 -
485 5795 526 5845 33.
543 5798 634 5859 idquae
651 5797 670 5846 lt
689 5822 717 5833 -
736 5795 777 5847 3⁸.
795 5809 808 5845 s
824 5809 878 5846 om.
896 5798 916 5846 0
935 5801 1123 5848 --cen'asontis
1139 5802 1187 5849 stt
1207 5826 1232 5834 -
1252 5801 1422 5860 reputa-torum
1440 5802 1501 5849 lt-
1520 5800 1560 5849 ³5.
1577 5800 1758 5863 iaarpiabdac

438 5895 466 5905 -
485 5870 525 5922 tt.
550 5871 665 5922 noardes
683 5873 710 5921 ias
730 5872 799 5923 eaelo
819 5885 876 5921 oeus
897 5873 936 5921 dis
956 5874 1104 5938 pecudibus
1124 5888 1215 5925 mun
1230 5876 1296 5940 depit
1318 5877 1424 5925 sentus
1447 5874 1481 5924 ad
1504 5879 1568 5925 Aen.
1588 5875 1630 5930 ll.
1648 5875 1706 5926 rot.
1728 5900 1756 5911 ·-
