4342 7459
438 1221 516 1297 222„
768 1221 1086 1328 TUSCULthlRUM
1107 1223 1434 1289 nlsrurartonun

439 1387 604 1444 concretus
636 1388 705 1454 adr,
739 1382 793 1464 qui
823 1391 870 1444 est
899 1388 999 1444 terrae
1028 1382 1199 1465 proximus.
1236 1383 1374 1446 Calidior
1400 1391 1447 1445 est
1474 1385 1557 1446 enim
1579 1383 1630 1446 vel
1657 1383 1764 1467 potins

439 1475 599 1538 ardentior
627 1476 750 1537 animus
772 1495 867 1558 quam
889 1483 936 1538 est
965 1475 1018 1538 hic
1049 1484 1119 1549 adr,
1152 1497 1245 1560 quem
1280 1478 1374 1539 modo
1404 1477 1469 1538 dixi
1499 1497 1639 1539 crassum
1668 1485 1764 1560 atque

439 1576 637 1644 concretum
663 1570 747 1652 quod
770 1588 811 1631 ex
833 1588 871 1631 eo
893 1570 964 1631 sciri
988 1578 1106 1651 potest,
1128 1571 1203 1652 quia
1227 1590 1360 1651 corpora
1380 1578 1502 1643 nostra,
1528 1579 1654 1633 terreno
1677 1569 1764 1653 prin·

440 1663 593 1744 cipiorum
620 1682 734 1745 genere
756 1661 915 1735 confecta,
944 1663 1055 1725 ardore
1077 1664 1174 1726 animi
1195 1663 1424 1726 concalescunt.
1479 1664 1565 1726 XIX.
1587 1659 1638 1724 43.
1668 1666 1765 1727 licae-

414 1757 487 1818 ⁸dit
514 1764 549 1819 ut
577 1776 616 1818 eo
645 1755 767 1818 facilius
797 1755 919 1817 animus
942 1755 1053 1817 evadat
1074 1776 1115 1818 ex
1147 1756 1208 1818 hoc
1239 1764 1327 1829 abre,
1356 1777 1450 1838 quem
1482 1775 1577 1838 saepe
1614 1758 1676 1819 iam
1708 1776 1764 1841 ap·

441 1849 537 1932 pello,
567 1868 702 1932 eumque
738 1855 934 1931 perrumpat,
964 1849 1047 1932 quod
1074 1850 1153 1912 nihil
1187 1860 1234 1913 est
1265 1852 1371 1913 animo
1406 1848 1559 1912 velocius:
1591 1850 1679 1912 nulla
1715 1857 1764 1914 ost

439 1943 581 2006 celeritas
610 1961 691 2026 quae
716 1943 815 2024 possit
836 1963 905 2004 cum
928 1943 1023 2004 animi
1045 1942 1205 2006 celeritate
1227 1942 1426 2008 contendere.
1464 1943 1526 2018 Qui
1548 1944 1575 2006 si
1597 1951 1762 2026 permanet

439 2038 639 2120 incorruptus
666 2037 779 2118 suique
804 2035 934 2109 similis,
961 2055 1089 2099 necesse
1112 2044 1160 2099 est
1181 2038 1224 2099 ita
1246 2037 1380 2110 feratur,
1411 2044 1445 2099 ut
1465 2044 1608 2119 penetret
1629 2046 1662 2100 et
1683 2036 1764 2101 divi-

440 2130 493 2193 dat
514 2150 607 2193 omne
629 2129 748 2191 caelum
775 2128 851 2202 hoc,
877 2129 909 2192 in
932 2149 995 2210 quo
1022 2129 1139 2203 nubes,
1168 2130 1281 2193 imbres
1304 2132 1452 2213 ventique
1475 2139 1645 2213 coguntur,
1675 2131 1762 2215 quod

402 2227 472 2287 ⁴⁰et
493 2224 632 2286 umidum
654 2230 686 2284 et
706 2222 912 2303 caliginosum
935 2231 983 2285 est
1004 2231 1133 2304 propter
1153 2223 1370 2286 exhalationes
1390 2232 1502 2286 terrae.
1537 2224 1638 2299 Quam
1662 2226 1765 2308 regio·

440 2339 511 2380 nem
537 2338 607 2380 cum
629 2316 790 2398 superavit
813 2316 938 2379 animus
961 2325 1168 2398 naturamque
1190 2318 1239 2379 sui
1266 2318 1400 2380 similem
1427 2319 1559 2400 contigit
1586 2326 1617 2381 et
1644 2318 1764 2402 adgno-

439 2411 497 2484 vit,
520 2410 634 2473 iunctis
656 2409 823 2472 exanima
845 2410 931 2471 tenui
954 2418 985 2471 et
1007 2431 1047 2471 ex
1068 2411 1180 2473 ardore
1203 2410 1280 2473 solis
1302 2418 1477 2492 temperato
1501 2411 1625 2493 ignibus
1646 2413 1764 2476 insistit

440 2518 472 2567 et
492 2504 585 2567 linem
608 2503 701 2566 altius
723 2524 757 2566 se
780 2501 937 2565 ecferendi
959 2503 1044 2565 facit.
1078 2503 1155 2566 Cum
1179 2505 1262 2566 enim
1285 2505 1334 2566 sui
1357 2503 1491 2566 similem
1508 2513 1539 2566 et
1555 2505 1715 2569 levitatem
1731 2513 1764 2569 et

440 2597 576 2661 calorem
598 2596 730 2680 adeptus
747 2606 804 2669 cst,
826 2603 985 2679 tamquam
1008 2596 1136 2677 paribus
1158 2596 1355 2659 examinatus
1378 2597 1569 2679 ponderibus
1590 2600 1709 2663 nullam
1730 2599 1763 2661 in

402 2698 560 2774 repartum
582 2697 742 2762 movetur,
765 2708 866 2771 eaque
887 2691 917 2751 ei
941 2690 1067 2753 demum
1091 2690 1240 2752 naturalis
1263 2698 1311 2753 est
1325 2691 1415 2753 sedes
1423 2729 1434 2763 ,·
1456 2711 1527 2754 cum
1542 2692 1581 2755 ad
1597 2693 1646 2755 sui
1661 2692 1763 2755 simile

439 2783 629 2868 penetravit,
658 2784 690 2846 in
719 2802 783 2865 quo
811 2781 897 2845 nulla
927 2802 960 2844 re
989 2804 1085 2865 egens
1115 2783 1216 2846 aletur
1238 2791 1269 2844 et
1291 2784 1516 2846 sustentabitur
1536 2785 1637 2849 isdem
1658 2786 1763 2860 rebus,

440 2877 554 2960 quibus
579 2883 660 2938 astra
689 2882 902 2938 sustentantur
929 2884 960 2938 et
987 2878 1123 2939 aluntur.
1167 2872 1218 2937 ll.
1241 2876 1382 2958 Cumque
1410 2880 1551 2959 corporis
1572 2878 1696 2941 facibus
1716 2880 1764 2942 in-

439 2969 590 3035 flammari
611 2970 769 3032 soleamus
794 2968 834 3030 ad
857 2970 959 3031 omnis
980 2970 1047 3033 fere
1070 2970 1260 3052 cupiditates
1275 2988 1377 3050 eoque
1394 2971 1492 3051 magis
1512 2971 1654 3046 incendi,
1679 2970 1762 3055 quod

439 3068 478 3130 iis
493 3064 703 3136 aemulemur,
726 3062 781 3146 qui
797 3081 834 3124 ea
848 3062 1000 3137 habeant,
1023 3083 1105 3146 quae
1121 3084 1178 3126 nos
1194 3063 1310 3126 habero
1326 3063 1504 3146 cupiamus,
1527 3064 1666 3146 profecto
1681 3062 1763 3128 beati

401 3162 570 3232 soerimus,
599 3177 670 3221 cum
692 3155 877 3238 corporibus
902 3157 1020 3219 relictis
1043 3166 1075 3219 et
1097 3157 1302 3238 cupiditatum
1327 3165 1359 3219 et
1380 3158 1624 3220 aemulationum
1647 3159 1764 3222 erimm

439 3262 604 3337 expertes3
632 3251 784 3334 quodque
806 3247 891 3311 nunc
910 3250 1055 3323 facimus,
1084 3270 1155 3312 cum
1185 3250 1281 3312 laxati
1304 3250 1535 3324 carissumus,
1564 3260 1600 3315 ut
1621 3259 1763 3340 spectare

439 3348 561 3431 aliquid
590 3345 722 3408 velimus
745 3350 776 3404 et
797 3341 911 3416 visere,
940 3343 973 3405 id
997 3343 1096 3406 multo
1123 3352 1186 3406 tum
1208 3343 1359 3406 faciemus
1381 3343 1511 3407 liberius
1535 3352 1683 3428 totosque
1705 3364 1763 3409 nor

440 3442 473 3505 in
501 3438 751 3520 contemplandis
782 3435 875 3498 rebus
905 3435 1198 3519 perspiciendisque
1226 3456 1396 3517 ponemus,
1424 3444 1591 3520 propterea
1621 3437 1710 3519 quod
1732 3445 1765 3501 et

439 3546 551 3598 natura
577 3534 659 3595 inest
689 3532 721 3592 in
753 3528 910 3592 mentibus
934 3531 1048 3592 nostris
1069 3526 1255 3592 insatiabilis
1276 3528 1429 3610 quaedam
1452 3532 1607 3612 cupiditas
1630 3532 1696 3593 veri
1719 3530 1764 3593 vi·

402 3626 535 3690 rodendi
558 3633 590 3688 et
611 3644 686 3687 orae
708 3624 796 3705 ipsae
818 3624 956 3686 locorum
978 3622 1123 3697 illorum,
1147 3644 1208 3704 quo
1231 3622 1480 3701 pervenerimus,
1503 3643 1567 3706 quo
1589 3623 1763 3700 faciliorem

440 3719 531 3784 nobis
549 3718 760 3799 cognitionem
777 3736 880 3778 rernm
896 3715 1091 3790 caelestium,
1114 3736 1153 3778 eo
1170 3717 1317 3777 maiorem
1333 3715 1541 3796 cognoscendi
1558 3717 1763 3800 cupiditatem

440 3815 570 3876 dabunt.
614 3809 666 3873 45.
695 3810 781 3871 llaec
810 3811 893 3872 enim
923 3808 1124 3890 pulchritudo
1153 3809 1246 3871 etiam
1276 3809 1308 3869 in
1339 3809 1428 3871 terris
1454 3810 1598 3892 patritam
1622 3811 1710 3874 illam
1733 3816 1764 3873 et

440 3909 573 3981 avitam,
597 3913 632 3969 ut
652 3906 697 3968 ait
718 3903 969 3987 Theophrastus,
996 3900 1229 3985 philosophiam
1251 3902 1440 3984 cognitionis
1462 3902 1631 3985 cupiditate
1654 3905 1764 3968 incen-

440 4021 506 4064 sam
535 4000 693 4064 excitavit.
736 3998 904 4079 Praecipue
933 4015 1007 4058 vero
1037 3996 1179 4059 fruentur
1200 4014 1254 4069 ea,
1280 3996 1335 4078 qui
1367 4003 1432 4057 tum
1463 3996 1572 4069 etiam,
1605 4016 1677 4059 cum
1707 3996 1763 4061 has

354 4160 356 4163 Α
403 4103 539 4158 toterras
567 4094 739 4156 incolentes
766 4090 946 4154 circumfusi
970 4098 1059 4152 erant
1079 4090 1230 4171 caligine,
1259 4095 1363 4150 tamen
1383 4089 1450 4151 acie
1473 4090 1585 4152 mentis
1608 4090 1763 4173 dispicere

442 4188 617 4271 cupiebant.
662 4186 732 4247 xx.
754 4185 878 4246 Etenim
907 4184 934 4245 sl
966 4203 1050 4245 nunc
1071 4183 1190 4265 aliquid
1212 4182 1344 4263 adsequi
1367 4201 1400 4243 se
1423 4190 1549 4263 putant,
1572 4184 1626 4263 qui
1648 4183 1763 4244 ostium

441 4281 531 4343 Ponti
554 4280 702 4343 viderunt
720 4286 752 4340 et
768 4296 821 4339 eas
837 4276 1007 4358 angustias,
1028 4296 1085 4359 per
1101 4295 1179 4359 quas
1193 4275 1367 4357 penetravit
1382 4294 1429 4348 ea,
1445 4294 1526 4357 quae
1541 4283 1589 4337 est
1603 4275 1764 4337 nominata

651 4375 772 4453 Argo,
796 4369 893 4453 quia
914 4371 1049 4451 Argivi
1071 4371 1113 4432 in
1136 4389 1180 4431 ea
1203 4367 1347 4430 dilecti
1370 4369 1445 4431 viri

652 4465 764 4527 Vecti
787 4462 982 4546 petebant
1005 4463 1150 4545 pellem
1172 4464 1396 4525 inauratam
1417 4462 1574 4537 arietis,

403 4570 498 4626 ³⁵aut
518 4562 558 4636 ii,
581 4560 635 4643 qui
658 4558 776 4621 Oceani
797 4557 875 4618 freta
898 4556 952 4617 illa
974 4556 1132 4629 viderunt,

598 4655 790 4733 Europam
814 4650 1062 4732 Libyamque
1085 4668 1204 4730 rapax
1226 4649 1291 4710 ubi
1313 4648 1465 4711 dividit
1486 4648 1602 4721 unda,

443 4749 530 4833 quod
561 4746 687 4810 tandem
720 4743 932 4826 spectaculum
964 4743 1030 4806 fors
1062 4750 1225 4824 putamus,
1258 4760 1328 4803 cum
1354 4748 1450 4805 totam
1478 4749 1592 4804 terram
1623 4744 1764 4807 contueri

441 4842 550 4905 licebit
570 4839 702 4922 eiusque
724 4857 795 4900 cum
810 4837 913 4910 situm,
936 4835 1076 4910 formam,
1100 4835 1430 4919 circumscriptionem,
1446 4843 1511 4897 tum
1528 4842 1560 4898 et
1573 4834 1763 4901 habitabiles

507 5006 532 5059 4.
550 5006 644 5056 Accidit
664 5004 714 5053 cu
738 5029 763 5040 -
789 5002 813 5051 3.
832 5002 928 5051 coslun
950 5002 1177 5065 toc-·capanmr
1194 5003 1292 5051 Nonius
1310 5015 1335 5065 p.
1354 5001 1411 5052 264.
1433 5028 1458 5037 -
1480 5004 1551 5053 «Non
1569 5003 1765 5066 penetrandum

441 5083 538 5133 caalmu
560 5073 640 5130 eratz'
654 5081 760 5137 contra,
785 5074 888 5126 dixerat
906 5076 985 5125 modu
1009 5079 1069 5125 aute
1089 5076 1111 5139 45
1128 5075 1167 5135 aa)
1187 5089 1297 5125 necesse
1316 5090 1375 5126 esse
1392 5078 1455 5138 ferri
1472 5077 1585 5127 animum
1602 5078 1636 5126 ad
1652 5078 1763 5128 meam:

440 5157 490 5210 sed
506 5162 553 5205 abr
569 5151 782 5218 perrumpendus
799 5154 864 5200 erat.
891 5152 981 5214 ltaque
999 5151 1103 5200 deleam
1121 5150 1225 5199 coelum.
1248 5150 1370 5200 Definitio
1382 5153 1504 5201 convenit
1515 5153 1580 5201 ae'rt.
1600 5154 1638 5203 De
1650 5156 1764 5215 utroque

441 5233 510 5283 conl.
521 5233 578 5282 Nat.
589 5231 668 5280 Deor.
679 5228 714 5286 ll,
728 5227 770 5276 404
779 5245 801 5275 ,ι
813 5226 891 5275 Burs.
910 5229 943 5275 lt
954 5224 1006 5275 vid.
1020 5227 1035 5288 s
1047 5226 1091 5275 60:
1110 5226 1154 5274 boc
1165 5225 1278 5274 nebuloso
1289 5229 1313 5274 et
1322 5225 1458 5290 caliginoso
1470 5228 1547 5277 caelo.
1567 5228 1597 5278 n.
1611 5227 1642 5276 b.
1655 5228 1678 5275 ll
1689 5225 1704 5289 s
1716 5224 1762 5275 lh:

440 5321 525 5358 morso
535 5306 604 5357 caelo
614 5310 689 5363 atam
699 5307 812 5351 ammoto
821 5301 863 5363 (cf.
875 5313 955 5363 supra
968 5314 990 5348 v.
1002 5301 1068 5361 il·
1080 5300 1120 5349 40.
1130 5301 1313 5350 examinaret}
1325 5328 1351 5337 -
1364 5302 1403 5351 ts.
1414 5303 1541 5351 iunctarG
1552 5301 1580 5350 lt'
1589 5300 1615 5351 Β.
1631 5300 1763 5361 «Quaero,

441 5384 486 5446 qui
503 5383 555 5433 sint
571 5380 648 5429 iuncti
664 5378 752 5440 ipses?
770 5378 789 5427 E
806 5374 884 5426 codd.
903 5375 1083 5438 recipiendum
1102 5378 1158 5425 erat
1174 5377 1284 5435 iunctm,
1303 5374 1336 5424 de
1354 5375 1411 5438 ipso
1430 5376 1527 5426 animo.
1545 5373 1597 5425 Sed
1610 5387 1691 5438 porro
1703 5386 1765 5424 cor·

441 5456 580 5520 rigandum
596 5454 747 5516 4444444444.
774 5453 829 5501 Non
847 5451 926 5499 ardor
941 5451 999 5499 rolir
1015 5450 1111 5499 dicitur
1127 5454 1288 5512 temperatur,
1308 5449 1356 5499 sed
1372 5450 1437 5512 ipoir
1453 5463 1486 5499 ec
1502 5450 1590 5498 auimo
1606 5450 1708 5499 tmotat
1718 5462 1765 5498 ar·

440 5532 501 5580 dore
515 5531 597 5580 sotira
616 5529 693 5578 Burs.
708 5552 735 5562 -
755 5526 795 5575 43,
814 5525 877 5575 Cmu
887 5551 924 5562 --
935 5525 1038 5586 adeptus
1053 5530 1100 5583 ert,
1119 5522 1255 5587 tamquam]
1274 5523 1335 5572 Cum
1346 5549 1382 5560 ··
1394 5524 1497 5585 adaptas
1507 5529 1637 5585 tamquam
1649 5524 1684 5578 C:
1705 5522 1765 5572 rm

441 5605 606 5666 nudarum,
624 5608 754 5663 tamquam
771 5599 891 5661 Bentley,
909 5601 928 5650 0
943 5625 968 5635 -
989 5600 1028 5648 46.
1042 5600 1133 5648 hisdem
1151 5600 1214 5656 Gli,
1233 5598 1318 5646 4444444
1335 5599 1353 5647 0
1369 5623 1395 5632 -
1415 5598 1457 5647 49.
1473 5598 1546 5649 hirc
1566 5623 1592 5633 -
1611 5597 1652 5648 at.
1669 5596 1765 5647 4444444

442 5680 462 5729 0
482 5705 508 5715 -
531 5679 572 5728 47.
588 5678 711 5739 patritam
731 5676 802 5724 ittam
822 5680 845 5723 et
866 5675 976 5733 avitam,
1000 5678 1028 5723 ut
1050 5676 1089 5723 ait
1112 5673 1279 5734 fbeofrastur,
1304 5671 1484 5734 philosophiam
1501 5673 1599 5721 Nonius
1616 5684 1642 5735 p.
1656 5671 1713 5721 464.
1733 5693 1762 5707 -

440 5755 563 5815 patmum
580 5753 692 5804 Nonius:
709 5751 822 5814 patr-iam
839 5750 888 5799 CO
913 5776 937 5785 -
957 5747 996 5798 34.
1015 5762 1040 5797 re
1057 5761 1110 5797 om.
1129 5748 1149 5796 G
1168 5773 1194 5782 -
1215 5747 1254 5797 33.
1272 5748 1349 5809 Argo,
1367 5747 1428 5806 quta
1445 5751 1473 5796 et
1487 5748 1513 5795 ia
1530 5759 1561 5795 ea
1578 5746 1699 5795 Ciceroni
1715 5745 1764 5795 tri·

442 5826 528 5877 buunt
544 5827 570 5876 l'.
587 5829 618 5877 lt.
637 5824 761 5886 wolfius,
780 5824 809 5874 0.
837 5821 888 5873 Sed
906 5821 939 5871 cl.
958 5820 1075 5872 llalmins
1096 5820 1138 5882 (ad
1155 5823 1229 5871 auct.
1249 5820 1284 5870 ad
1302 5822 1416 5874 llerenn.
1434 5820 1489 5884 1¹8
1507 5820 1547 5879 34)
1564 5817 1638 5870 Anal.
1657 5817 1723 5869 Tull.
1739 5819 1761 5883 l,

442 5912 469 5964 p.
488 5900 528 5950 ts.
549 5923 577 5936 -
595 5898 681 5950 4444444
696 5898 746 5949 bo
766 5922 793 5934 -
812 5895 851 5946 34.
870 5894 896 5944 bt
913 5894 932 5945 C
952 5916 980 5932 -
999 5894 1039 5946 34.
1058 5893 1279 5957 apotomqmcn,
1298 5893 1465 5957 libiamqmlt
1485 5919 1511 5932 -
1530 5892 1733 5945 accubaret
