<?xml version="1.0" encoding="UTF-8"?>
<!DOCTYPE html PUBLIC "-//W3C//DTD XHTML 1.0 Transitional//EN"
    "http://www.w3.org/TR/xhtml1/DTD/xhtml1-transitional.dtd">
<html xmlns="http://www.w3.org/1999/xhtml" xml:lang="en" lang="en">
 <head>
  <title>
</title>
<meta http-equiv="Content-Type" content="text/html;charset=utf-8" />
  <meta name='ocr-system' content='tesseract 3.04.00' />
  <meta name='ocr-capabilities' content='ocr_page ocr_carea ocr_par ocr_line ocrx_word'/>
</head>
<body>
  <div class='ocr_page' id='page_1' title='image "./operaquaesupers00halmgoog/operaquaesupers00halmgoog_0660.png"; bbox 0 0 4342 7459; ppageno 0'>
   <div class='ocr_carea' id='block_1_1' title="bbox 457 1228 1243 1332">
    <p class='ocr_par' dir='ltr' id='par_1_1' title="bbox 457 1228 1243 1332">
     <span class='ocr_line' id='line_1_1' title="bbox 457 1228 1243 1332; baseline -0.008 -32"><span class='ocrx_word' id='word_1_1' title='bbox 457 1228 520 1300; x_wconf 82' lang='lat' dir='ltr'><strong>ott</strong></span> <span class='ocrx_word' id='word_1_2' title='bbox 993 1232 1048 1298; x_wconf 83' lang='lat' dir='ltr'><strong>un</strong></span> <span class='ocrx_word' id='word_1_3' title='bbox 1071 1230 1243 1332; x_wconf 81' lang='lat' dir='ltr'><strong>oeneus</strong></span> 
     </span>
    </p>
   </div>
   <div class='ocr_carea' id='block_1_2' title="bbox 400 1389 1784 4773">
    <p class='ocr_par' dir='ltr' id='par_1_2' title="bbox 405 1389 1784 3367">
     <span class='ocr_line' id='line_1_2' title="bbox 456 1389 1784 1480; baseline 0.002 -21"><span class='ocrx_word' id='word_1_4' title='bbox 456 1393 607 1480; x_wconf 86' lang='lat' dir='ltr'><strong>quoniam</strong></span> <span class='ocrx_word' id='word_1_5' title='bbox 622 1390 734 1457; x_wconf 87' lang='lat' dir='ltr'><strong>Graeci</strong></span> <span class='ocrx_word' id='word_1_6' title='bbox 756 1389 969 1476; x_wconf 66' lang='grc' dir='ltr'><strong><em>κατόρθωμα,</em></strong></span> <span class='ocrx_word' id='word_1_7' title='bbox 990 1390 1053 1457; x_wconf 88' lang='lat' dir='ltr'><strong>boc</strong></span> <span class='ocrx_word' id='word_1_8' title='bbox 1068 1399 1173 1457; x_wconf 91' lang='lat' dir='ltr'><strong>eutem</strong></span> <span class='ocrx_word' id='word_1_9' title='bbox 1188 1409 1355 1455; x_wconf 89' lang='lat' dir='ltr'><strong>commune</strong></span> <span class='ocrx_word' id='word_1_10' title='bbox 1371 1390 1512 1456; x_wconf 82' lang='lat' dir='ltr'><strong>officium</strong></span> <span class='ocrx_word' id='word_1_11' title='bbox 1527 1402 1651 1461; x_wconf 79' lang='lat' dir='ltr'><strong>vocant.</strong></span> <span class='ocrx_word' id='word_1_12' title='bbox 1680 1396 1784 1480; x_wconf 76' lang='lat' dir='ltr'><strong>Atque</strong></span> 
     </span>
     <span class='ocr_line' id='line_1_3' title="bbox 455 1484 1784 1573; baseline 0 -18"><span class='ocrx_word' id='word_1_13' title='bbox 455 1511 494 1556; x_wconf 87' lang='lat' dir='ltr'><strong>ca</strong></span> <span class='ocrx_word' id='word_1_14' title='bbox 515 1487 561 1563; x_wconf 85' lang='lat' dir='ltr'><strong>sic</strong></span> <span class='ocrx_word' id='word_1_15' title='bbox 583 1487 755 1562; x_wconf 89' lang='lat' dir='ltr'><strong>deliniunt,</strong></span> <span class='ocrx_word' id='word_1_16' title='bbox 783 1494 835 1561; x_wconf 91' lang='lat' dir='ltr'><strong>ut,</strong></span> <span class='ocrx_word' id='word_1_17' title='bbox 864 1493 985 1550; x_wconf 90' lang='lat' dir='ltr'><strong>rectum</strong></span> <span class='ocrx_word' id='word_1_18' title='bbox 1007 1486 1095 1570; x_wconf 92' lang='lat' dir='ltr'><strong>quod</strong></span> <span class='ocrx_word' id='word_1_19' title='bbox 1118 1488 1176 1562; x_wconf 89' lang='lat' dir='ltr'><strong>sit,</strong></span> <span class='ocrx_word' id='word_1_20' title='bbox 1199 1487 1232 1551; x_wconf 95' lang='lat' dir='ltr'><strong>id</strong></span> <span class='ocrx_word' id='word_1_21' title='bbox 1255 1484 1394 1550; x_wconf 81' lang='lat' dir='ltr'><strong>officium</strong></span> <span class='ocrx_word' id='word_1_22' title='bbox 1415 1487 1590 1573; x_wconf 86' lang='lat' dir='ltr'><strong>perlectum</strong></span> <span class='ocrx_word' id='word_1_23' title='bbox 1613 1510 1684 1555; x_wconf 82' lang='lat' dir='ltr'><strong>esee</strong></span> <span class='ocrx_word' id='word_1_24' title='bbox 1706 1488 1784 1555; x_wconf 87' lang='lat' dir='ltr'><strong>deli-</strong></span> 
     </span>
     <span class='ocr_line' id='line_1_4' title="bbox 454 1578 1783 1664; baseline 0 -16"><span class='ocrx_word' id='word_1_25' title='bbox 454 1586 559 1659; x_wconf 82' lang='lat' dir='ltr'><strong>nient3</strong></span> <span class='ocrx_word' id='word_1_26' title='bbox 582 1580 721 1646; x_wconf 92' lang='lat' dir='ltr'><strong>medium</strong></span> <span class='ocrx_word' id='word_1_27' title='bbox 743 1588 850 1644; x_wconf 87' lang='lat' dir='ltr'><strong>eutem</strong></span> <span class='ocrx_word' id='word_1_28' title='bbox 871 1578 1012 1645; x_wconf 83' lang='lat' dir='ltr'><strong>officium</strong></span> <span class='ocrx_word' id='word_1_29' title='bbox 1034 1580 1068 1644; x_wconf 92' lang='lat' dir='ltr'><strong>id</strong></span> <span class='ocrx_word' id='word_1_30' title='bbox 1091 1602 1161 1645; x_wconf 90' lang='lat' dir='ltr'><strong>esse</strong></span> <span class='ocrx_word' id='word_1_31' title='bbox 1184 1581 1301 1656; x_wconf 91' lang='lat' dir='ltr'><strong>dicunt,</strong></span> <span class='ocrx_word' id='word_1_32' title='bbox 1323 1582 1412 1664; x_wconf 91' lang='lat' dir='ltr'><strong>quod</strong></span> <span class='ocrx_word' id='word_1_33' title='bbox 1431 1581 1617 1647; x_wconf 86' lang='lat' dir='ltr'><strong>curiactum</strong></span> <span class='ocrx_word' id='word_1_34' title='bbox 1633 1586 1685 1660; x_wconf 91' lang='lat' dir='ltr'><strong>eit,</strong></span> <span class='ocrx_word' id='word_1_35' title='bbox 1699 1586 1783 1650; x_wconf 84' lang='lat' dir='ltr'><strong>ratio</strong></span> 
     </span>
     <span class='ocr_line' id='line_1_5' title="bbox 453 1670 1783 1764; baseline 0.001 -22"><span class='ocrx_word' id='word_1_36' title='bbox 453 1676 627 1764; x_wconf 85' lang='lat' dir='ltr'><strong>probabilis</strong></span> <span class='ocrx_word' id='word_1_37' title='bbox 649 1675 740 1739; x_wconf 90' lang='lat' dir='ltr'><strong>reddi</strong></span> <span class='ocrx_word' id='word_1_38' title='bbox 762 1670 886 1757; x_wconf 84' lang='lat' dir='ltr'><strong>possit]</strong></span> <span class='ocrx_word' id='word_1_39' title='bbox 931 1672 961 1737; x_wconf 83' lang='grc'><strong>9.</strong></span> <span class='ocrx_word' id='word_1_40' title='bbox 984 1675 1115 1758; x_wconf 82' lang='lat' dir='ltr'><strong>Triplex</strong></span> <span class='ocrx_word' id='word_1_41' title='bbox 1136 1676 1232 1758; x_wconf 76' lang='lat' dir='ltr'><strong>igitur</strong></span> <span class='ocrx_word' id='word_1_42' title='bbox 1253 1682 1313 1750; x_wconf 87' lang='lat' dir='ltr'><strong>est,</strong></span> <span class='ocrx_word' id='word_1_43' title='bbox 1334 1683 1370 1740; x_wconf 89' lang='lat' dir='ltr'><strong>ut</strong></span> <span class='ocrx_word' id='word_1_44' title='bbox 1382 1677 1533 1740; x_wconf 89' lang='lat' dir='ltr'><strong>Panaetio</strong></span> <span class='ocrx_word' id='word_1_45' title='bbox 1548 1676 1684 1754; x_wconf 82' lang='lat' dir='ltr'><strong>uidetur,</strong></span> <span class='ocrx_word' id='word_1_46' title='bbox 1706 1698 1783 1743; x_wconf 91' lang='lat' dir='ltr'><strong>oon·</strong></span> 
     </span>
     <span class='ocr_line' id='line_1_6' title="bbox 428 1768 1782 1856; baseline 0.003 -23"><span class='ocrx_word' id='word_1_47' title='bbox 428 1774 515 1839; x_wconf 82' lang='lat' dir='ltr'><strong>seilii</strong></span> <span class='ocrx_word' id='word_1_48' title='bbox 537 1769 683 1854; x_wconf 87' lang='lat' dir='ltr'><strong>capiendi</strong></span> <span class='ocrx_word' id='word_1_49' title='bbox 705 1769 900 1834; x_wconf 79' lang='lat' dir='ltr'>deliberatio.</span> <span class='ocrx_word' id='word_1_50' title='bbox 944 1770 1023 1832; x_wconf 85' lang='lat' dir='ltr'><strong>Nem</strong></span> <span class='ocrx_word' id='word_1_51' title='bbox 1045 1777 1100 1833; x_wconf 90' lang='lat' dir='ltr'><strong>eut</strong></span> <span class='ocrx_word' id='word_1_52' title='bbox 1119 1769 1332 1833; x_wconf 75' lang='lat' dir='ltr'><strong>honestumne</strong></span> <span class='ocrx_word' id='word_1_53' title='bbox 1353 1768 1439 1834; x_wconf 84' lang='lat' dir='ltr'><strong>iectu</strong></span> <span class='ocrx_word' id='word_1_54' title='bbox 1461 1771 1502 1834; x_wconf 89' lang='lat' dir='ltr'><strong>sit</strong></span> <span class='ocrx_word' id='word_1_55' title='bbox 1529 1790 1570 1835; x_wconf 86' lang='lat' dir='ltr'><strong>en</strong></span> <span class='ocrx_word' id='word_1_56' title='bbox 1598 1778 1692 1856; x_wconf 88' lang='lat' dir='ltr'><strong>turpe</strong></span> <span class='ocrx_word' id='word_1_57' title='bbox 1722 1773 1782 1837; x_wconf 91' lang='lat' dir='ltr'><strong>du·</strong></span> 
     </span>
     <span class='ocr_line' id='line_1_7' title="bbox 451 1862 1779 1952; baseline 0.002 -22"><span class='ocrx_word' id='word_1_58' title='bbox 451 1867 554 1933; x_wconf 88' lang='lat' dir='ltr'><strong>bitent</strong></span> <span class='ocrx_word' id='word_1_59' title='bbox 574 1865 623 1941; x_wconf 94' lang='lat' dir='ltr'><strong>id,</strong></span> <span class='ocrx_word' id='word_1_60' title='bbox 655 1863 743 1949; x_wconf 90' lang='lat' dir='ltr'><strong>quod</strong></span> <span class='ocrx_word' id='word_1_61' title='bbox 770 1863 804 1926; x_wconf 93' lang='lat' dir='ltr'><strong>in</strong></span> <span class='ocrx_word' id='word_1_62' title='bbox 833 1862 1096 1926; x_wconf 76' lang='lat' dir='ltr'><strong>deliberationem</strong></span> <span class='ocrx_word' id='word_1_63' title='bbox 1123 1862 1228 1927; x_wconf 83' lang='lat' dir='ltr'><strong>cadit:</strong></span> <span class='ocrx_word' id='word_1_64' title='bbox 1263 1862 1296 1926; x_wconf 91' lang='lat' dir='ltr'><strong>in</strong></span> <span class='ocrx_word' id='word_1_65' title='bbox 1326 1884 1390 1948; x_wconf 88' lang='lat' dir='ltr'><strong>quo</strong></span> <span class='ocrx_word' id='word_1_66' title='bbox 1418 1865 1650 1932; x_wconf 85' lang='lat' dir='ltr'><strong>considerando</strong></span> <span class='ocrx_word' id='word_1_67' title='bbox 1681 1886 1779 1952; x_wconf 83' lang='lat' dir='ltr'><strong>saepe</strong></span> 
     </span>
     <span class='ocr_line' id='line_1_8' title="bbox 451 1956 1781 2045; baseline -0.002 -18"><span class='ocrx_word' id='word_1_68' title='bbox 451 1962 548 2028; x_wconf 88' lang='lat' dir='ltr'><strong>animi</strong></span> <span class='ocrx_word' id='word_1_69' title='bbox 576 1962 610 2023; x_wconf 93' lang='lat' dir='ltr'><strong>in</strong></span> <span class='ocrx_word' id='word_1_70' title='bbox 636 1957 811 2023; x_wconf 83' lang='lat' dir='ltr'><strong>contrarias</strong></span> <span class='ocrx_word' id='word_1_71' title='bbox 833 1957 1007 2021; x_wconf 85' lang='lat' dir='ltr'><strong>sententies</strong></span> <span class='ocrx_word' id='word_1_72' title='bbox 1029 1956 1259 2021; x_wconf 86' lang='lat' dir='ltr'><strong>distrahuntur.</strong></span> <span class='ocrx_word' id='word_1_73' title='bbox 1302 1961 1382 2023; x_wconf 87' lang='lat' dir='ltr'><strong>Tum</strong></span> <span class='ocrx_word' id='word_1_74' title='bbox 1403 1967 1509 2023; x_wconf 85' lang='lat' dir='ltr'><strong>autem</strong></span> <span class='ocrx_word' id='word_1_75' title='bbox 1531 1968 1587 2025; x_wconf 88' lang='lat' dir='ltr'><strong>eut</strong></span> <span class='ocrx_word' id='word_1_76' title='bbox 1607 1961 1781 2045; x_wconf 83' lang='lat' dir='ltr'><strong>anquirunt</strong></span> 
     </span>
     <span class='ocr_line' id='line_1_9' title="bbox 450 2050 1778 2136; baseline -0.002 -14"><span class='ocrx_word' id='word_1_77' title='bbox 450 2064 505 2122; x_wconf 81' lang='lat' dir='ltr'><strong>aut</strong></span> <span class='ocrx_word' id='word_1_78' title='bbox 527 2053 723 2127; x_wconf 86' lang='lat' dir='ltr'><strong>consultant,</strong></span> <span class='ocrx_word' id='word_1_79' title='bbox 751 2051 792 2115; x_wconf 88' lang='lat' dir='ltr'><strong>ed</strong></span> <span class='ocrx_word' id='word_1_80' title='bbox 814 2052 898 2116; x_wconf 79' lang='lat' dir='ltr'><strong>uites</strong></span> <span class='ocrx_word' id='word_1_81' title='bbox 921 2050 1179 2116; x_wconf 87' lang='lat' dir='ltr'><strong>commoditatem</strong></span> <span class='ocrx_word' id='word_1_82' title='bbox 1201 2052 1514 2136; x_wconf 87' lang='lat' dir='ltr'><strong>iucunditatemque,</strong></span> <span class='ocrx_word' id='word_1_83' title='bbox 1544 2053 1585 2118; x_wconf 87' lang='lat' dir='ltr'><strong>ad</strong></span> <span class='ocrx_word' id='word_1_84' title='bbox 1610 2053 1778 2120; x_wconf 68' lang='lat' dir='ltr'><strong>facultates</strong></span> 
     </span>
     <span class='ocr_line' id='line_1_10' title="bbox 449 2143 1778 2233; baseline 0 -18"><span class='ocrx_word' id='word_1_85' title='bbox 449 2170 554 2215; x_wconf 89' lang='lat' dir='ltr'><strong>rerum</strong></span> <span class='ocrx_word' id='word_1_86' title='bbox 576 2156 672 2233; x_wconf 88' lang='lat' dir='ltr'><strong>atque</strong></span> <span class='ocrx_word' id='word_1_87' title='bbox 694 2147 811 2229; x_wconf 89' lang='lat' dir='ltr'><strong>copies,</strong></span> <span class='ocrx_word' id='word_1_88' title='bbox 833 2145 873 2209; x_wconf 89' lang='lat' dir='ltr'><strong>ad</strong></span> <span class='ocrx_word' id='word_1_89' title='bbox 896 2164 983 2229; x_wconf 87' lang='lat' dir='ltr'><strong>opes,</strong></span> <span class='ocrx_word' id='word_1_90' title='bbox 1006 2143 1045 2208; x_wconf 88' lang='lat' dir='ltr'><strong>ed</strong></span> <span class='ocrx_word' id='word_1_91' title='bbox 1068 2145 1254 2229; x_wconf 89' lang='lat' dir='ltr'><strong>potentiam,</strong></span> <span class='ocrx_word' id='word_1_92' title='bbox 1277 2144 1394 2229; x_wconf 84' lang='lat' dir='ltr'><strong>quibus</strong></span> <span class='ocrx_word' id='word_1_93' title='bbox 1416 2156 1448 2210; x_wconf 91' lang='lat' dir='ltr'><strong>et</strong></span> <span class='ocrx_word' id='word_1_94' title='bbox 1470 2168 1504 2211; x_wconf 87' lang='grc' dir='ltr'><strong>ιι</strong></span> <span class='ocrx_word' id='word_1_95' title='bbox 1525 2150 1651 2231; x_wconf 88' lang='lat' dir='ltr'><strong>possint</strong></span> <span class='ocrx_word' id='word_1_96' title='bbox 1669 2150 1778 2215; x_wconf 78' lang='lat' dir='ltr'><strong>invene</strong></span> 
     </span>
     <span class='ocr_line' id='line_1_11' title="bbox 411 2239 1777 2324; baseline -0.001 -15"><span class='ocrx_word' id='word_1_97' title='bbox 411 2251 482 2313; x_wconf 80' lang='lat' dir='ltr'><strong>teet</strong></span> <span class='ocrx_word' id='word_1_98' title='bbox 501 2262 593 2317; x_wconf 86' lang='lat' dir='ltr'><strong>suos,</strong></span> <span class='ocrx_word' id='word_1_99' title='bbox 616 2240 771 2305; x_wconf 84' lang='lat' dir='ltr'><strong>conducet</strong></span> <span class='ocrx_word' id='word_1_100' title='bbox 792 2239 825 2303; x_wconf 93' lang='lat' dir='ltr'><strong>id</strong></span> <span class='ocrx_word' id='word_1_101' title='bbox 846 2259 963 2317; x_wconf 90' lang='lat' dir='ltr'><strong>neone,</strong></span> <span class='ocrx_word' id='word_1_102' title='bbox 985 2241 1025 2303; x_wconf 92' lang='lat' dir='ltr'><strong>de</strong></span> <span class='ocrx_word' id='word_1_103' title='bbox 1048 2260 1112 2323; x_wconf 89' lang='lat' dir='ltr'><strong>quo</strong></span> <span class='ocrx_word' id='word_1_104' title='bbox 1134 2240 1327 2304; x_wconf 86' lang='lat' dir='ltr'><strong>deliberent:</strong></span> <span class='ocrx_word' id='word_1_105' title='bbox 1358 2260 1441 2324; x_wconf 90' lang='lat' dir='ltr'><strong>quae</strong></span> <span class='ocrx_word' id='word_1_106' title='bbox 1463 2241 1651 2308; x_wconf 79' lang='lat' dir='ltr'><strong>deliberatio</strong></span> <span class='ocrx_word' id='word_1_107' title='bbox 1673 2244 1777 2308; x_wconf 81' lang='lat' dir='ltr'><strong>omnis</strong></span> 
     </span>
     <span class='ocr_line' id='line_1_12' title="bbox 447 2334 1777 2420; baseline -0.001 -17"><span class='ocrx_word' id='word_1_108' title='bbox 447 2339 482 2403; x_wconf 93' lang='lat' dir='ltr'><strong>in</strong></span> <span class='ocrx_word' id='word_1_109' title='bbox 503 2337 658 2402; x_wconf 81' lang='lat' dir='ltr'><strong>rationem</strong></span> <span class='ocrx_word' id='word_1_110' title='bbox 678 2335 824 2399; x_wconf 85' lang='lat' dir='ltr'><strong>utilitatis</strong></span> <span class='ocrx_word' id='word_1_111' title='bbox 845 2334 938 2398; x_wconf 84' lang='lat' dir='ltr'><strong>cedit</strong></span> <span class='ocrx_word' id='word_1_112' title='bbox 982 2334 1124 2398; x_wconf 86' lang='lat' dir='ltr'><strong>Tertium</strong></span> <span class='ocrx_word' id='word_1_113' title='bbox 1148 2334 1313 2398; x_wconf 86' lang='lat' dir='ltr'><strong>dubitandi</strong></span> <span class='ocrx_word' id='word_1_114' title='bbox 1336 2353 1436 2417; x_wconf 68' lang='grc' dir='ltr'>ςιιιιιι</span> <span class='ocrx_word' id='word_1_115' title='bbox 1459 2341 1517 2410; x_wconf 89' lang='lat' dir='ltr'><strong>est,</strong></span> <span class='ocrx_word' id='word_1_116' title='bbox 1539 2356 1611 2400; x_wconf 90' lang='lat' dir='ltr'><strong>cum</strong></span> <span class='ocrx_word' id='word_1_117' title='bbox 1633 2357 1777 2420; x_wconf 73' lang='lat' dir='ltr'><strong>pugnare</strong></span> 
     </span>
     <span class='ocr_line' id='line_1_13' title="bbox 446 2427 1777 2513; baseline -0.002 -14"><span class='ocrx_word' id='word_1_118' title='bbox 446 2431 574 2499; x_wconf 83' lang='lat' dir='ltr'><strong>videtur</strong></span> <span class='ocrx_word' id='word_1_119' title='bbox 593 2449 665 2494; x_wconf 89' lang='lat' dir='ltr'><strong>cum</strong></span> <span class='ocrx_word' id='word_1_120' title='bbox 687 2429 824 2494; x_wconf 85' lang='lat' dir='ltr'><strong>honesto</strong></span> <span class='ocrx_word' id='word_1_121' title='bbox 845 2428 889 2504; x_wconf 92' lang='lat' dir='ltr'><strong>id,</strong></span> <span class='ocrx_word' id='word_1_122' title='bbox 912 2429 997 2513; x_wconf 91' lang='lat' dir='ltr'><strong>quod</strong></span> <span class='ocrx_word' id='word_1_123' title='bbox 1019 2427 1148 2491; x_wconf 80' lang='lat' dir='ltr'><strong>uidetur</strong></span> <span class='ocrx_word' id='word_1_124' title='bbox 1169 2447 1240 2492; x_wconf 90' lang='lat' dir='ltr'><strong>esse</strong></span> <span class='ocrx_word' id='word_1_125' title='bbox 1262 2428 1351 2492; x_wconf 90' lang='lat' dir='ltr'><strong>utile.</strong></span> <span class='ocrx_word' id='word_1_126' title='bbox 1396 2428 1474 2493; x_wconf 86' lang='lat' dir='ltr'><strong>Cum</strong></span> <span class='ocrx_word' id='word_1_127' title='bbox 1490 2430 1576 2494; x_wconf 90' lang='lat' dir='ltr'><strong>enim</strong></span> <span class='ocrx_word' id='word_1_128' title='bbox 1592 2431 1714 2497; x_wconf 88' lang='lat' dir='ltr'><strong>utilitas</strong></span> <span class='ocrx_word' id='word_1_129' title='bbox 1735 2432 1777 2496; x_wconf 86' lang='lat' dir='ltr'><strong>ad</strong></span> 
     </span>
     <span class='ocr_line' id='line_1_14' title="bbox 446 2519 1775 2609; baseline -0.001 -17"><span class='ocrx_word' id='word_1_130' title='bbox 446 2545 483 2592; x_wconf 88' lang='lat' dir='ltr'><strong>se</strong></span> <span class='ocrx_word' id='word_1_131' title='bbox 502 2545 632 2609; x_wconf 86' lang='lat' dir='ltr'><strong>repere,</strong></span> <span class='ocrx_word' id='word_1_132' title='bbox 654 2526 805 2587; x_wconf 87' lang='lat' dir='ltr'><strong>honestas</strong></span> <span class='ocrx_word' id='word_1_133' title='bbox 826 2530 938 2587; x_wconf 86' lang='lat' dir='ltr'><strong>contre</strong></span> <span class='ocrx_word' id='word_1_134' title='bbox 958 2541 1110 2586; x_wconf 82' lang='lat' dir='ltr'><strong>revocare</strong></span> <span class='ocrx_word' id='word_1_135' title='bbox 1131 2522 1172 2585; x_wconf 84' lang='lat' dir='ltr'><strong>ad</strong></span> <span class='ocrx_word' id='word_1_136' title='bbox 1194 2540 1229 2585; x_wconf 91' lang='lat' dir='ltr'><strong>se</strong></span> <span class='ocrx_word' id='word_1_137' title='bbox 1251 2522 1392 2598; x_wconf 80' lang='lat' dir='ltr'><strong>uidetur,</strong></span> <span class='ocrx_word' id='word_1_138' title='bbox 1413 2519 1449 2587; x_wconf 88' lang='lat' dir='ltr'><strong>lit</strong></span> <span class='ocrx_word' id='word_1_139' title='bbox 1469 2531 1507 2586; x_wconf 92' lang='lat' dir='ltr'><strong>ut</strong></span> <span class='ocrx_word' id='word_1_140' title='bbox 1526 2524 1722 2590; x_wconf 79' lang='lat' dir='ltr'><strong>diruebatur</strong></span> <span class='ocrx_word' id='word_1_141' title='bbox 1741 2527 1775 2591; x_wconf 93' lang='lat' dir='ltr'><strong>in</strong></span> 
     </span>
     <span class='ocr_line' id='line_1_15' title="bbox 446 2613 1776 2699; baseline 0.001 -15"><span class='ocrx_word' id='word_1_142' title='bbox 446 2618 653 2685; x_wconf 83' lang='lat' dir='ltr'><strong>deliberando</strong></span> <span class='ocrx_word' id='word_1_143' title='bbox 667 2617 791 2681; x_wconf 91' lang='lat' dir='ltr'><strong>animus</strong></span> <span class='ocrx_word' id='word_1_144' title='bbox 806 2613 990 2699; x_wconf 85' lang='lat' dir='ltr'><strong>adieretque</strong></span> <span class='ocrx_word' id='word_1_145' title='bbox 1004 2616 1178 2699; x_wconf 77' lang='lat' dir='ltr'><strong>ancipitem</strong></span> <span class='ocrx_word' id='word_1_146' title='bbox 1193 2634 1302 2680; x_wconf 90' lang='lat' dir='ltr'><strong>curam</strong></span> <span class='ocrx_word' id='word_1_147' title='bbox 1318 2615 1487 2699; x_wconf 75' lang='lat' dir='ltr'><strong>cogitandi.</strong></span> <span class='ocrx_word' id='word_1_148' title='bbox 1513 2613 1575 2680; x_wconf 84' lang='lat' dir='ltr'><strong>·l0.</strong></span> <span class='ocrx_word' id='word_1_149' title='bbox 1596 2620 1636 2682; x_wconf 80' lang='lat' dir='ltr'><strong>In</strong></span> <span class='ocrx_word' id='word_1_150' title='bbox 1649 2619 1711 2684; x_wconf 84' lang='lat' dir='ltr'><strong>bac</strong></span> <span class='ocrx_word' id='word_1_151' title='bbox 1727 2619 1776 2685; x_wconf 83' lang='lat' dir='ltr'><strong>ti·</strong></span> 
     </span>
     <span class='ocr_line' id='line_1_16' title="bbox 408 2709 1774 2795; baseline -0.002 -15"><span class='ocrx_word' id='word_1_152' title='bbox 408 2716 585 2789; x_wconf 79' lang='lat' dir='ltr'><strong>ttvisione,</strong></span> <span class='ocrx_word' id='word_1_153' title='bbox 607 2733 679 2777; x_wconf 91' lang='lat' dir='ltr'><strong>cum</strong></span> <span class='ocrx_word' id='word_1_154' title='bbox 700 2710 874 2795; x_wconf 88' lang='lat' dir='ltr'><strong>praeterire</strong></span> <span class='ocrx_word' id='word_1_155' title='bbox 895 2709 1019 2795; x_wconf 87' lang='lat' dir='ltr'><strong>aliquid</strong></span> <span class='ocrx_word' id='word_1_156' title='bbox 1041 2728 1224 2772; x_wconf 83' lang='lat' dir='ltr'><strong>maxumum</strong></span> <span class='ocrx_word' id='word_1_157' title='bbox 1246 2709 1356 2774; x_wconf 82' lang='lat' dir='ltr'><strong>vitium</strong></span> <span class='ocrx_word' id='word_1_158' title='bbox 1378 2710 1412 2773; x_wconf 93' lang='lat' dir='ltr'><strong>iu</strong></span> <span class='ocrx_word' id='word_1_159' title='bbox 1434 2710 1605 2775; x_wconf 84' lang='lat' dir='ltr'><strong>dividendo</strong></span> <span class='ocrx_word' id='word_1_160' title='bbox 1627 2713 1688 2787; x_wconf 87' lang='lat' dir='ltr'><strong>sit,</strong></span> <span class='ocrx_word' id='word_1_161' title='bbox 1710 2713 1774 2777; x_wconf 90' lang='lat' dir='ltr'><strong>dno</strong></span> 
     </span>
     <span class='ocr_line' id='line_1_17' title="bbox 445 2803 1775 2896; baseline -0.003 -21"><span class='ocrx_word' id='word_1_162' title='bbox 445 2807 669 2896; x_wconf 86' lang='lat' dir='ltr'><strong>praetermissa</strong></span> <span class='ocrx_word' id='word_1_163' title='bbox 690 2812 774 2869; x_wconf 85' lang='lat' dir='ltr'><strong>eunt.</strong></span> <span class='ocrx_word' id='word_1_164' title='bbox 816 2806 882 2868; x_wconf 87' lang='lat' dir='ltr'><strong>Nec</strong></span> <span class='ocrx_word' id='word_1_165' title='bbox 903 2804 989 2867; x_wconf 87' lang='lat' dir='ltr'><strong>enim</strong></span> <span class='ocrx_word' id='word_1_166' title='bbox 1012 2803 1114 2868; x_wconf 90' lang='lat' dir='ltr'><strong>solum</strong></span> <span class='ocrx_word' id='word_1_167' title='bbox 1135 2812 1242 2866; x_wconf 92' lang='lat' dir='ltr'><strong>utrum</strong></span> <span class='ocrx_word' id='word_1_168' title='bbox 1264 2803 1435 2868; x_wconf 72' lang='lat' dir='ltr'><strong>honestum</strong></span> <span class='ocrx_word' id='word_1_169' title='bbox 1456 2825 1498 2869; x_wconf 88' lang='lat' dir='ltr'><strong>en</strong></span> <span class='ocrx_word' id='word_1_170' title='bbox 1515 2812 1607 2890; x_wconf 88' lang='lat' dir='ltr'><strong>turpe</strong></span> <span class='ocrx_word' id='word_1_171' title='bbox 1629 2806 1673 2870; x_wconf 90' lang='lat' dir='ltr'><strong>eit</strong></span> <span class='ocrx_word' id='word_1_172' title='bbox 1693 2806 1775 2871; x_wconf 86' lang='lat' dir='ltr'><strong>deli·</strong></span> 
     </span>
     <span class='ocr_line' id='line_1_18' title="bbox 443 2897 1775 2981; baseline -0.003 -12"><span class='ocrx_word' id='word_1_173' title='bbox 443 2903 549 2970; x_wconf 83' lang='lat' dir='ltr'><strong>bereri</strong></span> <span class='ocrx_word' id='word_1_174' title='bbox 573 2901 665 2976; x_wconf 88' lang='lat' dir='ltr'><strong>solet,</strong></span> <span class='ocrx_word' id='word_1_175' title='bbox 687 2898 743 2965; x_wconf 88' lang='lat' dir='ltr'><strong>esd</strong></span> <span class='ocrx_word' id='word_1_176' title='bbox 766 2898 861 2963; x_wconf 88' lang='lat' dir='ltr'><strong>etiem</strong></span> <span class='ocrx_word' id='word_1_177' title='bbox 883 2897 1007 2962; x_wconf 91' lang='lat' dir='ltr'><strong>duobus</strong></span> <span class='ocrx_word' id='word_1_178' title='bbox 1023 2897 1194 2981; x_wconf 91' lang='lat' dir='ltr'><strong>propositis</strong></span> <span class='ocrx_word' id='word_1_179' title='bbox 1210 2897 1354 2962; x_wconf 82' lang='lat' dir='ltr'><strong>honestis</strong></span> <span class='ocrx_word' id='word_1_180' title='bbox 1371 2906 1477 2963; x_wconf 90' lang='lat' dir='ltr'><strong>utrum</strong></span> <span class='ocrx_word' id='word_1_181' title='bbox 1492 2898 1667 2975; x_wconf 75' lang='lat' dir='ltr'><strong>honestius,</strong></span> <span class='ocrx_word' id='word_1_182' title='bbox 1682 2901 1775 2965; x_wconf 87' lang='lat' dir='ltr'><strong>item·</strong></span> 
     </span>
     <span class='ocr_line' id='line_1_19' title="bbox 444 2991 1773 3083; baseline -0.002 -22"><span class='ocrx_word' id='word_1_183' title='bbox 444 3017 507 3083; x_wconf 87' lang='lat' dir='ltr'><strong>que</strong></span> <span class='ocrx_word' id='word_1_184' title='bbox 530 2996 657 3061; x_wconf 87' lang='lat' dir='ltr'><strong>duobus</strong></span> <span class='ocrx_word' id='word_1_185' title='bbox 679 2992 855 3078; x_wconf 87' lang='lat' dir='ltr'><strong>propositis</strong></span> <span class='ocrx_word' id='word_1_186' title='bbox 877 2991 1008 3055; x_wconf 89' lang='lat' dir='ltr'><strong>utilibus</strong></span> <span class='ocrx_word' id='word_1_187' title='bbox 1036 2998 1141 3055; x_wconf 91' lang='lat' dir='ltr'><strong>utrum</strong></span> <span class='ocrx_word' id='word_1_188' title='bbox 1163 2991 1284 3055; x_wconf 86' lang='lat' dir='ltr'><strong>utilius.</strong></span> <span class='ocrx_word' id='word_1_189' title='bbox 1328 2991 1390 3067; x_wconf 88' lang='lat' dir='ltr'><strong>lte,</strong></span> <span class='ocrx_word' id='word_1_190' title='bbox 1420 3012 1517 3077; x_wconf 87' lang='lat' dir='ltr'><strong>quam</strong></span> <span class='ocrx_word' id='word_1_191' title='bbox 1539 2993 1593 3057; x_wconf 89' lang='lat' dir='ltr'><strong>ille</strong></span> <span class='ocrx_word' id='word_1_192' title='bbox 1615 2994 1773 3077; x_wconf 76' lang='lat' dir='ltr'><strong>triplicem</strong></span> 
     </span>
     <span class='ocr_line' id='line_1_20' title="bbox 443 3085 1773 3176; baseline -0.002 -20"><span class='ocrx_word' id='word_1_193' title='bbox 443 3091 566 3176; x_wconf 83' lang='lat' dir='ltr'><strong>putavit</strong></span> <span class='ocrx_word' id='word_1_194' title='bbox 586 3108 656 3154; x_wconf 86' lang='lat' dir='ltr'><strong>esse</strong></span> <span class='ocrx_word' id='word_1_195' title='bbox 678 3088 844 3160; x_wconf 77' lang='lat' dir='ltr'><strong>rationem,</strong></span> <span class='ocrx_word' id='word_1_196' title='bbox 865 3085 899 3148; x_wconf 92' lang='lat' dir='ltr'><strong>in</strong></span> <span class='ocrx_word' id='word_1_197' title='bbox 921 3087 1064 3170; x_wconf 87' lang='lat' dir='ltr'><strong>quinque</strong></span> <span class='ocrx_word' id='word_1_198' title='bbox 1087 3086 1184 3169; x_wconf 88' lang='lat' dir='ltr'><strong>pertis</strong></span> <span class='ocrx_word' id='word_1_199' title='bbox 1207 3086 1354 3150; x_wconf 87' lang='lat' dir='ltr'><strong>distribui</strong></span> <span class='ocrx_word' id='word_1_200' title='bbox 1371 3087 1489 3152; x_wconf 89' lang='lat' dir='ltr'><strong>debere</strong></span> <span class='ocrx_word' id='word_1_201' title='bbox 1503 3087 1673 3171; x_wconf 88' lang='lat' dir='ltr'><strong>reperitur.</strong></span> <span class='ocrx_word' id='word_1_202' title='bbox 1706 3089 1773 3153; x_wconf 82' lang='lat' dir='ltr'><strong>Pri·</strong></span> 
     </span>
     <span class='ocr_line' id='line_1_21' title="bbox 405 3180 1771 3267; baseline -0.006 -15"><span class='ocrx_word' id='word_1_203' title='bbox 405 3204 529 3252; x_wconf 80' lang='lat' dir='ltr'><strong>tomum</strong></span> <span class='ocrx_word' id='word_1_204' title='bbox 557 3184 655 3267; x_wconf 73' lang='lat' dir='ltr'><strong>igitur</strong></span> <span class='ocrx_word' id='word_1_205' title='bbox 683 3189 732 3246; x_wconf 92' lang='lat' dir='ltr'><strong>est</strong></span> <span class='ocrx_word' id='word_1_206' title='bbox 760 3181 801 3245; x_wconf 92' lang='lat' dir='ltr'><strong>de</strong></span> <span class='ocrx_word' id='word_1_207' title='bbox 822 3181 976 3257; x_wconf 86' lang='lat' dir='ltr'><strong>honesto,</strong></span> <span class='ocrx_word' id='word_1_208' title='bbox 1005 3181 1061 3243; x_wconf 88' lang='lat' dir='ltr'><strong>sed</strong></span> <span class='ocrx_word' id='word_1_209' title='bbox 1084 3180 1271 3262; x_wconf 81' lang='lat' dir='ltr'><strong>dupliciter,</strong></span> <span class='ocrx_word' id='word_1_210' title='bbox 1301 3189 1367 3244; x_wconf 90' lang='lat' dir='ltr'><strong>tum</strong></span> <span class='ocrx_word' id='word_1_211' title='bbox 1390 3182 1458 3264; x_wconf 88' lang='lat' dir='ltr'><strong>pari</strong></span> <span class='ocrx_word' id='word_1_212' title='bbox 1480 3181 1603 3246; x_wconf 88' lang='lat' dir='ltr'><strong>ratione</strong></span> <span class='ocrx_word' id='word_1_213' title='bbox 1626 3182 1667 3246; x_wconf 87' lang='lat' dir='ltr'><strong>de</strong></span> <span class='ocrx_word' id='word_1_214' title='bbox 1688 3182 1771 3258; x_wconf 90' lang='lat' dir='ltr'><strong>utili,</strong></span> 
     </span>
     <span class='ocr_line' id='line_1_22' title="bbox 442 3274 1219 3367; baseline -0.013 -21"><span class='ocrx_word' id='word_1_215' title='bbox 442 3289 514 3367; x_wconf 86' lang='lat' dir='ltr'><strong>post</strong></span> <span class='ocrx_word' id='word_1_216' title='bbox 537 3279 577 3344; x_wconf 86' lang='lat' dir='ltr'><strong>de</strong></span> <span class='ocrx_word' id='word_1_217' title='bbox 598 3275 835 3360; x_wconf 85' lang='lat' dir='ltr'><strong>comparatione</strong></span> <span class='ocrx_word' id='word_1_218' title='bbox 858 3295 966 3339; x_wconf 89' lang='lat' dir='ltr'><strong>eorum</strong></span> <span class='ocrx_word' id='word_1_219' title='bbox 988 3274 1219 3338; x_wconf 82' lang='lat' dir='ltr'><strong>disserendum.</strong></span> 
     </span>
    </p>

    <p class='ocr_par' dir='ltr' id='par_1_3' title="bbox 441 3368 1770 3644">
     <span class='ocr_line' id='line_1_23' title="bbox 525 3368 1770 3453; baseline -0.002 -15"><span class='ocrx_word' id='word_1_220' title='bbox 525 3374 579 3437; x_wconf 86' lang='lat' dir='ltr'><strong>lv.</strong></span> <span class='ocrx_word' id='word_1_221' title='bbox 609 3368 660 3435; x_wconf 88' lang='lat' dir='ltr'><strong>ll.</strong></span> <span class='ocrx_word' id='word_1_222' title='bbox 688 3370 846 3453; x_wconf 88' lang='lat' dir='ltr'><strong>Principio</strong></span> <span class='ocrx_word' id='word_1_223' title='bbox 876 3369 984 3451; x_wconf 75' lang='lat' dir='ltr'><strong>generi</strong></span> <span class='ocrx_word' id='word_1_224' title='bbox 1014 3369 1222 3432; x_wconf 86' lang='lat' dir='ltr'><strong>animantium</strong></span> <span class='ocrx_word' id='word_1_225' title='bbox 1251 3368 1338 3432; x_wconf 93' lang='lat' dir='ltr'><strong>omni</strong></span> <span class='ocrx_word' id='word_1_226' title='bbox 1368 3376 1417 3432; x_wconf 87' lang='lat' dir='ltr'><strong>est</strong></span> <span class='ocrx_word' id='word_1_227' title='bbox 1443 3389 1462 3433; x_wconf 97' lang='lat' dir='ltr'><strong>a</strong></span> <span class='ocrx_word' id='word_1_228' title='bbox 1485 3377 1597 3434; x_wconf 88' lang='lat' dir='ltr'><strong>nature</strong></span> <span class='ocrx_word' id='word_1_229' title='bbox 1617 3372 1770 3435; x_wconf 90' lang='lat' dir='ltr'><strong>tributum</strong></span> 
     </span>
     <span class='ocr_line' id='line_1_24' title="bbox 442 3463 1769 3549; baseline -0.004 -15"><span class='ocrx_word' id='word_1_230' title='bbox 442 3477 479 3534; x_wconf 93' lang='lat' dir='ltr'><strong>ut</strong></span> <span class='ocrx_word' id='word_1_231' title='bbox 499 3489 550 3543; x_wconf 90' lang='lat' dir='ltr'><strong>se,</strong></span> <span class='ocrx_word' id='word_1_232' title='bbox 581 3468 676 3531; x_wconf 79' lang='lat' dir='ltr'><strong>vitem</strong></span> <span class='ocrx_word' id='word_1_233' title='bbox 699 3483 880 3549; x_wconf 80' lang='lat' dir='ltr'><strong>corpusque</strong></span> <span class='ocrx_word' id='word_1_234' title='bbox 902 3471 1048 3536; x_wconf 89' lang='lat' dir='ltr'><strong>tueatur,</strong></span> <span class='ocrx_word' id='word_1_235' title='bbox 1079 3463 1218 3526; x_wconf 89' lang='lat' dir='ltr'><strong>declinet</strong></span> <span class='ocrx_word' id='word_1_236' title='bbox 1240 3483 1292 3537; x_wconf 90' lang='lat' dir='ltr'><strong>ee,</strong></span> <span class='ocrx_word' id='word_1_237' title='bbox 1322 3483 1403 3547; x_wconf 85' lang='lat' dir='ltr'><strong>quae</strong></span> <span class='ocrx_word' id='word_1_238' title='bbox 1426 3465 1569 3527; x_wconf 90' lang='lat' dir='ltr'><strong>nocitura</strong></span> <span class='ocrx_word' id='word_1_239' title='bbox 1591 3465 1769 3540; x_wconf 76' lang='lat' dir='ltr'><strong>uideantur,</strong></span> 
     </span>
     <span class='ocr_line' id='line_1_25' title="bbox 441 3557 1769 3644; baseline -0.004 -16"><span class='ocrx_word' id='word_1_240' title='bbox 441 3563 631 3644; x_wconf 86' lang='lat' dir='ltr'><strong>omniaque,</strong></span> <span class='ocrx_word' id='word_1_241' title='bbox 660 3578 742 3642; x_wconf 88' lang='lat' dir='ltr'><strong>ques</strong></span> <span class='ocrx_word' id='word_1_242' title='bbox 772 3559 836 3623; x_wconf 90' lang='lat' dir='ltr'><strong>eint</strong></span> <span class='ocrx_word' id='word_1_243' title='bbox 863 3558 904 3621; x_wconf 87' lang='lat' dir='ltr'><strong>ad</strong></span> <span class='ocrx_word' id='word_1_244' title='bbox 935 3558 1106 3620; x_wconf 87' lang='lat' dir='ltr'><strong>vivendum</strong></span> <span class='ocrx_word' id='word_1_245' title='bbox 1136 3557 1329 3631; x_wconf 78' lang='lat' dir='ltr'><strong>necessaria,</strong></span> <span class='ocrx_word' id='word_1_246' title='bbox 1358 3558 1507 3641; x_wconf 86' lang='lat' dir='ltr'><strong>anquirat</strong></span> <span class='ocrx_word' id='word_1_247' title='bbox 1535 3566 1567 3621; x_wconf 89' lang='lat' dir='ltr'><strong>ct</strong></span> <span class='ocrx_word' id='word_1_248' title='bbox 1597 3567 1705 3642; x_wconf 90' lang='lat' dir='ltr'><strong>paret,</strong></span> <span class='ocrx_word' id='word_1_249' title='bbox 1734 3568 1769 3623; x_wconf 92' lang='lat' dir='ltr'><strong>ut</strong></span> 
     </span>
    </p>

    <p class='ocr_par' dir='ltr' id='par_1_4' title="bbox 400 3650 1770 4773">
     <span class='ocr_line' id='line_1_26' title="bbox 402 3650 1770 3740; baseline -0.005 -17"><span class='ocrx_word' id='word_1_250' title='bbox 402 3666 583 3740; x_wconf 75' lang='lat' dir='ltr'><strong>repastum,</strong></span> <span class='ocrx_word' id='word_1_251' title='bbox 613 3661 648 3718; x_wconf 91' lang='lat' dir='ltr'><strong>ut</strong></span> <span class='ocrx_word' id='word_1_252' title='bbox 669 3652 818 3726; x_wconf 85' lang='lat' dir='ltr'><strong>latibula,</strong></span> <span class='ocrx_word' id='word_1_253' title='bbox 848 3660 883 3715; x_wconf 90' lang='lat' dir='ltr'><strong>ut</strong></span> <span class='ocrx_word' id='word_1_254' title='bbox 904 3652 967 3715; x_wconf 84' lang='lat' dir='ltr'><strong>elia</strong></span> <span class='ocrx_word' id='word_1_255' title='bbox 988 3652 1113 3734; x_wconf 77' lang='lat' dir='ltr'><strong>generis</strong></span> <span class='ocrx_word' id='word_1_256' title='bbox 1136 3650 1287 3714; x_wconf 86' lang='lat' dir='ltr'><strong>eiusdem.</strong></span> <span class='ocrx_word' id='word_1_257' title='bbox 1333 3651 1507 3716; x_wconf 91' lang='lat' dir='ltr'><strong>Commune</strong></span> <span class='ocrx_word' id='word_1_258' title='bbox 1529 3652 1605 3715; x_wconf 90' lang='lat' dir='ltr'><strong>item</strong></span> <span class='ocrx_word' id='word_1_259' title='bbox 1627 3654 1770 3717; x_wconf 83' lang='lat' dir='ltr'><strong>enimen-</strong></span> 
     </span>
     <span class='ocr_line' id='line_1_27' title="bbox 441 3745 1766 3831; baseline -0.002 -17"><span class='ocrx_word' id='word_1_260' title='bbox 441 3750 518 3814; x_wconf 93' lang='lat' dir='ltr'><strong>tium</strong></span> <span class='ocrx_word' id='word_1_261' title='bbox 541 3748 683 3813; x_wconf 90' lang='lat' dir='ltr'><strong>omnium</strong></span> <span class='ocrx_word' id='word_1_262' title='bbox 706 3757 755 3810; x_wconf 89' lang='lat' dir='ltr'><strong>est</strong></span> <span class='ocrx_word' id='word_1_263' title='bbox 776 3746 1008 3809; x_wconf 86' lang='lat' dir='ltr'><strong>coniunctionis</strong></span> <span class='ocrx_word' id='word_1_264' title='bbox 1030 3746 1192 3828; x_wconf 88' lang='lat' dir='ltr'><strong>adpetitus</strong></span> <span class='ocrx_word' id='word_1_265' title='bbox 1215 3745 1403 3828; x_wconf 86' lang='lat' dir='ltr'><strong>procreandi</strong></span> <span class='ocrx_word' id='word_1_266' title='bbox 1421 3765 1515 3811; x_wconf 87' lang='lat' dir='ltr'><strong>causa</strong></span> <span class='ocrx_word' id='word_1_267' title='bbox 1530 3754 1562 3810; x_wconf 87' lang='lat' dir='ltr'><strong>et</strong></span> <span class='ocrx_word' id='word_1_268' title='bbox 1577 3767 1654 3812; x_wconf 88' lang='lat' dir='ltr'><strong>cura</strong></span> <span class='ocrx_word' id='word_1_269' title='bbox 1667 3766 1766 3831; x_wconf 86' lang='lat' dir='ltr'><strong>quus·</strong></span> 
     </span>
     <span class='ocr_line' id='line_1_28' title="bbox 440 3838 1768 3925; baseline -0.001 -18"><span class='ocrx_word' id='word_1_270' title='bbox 440 3843 513 3909; x_wconf 90' lang='lat' dir='ltr'><strong>dem</strong></span> <span class='ocrx_word' id='word_1_271' title='bbox 537 3862 665 3915; x_wconf 89' lang='lat' dir='ltr'><strong>eorum,</strong></span> <span class='ocrx_word' id='word_1_272' title='bbox 695 3860 776 3925; x_wconf 86' lang='lat' dir='ltr'><strong>quae</strong></span> <span class='ocrx_word' id='word_1_273' title='bbox 804 3848 969 3923; x_wconf 87' lang='lat' dir='ltr'><strong>procreate</strong></span> <span class='ocrx_word' id='word_1_274' title='bbox 998 3849 1080 3903; x_wconf 91' lang='lat' dir='ltr'><strong>sunt.</strong></span> <span class='ocrx_word' id='word_1_275' title='bbox 1131 3838 1195 3902; x_wconf 85' lang='lat' dir='ltr'><strong>Sed</strong></span> <span class='ocrx_word' id='word_1_276' title='bbox 1217 3840 1300 3901; x_wconf 92' lang='lat' dir='ltr'><strong>inter</strong></span> <span class='ocrx_word' id='word_1_277' title='bbox 1321 3840 1483 3904; x_wconf 92' lang='lat' dir='ltr'><strong>hominem</strong></span> <span class='ocrx_word' id='word_1_278' title='bbox 1506 3849 1538 3906; x_wconf 88' lang='lat' dir='ltr'><strong>et</strong></span> <span class='ocrx_word' id='word_1_279' title='bbox 1557 3841 1685 3906; x_wconf 84' lang='lat' dir='ltr'><strong>beluam</strong></span> <span class='ocrx_word' id='word_1_280' title='bbox 1706 3842 1768 3906; x_wconf 93' lang='lat' dir='ltr'><strong>hoc</strong></span> 
     </span>
     <span class='ocr_line' id='line_1_29' title="bbox 439 3932 1768 4018; baseline -0.002 -17"><span class='ocrx_word' id='word_1_281' title='bbox 439 3938 579 4004; x_wconf 83' lang='lat' dir='ltr'><strong>maxime</strong></span> <span class='ocrx_word' id='word_1_282' title='bbox 607 3937 758 4008; x_wconf 88' lang='lat' dir='ltr'><strong>interest,</strong></span> <span class='ocrx_word' id='word_1_283' title='bbox 788 3934 875 4018; x_wconf 90' lang='lat' dir='ltr'><strong>quod</strong></span> <span class='ocrx_word' id='word_1_284' title='bbox 904 3932 982 3996; x_wconf 86' lang='lat' dir='ltr'><strong>haec</strong></span> <span class='ocrx_word' id='word_1_285' title='bbox 1011 3941 1150 4007; x_wconf 88' lang='lat' dir='ltr'><strong>tantum,</strong></span> <span class='ocrx_word' id='word_1_286' title='bbox 1180 3940 1331 4018; x_wconf 84' lang='lat' dir='ltr'><strong>quantum</strong></span> <span class='ocrx_word' id='word_1_287' title='bbox 1362 3954 1458 3998; x_wconf 90' lang='lat' dir='ltr'><strong>seusu</strong></span> <span class='ocrx_word' id='word_1_288' title='bbox 1480 3945 1641 4012; x_wconf 82' lang='lat' dir='ltr'><strong>movetur,</strong></span> <span class='ocrx_word' id='word_1_289' title='bbox 1670 3936 1713 4000; x_wconf 87' lang='lat' dir='ltr'><strong>ad</strong></span> <span class='ocrx_word' id='word_1_290' title='bbox 1734 3935 1768 4000; x_wconf 84' lang='lat' dir='ltr'><strong>id</strong></span> 
     </span>
     <span class='ocr_line' id='line_1_30' title="bbox 440 4027 1769 4115; baseline -0.005 -16"><span class='ocrx_word' id='word_1_291' title='bbox 440 4034 561 4107; x_wconf 90' lang='lat' dir='ltr'><strong>solum,</strong></span> <span class='ocrx_word' id='word_1_292' title='bbox 583 4030 671 4115; x_wconf 90' lang='lat' dir='ltr'><strong>quod</strong></span> <span class='ocrx_word' id='word_1_293' title='bbox 693 4029 784 4092; x_wconf 87' lang='lat' dir='ltr'><strong>adest</strong></span> <span class='ocrx_word' id='word_1_294' title='bbox 805 4027 955 4112; x_wconf 92' lang='lat' dir='ltr'><strong>quodque</strong></span> <span class='ocrx_word' id='word_1_295' title='bbox 977 4047 1129 4111; x_wconf 83' lang='lat' dir='ltr'><strong>praesens</strong></span> <span class='ocrx_word' id='word_1_296' title='bbox 1152 4035 1218 4100; x_wconf 88' lang='lat' dir='ltr'><strong>est,</strong></span> <span class='ocrx_word' id='word_1_297' title='bbox 1241 4047 1276 4090; x_wconf 90' lang='lat' dir='ltr'><strong>se</strong></span> <span class='ocrx_word' id='word_1_298' title='bbox 1298 4029 1531 4104; x_wconf 85' lang='lat' dir='ltr'><strong>accommodat,</strong></span> <span class='ocrx_word' id='word_1_299' title='bbox 1558 4030 1689 4112; x_wconf 89' lang='lat' dir='ltr'><strong>paulum</strong></span> <span class='ocrx_word' id='word_1_300' title='bbox 1712 4031 1769 4093; x_wconf 84' lang='lat' dir='ltr'><strong>ad·</strong></span> 
     </span>
     <span class='ocr_line' id='line_1_31' title="bbox 401 4122 1766 4207; baseline -0.003 -16"><span class='ocrx_word' id='word_1_301' title='bbox 401 4127 568 4193; x_wconf 77' lang='lat' dir='ltr'><strong>ecmodum</strong></span> <span class='ocrx_word' id='word_1_302' title='bbox 591 4126 733 4189; x_wconf 89' lang='lat' dir='ltr'><strong>sentiens</strong></span> <span class='ocrx_word' id='word_1_303' title='bbox 755 4124 961 4205; x_wconf 85' lang='lat' dir='ltr'><strong>praeteritum</strong></span> <span class='ocrx_word' id='word_1_304' title='bbox 984 4132 1039 4186; x_wconf 91' lang='lat' dir='ltr'><strong>ent</strong></span> <span class='ocrx_word' id='word_1_305' title='bbox 1061 4122 1212 4185; x_wconf 85' lang='lat' dir='ltr'><strong>futurum.</strong></span> <span class='ocrx_word' id='word_1_306' title='bbox 1256 4122 1358 4185; x_wconf 90' lang='lat' dir='ltr'><strong>Homo</strong></span> <span class='ocrx_word' id='word_1_307' title='bbox 1383 4131 1502 4197; x_wconf 89' lang='lat' dir='ltr'><strong>eutem,</strong></span> <span class='ocrx_word' id='word_1_308' title='bbox 1526 4123 1611 4207; x_wconf 93' lang='lat' dir='ltr'><strong>quod</strong></span> <span class='ocrx_word' id='word_1_309' title='bbox 1633 4125 1766 4187; x_wconf 87' lang='lat' dir='ltr'><strong>rationis</strong></span> 
     </span>
     <span class='ocr_line' id='line_1_32' title="bbox 439 4217 1768 4306; baseline -0.005 -18"><span class='ocrx_word' id='word_1_310' title='bbox 439 4232 487 4288; x_wconf 92' lang='lat' dir='ltr'><strong>est</strong></span> <span class='ocrx_word' id='word_1_311' title='bbox 507 4223 675 4306; x_wconf 83' lang='lat' dir='ltr'><strong>particeps,</strong></span> <span class='ocrx_word' id='word_1_312' title='bbox 697 4237 754 4301; x_wconf 91' lang='lat' dir='ltr'><strong>per</strong></span> <span class='ocrx_word' id='word_1_313' title='bbox 776 4237 871 4300; x_wconf 89' lang='lat' dir='ltr'><strong>quern</strong></span> <span class='ocrx_word' id='word_1_314' title='bbox 895 4217 1123 4300; x_wconf 86' lang='lat' dir='ltr'><strong>consequentia</strong></span> <span class='ocrx_word' id='word_1_315' title='bbox 1146 4217 1256 4288; x_wconf 90' lang='lat' dir='ltr'><strong>cernit,</strong></span> <span class='ocrx_word' id='word_1_316' title='bbox 1279 4236 1390 4279; x_wconf 87' lang='lat' dir='ltr'><strong>causas</strong></span> <span class='ocrx_word' id='word_1_317' title='bbox 1413 4237 1518 4280; x_wconf 90' lang='lat' dir='ltr'><strong>rerum</strong></span> <span class='ocrx_word' id='word_1_318' title='bbox 1541 4218 1627 4282; x_wconf 87' lang='lat' dir='ltr'><strong>videt</strong></span> <span class='ocrx_word' id='word_1_319' title='bbox 1643 4237 1768 4282; x_wconf 87' lang='lat' dir='ltr'><strong>earum-</strong></span> 
     </span>
     <span class='ocr_line' id='line_1_33' title="bbox 440 4309 1767 4401; baseline -0.002 -22"><span class='ocrx_word' id='word_1_320' title='bbox 440 4337 502 4401; x_wconf 88' lang='lat' dir='ltr'><strong>que</strong></span> <span class='ocrx_word' id='word_1_321' title='bbox 527 4332 729 4398; x_wconf 78' lang='lat' dir='ltr'><strong>preegreesus</strong></span> <span class='ocrx_word' id='word_1_322' title='bbox 752 4321 784 4375; x_wconf 92' lang='lat' dir='ltr'><strong>et</strong></span> <span class='ocrx_word' id='word_1_323' title='bbox 805 4309 895 4394; x_wconf 85' lang='lat' dir='ltr'><strong>quasi</strong></span> <span class='ocrx_word' id='word_1_324' title='bbox 919 4312 1154 4374; x_wconf 83' lang='lat' dir='ltr'><strong>antecessiones</strong></span> <span class='ocrx_word' id='word_1_325' title='bbox 1177 4330 1239 4372; x_wconf 92' lang='lat' dir='ltr'><strong>nou</strong></span> <span class='ocrx_word' id='word_1_326' title='bbox 1263 4311 1404 4390; x_wconf 80' lang='lat' dir='ltr'><strong>ignorat,</strong></span> <span class='ocrx_word' id='word_1_327' title='bbox 1433 4311 1658 4375; x_wconf 85' lang='lat' dir='ltr'><strong>similitudines</strong></span> <span class='ocrx_word' id='word_1_328' title='bbox 1681 4333 1767 4376; x_wconf 89' lang='lat' dir='ltr'><strong>com·</strong></span> 
     </span>
     <span class='ocr_line' id='line_1_34' title="bbox 438 4404 1767 4495; baseline -0.002 -22"><span class='ocrx_word' id='word_1_329' title='bbox 438 4417 530 4495; x_wconf 87' lang='lat' dir='ltr'><strong>parat</strong></span> <span class='ocrx_word' id='word_1_330' title='bbox 551 4410 708 4492; x_wconf 89' lang='lat' dir='ltr'><strong>rebusque</strong></span> <span class='ocrx_word' id='word_1_331' title='bbox 732 4406 951 4490; x_wconf 83' lang='lat' dir='ltr'><strong>praesentibus</strong></span> <span class='ocrx_word' id='word_1_332' title='bbox 974 4406 1119 4487; x_wconf 81' lang='lat' dir='ltr'><strong>adiungit</strong></span> <span class='ocrx_word' id='word_1_333' title='bbox 1140 4411 1236 4486; x_wconf 84' lang='lat' dir='ltr'><strong>etque</strong></span> <span class='ocrx_word' id='word_1_334' title='bbox 1259 4404 1398 4469; x_wconf 84' lang='lat' dir='ltr'><strong>adnectit</strong></span> <span class='ocrx_word' id='word_1_335' title='bbox 1411 4406 1543 4481; x_wconf 81' lang='lat' dir='ltr'><strong>suturas,</strong></span> <span class='ocrx_word' id='word_1_336' title='bbox 1558 4406 1651 4470; x_wconf 85' lang='lat' dir='ltr'><strong>iecile</strong></span> <span class='ocrx_word' id='word_1_337' title='bbox 1667 4410 1767 4471; x_wconf 91' lang='lat' dir='ltr'><strong>totius</strong></span> 
     </span>
     <span class='ocr_line' id='line_1_35' title="bbox 437 4498 1764 4583; baseline -0.002 -15"><span class='ocrx_word' id='word_1_338' title='bbox 437 4504 521 4568; x_wconf 82' lang='lat' dir='ltr'><strong>vitee</strong></span> <span class='ocrx_word' id='word_1_339' title='bbox 550 4523 677 4567; x_wconf 93' lang='lat' dir='ltr'><strong>cursum</strong></span> <span class='ocrx_word' id='word_1_340' title='bbox 710 4500 796 4564; x_wconf 89' lang='lat' dir='ltr'><strong>videt</strong></span> <span class='ocrx_word' id='word_1_341' title='bbox 829 4499 870 4562; x_wconf 90' lang='lat' dir='ltr'><strong>ad</strong></span> <span class='ocrx_word' id='word_1_342' title='bbox 904 4520 1038 4583; x_wconf 87' lang='lat' dir='ltr'><strong>eamque</strong></span> <span class='ocrx_word' id='word_1_343' title='bbox 1071 4498 1246 4581; x_wconf 76' lang='lat' dir='ltr'><strong>degendum</strong></span> <span class='ocrx_word' id='word_1_344' title='bbox 1278 4510 1445 4581; x_wconf 84' lang='lat' dir='ltr'><strong>praeparet</strong></span> <span class='ocrx_word' id='word_1_345' title='bbox 1473 4522 1524 4564; x_wconf 87' lang='lat' dir='ltr'><strong>res</strong></span> <span class='ocrx_word' id='word_1_346' title='bbox 1554 4502 1764 4566; x_wconf 86' lang='lat' dir='ltr'><strong>necessarias.</strong></span> 
     </span>
     <span class='ocr_line' id='line_1_36' title="bbox 400 4593 1767 4680; baseline -0.001 -20"><span class='ocrx_word' id='word_1_347' title='bbox 400 4593 490 4660; x_wconf 71' lang='lat' dir='ltr'><strong>uti.</strong></span> <span class='ocrx_word' id='word_1_348' title='bbox 511 4597 695 4680; x_wconf 86' lang='lat' dir='ltr'><strong>Eademque</strong></span> <span class='ocrx_word' id='word_1_349' title='bbox 717 4603 829 4658; x_wconf 88' lang='lat' dir='ltr'><strong>nature</strong></span> <span class='ocrx_word' id='word_1_350' title='bbox 853 4596 882 4657; x_wconf 89' lang='lat' dir='ltr'><strong>vi</strong></span> <span class='ocrx_word' id='word_1_351' title='bbox 905 4594 1035 4656; x_wconf 87' lang='lat' dir='ltr'><strong>rationis</strong></span> <span class='ocrx_word' id='word_1_352' title='bbox 1057 4594 1219 4656; x_wconf 90' lang='lat' dir='ltr'><strong>hominem</strong></span> <span class='ocrx_word' id='word_1_353' title='bbox 1249 4594 1398 4657; x_wconf 89' lang='lat' dir='ltr'><strong>conciliat</strong></span> <span class='ocrx_word' id='word_1_354' title='bbox 1426 4594 1547 4657; x_wconf 89' lang='lat' dir='ltr'><strong>homini</strong></span> <span class='ocrx_word' id='word_1_355' title='bbox 1576 4603 1608 4658; x_wconf 89' lang='lat' dir='ltr'><strong>et</strong></span> <span class='ocrx_word' id='word_1_356' title='bbox 1630 4595 1671 4658; x_wconf 92' lang='lat' dir='ltr'><strong>ed</strong></span> <span class='ocrx_word' id='word_1_357' title='bbox 1694 4615 1767 4660; x_wconf 89' lang='lat' dir='ltr'><strong>ora·</strong></span> 
     </span>
     <span class='ocr_line' id='line_1_37' title="bbox 437 4687 1766 4773; baseline -0.002 -17"><span class='ocrx_word' id='word_1_358' title='bbox 437 4692 533 4756; x_wconf 84' lang='lat' dir='ltr'><strong>tionis</strong></span> <span class='ocrx_word' id='word_1_359' title='bbox 560 4700 591 4756; x_wconf 91' lang='lat' dir='ltr'><strong>et</strong></span> <span class='ocrx_word' id='word_1_360' title='bbox 617 4690 657 4755; x_wconf 89' lang='lat' dir='ltr'><strong>ad</strong></span> <span class='ocrx_word' id='word_1_361' title='bbox 684 4689 767 4753; x_wconf 88' lang='lat' dir='ltr'><strong>vitae</strong></span> <span class='ocrx_word' id='word_1_362' title='bbox 789 4690 972 4753; x_wconf 84' lang='lat' dir='ltr'><strong>societatem</strong></span> <span class='ocrx_word' id='word_1_363' title='bbox 998 4689 1226 4772; x_wconf 79' lang='lat' dir='ltr'><strong>ingeneratque</strong></span> <span class='ocrx_word' id='word_1_364' title='bbox 1250 4687 1281 4749; x_wconf 93' lang='lat' dir='ltr'><strong>in</strong></span> <span class='ocrx_word' id='word_1_365' title='bbox 1304 4688 1413 4772; x_wconf 87' lang='lat' dir='ltr'><strong>primis</strong></span> <span class='ocrx_word' id='word_1_366' title='bbox 1436 4689 1639 4773; x_wconf 89' lang='lat' dir='ltr'><strong>praecipuum</strong></span> <span class='ocrx_word' id='word_1_367' title='bbox 1663 4709 1766 4772; x_wconf 87' lang='lat' dir='ltr'><strong>quen·</strong></span> 
     </span>
    </p>
   </div>
   <div class='ocr_carea' id='block_1_3' title="bbox 419 4976 1765 6023">
    <p class='ocr_par' dir='ltr' id='par_1_5' title="bbox 419 4976 1765 6023">
     <span class='ocr_line' id='line_1_38' title="bbox 500 4976 1765 5045; baseline -0.002 -14"><span class='ocrx_word' id='word_1_368' title='bbox 500 4982 524 5031; x_wconf 88' lang='lat' dir='ltr'><strong>t.</strong></span> <span class='ocrx_word' id='word_1_369' title='bbox 543 4980 663 5044; x_wconf 81' lang='lat' dir='ltr'><strong>quonium</strong></span> <span class='ocrx_word' id='word_1_370' title='bbox 679 4980 715 5031; x_wconf 85' lang='lat' dir='ltr'><strong>C:</strong></span> <span class='ocrx_word' id='word_1_371' title='bbox 738 4979 841 5040; x_wconf 78' lang='lat' dir='ltr'><strong>quode</strong></span> <span class='ocrx_word' id='word_1_372' title='bbox 868 5003 896 5013; x_wconf 91' lang='lat'><em>-</em></span> <span class='ocrx_word' id='word_1_373' title='bbox 926 4977 1119 5027; x_wconf 85' lang='lat' dir='ltr'><strong>eutortbomuc</strong></span> <span class='ocrx_word' id='word_1_374' title='bbox 1149 5003 1173 5015; x_wconf 95' lang='lat'>-</span> <span class='ocrx_word' id='word_1_375' title='bbox 1206 4978 1316 5040; x_wconf 72' lang='lat' dir='ltr'><strong>ossuum</strong></span> <span class='ocrx_word' id='word_1_376' title='bbox 1332 4978 1478 5028; x_wconf 74' lang='lat' dir='ltr'><strong>umente:</strong></span> <span class='ocrx_word' id='word_1_377' title='bbox 1502 4979 1611 5042; x_wconf 71' lang='lat' dir='ltr'><strong>officium</strong></span> <span class='ocrx_word' id='word_1_378' title='bbox 1627 4976 1765 5045; x_wconf 68' lang='grc' dir='ltr'><strong><em>καθῆκον</em></strong></span> 
     </span>
     <span class='ocr_line' id='line_1_39' title="bbox 429 5049 1764 5121; baseline -0.001 -14"><span class='ocrx_word' id='word_1_379' title='bbox 429 5061 522 5107; x_wconf 79' lang='lat' dir='ltr'><strong>cocunt</strong></span> <span class='ocrx_word' id='word_1_380' title='bbox 539 5056 677 5111; x_wconf 86' lang='lat' dir='ltr'><strong>Peerctus;</strong></span> <span class='ocrx_word' id='word_1_381' title='bbox 695 5053 824 5117; x_wconf 66' lang='lat' dir='ltr'><strong>[emmanu]</strong></span> <span class='ocrx_word' id='word_1_382' title='bbox 841 5049 973 5116; x_wconf 69' lang='grc' dir='ltr'><strong><em>καθῆκον</em></strong></span> <span class='ocrx_word' id='word_1_383' title='bbox 990 5060 1080 5102; x_wconf 87' lang='lat' dir='ltr'><strong>uocant</strong></span> <span class='ocrx_word' id='word_1_384' title='bbox 1098 5065 1113 5103; x_wconf 97' lang='lat' dir='ltr'><strong>o</strong></span> <span class='ocrx_word' id='word_1_385' title='bbox 1133 5080 1159 5089; x_wconf 96' lang='lat'>-</span> <span class='ocrx_word' id='word_1_386' title='bbox 1179 5054 1203 5103; x_wconf 80' lang='lat' dir='ltr'><strong>o.</strong></span> <span class='ocrx_word' id='word_1_387' title='bbox 1221 5060 1267 5104; x_wconf 83' lang='lat' dir='ltr'><strong>out</strong></span> <span class='ocrx_word' id='word_1_388' title='bbox 1285 5054 1399 5104; x_wconf 79' lang='lat' dir='ltr'><strong>BHeo:</strong></span> <span class='ocrx_word' id='word_1_389' title='bbox 1419 5067 1472 5103; x_wconf 86' lang='lat' dir='ltr'><strong>orn.</strong></span> <span class='ocrx_word' id='word_1_390' title='bbox 1491 5055 1536 5105; x_wconf 78' lang='lat' dir='ltr'><strong>Ab</strong></span> <span class='ocrx_word' id='word_1_391' title='bbox 1547 5065 1571 5105; x_wconf 86' lang='lat' dir='ltr'><strong>o.</strong></span> <span class='ocrx_word' id='word_1_392' title='bbox 1603 5055 1642 5106; x_wconf 79' lang='lat' dir='ltr'><strong>ct.</strong></span> <span class='ocrx_word' id='word_1_393' title='bbox 1657 5057 1764 5121; x_wconf 79' lang='lat' dir='ltr'><strong>iladvig</strong></span> 
     </span>
     <span class='ocr_line' id='line_1_40' title="bbox 429 5128 1760 5192; baseline 0.001 -11"><span class='ocrx_word' id='word_1_394' title='bbox 429 5130 464 5181; x_wconf 90' lang='lat' dir='ltr'><strong>ed</strong></span> <span class='ocrx_word' id='word_1_395' title='bbox 482 5131 536 5181; x_wconf 89' lang='lat' dir='ltr'><strong>Cic.</strong></span> <span class='ocrx_word' id='word_1_396' title='bbox 556 5130 589 5179; x_wconf 88' lang='lat' dir='ltr'><strong>de</strong></span> <span class='ocrx_word' id='word_1_397' title='bbox 608 5128 690 5179; x_wconf 80' lang='lat' dir='ltr'><strong>finib.</strong></span> <span class='ocrx_word' id='word_1_398' title='bbox 710 5129 804 5192; x_wconf 78' lang='lat' dir='ltr'><strong>p.80&#39;l.</strong></span> <span class='ocrx_word' id='word_1_399' title='bbox 828 5154 853 5165; x_wconf 91' lang='lat'>-</span> <span class='ocrx_word' id='word_1_400' title='bbox 883 5130 914 5178; x_wconf 82' lang='lat' dir='ltr'><strong>sit</strong></span> <span class='ocrx_word' id='word_1_401' title='bbox 931 5134 976 5177; x_wconf 87' lang='lat' dir='ltr'><strong>out</strong></span> <span class='ocrx_word' id='word_1_402' title='bbox 992 5134 1096 5190; x_wconf 79' lang='lat' dir='ltr'><strong>torpeo</strong></span> <span class='ocrx_word' id='word_1_403' title='bbox 1120 5154 1146 5164; x_wconf 90' lang='lat'><em>-</em></span> <span class='ocrx_word' id='word_1_404' title='bbox 1176 5129 1200 5177; x_wconf 84' lang='lat'><strong>7.</strong></span> <span class='ocrx_word' id='word_1_405' title='bbox 1220 5131 1359 5190; x_wconf 71' lang='lat' dir='ltr'><strong>anquirunt</strong></span> <span class='ocrx_word' id='word_1_406' title='bbox 1374 5130 1498 5179; x_wconf 78' lang='lat' dir='ltr'><strong>sssttb:</strong></span> <span class='ocrx_word' id='word_1_407' title='bbox 1522 5132 1712 5191; x_wconf 69' lang='lat' dir='ltr'><strong>inquirentes</strong></span> <span class='ocrx_word' id='word_1_408' title='bbox 1731 5156 1760 5169; x_wconf 89' lang='lat'>-</span> 
     </span>
     <span class='ocr_line' id='line_1_41' title="bbox 429 5203 1763 5269; baseline 0 -13"><span class='ocrx_word' id='word_1_409' title='bbox 429 5206 469 5256; x_wconf 80' lang='lat' dir='ltr'><strong>to.</strong></span> <span class='ocrx_word' id='word_1_410' title='bbox 483 5204 517 5269; x_wconf 88' lang='lat' dir='ltr'><strong>td]</strong></span> <span class='ocrx_word' id='word_1_411' title='bbox 528 5205 568 5253; x_wconf 82' lang='lat' dir='ltr'><strong>bic</strong></span> <span class='ocrx_word' id='word_1_412' title='bbox 584 5217 602 5255; x_wconf 82' lang='lat' dir='ltr'><strong>a</strong></span> <span class='ocrx_word' id='word_1_413' title='bbox 621 5230 648 5239; x_wconf 93' lang='lat'>-</span> <span class='ocrx_word' id='word_1_414' title='bbox 668 5204 708 5252; x_wconf 87' lang='lat' dir='ltr'><strong>tl.</strong></span> <span class='ocrx_word' id='word_1_415' title='bbox 727 5208 761 5252; x_wconf 77' lang='lat' dir='ltr'><strong>ert</strong></span> <span class='ocrx_word' id='word_1_416' title='bbox 778 5215 911 5266; x_wconf 86' lang='lat' dir='ltr'><strong>superscr.</strong></span> <span class='ocrx_word' id='word_1_417' title='bbox 926 5203 951 5253; x_wconf 90' lang='lat' dir='ltr'><strong>in</strong></span> <span class='ocrx_word' id='word_1_418' title='bbox 968 5205 984 5253; x_wconf 95' lang='lat' dir='ltr'><strong>b</strong></span> <span class='ocrx_word' id='word_1_419' title='bbox 1004 5232 1030 5241; x_wconf 94' lang='lat'><em>-</em></span> <span class='ocrx_word' id='word_1_420' title='bbox 1051 5206 1091 5254; x_wconf 78' lang='lat' dir='ltr'><strong>tt.</strong></span> <span class='ocrx_word' id='word_1_421' title='bbox 1105 5205 1221 5255; x_wconf 83' lang='lat' dir='ltr'><strong>utilitatis</strong></span> <span class='ocrx_word' id='word_1_422' title='bbox 1236 5205 1254 5255; x_wconf 91' lang='lat' dir='ltr'><strong>b</strong></span> <span class='ocrx_word' id='word_1_423' title='bbox 1275 5229 1301 5241; x_wconf 94' lang='lat'><em>-</em></span> <span class='ocrx_word' id='word_1_424' title='bbox 1328 5204 1366 5255; x_wconf 79' lang='lat' dir='ltr'><strong>ts.</strong></span> <span class='ocrx_word' id='word_1_425' title='bbox 1385 5205 1542 5254; x_wconf 72' lang='lat' dir='ltr'><strong>distrahatur</strong></span> <span class='ocrx_word' id='word_1_426' title='bbox 1558 5206 1584 5254; x_wconf 84' lang='lat' dir='ltr'><strong>iu</strong></span> <span class='ocrx_word' id='word_1_427' title='bbox 1601 5205 1763 5257; x_wconf 81' lang='lat' dir='ltr'><strong>deliberando</strong></span> 
     </span>
     <span class='ocr_line' id='line_1_42' title="bbox 427 5278 1763 5345; baseline 0.001 -16"><span class='ocrx_word' id='word_1_428' title='bbox 427 5279 529 5330; x_wconf 77' lang='lat' dir='ltr'><strong>suimus</strong></span> <span class='ocrx_word' id='word_1_429' title='bbox 545 5280 683 5341; x_wconf 70' lang='lat' dir='ltr'><strong>offeretque</strong></span> <span class='ocrx_word' id='word_1_430' title='bbox 700 5279 726 5326; x_wconf 84' lang='lat' dir='ltr'><strong>in</strong></span> <span class='ocrx_word' id='word_1_431' title='bbox 744 5278 901 5328; x_wconf 82' lang='lat' dir='ltr'><strong>deliberando</strong></span> <span class='ocrx_word' id='word_1_432' title='bbox 917 5282 1082 5341; x_wconf 80' lang='lat' dir='ltr'><strong>aucipitemo</strong></span> <span class='ocrx_word' id='word_1_433' title='bbox 1108 5308 1142 5318; x_wconf 89' lang='lat'>—</span> <span class='ocrx_word' id='word_1_434' title='bbox 1165 5281 1195 5329; x_wconf 82' lang='lat' dir='ltr'><strong>lu</strong></span> <span class='ocrx_word' id='word_1_435' title='bbox 1210 5281 1337 5330; x_wconf 83' lang='lat' dir='ltr'><strong>boenes:</strong></span> <span class='ocrx_word' id='word_1_436' title='bbox 1360 5280 1407 5329; x_wconf 81' lang='lat' dir='ltr'><strong>buo</strong></span> <span class='ocrx_word' id='word_1_437' title='bbox 1425 5280 1536 5341; x_wconf 77' lang='lat' dir='ltr'><strong>lumin)</strong></span> <span class='ocrx_word' id='word_1_438' title='bbox 1554 5281 1599 5330; x_wconf 86' lang='lat' dir='ltr'><strong>Co</strong></span> <span class='ocrx_word' id='word_1_439' title='bbox 1629 5307 1656 5316; x_wconf 93' lang='lat'>-</span> <span class='ocrx_word' id='word_1_440' title='bbox 1683 5284 1763 5345; x_wconf 69' lang='lat' dir='ltr'><strong>suffe-</strong></span> 
     </span>
     <span class='ocr_line' id='line_1_43' title="bbox 425 5352 1761 5422; baseline 0 -15"><span class='ocrx_word' id='word_1_441' title='bbox 425 5360 517 5422; x_wconf 82' lang='lat' dir='ltr'><strong>rutque</strong></span> <span class='ocrx_word' id='word_1_442' title='bbox 533 5354 702 5406; x_wconf 83' lang='lat' dir='ltr'><strong>llubnltenlus</strong></span> <span class='ocrx_word' id='word_1_443' title='bbox 719 5352 809 5405; x_wconf 91' lang='lat' dir='ltr'><strong>Philol.</strong></span> <span class='ocrx_word' id='word_1_444' title='bbox 824 5355 986 5405; x_wconf 80' lang='lat' dir='ltr'><strong>Schneideu.</strong></span> <span class='ocrx_word' id='word_1_445' title='bbox 1001 5357 1030 5415; x_wconf 91' lang='lat' dir='ltr'><strong>V,</strong></span> <span class='ocrx_word' id='word_1_446' title='bbox 1045 5357 1140 5422; x_wconf 58' lang='lat' dir='ltr'><strong>psilld.</strong></span> <span class='ocrx_word' id='word_1_447' title='bbox 1168 5382 1196 5393; x_wconf 93' lang='lat'>-</span> <span class='ocrx_word' id='word_1_448' title='bbox 1226 5358 1265 5408; x_wconf 80' lang='lat'><strong>⁴5.</strong></span> <span class='ocrx_word' id='word_1_449' title='bbox 1284 5357 1311 5403; x_wconf 82' lang='lat' dir='ltr'><strong>iu</strong></span> <span class='ocrx_word' id='word_1_450' title='bbox 1328 5356 1460 5404; x_wconf 79' lang='lat' dir='ltr'><strong>diuidendo</strong></span> <span class='ocrx_word' id='word_1_451' title='bbox 1475 5357 1617 5405; x_wconf 70' lang='lat' dir='ltr'><strong>maximum</strong></span> <span class='ocrx_word' id='word_1_452' title='bbox 1632 5355 1761 5407; x_wconf 72' lang='lat' dir='ltr'><strong>citime</strong></span> 
     </span>
     <span class='ocr_line' id='line_1_44' title="bbox 428 5425 1761 5493; baseline 0.002 -14"><span class='ocrx_word' id='word_1_453' title='bbox 428 5456 456 5469; x_wconf 93' lang='lat'><em>-</em></span> <span class='ocrx_word' id='word_1_454' title='bbox 476 5430 516 5480; x_wconf 79' lang='grc' dir='ltr'><strong>Π.</strong></span> <span class='ocrx_word' id='word_1_455' title='bbox 535 5430 611 5479; x_wconf 85' lang='lat' dir='ltr'><strong>etium</strong></span> <span class='ocrx_word' id='word_1_456' title='bbox 627 5442 681 5479; x_wconf 91' lang='lat' dir='ltr'><strong>om.</strong></span> <span class='ocrx_word' id='word_1_457' title='bbox 700 5441 715 5479; x_wconf 89' lang='lat' dir='ltr'><strong>o</strong></span> <span class='ocrx_word' id='word_1_458' title='bbox 735 5456 761 5466; x_wconf 94' lang='lat'>-</span> <span class='ocrx_word' id='word_1_459' title='bbox 781 5431 840 5478; x_wconf 84' lang='lat' dir='ltr'><strong>ttsm</strong></span> <span class='ocrx_word' id='word_1_460' title='bbox 856 5430 981 5479; x_wconf 80' lang='lat' dir='ltr'><strong>duobueo</strong></span> <span class='ocrx_word' id='word_1_461' title='bbox 1002 5458 1028 5467; x_wconf 97' lang='lat'>-</span> <span class='ocrx_word' id='word_1_462' title='bbox 1049 5432 1088 5482; x_wconf 81' lang='lat' dir='ltr'><strong>te.</strong></span> <span class='ocrx_word' id='word_1_463' title='bbox 1105 5432 1188 5492; x_wconf 78' lang='lat' dir='ltr'><strong>portis</strong></span> <span class='ocrx_word' id='word_1_464' title='bbox 1205 5425 1249 5480; x_wconf 87' lang='lat' dir='ltr'><strong>H¹:</strong></span> <span class='ocrx_word' id='word_1_465' title='bbox 1272 5432 1354 5492; x_wconf 80' lang='lat' dir='ltr'><strong>portia</strong></span> <span class='ocrx_word' id='word_1_466' title='bbox 1371 5431 1479 5481; x_wconf 79' lang='lat' dir='ltr'><strong>cornio</strong></span> <span class='ocrx_word' id='word_1_467' title='bbox 1496 5430 1655 5493; x_wconf 66' lang='lat' dir='ltr'><strong>percibum</strong></span> <span class='ocrx_word' id='word_1_468' title='bbox 1673 5437 1761 5492; x_wconf 79' lang='lat' dir='ltr'><strong>portae</strong></span> 
     </span>
     <span class='ocr_line' id='line_1_45' title="bbox 425 5505 1760 5569; baseline 0 -13"><span class='ocrx_word' id='word_1_469' title='bbox 425 5505 590 5556; x_wconf 66' lang='lat' dir='ltr'><strong>tuttebeo</strong></span> <span class='ocrx_word' id='word_1_470' title='bbox 619 5531 646 5542; x_wconf 91' lang='lat'><em>-</em></span> <span class='ocrx_word' id='word_1_471' title='bbox 678 5506 886 5569; x_wconf 81' lang='lat' dir='ltr'><strong>repperiturbll</strong></span> <span class='ocrx_word' id='word_1_472' title='bbox 915 5532 942 5542; x_wconf 90' lang='lat'>-</span> <span class='ocrx_word' id='word_1_473' title='bbox 970 5505 1011 5554; x_wconf 74' lang='lat'><strong>23.</strong></span> <span class='ocrx_word' id='word_1_474' title='bbox 1032 5506 1136 5555; x_wconf 80' lang='lat' dir='ltr'><strong>declinet</strong></span> <span class='ocrx_word' id='word_1_475' title='bbox 1153 5506 1173 5555; x_wconf 89' lang='lat' dir='ltr'>C</span> <span class='ocrx_word' id='word_1_476' title='bbox 1193 5506 1280 5566; x_wconf 83' lang='lat' dir='ltr'><strong>(etiem</strong></span> <span class='ocrx_word' id='word_1_477' title='bbox 1297 5505 1362 5565; x_wconf 78' lang='lat' dir='ltr'><strong>bol:</strong></span> <span class='ocrx_word' id='word_1_478' title='bbox 1382 5506 1565 5567; x_wconf 80' lang='lat' dir='ltr'><strong>declinetquee</strong></span> <span class='ocrx_word' id='word_1_479' title='bbox 1595 5530 1622 5543; x_wconf 90' lang='lat'><em>-</em></span> <span class='ocrx_word' id='word_1_480' title='bbox 1650 5506 1691 5556; x_wconf 76' lang='lat' dir='ltr'><strong>ii.</strong></span> <span class='ocrx_word' id='word_1_481' title='bbox 1711 5520 1760 5568; x_wconf 77' lang='lat' dir='ltr'><strong>que</strong></span> 
     </span>
     <span class='ocr_line' id='line_1_46' title="bbox 424 5579 1758 5646; baseline -0.001 -14"><span class='ocrx_word' id='word_1_482' title='bbox 424 5581 517 5632; x_wconf 79' lang='lat' dir='ltr'><strong>omli</strong></span> <span class='ocrx_word' id='word_1_483' title='bbox 546 5607 573 5618; x_wconf 91' lang='lat'>-</span> <span class='ocrx_word' id='word_1_484' title='bbox 604 5580 654 5629; x_wconf 79' lang='lat' dir='ltr'><strong>stet</strong></span> <span class='ocrx_word' id='word_1_485' title='bbox 674 5580 820 5632; x_wconf 80' lang='lat' dir='ltr'><strong>Asslleb:</strong></span> <span class='ocrx_word' id='word_1_486' title='bbox 847 5584 903 5628; x_wconf 79' lang='lat' dir='ltr'><strong>eunt</strong></span> <span class='ocrx_word' id='word_1_487' title='bbox 926 5590 967 5629; x_wconf 91' lang='lat' dir='ltr'><strong>oo</strong></span> <span class='ocrx_word' id='word_1_488' title='bbox 995 5607 1022 5616; x_wconf 91' lang='lat'><em>-</em></span> <span class='ocrx_word' id='word_1_489' title='bbox 1050 5579 1286 5637; x_wconf 76' lang='lat' dir='ltr'><strong>oduidmdume;</strong></span> <span class='ocrx_word' id='word_1_490' title='bbox 1314 5582 1348 5628; x_wconf 84' lang='lat' dir='ltr'><strong>od</strong></span> <span class='ocrx_word' id='word_1_491' title='bbox 1365 5582 1498 5630; x_wconf 73' lang='lat' dir='ltr'><strong>uiuendum</strong></span> <span class='ocrx_word' id='word_1_492' title='bbox 1520 5593 1656 5646; x_wconf 85' lang='lat' dir='ltr'><strong>superscr.</strong></span> <span class='ocrx_word' id='word_1_493' title='bbox 1675 5593 1758 5631; x_wconf 89' lang='lat' dir='ltr'><strong>mauu</strong></span> 
     </span>
     <span class='ocr_line' id='line_1_47' title="bbox 423 5654 1758 5720; baseline -0.001 -13"><span class='ocrx_word' id='word_1_494' title='bbox 423 5658 607 5707; x_wconf 84' lang='lat' dir='ltr'><strong>recentissime</strong></span> <span class='ocrx_word' id='word_1_495' title='bbox 624 5654 740 5720; x_wconf 88' lang='lat' dir='ltr'><strong>bebetp</strong></span> <span class='ocrx_word' id='word_1_496' title='bbox 767 5683 794 5693; x_wconf 96' lang='lat'><em>-</em></span> <span class='ocrx_word' id='word_1_497' title='bbox 828 5658 948 5718; x_wconf 75' lang='lat' dir='ltr'><strong>anquirat</strong></span> <span class='ocrx_word' id='word_1_498' title='bbox 964 5654 1099 5705; x_wconf 79' lang='lat' dir='ltr'><strong>All¹ll¹b:</strong></span> <span class='ocrx_word' id='word_1_499' title='bbox 1122 5654 1235 5716; x_wconf 78' lang='lat' dir='ltr'><strong>inquiret</strong></span> <span class='ocrx_word' id='word_1_500' title='bbox 1253 5654 1323 5712; x_wconf 77' lang='lat' dir='ltr'><strong>ll²e;</strong></span> <span class='ocrx_word' id='word_1_501' title='bbox 1348 5657 1466 5717; x_wconf 81' lang='lat' dir='ltr'><strong>acquiret</strong></span> <span class='ocrx_word' id='word_1_502' title='bbox 1481 5657 1557 5718; x_wconf 79' lang='lat' dir='ltr'><strong>ll²op</strong></span> <span class='ocrx_word' id='word_1_503' title='bbox 1585 5682 1611 5692; x_wconf 97' lang='lat'>-</span> <span class='ocrx_word' id='word_1_504' title='bbox 1638 5657 1679 5705; x_wconf 65' lang='grc' dir='ltr'><strong>ιδ.</strong></span> <span class='ocrx_word' id='word_1_505' title='bbox 1696 5657 1758 5705; x_wconf 80' lang='lat' dir='ltr'><strong>item</strong></span> 
     </span>
     <span class='ocr_line' id='line_1_48' title="bbox 423 5728 1757 5794; baseline -0.004 -11"><span class='ocrx_word' id='word_1_506' title='bbox 423 5732 569 5783; x_wconf 67' lang='lat' dir='ltr'><strong>Manutius:</strong></span> <span class='ocrx_word' id='word_1_507' title='bbox 596 5737 681 5782; x_wconf 83' lang='lat' dir='ltr'><strong>cutem</strong></span> <span class='ocrx_word' id='word_1_508' title='bbox 704 5732 759 5782; x_wconf 87' lang='lat' dir='ltr'><strong>Co.</strong></span> <span class='ocrx_word' id='word_1_509' title='bbox 796 5730 835 5782; x_wconf 92' lang='lat' dir='ltr'><strong>Cl.</strong></span> <span class='ocrx_word' id='word_1_510' title='bbox 854 5731 922 5794; x_wconf 80' lang='lat' dir='ltr'><strong>su.</strong></span> <span class='ocrx_word' id='word_1_511' title='bbox 941 5732 974 5780; x_wconf 91' lang='lat' dir='ltr'><strong>lll</strong></span> <span class='ocrx_word' id='word_1_512' title='bbox 992 5730 1059 5794; x_wconf 72' lang='lat' dir='ltr'><strong>gib.</strong></span> <span class='ocrx_word' id='word_1_513' title='bbox 1092 5755 1119 5764; x_wconf 95' lang='lat'><em>-</em></span> <span class='ocrx_word' id='word_1_514' title='bbox 1155 5731 1196 5780; x_wconf 77' lang='lat' dir='ltr'><strong>tt.</strong></span> <span class='ocrx_word' id='word_1_515' title='bbox 1217 5732 1355 5793; x_wconf 82' lang='lat' dir='ltr'><strong>procreato</strong></span> <span class='ocrx_word' id='word_1_516' title='bbox 1375 5734 1432 5778; x_wconf 82' lang='lat' dir='ltr'><strong>sunt</strong></span> <span class='ocrx_word' id='word_1_517' title='bbox 1454 5729 1520 5791; x_wconf 72' lang='lat' dir='ltr'><strong>Alit:</strong></span> <span class='ocrx_word' id='word_1_518' title='bbox 1545 5734 1684 5792; x_wconf 76' lang='lat' dir='ltr'><strong>procreato</strong></span> <span class='ocrx_word' id='word_1_519' title='bbox 1706 5728 1757 5778; x_wconf 76' lang='lat' dir='ltr'><strong>stat</strong></span> 
     </span>
     <span class='ocr_line' id='line_1_49' title="bbox 421 5804 1756 5871; baseline -0.003 -13"><span class='ocrx_word' id='word_1_520' title='bbox 421 5807 541 5867; x_wconf 59' lang='lat' dir='ltr'><strong>uttam</strong></span> <span class='ocrx_word' id='word_1_521' title='bbox 561 5812 770 5871; x_wconf 72' lang='lat' dir='ltr'><strong>procreentur-c.</strong></span> <span class='ocrx_word' id='word_1_522' title='bbox 800 5806 840 5858; x_wconf 86' lang='lat' dir='ltr'><strong>Cl.</strong></span> <span class='ocrx_word' id='word_1_523' title='bbox 859 5808 927 5870; x_wconf 72' lang='lat' dir='ltr'><strong>stt.</strong></span> <span class='ocrx_word' id='word_1_524' title='bbox 948 5833 975 5842; x_wconf 97' lang='lat'><em>-</em></span> <span class='ocrx_word' id='word_1_525' title='bbox 1001 5806 1041 5855; x_wconf 79' lang='lat'><strong>30.</strong></span> <span class='ocrx_word' id='word_1_526' title='bbox 1061 5805 1128 5867; x_wconf 83' lang='lat' dir='ltr'><strong>quod</strong></span> <span class='ocrx_word' id='word_1_527' title='bbox 1145 5817 1213 5854; x_wconf 90' lang='lat' dir='ltr'><strong>corr.</strong></span> <span class='ocrx_word' id='word_1_528' title='bbox 1233 5806 1259 5854; x_wconf 93' lang='lat' dir='ltr'><strong>in</strong></span> <span class='ocrx_word' id='word_1_529' title='bbox 1277 5805 1396 5866; x_wconf 81' lang='lat' dir='ltr'><strong>quonium</strong></span> <span class='ocrx_word' id='word_1_530' title='bbox 1413 5805 1446 5862; x_wconf 85' lang='grc' dir='ltr'><strong>Β;</strong></span> <span class='ocrx_word' id='word_1_531' title='bbox 1471 5804 1515 5865; x_wconf 82' lang='lat' dir='ltr'><strong>qui</strong></span> <span class='ocrx_word' id='word_1_532' title='bbox 1531 5816 1549 5867; x_wconf 90' lang='lat' dir='ltr'><strong>p</strong></span> <span class='ocrx_word' id='word_1_533' title='bbox 1567 5830 1593 5841; x_wconf 91' lang='lat'>—</span> <span class='ocrx_word' id='word_1_534' title='bbox 1619 5805 1659 5856; x_wconf 72' lang='lat'><strong>³2.</strong></span> <span class='ocrx_word' id='word_1_535' title='bbox 1676 5816 1756 5865; x_wconf 75' lang='grc' dir='ltr'>ριιι-</span> 
     </span>
     <span class='ocr_line' id='line_1_50' title="bbox 420 5879 1755 5948; baseline -0.006 -12"><span class='ocrx_word' id='word_1_536' title='bbox 420 5884 652 5948; x_wconf 63' lang='lat' dir='ltr'><strong>maurellae:</strong></span> <span class='ocrx_word' id='word_1_537' title='bbox 677 5883 909 5947; x_wconf 75' lang='lat' dir='ltr'><strong>propremerltoo</strong></span> <span class='ocrx_word' id='word_1_538' title='bbox 929 5880 1352 5931; x_wconf 77' lang='lat' dir='ltr'><strong>-35.uiABeo:utllb-</strong></span> <span class='ocrx_word' id='word_1_539' title='bbox 1376 5879 1522 5930; x_wconf 75' lang='lat' dir='ltr'><strong>concilietb</strong></span> <span class='ocrx_word' id='word_1_540' title='bbox 1543 5905 1568 5916; x_wconf 90' lang='lat'>-</span> <span class='ocrx_word' id='word_1_541' title='bbox 1593 5880 1755 5942; x_wconf 62' lang='lat' dir='ltr'><strong>sutum</strong></span> 
     </span>
     <span class='ocr_line' id='line_1_51' title="bbox 419 5954 1186 6023; baseline -0.007 -12"><span class='ocrx_word' id='word_1_542' title='bbox 419 5962 511 6023; x_wconf 77' lang='lat' dir='ltr'><strong>reique</strong></span> <span class='ocrx_word' id='word_1_543' title='bbox 522 5959 697 6022; x_wconf 76' lang='lat' dir='ltr'><strong>--proemu</strong></span> <span class='ocrx_word' id='word_1_544' title='bbox 712 5962 770 6009; x_wconf 74' lang='lat' dir='ltr'><strong>erut</strong></span> <span class='ocrx_word' id='word_1_545' title='bbox 785 5958 875 6023; x_wconf 80' lang='lat' dir='ltr'><strong>spuria</strong></span> <span class='ocrx_word' id='word_1_546' title='bbox 894 5957 998 6008; x_wconf 89' lang='lat' dir='ltr'><strong>censuit</strong></span> <span class='ocrx_word' id='word_1_547' title='bbox 1014 5954 1186 6007; x_wconf 84' lang='lat' dir='ltr'><strong>Fecetoletue.</strong></span> 
     </span>
    </p>
   </div>
   <div class='ocr_carea' id='block_1_4' title="bbox 0 0 2176 7459">
    <p class='ocr_par' dir='ltr' id='par_1_6' title="bbox 0 0 2176 7459">
     <span class='ocr_line' id='line_1_52' title="bbox 0 0 2176 7459; baseline 0 13"><span class='ocrx_word' id='word_1_548' title='bbox 0 0 2176 7459; x_wconf 95' lang='lat' dir='ltr'><strong> </strong></span> 
     </span>
    </p>
   </div>
  </div>
 </body>
</html>
