4342 7459
750 1260 819 1325 ns.
834 1261 873 1324 11.
902 1262 977 1327 cn.
992 1259 1162 1325 xr-xn.
1190 1258 1236 1344 ss
1252 1256 1392 1325 ss-ra.
1672 1258 1736 1326 ces

416 1424 447 1482 et
461 1418 606 1483 Bardulis
626 1418 753 1503 Illyrius
777 1415 893 1503 [latro],
916 1422 955 1483 de
978 1439 1042 1503 quo
1065 1427 1115 1483 est
1136 1417 1220 1504 apud
1234 1419 1489 1504 Theopompum,
1510 1440 1639 1504 magnas
1659 1442 1738 1504 opes

415 1513 524 1576 babuit
554 1521 586 1575 et
612 1512 711 1576 multo
742 1513 877 1576 maiores
900 1514 1061 1577 Viriathus
1084 1514 1272 1587 Lusitanus,
1301 1514 1353 1576 cui
1376 1514 1506 1597 quidem
1528 1514 1624 1577 etiam
1647 1533 1739 1577 exer·

415 1607 496 1669 citus
517 1607 615 1670 nostri
638 1606 907 1691 imperatoresque
928 1616 1104 1682 cesserunt,
1136 1628 1231 1691 quem
1255 1606 1288 1671 C.
1303 1607 1448 1682 Laelius,
1478 1609 1505 1671 is
1527 1608 1584 1691 qui
1606 1608 1738 1691 Sapiens

416 1708 598 1782 usurpatur,
620 1708 749 1782 praetor
768 1697 863 1781 fregit
884 1709 916 1763 et
937 1701 1124 1765 comminuit
1145 1700 1405 1784 ferocitatemque
1427 1701 1497 1764 eius
1518 1701 1562 1763 ita
1577 1703 1738 1784 repressit,

414 1802 451 1856 ut
470 1792 563 1855 facile
584 1792 703 1855 bellum
725 1793 860 1877 reliquis
881 1793 1029 1857 traderet
1068 1795 1147 1858 Cum
1169 1796 1265 1877 igitur
1285 1800 1372 1856 tanta
1394 1794 1443 1857 ris
1464 1794 1606 1856 iustitiae
1627 1791 1681 1868 sit,
1702 1801 1761 1859 uto

415 1906 452 1949 ea
481 1886 575 1949 etiam
605 1884 762 1949 latronum
794 1905 872 1968 opes
903 1884 1005 1950 firmet
1032 1896 1127 1971 atque
1150 1896 1278 1970 augeat,
1308 1895 1457 1970 quantam
1479 1889 1549 1952 eius
1571 1888 1634 1949 rim
1656 1887 1740 1949 inter

414 1979 501 2061 leges
524 1987 555 2043 et
577 1978 693 2042 iudicia
716 1980 802 2042 etin
824 1982 993 2043 constituta
1009 2000 1042 2043 re
1059 1982 1187 2064 publica
1201 1980 1268 2043 fore
1283 1984 1451 2064 putamus?
1493 1981 1564 2043 xit.
1586 1976 1639 2043 ll.
1660 1977 1739 2043 llibi

415 2073 543 2156 quidem
566 2092 630 2135 uon
653 2071 739 2153 apud
761 2072 872 2135 Medos
895 2073 1012 2147 solum,
1035 2083 1069 2137 ut
1092 2076 1136 2137 ait
1157 2075 1347 2148 llerodotus,
1371 2073 1427 2137 sed
1450 2075 1544 2138 etiam
1567 2073 1651 2159 apud
1673 2091 1739 2137 ma-

413 2167 497 2230 iores
528 2174 654 2229 nostros
682 2166 823 2229 iustitiae
850 2165 1001 2230 fruendae
1030 2188 1125 2231 causa
1146 2169 1293 2260 ridentur
1314 2167 1390 2231 olim
1412 2167 1493 2232 bene
1513 2170 1627 2233 morati
1647 2187 1739 2251 reges

413 2259 586 2322 constituti.
630 2261 709 2321 Nam
739 2279 810 2322 cum
839 2270 1038 2343 premeretur
1064 2262 1159 2344 inops
1181 2261 1350 2324 multitudo
1372 2261 1491 2335 abiis,
1523 2263 1578 2345 qui
1601 2262 1776 2327 maioresto

412 2371 490 2435 opes
511 2352 683 2426 babebant,
706 2353 745 2415 ad
768 2373 867 2416 uuum
889 2354 1027 2438 aliquem
1050 2354 1276 2437 confugiebant
1297 2355 1413 2418 rinute
1434 2362 1660 2438 praestantem,
1683 2354 1739 2438 qui

413 2466 484 2508 cum
513 2445 699 2529 prohiberet
726 2445 842 2509 iniuria
871 2451 1048 2524 tenuiores,
1078 2449 1239 2532 aequitate
1262 2446 1481 2510 constituenda
1504 2467 1643 2512 summos
1665 2466 1738 2510 cum

412 2537 527 2603 infimis
549 2541 618 2622 pari
638 2541 706 2604 iure
728 2541 893 2604 retinebat.
936 2542 1119 2624 Eademque
1142 2538 1434 2605 constituendarum
1448 2540 1556 2623 legum
1569 2539 1630 2603 fuit
1643 2557 1739 2603 causa

413 2652 494 2718 quae
520 2653 640 2715 regum.
695 2630 746 2696 ld.
778 2636 832 2697 lus
862 2636 946 2698 enim
975 2656 1101 2718 semper
1129 2642 1179 2698 est
1207 2634 1384 2718 quaesitum
1413 2632 1599 2717 aequabil03
1633 2651 1738 2715 neque

413 2729 497 2790 enim
520 2727 612 2790 aliter
633 2735 718 2790 esset
739 2729 799 2790 ius.
843 2729 878 2791 ld
902 2730 927 2791 si
951 2730 990 2791 ab
1012 2749 1077 2792 uno
1100 2724 1184 2792 i'usto
1207 2735 1239 2791 et
1259 2728 1344 2789 bono
1367 2727 1436 2789 rire
1452 2726 1738 2809 consequebantur,
1747 2739 1777 2788 tt

412 2829 503 2884 eraut
524 2839 563 2883 eo
585 2824 743 2883 contenti:
766 2842 836 2884 cum
859 2822 891 2883 id
914 2822 1019 2885 minus
1041 2823 1249 2903 contingeret,
1273 2820 1359 2904 leges
1382 2828 1455 2885 sunt
1475 2823 1632 2895 inventae,
1654 2838 1737 2901 quae

412 2935 483 2978 eum
512 2913 659 2978 omnibus
688 2934 813 2998 semper
842 2935 905 2979 una
932 2924 1029 2998 atque
1055 2914 1167 2978 eadem
1195 2934 1274 2979 voce
1304 2916 1517 2998 loquerentur.
1565 2913 1649 2997 Ergo
1675 2913 1737 2977 boc

412 3006 541 3092 quidem
564 3010 768 3091 perspicuum
791 3016 855 3082 est,
870 3028 942 3092 ,eos
964 3005 1005 3071 ad
1028 3008 1249 3089 imperandum
1272 3008 1367 3091 deligi
1389 3009 1516 3082 solitos,
1540 3027 1675 3091 qnorum
1697 3005 1738 3069 de

411 3103 532 3165 iustitia
560 3121 673 3184 magna
701 3110 785 3165 esset
806 3103 915 3184 opinio
938 3101 1158 3165 multitudinis.
1203 3103 1359 3166 Adiuncto
1382 3120 1457 3164 vero
1479 3109 1515 3165 ut
1536 3100 1619 3164 idem
1642 3100 1737 3165 etiem

411 3195 584 3281 pmdentes
605 3194 798 3258 haberentur
820 3196 900 3258 nibil
923 3204 989 3259 erat
1012 3194 1099 3278 quod
1120 3195 1264 3260 bomines
1286 3197 1325 3259 iis
1347 3196 1531 3260 auctoribus
1556 3214 1620 3258 non
1641 3206 1775 3276 possete

412 3289 562 3372 consequi
594 3308 629 3352 se
659 3286 894 3352 arbitrarentur.
946 3288 1040 3352 Omni
1071 3289 1169 3371 igitur
1197 3290 1321 3352 ratione
1347 3288 1482 3352 colenda
1512 3297 1544 3352 et
1571 3287 1738 3351 retinenda

409 3383 533 3447 iustitia
555 3391 620 3455 est,
649 3403 721 3446 cnm
744 3384 812 3466 ipsa
833 3403 891 3466 per
911 3403 982 3445 sese
1005 3419 1045 3429 -
1067 3402 1140 3445 nam
1162 3382 1256 3445 aliter
1275 3382 1395 3446 iustitia
1416 3400 1481 3445 non
1503 3389 1648 3445 esset-
1670 3387 1738 3444 tum

411 3485 543 3560 propter
563 3476 841 3559 amplificationem
864 3476 994 3540 bonoris
1017 3484 1050 3539 et
1071 3476 1201 3558 gloriae.
1234 3475 1297 3539 Sed
1320 3484 1355 3538 ut
1375 3477 1532 3559 pecuniae
1554 3493 1618 3539 non
1641 3493 1738 3558 quae·

412 3570 531 3633 rendae
553 3570 656 3633 solum
680 3574 760 3634 ratio
784 3579 846 3645 est,
869 3570 1095 3634 verumetiam
1118 3569 1333 3646 collocandae,
1354 3588 1436 3653 quae
1459 3578 1631 3653 perpetuos
1652 3588 1738 3633 sum·

412 3673 484 3749 ptus
507 3664 707 3747 suppeditet,
736 3684 795 3728 nec
817 3663 918 3728 solum
941 3665 1153 3738 necessarios,
1183 3665 1239 3727 sed
1263 3666 1358 3728 etiam
1380 3663 1546 3738 liberales,
1569 3663 1615 3725 sic
1637 3661 1775 3744 gloriatt

411 3765 443 3819 et
471 3757 653 3839 quaerenda
682 3767 714 3820 et
740 3758 927 3821 collocanda
947 3758 1070 3820 ratione
1093 3765 1150 3821 est.
1193 3753 1245 3820 ta.
1275 3756 1474 3842 Quamquam
1496 3755 1656 3841 praeclare
1679 3756 1737 3819 So·

411 3859 512 3913 crates
535 3849 614 3914 banc
635 3852 717 3914 viam
740 3849 779 3913 ad
802 3851 936 3932 gloriam
959 3851 1135 3934 proximam
1157 3858 1188 3913 et
1210 3852 1302 3934 quasi
1323 3849 1590 3933 compendiariam
1611 3845 1738 3913 dicebat

411 3964 500 4019 esse,
529 3946 554 4007 si
578 3945 650 4027 quis
672 3944 705 4006 id
727 3954 850 4027 ageret,
879 3954 929 4020 ut,
959 3943 1065 4028 qualis
1086 3944 1196 4007 baberi
1219 3945 1330 4021 vellet,
1360 3942 1432 4009 talis
1453 3952 1548 4009 esset
1591 3943 1737 4020 Quodsi

411 4038 466 4121 qui
497 4037 699 4101 simulatione
728 4048 760 4101 et
789 4038 875 4101 inani
904 4039 1114 4102 ostentatione
1145 4047 1178 4102 et
1206 4035 1278 4102 ficto
1308 4058 1373 4102 non
1395 4037 1490 4102 modo
1511 4057 1657 4102 sermone
1679 4036 1737 4102 sed

410 4133 506 4194 etiam
537 4130 625 4193 voltu
655 4129 801 4194 stabilem
831 4152 865 4194 se
895 4132 1027 4214 gloriam
1061 4133 1213 4215 consequi
1248 4151 1344 4214 posse
1376 4140 1501 4205 rentur,
1533 4132 1774 4195 vehementer„

410 4236 523 4289 errant.
569 4230 648 4289 Vera
677 4226 777 4307 gloria
805 4226 926 4288 radices
956 4227 1021 4307 agit
1047 4234 1144 4310 atque
1173 4226 1267 4288 etiam
1294 4234 1502 4310 propagatur:
1535 4223 1609 4287 ficta
1631 4226 1737 4289 omnia

410 4319 555 4382 celeriter
584 4328 743 4400 tamquam
776 4315 898 4380 flosculi
934 4318 1102 4391 decidunt,
1134 4338 1193 4382 neo
1221 4318 1402 4381 simulatum
1432 4326 1537 4400 potest
1565 4318 1737 4402 quicquam

410 4433 480 4476 esse
503 4413 697 4475 diuturnum.
744 4414 854 4474 Testes
877 4421 951 4474 sunt
974 4412 1122 4494 permulti
1144 4412 1177 4474 in
1197 4419 1526 4494 utramquepartem,
1555 4410 1612 4473 sed
1633 4410 1737 4473 brevi·

412 4509 485 4569 tatis
507 4526 601 4568 causa
624 4505 740 4568 familia
764 4506 903 4568 contenti
927 4508 1045 4568 erimus
1068 4525 1141 4567 una.
1185 4505 1329 4568 Tiberius
1353 4505 1436 4567 enim
1459 4504 1630 4578 Gracchus,
1652 4505 1686 4567 P.
1702 4504 1735 4580 f.,

412 4601 551 4664 tamdiu
575 4599 771 4672 laudabitur,
795 4603 869 4662 dum
892 4599 1043 4661 memoria
1065 4618 1171 4661 rerum
1194 4600 1404 4661 Romanarum
1427 4593 1581 4671 manebit,
1612 4605 1644 4660 at
1666 4596 1773 4661 eiusce

409 4694 466 4757 filii
497 4712 555 4756 nec
583 4694 644 4756 vivi
673 4691 888 4774 probabantur
917 4694 1010 4757 bonis
1033 4700 1064 4755 et
1087 4694 1203 4757 mortui
1226 4712 1392 4755 numerum
1414 4691 1557 4775 optinent
1576 4691 1644 4754 iure
1666 4709 1737 4755 oae-

410 4808 528 4852 sorum.
573 4786 636 4860 Qui
658 4788 755 4869 igitur
775 4787 907 4870 adipisci
929 4807 1036 4850 veram
1058 4786 1191 4869 gloriam
1213 4786 1311 4860 volet,
1337 4786 1475 4849 iustitiae
1496 4783 1644 4868 fungatur
1665 4782 1736 4849 offi-

410 4881 485 4944 ciis:
514 4899 655 4964 eaquae
677 4890 799 4955 essent,
821 4880 938 4944 dictum
961 4889 1009 4944 est
1031 4881 1063 4942 in
1085 4879 1168 4944 libro
1190 4880 1365 4963 superiore.

474 5059 497 5105 4.
516 5055 628 5119 torpetis
644 5055 755 5112 Elleb:
772 5056 895 5120 borgttisr
912 5069 939 5112 ος
959 5057 1077 5118 Bardulis
1093 5069 1109 5106 o
1127 5070 1188 5107 cum
1207 5055 1347 5106 Gronovio.
1369 5081 1396 5090 -
1415 5054 1528 5116 mpsim
1542 5065 1572 5110 ις
1590 5053 1682 5104 wlsius
1696 5054 1735 5105 bo

412 5157 434 5167 -
460 5130 527 5179 latro
544 5143 593 5191 ego
611 5129 716 5180 seclusi.
742 5157 768 5166 —
796 5132 820 5179 2.
839 5131 945 5181 muttib
974 5157 1001 5167 -
1029 5132 1070 5179 cui
1088 5132 1186 5192 quidm
1201 5132 1326 5181 emarcum
1341 5144 1367 5178 a.
1385 5130 1596 5191 lapsuum
1611 5134 1737 5180 casnm

407 5205 507 5254 Nonius
525 5217 550 5268 p.
561 5206 618 5254 25⁰.
635 5232 661 5241 -
681 5206 704 5255 6.
718 5209 872 5270 conpuncto
892 5232 917 5241 -
936 5206 996 5270 dau]
1009 5208 1074 5255 enim
1087 5205 1115 5255 44Ι
1135 5232 1160 5242 -
1181 5205 1221 5256 444.
1238 5203 1398 5267 looprcodd.
1410 5203 1486 5254 dett:
1503 5206 1530 5256 lo
1542 5204 1591 5254 otto
1602 5203 1733 5266 lillebp3

407 5281 483 5328 luicio
500 5291 523 5337 o,
541 5280 613 5328 initio
631 5292 646 5330 o
666 5306 692 5315 -
717 5281 754 5329 btr
771 5282 850 5338 Blle,
868 5281 915 5342 bijs
932 5292 947 5329 o
969 5307 996 5317 -
1022 5282 1062 5330 ts.
1081 5281 1177 5329 inieris
1194 5281 1318 5330 unctores
1333 5289 1383 5329 ec:
1400 5279 1497 5329 iniuria
1512 5279 1633 5329 maioris
1647 5277 1732 5339 stim

408 5354 528 5403 intertum
545 5355 665 5402 tenebris
680 5367 697 5417 p
719 5382 744 5391 -
764 5357 897 5404 metitum
915 5368 929 5405 o
950 5382 977 5391 -
997 5356 1037 5405 43.
1055 5356 1148 5418 infimis
1164 5367 1193 5405 c:
1211 5355 1317 5417 infimis
1333 5354 1425 5404 Bllsb
1443 5379 1470 5389 -
1489 5353 1612 5403 minabat
1627 5364 1655 5402 e:
1672 5364 1735 5415 pen-

407 5429 499 5479 tiaebut
516 5429 633 5490 sltem
658 5430 860 5490 patracensem
888 5430 1027 5479 continebat
1049 5428 1100 5478 elii.
1131 5456 1157 5466 -
1186 5430 1234 5492 fuit
1250 5430 1332 5493 legum
1347 5429 1574 5479 metuendum
1595 5438 1610 5477 e
1636 5451 1665 5464 -·
1691 5425 1732 5478 tt.

407 5503 519 5563 ababuc
535 5505 675 5579 quaesitum
692 5503 801 5565 (additis
818 5505 1008 5569 transponendi
1028 5505 1159 5568 signislo
1187 5531 1214 5541 -
1242 5505 1282 5555 49.
1299 5510 1486 5555 aeroeostte
1513 5528 1540 5539 -
1567 5502 1679 5553 ddemo
1703 5525 1731 5538 -

407 5579 503 5628 ibbo
522 5578 670 5640 statmo
696 5606 723 5614 -
750 5581 790 5629 22.
812 5580 976 5642 rumipsuo
1004 5606 1030 5615 -
1059 5594 1108 5629 noo
1125 5584 1265 5629 esttumc
1289 5606 1323 5617 -
1347 5578 1629 5629 fleotomumo-
1652 5574 1734 5627 bed

407 5654 463 5715 quis
481 5651 560 5702 ll¹bo
590 5680 614 5688 -
643 5653 683 5703 29.
702 5653 860 5703 simulatione
876 5655 986 5703 inaniet
1002 5658 1081 5702 osto
1111 5679 1138 5690 -
1166 5654 1207 5703 34.
1224 5654 1614 5718 coaptem-propagetur
1632 5650 1733 5701 Nonius

407 5740 434 5791 p.
447 5726 504 5776 246.
527 5752 552 5761 -
581 5726 674 5790 omnio]
692 5732 775 5776 auten
796 5739 811 5776 o
836 5754 862 5763 -
892 5728 932 5777 32.
952 5730 1086 5790 quicquum
1101 5732 1216 5789 potesto
1243 5755 1272 5767 -·
1299 5727 1339 5779 33.
1357 5729 1384 5777 tn
1401 5727 1733 5777 emendarem-m

408 5802 507 5853 Nonius
524 5800 619 5864 publ.
640 5828 667 5838 -
692 5802 734 5853 34.
752 5803 854 5852 tiberius
870 5804 904 5854 C:
927 5804 962 5853 li.
979 5816 995 5855 o
1014 5829 1041 5840 -
1065 5816 1173 5868 graccus
1188 5804 1225 5855 bo
1244 5827 1271 5840 ·-
1291 5805 1317 5854 Ρ.
1330 5804 1349 5867 f.
1368 5812 1450 5853 omo
1470 5828 1497 5838 -
1515 5800 1556 5852 dd.
1575 5802 1677 5853 obesis
1693 5813 1731 5854 ee

409 5901 437 5913 -
455 5889 588 5926 neaeram
604 5889 632 5927 e:
650 5891 724 5927 nosne
742 5878 810 5929 etin
828 5880 898 5938 (ante
915 5877 1038 5930 lacunam
1054 5879 1104 5942 44);
1122 5891 1210 5931 eomer
1227 5890 1267 5945 ep
1285 5907 1313 5920 -
1335 5877 1377 5931 st.
1393 5889 1483 5930 eam
1497 5877 1607 5930 tutem
1621 5876 1732 5944 Μαι

409 5951 429 6002 C
447 5976 480 5988 -
495 5949 578 6001 uolent
593 5952 650 6002 tuat.
667 5952 808 6017 tangente
824 5965 850 6003 o.
