4342 7459
446 1279 508 1349 raa
728 1286 782 1351 nn
803 1265 958 1351 numus
980 1286 1177 1353 eorunm
1197 1288 1250 1351 nr
1271 1287 1470 1354 mnonuu

447 1477 554 1521 earum
583 1478 685 1521 rerum
713 1459 878 1534 vocabula,
912 1480 993 1544 quae
1021 1461 1054 1523 in
1085 1479 1214 1543 quaque
1238 1466 1304 1521 arte
1326 1465 1499 1522 versentur.
1543 1453 1575 1520 l.
1599 1458 1710 1544 ltaque
1732 1465 1765 1522 et

446 1552 603 1615 dialectici
626 1559 659 1614 ct
679 1554 801 1636 physici
824 1555 927 1618 verbis
949 1562 1080 1618 utuntur
1101 1555 1150 1626 iis,
1173 1573 1254 1636 qnae
1273 1552 1333 1634 ipsi
1350 1553 1499 1615 Graeciae
1513 1559 1590 1615 nota
1604 1572 1667 1615 non
1684 1553 1765 1628 sint;

445 1654 622 1725 geometrae
644 1666 718 1709 vero
741 1657 773 1710 et
794 1648 922 1722 musici,
944 1647 1140 1729 grammatici
1163 1648 1256 1710 etiam
1276 1668 1362 1709 more
1377 1647 1514 1730 quodam
1534 1646 1681 1709 locuntur
1695 1666 1765 1710 sno.

444 1737 534 1820 ipsae
557 1739 718 1804 rhetorum
741 1749 838 1815 artes,
865 1761 946 1825 quae
969 1749 1043 1804 sunt
1064 1749 1149 1804 totae
1170 1740 1312 1803 forenses
1335 1749 1430 1825 atque
1452 1738 1637 1824 populares,
1659 1738 1766 1803 verbis

420 1838 547 1896 sumen
570 1833 603 1895 in
625 1833 768 1897 docendo
792 1838 882 1918 quasi
907 1836 1036 1918 privatis
1058 1844 1193 1898 utuntur
1213 1855 1249 1898 ae
1271 1835 1345 1898 suis.

527 1927 566 1989 11.
588 1927 693 2011 Atque
724 1935 760 1991 ut
787 1930 928 1992 omittam
955 1929 1012 1991 has
1041 1930 1116 1992 artis
1144 1929 1294 2012 elegantis
1321 1935 1352 1990 et
1372 1928 1544 2011 ingenuas,
1571 1950 1612 1993 ne
1635 1925 1767 2012 opifices

443 2021 574 2102 quidem
603 2022 683 2084 tueri
706 2043 762 2084 sua
784 2020 914 2086 artificia
936 2031 1081 2106 possent,
1114 2023 1175 2085 nisi
1198 2022 1358 2086 vocabulis
1381 2030 1544 2085 uterentur
1564 2023 1657 2086 nobis
1680 2022 1768 2085 inco·

443 2115 557 2194 gnitis,
585 2116 709 2179 usitatis
738 2117 808 2180 sibi.
853 2117 938 2192 Quin
968 2118 1061 2180 etiam
1090 2116 1296 2200 agricultura,
1325 2135 1407 2199 quae
1436 2116 1585 2181 abhorret
1611 2117 1651 2180 ab
1681 2118 1766 2181 omni

443 2208 590 2289 politiore
618 2209 792 2292 elegantia,
822 2217 927 2274 tamen
949 2231 1002 2274 eas
1030 2232 1099 2286 res,
1125 2213 1160 2275 in
1181 2210 1297 2292 quibus
1318 2218 1478 2285 versatur,
1506 2210 1687 2275 nominibus
1709 2230 1767 2273 no·

406 2302 522 2365 rotavit
553 2304 655 2366 novis.
700 2304 771 2378 Quo
804 2305 903 2385 magis
928 2303 989 2367 hoc
1017 2303 1207 2387 philosopho
1237 2303 1414 2366 iaciendum
1437 2313 1503 2368 est:
1536 2325 1587 2368 ars
1610 2311 1659 2368 est
1680 2305 1767 2369 enim

441 2396 645 2480 philosophia
673 2399 771 2471 vitae,
803 2398 843 2461 de
865 2418 930 2480 qua
951 2399 1109 2462 disserens
1135 2399 1272 2480 arripere
1294 2398 1389 2460 verba
1412 2397 1451 2460 de
1472 2398 1540 2462 foro
1563 2419 1627 2462 non
1650 2405 1767 2483 potest.

442 2488 473 2552 5.
496 2491 694 2575 Quamquam
717 2512 757 2554 ex
780 2493 925 2554 omnibus
948 2492 1145 2576 philosophis
1167 2491 1265 2554 Stoici
1281 2492 1416 2573 plurima
1430 2500 1641 2567 novaverant,
1663 2494 1768 2555 Zeno·

442 2604 505 2668 que
528 2605 636 2649 eorum
658 2586 804 2670 princeps
827 2607 891 2648 non
913 2594 977 2649 tam
999 2606 1104 2648 rerum
1127 2586 1272 2647 inventor
1293 2585 1352 2647 suit
1371 2606 1465 2668 quam
1480 2586 1648 2651 verborum
1666 2605 1768 2649 novo·

442 2698 521 2742 rum.
559 2679 652 2753 Quod
675 2681 702 2742 si
724 2680 757 2741 in
780 2700 817 2742 ea
833 2680 950 2762 lingua,
973 2700 1067 2763 quam
1082 2678 1226 2761 plerique
1241 2680 1419 2742 uberiorem
1435 2687 1555 2763 putant,
1579 2700 1767 2745 concessum

404 2780 490 2835 mest
514 2779 550 2835 ut
571 2773 743 2836 doctissimi
765 2772 909 2835 homines
932 2773 971 2836 de
994 2773 1087 2836 rebus
1110 2793 1173 2835 non
1196 2774 1372 2856 pervagatis
1393 2774 1553 2837 inusitatis
1571 2774 1675 2837 verbis
1698 2782 1768 2837 nte·

439 2875 564 2941 rentur,
593 2874 714 2951 quanto
743 2867 775 2928 id
806 2866 895 2929 nobis
919 2868 1016 2949 magis
1039 2873 1087 2929 est
1108 2868 1363 2941 concedendum,
1387 2867 1442 2950 qui
1465 2887 1502 2930 ea
1524 2888 1609 2931 nnnc
1630 2867 1766 2952 primum

440 2960 591 3024 audemus
613 2962 790 3042 attingeret
822 2962 863 3023 Et
887 2962 1039 3044 quoniam
1062 2980 1157 3043 saepe
1182 2959 1337 3035 diximus,
1360 2961 1544 3044 etquidem
1567 2981 1637 3024 cum
1659 2959 1768 3044 aliqua

441 3053 581 3137 querella
602 3075 667 3118 non
690 3054 882 3118 Graecorum
905 3054 1014 3129 modo,
1038 3054 1093 3117 sed
1114 3074 1223 3118 eorum
1246 3055 1349 3129 etiam,
1375 3056 1430 3137 qui
1449 3075 1484 3118 se
1507 3055 1643 3118 Graecos
1666 3054 1766 3136 magis

439 3169 535 3230 quam
557 3157 682 3212 nostros
704 3147 813 3212 baberi
835 3148 963 3223 volunt,
986 3169 1043 3213 nos
1065 3170 1128 3213 non
1151 3149 1246 3211 modo
1269 3167 1332 3210 non
1356 3148 1439 3211 vinci
1461 3168 1480 3211 a
1503 3148 1631 3212 Graecis
1653 3147 1767 3210 verbo·

402 3258 507 3308 rorum
536 3245 642 3327 copia,
672 3243 728 3306 sed
757 3262 827 3306 esse
856 3244 890 3305 in
919 3263 956 3306 ea
984 3245 1078 3306 etiam
1104 3242 1299 3326 superiores,
1330 3241 1554 3306 elaborandum
1578 3248 1681 3306 estut
1702 3241 1764 3304 hoc

438 3359 501 3401 non
524 3339 558 3402 in
580 3338 695 3400 nostris
717 3336 820 3400 solum
842 3337 970 3410 artibus,
993 3338 1049 3399 sed
1072 3336 1165 3398 etiarn
1188 3336 1221 3397 in
1243 3334 1368 3399 illorum
1385 3336 1524 3419 ipsorum
1538 3355 1763 3420 assequemur:

438 3450 629 3515 quamquam
658 3452 695 3495 ea
720 3432 833 3505 verba,
863 3431 978 3513 quibus
1005 3429 1150 3492 instituto
1179 3435 1318 3491 veterum
1341 3428 1460 3491 utimur
1481 3450 1539 3513 pro
1561 3428 1698 3504 Latinis,
1729 3436 1765 3492 ut

437 3526 507 3609 ipsa
527 3525 745 3607 philosophia,
773 3532 809 3586 ut
829 3523 1004 3597 rhetorica,
1034 3523 1213 3597 dialectica,
1242 3522 1461 3605 grammatica,
1484 3522 1671 3607 geometria,
1695 3541 1764 3584 mn·

438 3619 520 3694 sica,
544 3638 735 3703 quamquam
755 3618 866 3681 Latine
889 3637 927 3679 ea
948 3615 1009 3679 dici
1032 3623 1195 3698 poterant,
1218 3623 1337 3690 tamen,
1361 3615 1512 3699 qnoniam
1534 3636 1594 3680 usn
1612 3620 1764 3699 percepta

399 3718 527 3786 urunt,
548 3721 656 3775 nostra
678 3713 840 3774 ducamus.
875 3714 979 3793 Atque
1001 3710 1079 3773 haec
1102 3709 1230 3793 quidem
1253 3709 1292 3772 de
1314 3729 1419 3772 rerum
1435 3709 1626 3773 nominibus.
1662 3707 1693 3772 6.
1716 3711 1762 3773 De

437 3803 515 3888 ipsis
544 3805 637 3868 rebus
666 3812 771 3868 autem
799 3822 1063 3887 saepenumero,
1094 3804 1209 3877 Brute,
1237 3822 1347 3866 vereor
1367 3822 1408 3865 ne
1429 3802 1659 3886 reprehendar,
1690 3824 1763 3867 cum

436 3895 515 3960 baec
536 3898 576 3960 ad
600 3906 630 3961 te
652 3899 802 3972 scribam,
825 3899 878 3982 qui
901 3919 972 3961 cum
994 3899 1028 3960 in
1050 3896 1253 3980 philosophia
1275 3906 1342 3961 tum
1366 3898 1397 3959 in
1417 3898 1537 3979 optimo
1553 3916 1669 3979 genere
1690 3897 1763 3982 phi·

437 3991 601 4075 losophiae
622 4000 743 4056 tantum
765 3992 967 4074 processeris.
1004 3992 1098 4068 Quod
1121 3992 1148 4054 si
1170 3990 1304 4055 iacerem
1327 3991 1471 4075 quesite
1494 3991 1662 4068 emdiens,
1692 3991 1762 4056 inre
1848 4003 1851 4007 ’

437 4086 700 4169 reprehenderer,
722 4086 778 4149 sed
800 4086 839 4149 ab
862 4106 900 4149 eo
921 4087 1091 4169 plurimum
1111 4086 1222 4149 absum
1241 4105 1346 4169 neque
1363 4094 1397 4147 ut
1412 4106 1449 4148 ca
1465 4106 1652 4170 cognoscas,
1677 4106 1761 4170 quae

400 4180 495 4242 mttbi
517 4182 679 4244 notissima
701 4187 788 4254 sunt,
820 4178 860 4242 ad
883 4187 914 4242 te
935 4182 1042 4255 mitto,
1069 4178 1126 4243 sed
1157 4181 1232 4263 quia
1252 4179 1401 4242 facillime
1424 4180 1458 4242 in
1479 4180 1607 4244 nomine
1629 4188 1684 4245 tuo
1708 4200 1761 4244 ac·

440 4275 568 4358 quiesco
599 4283 631 4340 et
657 4275 733 4358 quia
760 4282 790 4338 te
818 4273 919 4337 habeo
950 4275 1178 4359 aequissimum
1206 4295 1313 4338 eorum
1343 4275 1536 4351 studiorum,
1570 4294 1651 4358 quae
1682 4274 1762 4337 mihi

438 4369 616 4434 communia
644 4377 746 4432 tecum
773 4375 861 4443 sunt,
889 4368 1138 4432 existimatorem
1168 4376 1200 4431 et
1228 4368 1373 4432 iudicem.
1413 4370 1565 4433 Attendes
1587 4369 1699 4451 igitur,
1727 4375 1763 4430 ut

437 4466 539 4538 soles,
561 4464 728 4544 diligenter
749 4482 882 4546 eamque
905 4464 1151 4525 controversiam
1174 4461 1375 4537 diiudicahis,
1403 4483 1485 4546 quae
1507 4463 1585 4526 mihi
1605 4461 1667 4526 fuit
1687 4482 1760 4524 cum

436 4558 594 4621 avunculo
618 4565 689 4631 tuo,
717 4556 823 4618 divino
851 4575 888 4619 ec
910 4556 1062 4639 singulari
1084 4557 1163 4619 viro.
1206 4553 1236 4618 l.
1259 4558 1337 4618 Nam
1359 4556 1392 4619 in
1415 4556 1594 4620 Tusculano
1617 4576 1688 4619 cnm
1711 4574 1762 4619 es·

400 4664 504 4714 assem
527 4651 704 4734 vellemque
727 4671 744 4713 e
766 4648 957 4713 bibliotheca
979 4651 1068 4733 pueri
1085 4649 1209 4712 Luculli
1225 4649 1414 4733 quibusdam
1436 4651 1525 4714 libris
1546 4650 1611 4727 uti,
1633 4648 1704 4714 veni
1727 4649 1761 4712 in

438 4746 506 4808 eins
530 4744 646 4819 villam,
667 4752 704 4807 ut
724 4764 779 4807 eos
801 4744 879 4826 ipse,
902 4750 936 4806 ut
957 4745 1115 4819 solebam,
1138 4743 1366 4827 depromerem.
1400 4745 1471 4819 Quo
1498 4765 1571 4808 cum
1591 4744 1762 4819 venissem,

437 4840 478 4901 ld.
502 4839 667 4915 Catonem,
697 4860 791 4923 quem
821 4839 865 4901 ibi
895 4859 965 4902 esse
992 4839 1182 4910 nescieram,
1211 4836 1277 4901 vidi
1305 4837 1339 4899 in
1367 4838 1559 4902 bibliotheca
1586 4840 1761 4913 sedentem,

437 4933 544 4996 multis
570 4932 791 4997 circumfusum
814 4932 992 4998 Stoicorum
1021 4931 1121 4996 libris.
1162 4933 1237 4995 Erat
1265 4931 1366 5007 enim,
1392 4940 1430 4995 ut
1460 4932 1537 5007 scis,
1566 4932 1601 4996 in
1627 4952 1665 4997 eo
1694 4933 1762 4995 avi·

502 5243 526 5291 t.
543 5242 640 5304 mmm]
658 5256 713 5293 mm
730 5243 791 5305 (non
803 5242 841 5302 eo)
858 5241 904 5292 ΒΕ
922 5266 949 5276 -
969 5247 992 5291 ct
1008 5255 1061 5292 om.
1075 5242 1094 5291 B
1108 5266 1135 5278 -
1154 5243 1179 5292 2.
1198 5256 1248 5292 ooo
1260 5243 1293 5292 n:
1312 5256 1366 5293 orn.
1379 5244 1400 5293 Α
1413 5266 1441 5279 ·-
1459 5244 1508 5294 rint
1524 5240 1684 5308 Madvigius:
1701 5249 1760 5295 saort

436 5316 514 5367 codd.
533 5320 561 5367 et
577 5318 597 5366 0
610 5344 637 5353 -
656 5318 681 5368 3.
700 5318 853 5367 Geometriue
864 5320 898 5376 bi
921 5318 1038 5379 gemuetm'
1056 5317 1101 5366 BE
1115 5343 1141 5352 -
1161 5316 1185 5367 i.
1203 5318 1275 5379 Ipsus
1291 5319 1356 5367 AB:
1375 5319 1435 5368 item
1450 5319 1519 5381 ipsae
1536 5320 1596 5369 0-
1616 5313 1640 5367 6.
1659 5319 1704 5368 bns
1721 5322 1757 5369 A:

435 5405 489 5443 om.
503 5395 536 5450 B,
556 5391 617 5455 [iios]
634 5394 659 5443 M
672 5419 699 5428 -
718 5393 812 5455 opificis
823 5392 883 5450 ΑΕ;
902 5393 1002 5453 opositis
1019 5394 1037 5441 B
1052 5419 1079 5428 —
1099 5393 1123 5443 8.
1136 5391 1261 5456 obhorret]
1274 5391 1371 5442 oberret
1385 5396 1407 5443 A
1420 5419 1447 5429 —
1466 5394 1491 5444 e.
1510 5407 1552 5444 sus
1569 5396 1624 5445 tres
1636 5394 1759 5456 Madvigii

436 5470 556 5519 codices:
574 5482 605 5519 ec
621 5469 698 5519 ΑΒΟ
712 5495 738 5504 -
759 5469 797 5517 to.
811 5473 845 5518 est
858 5470 926 5531 (post
937 5470 989 5527 ors)
1002 5480 1054 5517 orn.
1068 5468 1130 5516 Β-
1147 5469 1186 5516 tr.
1200 5468 1283 5516 stoicis
1300 5467 1373 5517 ΑΒΕ
1387 5493 1414 5504 -
1434 5467 1473 5518 tt.
1486 5481 1626 5519 concessum
1643 5468 1676 5517 B:
1695 5482 1758 5518 cou-

435 5556 528 5592 ccssum
539 5557 557 5594 o
566 5544 651 5606 precio
662 5547 697 5599 As
715 5556 855 5592 concessum
866 5542 893 5605 [u
903 5541 1018 5605 Graccis]
1029 5542 1049 5591 0
1062 5568 1089 5577 -
1109 5542 1322 5602 lidimonium
1333 5541 1492 5606 Madvigius:
1510 5544 1553 5593 etsi
1565 5542 1685 5606 quonium
1694 5547 1714 5593 Α
1723 5544 1756 5604 B;

435 5618 565 5679 meiguod
581 5619 601 5668 O
620 5645 647 5654 -
667 5616 707 5667 48.
725 5617 844 5679 quamdo
859 5620 894 5674 Α;
913 5617 1013 5678 quercia
1030 5617 1082 5666 ΒΜ
1092 5617 1111 5666 0
1130 5643 1156 5652 -
1176 5630 1262 5667 corum
1278 5618 1352 5667 etium
1369 5619 1417 5668 tu
1429 5619 1461 5668 E:
1487 5620 1562 5669 etiem
1578 5632 1665 5669 comm
1682 5619 1708 5670 M
1726 5646 1753 5658 -

434 5695 475 5743 20.
488 5693 704 5755 superirruente
719 5718 746 5726 -
764 5692 805 5741 it.
823 5693 849 5740 iu
865 5693 964 5754 uostris]
980 5690 1091 5753 mirisa
1107 5718 1133 5727 -
1152 5706 1316 5753 assequamur
1327 5693 1442 5745 ABDE:
1461 5707 1643 5758 consequamur
1659 5694 1713 5744 M0
1728 5720 1755 5731 -

435 5768 475 5817 22.
492 5766 530 5830 so]
547 5780 602 5817 eom
618 5767 663 5816 BE
676 5792 703 5802 -
719 5779 767 5828 pro
779 5765 882 5829 Latinis]
895 5766 1046 5827 prolationis
1056 5766 1129 5816 ΑΒΕ
1145 5793 1169 5802 -
1190 5767 1230 5819 23.
1248 5768 1430 5831 geometricali
1444 5795 1469 5807 -
1490 5768 1532 5820 ri.
1551 5768 1679 5834 moutam]
1695 5768 1758 5829 quic

435 5841 496 5891 B·
509 5841 549 5891 28.
562 5842 621 5904 quid
637 5843 712 5892 sitii]
727 5868 753 5877 —
768 5841 806 5890 32.
820 5842 976 5891 attmdcush
989 5867 1016 5880 -
1031 5842 1071 5892 33.
1084 5843 1144 5891 mibi
1159 5843 1434 5906 fuitmmuuiroh:
1453 5844 1581 5895 milicem
1593 5843 1758 5907 --uirofuit

435 5916 486 5965 nn
499 5940 526 5952 -
539 5916 579 5966 35.
595 5916 671 5965 lucilii
683 5917 726 5966 BE
739 5941 766 5951 —
785 5917 826 5965 36.
840 5918 1007 5979 depromerem
1018 5918 1078 5968 AB:
1098 5919 1303 5981 indepromcrcm
1314 5918 1356 5981 (ci.
1369 5932 1396 5983 p.
1410 5919 1466 5980 ⁴33,
1478 5919 1517 5983 td)
1531 5921 1581 5971 MO
1595 5946 1623 5956 -
1642 5918 1683 5970 38.
1699 5917 1759 5967 uui·

435 5990 500 6040 ditm
519 5993 581 6043 AB:
604 5993 753 6044 imcimmtc
774 5993 881 6044 uomitus
902 5993 936 6054 03
959 5993 1143 6059 ,sinemurum
1164 5992 1274 6043 auiditas
1290 5992 1323 6046 M.
1352 5992 1477 6045 «videtur
1498 5994 1606 6048 omnino
1623 5990 1756 6047 excidisse
