4342 7459
437 1249 501 1325 890
887 1245 941 1311 ΒΕ
963 1245 1134 1312 DEORUM
1154 1247 1319 1312 NATURA

436 1415 501 1489 ks,
529 1411 624 1479 buius
652 1408 793 1491 eallegae
822 1413 855 1472 et
882 1404 1048 1472 familiaris
1069 1407 1172 1471 nostri
1192 1415 1299 1492 puter,
1330 1407 1447 1473 dilexit
1466 1409 1660 1493 municipem
1680 1416 1773 1473 tuum

437 1507 602 1588 mium,
623 1505 658 1569 in
678 1523 775 1587 quern
797 1503 892 1570 etism
915 1501 996 1570 illud
1019 1509 1066 1566 est
1087 1502 1178 1565 eins:

546 1600 819 1671 constiteram
841 1597 1094 1660 exorientem
1115 1598 1306 1662 Auroram
1326 1597 1439 1663 lorte
1461 1598 1660 1674 salutans,

609 1694 700 1760 Cum
723 1691 854 1762 subito
877 1710 897 1755 a
917 1690 1034 1757 laeve
1054 1691 1231 1753 Roscius
1254 1693 1450 1755 exoritur.

415 1806 432 1865 s
543 1790 644 1855 Pace
665 1786 767 1852 mihi
788 1785 931 1860 lineat,
954 1784 1177 1858 caelestes,
1199 1784 1336 1847 dicere
1358 1794 1508 1862 vestra,

607 1880 797 1951 Uestalis
817 1880 952 1947 visn’st
973 1878 1179 1962 pulchrior
1200 1898 1286 1943 esse
1308 1878 1393 1943 deo.

436 1977 519 2050 fluia
541 1976 602 2047 deo
623 1976 803 2061 pulchriora
824 1980 857 2039 at
872 1982 954 2048 erat,
977 1974 1070 2037 sicuti
1084 1972 1182 2036 hodie
1198 1981 1263 2048 est,
1285 1976 1535 2056 perversissimis
1551 1976 1662 2043 oeulis.
1688 1975 1775 2052 Quid

436 2071 548 2147 mlert,
570 2071 598 2135 si
618 2070 682 2134 lieo
703 2069 810 2153 ipsam
831 2068 951 2134 salsum
974 2067 1022 2132 illi
1045 2074 1077 2129 et
1097 2075 1265 2129 venustum
1279 2068 1471 2131 videbatur?
1494 2070 1602 2134 Redeo
1624 2068 1664 2132 ad
1686 2069 1776 2133 deos.

521 2164 641 2233 xxlx.
662 2160 714 2226 80.
743 2163 871 2245 anuos
900 2162 928 2226 si
954 2181 1021 2228 nou
1043 2169 1107 2224 tam
1130 2160 1309 2234 strabones,
1331 2170 1364 2224 at
1385 2162 1532 2245 paetulos
1553 2182 1624 2227 esse
1646 2162 1777 2226 arbitra·

401 2262 532 2333 amur?
554 2276 674 2341 eaquae
686 2276 823 2325 naevum
837 2254 981 2321 heberei
1004 2273 1125 2338 ecquos
1140 2254 1234 2329 silos,
1256 2256 1387 2331 flaccos,
1409 2255 1585 2330 frontones,
1599 2257 1777 2340 capitones,

437 2372 521 2437 osse
543 2360 618 2420 sunt
638 2351 672 2421 in
693 2351 810 2418 usbist
841 2369 882 2415 en
904 2350 1013 2415 omnia
1034 2350 1201 2413 emendata
1223 2350 1255 2412 in
1277 2349 1366 2412 illisi
1396 2351 1495 2416 Detur
1516 2349 1548 2413 id
1571 2351 1679 2413 vohis:
1701 2371 1776 2414 num

438 2446 533 2520 wem
555 2467 619 2517 uns
639 2452 689 2514 est
710 2444 853 2516 omniura
874 2442 997 2508 luciosi
1025 2463 1098 2506 nam
1122 2443 1149 2505 si
1172 2443 1296 2525 plures,
1319 2443 1413 2507 aliam
1435 2464 1507 2510 esse
1529 2445 1593 2507 alia
1613 2444 1778 2527 pulchrio-

436 2560 505 2614 τω
526 2560 658 2610 uetans
680 2547 739 2604 est.
775 2539 877 2621 igitur
898 2538 1014 2621 aliquis
1035 2557 1101 2600 non
1118 2538 1350 2619 pulcherrimus
1373 2538 1460 2601 deus.
1498 2540 1532 2601 Si
1555 2559 1620 2603 nna
1634 2540 1777 2602 omniurn

437 2632 538 2710 iacies
563 2640 624 2708 eat,
653 2635 768 2699 llorere
796 2634 829 2698 in
852 2632 943 2697 eaelo
963 2630 1168 2695 Academiam
1189 2650 1321 2694 necesse
1341 2640 1410 2707 est3
1434 2632 1463 2695 si
1485 2634 1570 2695 enim
1592 2632 1673 2696 nihil
1695 2632 1779 2698 inter

400 2725 533 2800 odeum
562 2737 595 2796 et
622 2726 719 2796 deum
747 2725 869 2798 differt,
903 2724 991 2790 nulla
1020 2733 1069 2788 est
1090 2724 1175 2806 apud
1197 2725 1275 2788 deus
1297 2727 1453 2808 cognitio,
1486 2726 1576 2790 nulla
1603 2728 1779 2809 perceptio.

429 2812 490 2895 ⁸iii,
513 2819 622 2897 Ouidi
644 2822 672 2888 si
692 2822 804 2896 eliasu,
828 2819 947 2892 Vellei,
970 2817 1085 2881 salsum
1109 2818 1190 2881 illud
1206 2819 1337 2883 omnino
1353 2828 1418 2893 est,
1439 2820 1560 2884 nnllam
1575 2820 1669 2884 aliam
1684 2820 1779 2883 nobis

439 2914 484 2990 ds
501 2914 562 2987 ties
590 2914 802 2999 aspitantibus
833 2913 972 2996 speciem
1003 2912 1066 2975 nisi
1087 2913 1226 2976 hominis
1249 2930 1431 2986 occurrere,
1461 2922 1611 2978 tamenne
1633 2915 1694 2978 ista
1713 2922 1779 2977 tara

438 3007 577 3083 &little
599 3009 775 3081 defendes?
808 3006 907 3073 Nobis
928 3005 1064 3071 lartasse
1087 3008 1132 3069 sio
1155 3008 1310 3079 occurrit,
1332 3015 1368 3069 ut
1391 3006 1488 3081 diois;
1517 3028 1535 3071 a
1561 3011 1668 3093 parvis
1693 3010 1779 3073 enim

438 3100 562 3177 Ioserp,
585 3104 754 3175 lunonem,
776 3101 966 3175 Minervam,
988 3101 1184 3181 Neptunum,
1208 3100 1401 3174 Vulcanum,
1423 3102 1603 3183 Apollinem
1620 3104 1780 3186 reliquus-

401 3214 505 3278 qpqup
529 3196 607 3269 deas
634 3216 672 3262 ea
699 3196 781 3263 facie
803 3194 966 3268 novimus,
996 3212 1061 3276 qua
1081 3195 1219 3277 pictores
1241 3191 1434 3277 fictoresque
1456 3194 1643 3271 voluerunt,
1672 3216 1779 3278 neque

439 3289 545 3363 mium
566 3281 662 3364 fecie,
686 3288 743 3353 sed
766 3288 861 3356 etiam
884 3293 1012 3359 ornatu,
1035 3295 1156 3360 aetate,
1179 3289 1313 3351 vestitu:
1335 3296 1368 3350 at
1386 3308 1451 3350 non
1466 3291 1615 3373 Aegyptii
1631 3310 1690 3355 nec
1706 3292 1779 3375 Syri

439 3403 499 3460 nec
518 3384 587 3462 lere
608 3392 722 3452 munta
744 3382 905 3455 harbaria3
927 3381 1087 3446 firmiores
1109 3385 1193 3445 enim
1215 3383 1323 3445 videas
1345 3383 1431 3463 apud
1452 3403 1507 3445 eas
1524 3384 1692 3467 opiniones
1708 3403 1778 3447 esse

440 3478 480 3557 ds
501 3477 615 3552 leus
636 3476 828 3561 quibusdam
841 3494 937 3558 quam
958 3476 1044 3558 apud
1061 3496 1120 3540 nos
1135 3476 1176 3539 de
1192 3477 1398 3540 sanctissimis
1414 3478 1540 3560 templis
1555 3487 1588 3541 et
1600 3479 1780 3543 simulacris

439 3570 585 3647 deorum,
627 3567 679 3641 82.
702 3570 829 3638 Etenim
855 3568 929 3633 fana
955 3570 1053 3634 multa
1075 3571 1212 3652 spoliata
1234 3579 1267 3633 et
1288 3571 1458 3635 simulacra
1479 3572 1612 3635 deorum
1635 3573 1675 3634 de
1697 3572 1779 3635 locis

402 3666 646 3746 *sanctissimis
669 3664 775 3734 ablata
796 3662 941 3731 videmus
963 3682 983 3728 a
1005 3665 1139 3739 nastris;
1161 3672 1194 3727 at
1217 3684 1292 3728 vere
1315 3684 1356 3727 ne
1373 3663 1470 3727 lando
1486 3667 1617 3748 quidem
1633 3665 1780 3728 anditum

439 3767 489 3833 ui
514 3759 707 3834 diawdilum
730 3765 784 3824 aut
805 3757 882 3826 ibim
905 3764 960 3822 aut
984 3755 1100 3823 faelem
1122 3758 1275 3823 violatum
1297 3758 1337 3821 ah
1359 3758 1526 3841 Aegyptio.
1565 3758 1651 3834 Quid
1682 3758 1781 3841 igitur

438 3855 575 3928 was?
606 3852 701 3936 Apim
723 3851 830 3926 illum,
859 3859 1004 3917 sanctum
1026 3852 1252 3935 Aegyptiorum
1274 3853 1405 3926 barem,
1428 3872 1536 3915 nonne
1558 3854 1652 3916 deum
1675 3852 1777 3917 videri

437 3945 625 4030 Aegyptum
647 3954 711 4014 tam
733 3945 860 4020 hercle,
883 3964 979 4029 quam
998 3944 1055 4008 tihi
1068 3946 1155 4012 illum
1171 3956 1309 4011 vestrm
1323 3948 1498 4032 Sospitam,
1523 3964 1619 4030 quam
1636 3955 1669 4010 tu
1687 3966 1781 4009 num·

439 4060 535 4132 quarn
564 4060 605 4105 ue
633 4040 668 4103 in
695 4041 815 4106 samnis
845 4040 975 4123 quidem
1003 4041 1091 4103 vides
1118 4041 1180 4104 nisi
1203 4061 1275 4105 cum
1297 4041 1382 4123 pelle
1404 4040 1548 4124 caprina,
1580 4060 1652 4102 cum
1674 4040 1778 4113 basta,

400 4154 511 4211 ascum
532 4134 672 4209 scutulo,
695 4154 768 4198 cum
790 4133 938 4197 calceolis
960 4135 1121 4215 repandis.
1155 4140 1195 4198 At
1217 4143 1345 4199 nonest
1363 4135 1546 4216 telisArgia
1563 4135 1781 4196 necRomana

438 4230 530 4301 hine
560 4230 645 4311 Bago
673 4227 736 4293 ulia
758 4229 880 4311 species
905 4228 1034 4292 lunonis
1057 4231 1196 4311 Argivis,
1225 4230 1287 4292 alia
1310 4228 1500 4302 Lanuvinis,
1528 4229 1593 4289 alia
1613 4229 1708 4290 nolis.
1739 4228 1782 4291 Et

439 4322 571 4407 quidem
591 4324 654 4399 aliu
676 4322 771 4385 nobis
787 4321 972 4404 Capitolini,
996 4324 1058 4389 alia
1073 4324 1157 4387 Aliis
1180 4323 1365 4385 Hammonis
1389 4322 1482 4384 lovis.
1522 4322 1624 4383 Xllll.
1640 4319 1692 4383 83.
1708 4324 1779 4384 Non

440 4416 538 4500 pudet
566 4417 663 4499 intur
691 4415 870 4499 physicum,
901 4415 934 4478 id
965 4426 1014 4481 est
1038 4418 1268 4501 speculatorem
1292 4424 1538 4498 venatoremque
1560 4423 1708 4489 naturae,
1739 4417 1781 4478 ab

439 4512 553 4587 apianis
569 4510 801 4584 consuetudine
816 4510 936 4573 inbutis
952 4519 1061 4593 petere
1079 4512 1297 4574 testimonium
1312 4511 1476 4573 veritatis?
1499 4510 1563 4572 lsto
1582 4512 1667 4572 enim
1683 4510 1780 4574 modo

401 4603 548 4682 spdicere
569 4604 675 4675 Ucehit
697 4605 804 4667 lovem
826 4624 952 4687 semper
971 4606 1150 4677 barbatum,
1175 4604 1355 4686 Apollinem
1371 4623 1498 4685 semper
1513 4603 1686 4676 inberliem,
1710 4623 1781 4666 cae-

440 4698 508 4766 sios
537 4698 646 4765 oculos
677 4699 855 4771 Mineruae,
889 4699 1050 4763 caeruleos
1085 4718 1154 4761 esse
1186 4699 1336 4780 Neptuni.
1382 4698 1422 4759 Et
1452 4698 1581 4780 quidem
1612 4697 1781 4761 laudamus

504 4904 530 4955 3.
547 4908 711 4967 ceremiam
731 4902 774 4966 (ur
791 4904 817 4953 in
836 4916 889 4955 ras.
909 4917 945 4954 su.
964 4906 1030 4964 sec.)
1051 4908 1086 4961 A;
1113 4906 1242 4955 exoriente
1269 4905 1318 4955 CE
1343 4931 1368 4940 -
1396 4905 1461 4965 forts
1481 4917 1543 4953 corr
1574 4916 1607 4953 er
1628 4908 1693 4952 sorta
1712 4903 1732 4953 ll
1752 4929 1779 4939 -

440 4979 466 5031 d.
481 4980 570 5031 eias'st
587 4980 711 5031 Ursinus:
730 4980 799 5030 uisus
818 4977 841 5031 ti
862 5005 890 5015 -
909 4980 934 5029 l.
953 4980 998 5029 deo
1015 4979 1054 5031 ¹21:
1084 4979 1125 5029 ille
1144 4980 1188 5028 deo
1206 4980 1225 5028 0
1243 5007 1277 5015 -
1299 4984 1326 5027 at
1342 4978 1406 5041 erat]
1425 4979 1514 5027 aderat
1532 4978 1610 5026 ABE
1624 5004 1649 5013 -
1670 4978 1780 5029 sauia

440 5054 500 5105 BE:
518 5056 581 5104 sicat
597 5056 646 5105 ΟΕ
665 5060 837 5120 -peruersis
854 5060 996 5123 (superscr.
1015 5059 1093 5117 amul
1112 5059 1131 5108 B
1152 5084 1175 5092 -
1197 5057 1221 5106 8.
1240 5056 1333 5119 falsum
1352 5054 1401 5104 (ΖΕ
1422 5079 1448 5089 -
1469 5053 1491 5103 9.
1513 5065 1602 5113 ecquos
1622 5054 1699 5115 (corr.
1715 5067 1746 5103 er
1759 5059 1782 5102 et

440 5137 509 5192 aeos}
527 5132 563 5180 ll:
582 5136 605 5180 et
622 5145 684 5193 aues
699 5134 780 5183 ACE
799 5157 826 5169 -
847 5134 888 5182 l0.
906 5147 1043 5193 ecquos„
1056 5145 1146 5194 ecquos
1159 5129 1235 5182 AB2:
1254 5134 1462 5191 stauos-eloam
1480 5128 1568 5177 B¹CE
1583 5152 1610 5163 -
1631 5130 1670 5178 li.
1683 5134 1783 5177 estana

440 5205 511 5256 0-
534 5208 755 5258 condrill-
778 5209 1188 5259 ts.deoscorr.indauss—
1210 5204 1780 5267 lti.qaidsiE:quodsiAC;ansiB

442 5305 470 5319 -
489 5280 560 5331 sose
576 5282 595 5332 C
616 5308 643 5319 -
662 5282 703 5333 ⁴8.
721 5283 851 5343 &sessim
869 5281 933 5333 ii·
952 5284 987 5333 sic
1004 5284 1041 5333 B:
1060 5285 1082 5333 si
1099 5284 1222 5333 ACE-
1242 5296 1258 5331 a
1276 5281 1366 5343 parvis
1382 5280 1447 5328 roim
1461 5278 1577 5329 lllotzius
1593 5283 1619 5327 et
1633 5279 1781 5341 Madvigius

441 5354 511 5419 (eall.
522 5358 601 5420 segg.
614 5359 635 5407 ll
653 5357 720 5420 gil:
741 5359 891 5419 apparuisse
903 5356 944 5409 a:
964 5371 1018 5407 orn.
1032 5359 1052 5408 0
1067 5384 1095 5394 -
1113 5358 1152 5407 49.
1166 5359 1282 5407 iunonem
1293 5368 1347 5404 om.
1363 5356 1382 5405 C
1398 5381 1422 5390 -
1438 5355 1590 5415 appollinem
1603 5359 1636 5411 A,
1656 5354 1783 5414 appolline

440 5435 503 5486 13-
515 5434 673 5497 reliauosque
688 5434 756 5484 AB:
774 5433 883 5495 reliquos
900 5433 988 5483 CEO.
1008 5433 1073 5483 Vide
1087 5433 1120 5483 ad
1134 5446 1158 5497 p.
1173 5432 1229 5492 335,
1243 5430 1267 5481 3.
1285 5457 1312 5467 -
1326 5430 1367 5479 22.
1379 5430 1502 5492 Amatoris
1518 5426 1577 5478 A¹C
1590 5428 1608 5477 E
1622 5454 1649 5464 —
1669 5441 1709 5476 eos
1725 5429 1783 5489 opi-

437 5512 661 5568 suem--assaes
682 5508 752 5570 apud
773 5520 827 5558 om.
847 5509 866 5558 C
887 5533 915 5545 -
938 5521 981 5557 eas
1009 5508 1026 5557 Β
1048 5536 1075 5548 -
1095 5508 1135 5559 ii.
1153 5507 1235 5556 msdm
1257 5505 1398 5566 exspoliato
1420 5504 1439 5552 0
1467 5530 1492 5539 -
1514 5505 1555 5553 td.
1574 5499 1686 5564 nefandis
1706 5496 1737 5562 (is
1754 5503 1782 5552 iu

440 5598 493 5635 ras.
512 5598 549 5636 m.
568 5596 623 5634 see.
642 5584 708 5645 reo.)
725 5585 747 5633 A
766 5609 793 5620 -
813 5583 903 5631 sadda
919 5584 968 5632 All
988 5607 1016 5619 -
1036 5582 1078 5631 26.
1097 5582 1249 5632 crocodilum
1266 5581 1345 5630 ΑΒΕ
1365 5578 1422 5639 ised
1440 5580 1467 5627 in
1484 5578 1503 5627 li
1522 5576 1624 5627 litterae
1641 5588 1702 5624 roe
1724 5588 1781 5626 seo.

441 5674 478 5711 m.
492 5662 526 5711 ita
539 5662 657 5710 mutatae
669 5660 739 5718 sunt,
758 5657 863 5721 utquid
876 5655 988 5707 voluerit
999 5655 1123 5708 librarius
1135 5657 1253 5720 dignosci
1267 5658 1399 5717 nequest,
1424 5656 1451 5701 et
1468 5655 1528 5716 post
1544 5653 1561 5700 d
1578 5663 1712 5715 superscr.
1731 5651 1781 5711 rii:

441 5736 604 5785 mocodiilum
620 5734 640 5785 s
656 5759 684 5769 -
700 5732 752 5783 ibin
767 5735 790 5785 A
804 5758 831 5769 -
849 5733 921 5793 selem
937 5733 997 5782 0-
1012 5738 1118 5795 aepppto
1136 5732 1199 5789 BC,
1217 5735 1305 5791 cappla
1324 5733 1357 5787 A,
1376 5729 1459 5790 epipto
1477 5727 1537 5776 E·
1557 5727 1597 5774 Ξῖ.
1617 5738 1699 5774 cemes
1715 5726 1784 5786 apud

442 5812 570 5863 wenc
585 5837 613 5847 -
629 5809 671 5861 30.
683 5814 711 5860 at
722 5822 792 5860 eorr.
805 5822 838 5860 eu
849 5809 913 5858 adB
929 5834 955 5843 -
967 5810 1063 5872 Arpina
1074 5809 1103 5858 0.
1123 5807 1162 5859 Cl.
1176 5820 1202 5870 p.
1215 5806 1273 5865 tls,
1287 5807 1328 5854 40.
1344 5830 1371 5839 -
1389 5804 1430 5854 ³t.
1443 5802 1554 5853 iasiuioia
1565 5804 1585 5852 A
1596 5802 1614 5850 B
1625 5798 1671 5856 0¹,
1690 5800 1785 5851 asine

444 5887 481 5945 E;
499 5886 587 5937 tureis
598 5884 629 5937 (ζ’
640 5910 668 5923 -
680 5885 736 5937 alia
750 5884 820 5940 sois
836 5884 961 5936 Ursinus:
980 5896 1033 5934 om.
1047 5882 1100 5935 ilo
1114 5908 1142 5919 -
1161 5882 1202 5933 33.
1220 5880 1348 5932 Ammonis
1364 5880 1413 5929 80
1429 5906 1454 5915 -
1474 5877 1783 5938 semesarumque

446 5988 474 5999 -
493 5959 534 6011 ss.
552 5960 704 6024 appellum
718 5960 810 6012 ΑΕ-
829 5960 871 6012 36.
889 5963 912 6011 et
928 5958 955 6009 in
972 5961 1101 6010 rasit·
1115 5957 1248 6007 laudam
1264 5952 1471 6013 cusatensi&
1492 5953 1780 6005 simulassem).
