4342 7459
707 1255 775 1318 nn.
797 1254 836 1316 11.
866 1252 1160 1319 cusq-nvn
1187 1250 1234 1335 §a
1257 1246 1442 1319 ree-uo.
1621 1347 1624 1354 Ι
1674 1247 1731 1318 ιιι

412 1415 543 1480 terendo
566 1423 599 1479 et
618 1423 782 1498 praeterea
802 1414 914 1497 spiritu
935 1415 1041 1480 omnia
1062 1422 1153 1478 cocta
1173 1421 1270 1496 atque
1285 1415 1429 1479 confecta
1447 1415 1480 1479 in
1494 1415 1654 1499 reliquum
1668 1434 1738 1478 cor·

411 1530 474 1593 pus
495 1509 685 1573 dividantur.
727 1510 791 1573 LV.
814 1510 849 1571 ln
871 1508 1076 1591 pulmonibus
1097 1517 1202 1571 autem
1224 1510 1307 1572 inest
1328 1510 1439 1573 raritas
1462 1509 1617 1594 quaedam
1635 1516 1668 1571 et
1681 1507 1738 1571 ad·

412 1604 526 1668 similis
555 1604 697 1686 spongiis
726 1601 893 1668 mollitudo
922 1602 962 1664 ad
985 1601 1192 1667 hauriendum
1218 1603 1364 1685 spiritum
1386 1604 1564 1687 aptissima,
1593 1603 1737 1686 quitum

413 1718 448 1761 se
475 1698 667 1761 contrahunt
691 1698 905 1780 adspirantes,
934 1703 1000 1758 tum
1029 1696 1166 1759 intrante
1187 1697 1300 1780 spiritu
1323 1698 1470 1773 dilatant,
1500 1706 1537 1762 ut
1556 1697 1740 1780 frequenter

413 1791 547 1856 ducatur
568 1792 658 1855 cibus
679 1792 840 1864 animalis,
868 1810 931 1874 quo
954 1791 1091 1852 maxime
1113 1790 1242 1853 aluirtur
1263 1793 1449 1855 animantes.
1494 1786 1565 1854 137.-
1587 1792 1638 1854 Ex
1657 1790 1760 1852 inte-s

412 1888 504 1951 stinis
526 1895 631 1951 autem
653 1895 795 1950 secretus
816 1906 835 1950 a
857 1886 981 1967 reliquo
1002 1884 1071 1946 cibo
1093 1903 1188 1947 sucus
1209 1886 1253 1959 is,
1277 1905 1342 1968 quo
1364 1886 1493 1961 alimur,
1516 1890 1681 1968 permanat
1697 1880 1737 1946 ad

412 1980 499 2044 iecur
520 2001 578 2062 per
599 1982 752 2065 quasdam
774 2000 792 2043 a
815 1980 921 2042 medio
943 1977 1094 2040 intestino
1116 1978 1272 2061 usquead
1289 1978 1740 2060 portasiecoris-sicenim

411 2075 673 2158 appellantur-
695 2073 806 2137 ductas
834 2081 867 2136 et
893 2072 1028 2135 directas
1054 2073 1139 2145 vias,
1168 2092 1251 2156 quae
1278 2074 1437 2155 pertinent
1464 2073 1504 2137 ad
1533 2075 1622 2138 iecur
1646 2072 1739 2153 cique

378 2210 380 2213 >
412 2169 595 2233 adbaerent.
630 2172 734 2252 Atque
764 2167 839 2230 inde
868 2167 950 2230 aliae
972 2165 1017 2199 *¹
1039 2167 1232 2247 pertinentes
1255 2175 1345 2240 sunl,
1367 2188 1425 2249 per
1445 2188 1524 2251 quas
1545 2167 1630 2231 cadit
1650 2165 1739 2228 cibus

412 2282 431 2326 a
452 2262 558 2325 iecore
581 2262 733 2343 dilapsus.
769 2263 817 2324 Ab
839 2281 878 2324 eo
899 2261 971 2322 cibo
993 2280 1063 2322 cum
1085 2269 1135 2323 est
1161 2269 1281 2325 secreta
1303 2260 1376 2324 bilis
1398 2262 1492 2345 eique
1514 2280 1654 2333 umores,
1685 2257 1777 2341 quito

413 2378 431 2421 e
454 2356 582 2419 renibus
603 2356 854 2438 profunduntur,
876 2355 997 2435 reliqua
1020 2374 1054 2416 se
1076 2355 1110 2415 in
1133 2354 1319 2436 sanguinem
1340 2364 1466 2418 vertunt
1487 2355 1526 2418 ad
1549 2354 1740 2436 easdemque

411 2458 518 2534 portas
545 2450 662 2512 iecoris
688 2451 870 2521 confluunt,
901 2448 939 2510 ad
963 2467 1042 2530 quas
1064 2467 1174 2511 omnes
1197 2448 1268 2511 eius
1289 2449 1359 2512 riae
1379 2449 1554 2532 pertinent,
1582 2463 1739 2529 perquer

411 2544 519 2627 lapsus
542 2544 630 2608 cibus
652 2544 684 2606 iu
706 2543 768 2605 boc
790 2542 860 2623 ipso
882 2541 954 2604 loco
975 2542 1009 2603 in
1033 2561 1102 2604 eam
1118 2562 1244 2616 renam,
1267 2562 1349 2625 quae
1364 2562 1441 2606 cara
1455 2542 1645 2624 appellatur,
1666 2558 1740 2602 con·

411 2636 557 2700 tunditur
577 2656 697 2719 perque
720 2656 788 2698 eam
810 2635 849 2697 ad
872 2656 927 2698 cor
948 2635 1110 2698 conlectus
1131 2635 1194 2700 iam
1208 2645 1382 2719 coctusque
1398 2636 1587 2719 perlabitur,
1609 2654 1627 2696 a
1644 2630 1740 2696 corde

412 2738 517 2795 aulem
538 2732 569 2793 in
593 2739 694 2794 tolum
718 2750 834 2812 corpus
856 2729 1055 2793 distribuitur
1075 2749 1134 2810 per
1154 2749 1251 2792 renas
1266 2729 1436 2794 admodum
1453 2730 1567 2792 mullas
1583 2728 1614 2789 in
1631 2741 1779 2791 omnettl

410 2834 518 2909 partes
541 2825 682 2908 corporis
705 2826 910 2907 pertinentes.
955 2820 1026 2884 438.
1050 2823 1154 2897 Quem
1176 2822 1216 2885 ad
1239 2824 1368 2886 modum
1389 2832 1492 2887 autem
1508 2823 1663 2907 reliquiae
1677 2819 1748 2902 cibi⁸

411 2919 612 3002 depellantur
634 2927 698 2981 tum
721 2917 967 2999 astringentibus
981 2936 1016 2979 se
1031 2917 1207 2989 intestinis,
1231 2924 1296 2979 tum
1312 2917 1543 2990 relaxantibus,
1565 2914 1649 2979 baud
1665 2933 1742 2977 sane

411 3013 542 3078 difficile
570 3013 656 3075 dictu
685 3019 749 3087 est,
780 3012 836 3073 sed
859 3020 962 3074 lamen
984 3010 1251 3093 praetereundum
1273 3020 1337 3084 est,
1360 3031 1400 3073 ne
1423 3012 1500 3094 quid
1523 3010 1636 3074 babeat
1658 3008 1741 3070 iniu-

411 3107 580 3171 cunditatis
603 3106 717 3169 oratio.
754 3105 812 3169 llla
833 3107 939 3187 potius
962 3103 1139 3187 explicetur
1154 3104 1349 3167 incredibilis
1367 3102 1484 3167 fabrica
1496 3112 1645 3168 naturae:
1668 3121 1741 3165 nam

411 3220 494 3285 quae
524 3200 637 3282 spiritu
666 3200 699 3261 iu
729 3199 897 3281 pulmunes
925 3199 1029 3261 anima
1057 3197 1200 3273 ducitur,
1230 3217 1268 3259 ea
1295 3198 1424 3261 calescit
1451 3198 1586 3279 primum
1607 3198 1679 3280 ipso
1701 3196 1779 3259 abre

410 3294 541 3377 spiritu,
563 3290 679 3355 deinde
700 3294 889 3373 contagione
905 3291 1106 3373 pulmonum,
1129 3311 1170 3353 ex
1185 3311 1286 3373 eaque
1300 3312 1375 3373 pars
1389 3292 1532 3355 redditur
1544 3291 1741 3373 respirando,

409 3408 485 3472 pars
507 3387 682 3467 concipitur
702 3385 806 3447 cordis
828 3394 918 3467 parte
940 3385 1091 3468 quadam,
1113 3406 1207 3468 quem
1223 3385 1434 3448 ventriculum
1449 3385 1554 3448 cordis
1569 3383 1741 3468 appellant,

411 3482 463 3545 cui
485 3480 598 3543 similis
620 3479 700 3542 alter
721 3478 888 3541 adiunctus
903 3488 970 3553 est,
992 3480 1026 3541 in
1042 3499 1137 3561 quem
1153 3481 1314 3560 sanguise
1335 3480 1441 3542 iecore
1455 3499 1513 3561 per
1527 3499 1638 3542 venam
1654 3478 1741 3541 illam

410 3594 518 3639 cavam
541 3574 655 3636 inlluit.
691 3574 801 3655 quue
823 3571 919 3636 modo
942 3593 982 3634 ex
1003 3572 1054 3634 bis
1070 3572 1211 3654 partibus
1227 3582 1258 3635 el
1272 3574 1401 3655 sanguis
1416 3592 1473 3656 per
1488 3593 1582 3637 venas
1599 3575 1631 3637 in
1647 3591 1741 3637 omne

412 3687 528 3749 corpus
551 3666 793 3729 diffunditur-et
816 3666 945 3749 spiritus
967 3686 1025 3747 per
1046 3665 1186 3728 arterias.
1223 3667 1382 3749 Utraequc
1396 3674 1503 3728 autem
1519 3667 1646 3731 crebrae
1661 3665 1779 3729 mul-at

410 3769 526 3845 lacque
549 3769 615 3823 tulo
639 3780 770 3842 corpore
792 3761 932 3823 intextae
956 3761 1019 3821 vim
1042 3761 1197 3841 quandam
1221 3759 1440 3822 incredibilem
1461 3756 1624 3823 artificiosi
1635 3759 1741 3841 operis

410 3854 576 3938 divinique
598 3863 763 3918 testantur.
802 3850 873 3917 ⁴39.
897 3854 981 3928 Quid
1004 3854 1105 3916 dicam
1129 3853 1170 3915 de
1190 3853 1333 3927 ossibus,
1356 3873 1439 3936 quae
1460 3854 1602 3917 subiecta
1616 3853 1742 3936 corpori

410 3947 569 4013 mirabiles
592 3950 813 4012 commissuras
835 3948 954 4010 babent
975 3955 1007 4010 et
1028 3946 1070 4009 ad
1092 3938 1294 4010 stabilitatem
1317 3956 1405 4029 aptas
1427 3956 1460 4011 et
1473 3947 1513 4010 ad
1529 3956 1615 4010 artus
1630 3946 1742 4009 linien-

409 4042 468 4105 dos
489 4041 746 4104 adcommodatas
769 4051 802 4104 et
824 4043 863 4103 ad
887 4047 1006 4103 motum
1029 4049 1061 4102 et
1082 4040 1122 4103 ad
1145 4060 1271 4103 omnem
1294 4041 1437 4123 corporis
1459 4042 1642 4103 actionem?
1672 4040 1741 4102 Huc

410 4134 492 4198 adde
515 4155 645 4208 nervos,
672 4154 690 4196 a
713 4135 828 4217 quibus
860 4143 946 4196 artus
969 4135 1184 4209 continentur,
1216 4155 1392 4216 eorumque
1414 4135 1650 4215 inplicationem
1673 4150 1779 4197 our-eo

410 4248 488 4312 pore
511 4238 577 4292 loto
599 4230 825 4311 pertinentem,
849 4229 905 4310 qui
928 4227 1008 4289 sicul
1030 4247 1129 4289 venae
1158 4237 1190 4290 el
1211 4230 1344 4290 arteriae
1365 4248 1383 4289 a
1407 4228 1501 4289 curde
1518 4230 1607 4290 tracti
1623 4236 1654 4289 et
1670 4246 1741 4307 pro·

409 4322 483 4386 lecti
508 4324 541 4385 iu
566 4342 681 4404 corpus
703 4342 797 4384 ornue
814 4321 980 4382 ducuntur.
1014 4321 1094 4381 LVl.
1112 4316 1182 4383 lli).
1205 4322 1251 4383 Ad
1269 4322 1349 4384 hauc
1365 4322 1594 4403 providentiam
1611 4329 1741 4384 naturae

411 4426 474 4479 lam
497 4416 678 4498 diligentem
702 4424 830 4497 tamque
853 4414 1014 4476 sollertem
1037 4414 1165 4496 adiungi
1190 4417 1286 4478 multa
1308 4425 1457 4499 possunt,
1480 4415 1628 4500 equibus
1649 4412 1742 4476 intel·

421 4610 996 4621 ——ffl
1249 4613 1450 4622 ——m—

475 4756 499 4803 t.
518 4759 541 4803 et
563 4753 663 4801 tuendo
681 4752 803 4814 Madvig:
829 4757 851 4800 et
872 4752 973 4800 terendo
996 4751 1130 4813 (eluendo.
1150 4750 1198 4799 sed
1218 4754 1254 4799 ete
1271 4750 1295 4798 in
1314 4763 1422 4806 rasura.
1442 4751 1469 4810 li)
1487 4750 1540 4799 cibo
1557 4749 1594 4803 liz
1615 4752 1742 4800 atterendo

408 4827 463 4877 cibe
479 4830 508 4878 0.
533 4828 612 4876 «l'rie
636 4828 798 4881 indicantur,
823 4840 937 4889 quorum
959 4840 1009 4891 ope
1027 4827 1115 4876 omnia
1134 4829 1174 4886 (=
1190 4825 1238 4873 cibi
1255 4829 1358 4885 ornnes)
1377 4826 1401 4874 in
1421 4823 1479 4874 alvo
1497 4828 1645 4888 coquuntur
1661 4830 1741 4888 atque

408 4904 599 4959 continentum
624 4904 650 4953 id
668 4905 724 4952 lieri
742 4902 838 4951 dicitur
854 4904 953 4962 calore,
978 4903 1077 4951 terendo
1102 4906 1140 4958 t:
1157 4902 1265 4954 tritura.
1292 4899 1341 4950 sed
1365 4914 1461 4949 nomen
1484 4901 1509 4949 in
1528 4916 1576 4952 usu
1595 4917 1646 4951 unu
1665 4906 1741 4963 erat),

407 4980 515 5041 spis-itm
537 4982 647 5042 apparet
664 4978 717 5027 cibo
734 4977 795 5026 addi
814 4992 865 5027 non
884 4992 989 5041 posse.»
1011 5004 1036 5012 -
1057 4978 1080 5027 3.
1100 4977 1204 5038 rtuoqiis
1220 4980 1255 5032 A;
1281 4977 1400 5039 elbrmqiis
1416 4990 1485 5025 corr.
1505 4980 1529 5026 in
1546 4980 1655 5041 rpoeqiis
1674 4979 1692 5025 V
1713 5004 1739 5013 —

408 5054 434 5105 l.
452 5062 505 5104 tum
522 5056 632 5104 intrante
648 5056 739 5115 spiritu
755 5053 915 5116 Madvigius:
937 5060 989 5103 tum
1006 5055 1032 5101 in
1048 5067 1076 5101 re
1088 5054 1178 5113 spiritu
1195 5054 1215 5100 A
1226 5052 1244 5100 B
1256 5052 1275 5100 C
1287 5051 1335 5100 PV
1354 5058 1431 5109 (corr.
1451 5053 1476 5100 iu
1494 5058 1546 5101 tum
1557 5066 1582 5101 ie
1593 5053 1684 5113 spirito
1695 5051 1741 5110 V),

407 5135 461 5179 mm
477 5130 504 5177 iu
520 5129 644 5189 respiraro
663 5130 698 5182 E:
717 5135 770 5178 tom
787 5131 912 5190 respiraro
930 5130 949 5178 0
969 5156 995 5165 -
1017 5129 1124 5177 dilatant
1142 5140 1211 5175 corr.
1227 5140 1258 5175 ex
1277 5127 1453 5176 dilatanturss
1475 5154 1499 5162 -
1520 5128 1543 5175 ti.
1563 5134 1646 5177 umen
1665 5129 1743 5177 Dari·

408 5205 465 5253 sius
482 5205 508 5252 al
525 5202 584 5252 cod.
605 5202 800 5266 Glogavieusis:
825 5211 909 5252 oulen
925 5204 984 5252 cluo
1002 5202 1042 5257 ‘ll;
1066 5208 1149 5250 auten
1166 5207 1188 5250 et
1205 5202 1262 5249 nico
1279 5203 1299 5250 0
1320 5229 1345 5238 -
1368 5202 1392 5251 8.
1412 5203 1445 5250 cd
1462 5203 1532 5251 iecur
1546 5204 1617 5264 eique
1634 5205 1682 5268 Bt}
1693 5204 1740 5252 Va:

407 5279 443 5327 ad
458 5279 525 5326 iecor
540 5279 611 5338 eique
624 5278 669 5334 V¹;
689 5280 722 5327 od
739 5281 863 5340 iecoriqae
875 5283 894 5328 A
908 5295 913 5335 ;
932 5281 1055 5340 tenerique
1067 5281 1130 5339 (cur.
1145 5277 1186 5336 od]
1199 5277 1247 5326 ΕΡ
1262 5301 1287 5312 -
1308 5277 1332 5325 9.
1346 5278 1412 5326 uliae
1426 5280 1575 5338 pertinentes
1592 5277 1658 5330 ⁸110:
1677 5279 1744 5327 oliae

408 5354 461 5404 alic
476 5355 626 5415 pertinentes
643 5354 829 5411 lleinilorfin53
848 5356 915 5404 oliae
932 5357 965 5403 od
982 5368 1052 5401 renes
1065 5355 1216 5413 periissenter
1233 5350 1386 5401 Lambinus.
1408 5354 1491 5401 usaue
1504 5354 1601 5403 excidit
1617 5353 1742 5416 aliquid.»

409 5431 454 5480 Οι.
476 5455 502 5465 -
524 5429 563 5476 io.
582 5442 681 5478 uniores
698 5444 766 5479 corr.
786 5431 811 5479 in
830 5431 945 5479 tumores
962 5431 1023 5475 V-
1044 5429 1085 5477 lt.
1104 5429 1162 5475 uiue
1178 5430 1230 5477 oue
1247 5431 1265 5478 P
1286 5455 1311 5463 -
1331 5442 1379 5490 per
1395 5442 1427 5477 ex
1446 5433 1611 5479 correctione
1629 5430 1743 5479 bobelv

410 5531 438 5542 —
458 5504 499 5555 tt.
517 5509 648 5565 coctusque
660 5505 696 5552 V:
716 5510 865 5566 coactusque
881 5505 960 5554 ABC
974 5505 1035 5557 ΕΡ;
1054 5509 1232 5564 cuncociusque
1249 5503 1395 5564 Madvigius
1412 5503 1447 5552 ud
1462 5503 1515 5552 Cic.
1530 5504 1563 5553 de
1577 5506 1629 5554 liu.
1644 5518 1670 5566 p.
1684 5504 1741 5555 ibt.

410 5579 449 5629 Cl.
469 5592 493 5629 c.
512 5579 544 5630 bl
562 5584 628 5629 extr.
651 5606 676 5613 -
698 5580 736 5628 ⁴6.
755 5580 878 5642 reliquiae
894 5593 963 5628 corr.
983 5592 1017 5628 ex
1034 5578 1147 5636 reliqum
1163 5581 1184 5626 A
1204 5604 1232 5611 -
1254 5579 1294 5629 li.
1313 5579 1374 5627 boui
1391 5578 1440 5627 BE
1458 5580 1533 5637 (corr.
1555 5593 1586 5628 ex
1604 5586 1649 5628 cut
1665 5580 1693 5640 B)
1714 5606 1740 5614 -

410 5654 450 5705 49.
469 5655 620 5703 incredibilis
637 5668 706 5704 corr.
721 5669 752 5702 er
771 5654 926 5702 comestibiles
942 5656 963 5703 A
984 5680 1007 5688 -
1029 5654 1070 5701 20.
1090 5653 1123 5701 cb
1139 5654 1192 5713 ipsc
1211 5654 1230 5702 0
1245 5679 1270 5689 -
1291 5654 1331 5703 il.
1351 5654 1518 5715 recollatione
1535 5652 1596 5696 V-
1617 5654 1657 5703 ti.
1671 5667 1743 5714 quem

409 5728 489 5779 codd.
509 5727 624 5791 aliquot:
650 5743 725 5790 quom
742 5726 803 5778 ς110.
826 5727 863 5779 Cl.
883 5729 1003 5777 Oclrsner
1020 5727 1054 5776 ad
1073 5729 1127 5777 Cic.
1148 5726 1235 5790 Eulog.
1254 5742 1279 5791 p.
1299 5728 1331 5776 30
1349 5726 1408 5791 sqq'.
1430 5755 1456 5763 -
1476 5728 1646 5775 ueotcrcutum
1663 5728 1743 5777 APV

411 5829 439 5841 -
458 5804 499 5853 2³.
517 5805 647 5867 sanguinis
665 5806 683 5853 P
703 5830 729 5839 -
749 5804 790 5852 il.
810 5817 843 5852 ecs
859 5805 891 5853 iis
908 5803 1018 5853 ACPV
1037 5828 1063 5837 —
1084 5803 1125 5852 28.
1142 5804 1262 5865 ilomodos
1279 5807 1302 5851 el
1319 5803 1522 5851 adcommodatur
1539 5798 1569 5846 V¹
1588 5828 1614 5837 -
1635 5803 1674 5853 30.
1693 5808 1743 5853 toto

411 5892 516 5940 corpore
532 5880 552 5928 0
566 5904 592 5913 -
612 5879 653 5928 lt.
672 5893 689 5926 o
706 5890 776 5926 corr.
791 5878 900 5928 01ch
915 5903 942 5914 -
962 5879 1038 5927 tracti
1054 5883 1077 5927 et
1092 5878 1197 5940 protecti
1214 5876 1257 5928 ed.
1270 5877 1448 5928 Asceusiana:
1467 5879 1564 5926 troctas
1579 5881 1602 5925 et
1616 5877 1744 5940 profectae

411 5954 564 6012 accrv3
583 5959 663 6003 cocle
678 5959 701 6003 et
715 5953 824 6016 perlecto
840 5954 860 6007 E
879 5979 906 5989 -
926 5954 967 6007 32.
986 5954 1113 6007 ducuntur
1130 5966 1199 6007 corr.
1219 5967 1251 6004 er
1268 5954 1386 6006 &meter
1402 5954 1432 6002 A.
